<?xml version="1.0" encoding="UTF-8"?>
<!DOCTYPE html PUBLIC "-//W3C//DTD XHTML 1.0 Transitional//EN"
    "http://www.w3.org/TR/xhtml1/DTD/xhtml1-transitional.dtd">
<html xmlns="http://www.w3.org/1999/xhtml" xml:lang="en" lang="en">
 <head>
  <title>
</title>
<meta http-equiv="Content-Type" content="text/html;charset=utf-8" />
  <meta name='ocr-system' content='tesseract 3.04.00' />
  <meta name='ocr-capabilities' content='ocr_page ocr_carea ocr_par ocr_line ocrx_word'/>
</head>
<body>
  <div class='ocr_page' id='page_1' title='image "./novuslinguaeeter02gesn_0285.png"; bbox 0 0 2479 4225; ppageno 0'>
   <div class='ocr_carea' id='block_1_1' title="bbox 6 159 697 242">
    <p class='ocr_par' dir='ltr' id='par_1_1' title="bbox 6 159 697 242">
     <span class='ocr_line' id='line_1_1' title="bbox 6 159 697 242; baseline -0.007 -16"><span class='ocrx_word' id='word_1_1' title='bbox 6 159 112 242; x_wconf 47' lang='lat'>³541⁴</span> <span class='ocrx_word' id='word_1_2' title='bbox 415 159 450 223; x_wconf 94' lang='grc' dir='ltr'>Ε</span> <span class='ocrx_word' id='word_1_3' title='bbox 535 182 573 222; x_wconf 88' lang='lat' dir='ltr'>X</span> <span class='ocrx_word' id='word_1_4' title='bbox 653 181 697 221; x_wconf 90' lang='lat' dir='ltr'>T</span> 
     </span>
    </p>
   </div>
   <div class='ocr_carea' id='block_1_2' title="bbox 32 268 1060 414">
    <p class='ocr_par' dir='ltr' id='par_1_2' title="bbox 32 268 1060 414">
     <span class='ocr_line' id='line_1_2' title="bbox 33 268 1060 304; baseline -0.005 -1"><span class='ocrx_word' id='word_1_5' title='bbox 33 268 128 304; x_wconf 68' lang='lat' dir='ltr'>inantia</span> <span class='ocrx_word' id='word_1_6' title='bbox 148 270 283 300; x_wconf 82' lang='lat' dir='ltr'>reddimus</span> <span class='ocrx_word' id='word_1_7' title='bbox 299 275 366 298; x_wconf 88' lang='lat' dir='ltr'>exta.</span> <span class='ocrx_word' id='word_1_8' title='bbox 436 271 606 298; x_wconf 84' lang='lat' dir='ltr'>Sacerdotum</span> <span class='ocrx_word' id='word_1_9' title='bbox 619 272 679 298; x_wconf 84' lang='lat' dir='ltr'>vsus</span> <span class='ocrx_word' id='word_1_10' title='bbox 692 272 728 298; x_wconf 88' lang='lat' dir='ltr'>est</span> <span class='ocrx_word' id='word_1_11' title='bbox 741 271 834 304; x_wconf 79' lang='lat' dir='ltr'>verbo.</span> <span class='ocrx_word' id='word_1_12' title='bbox 890 270 974 298; x_wconf 85' lang='lat' dir='ltr'>Reddi</span> <span class='ocrx_word' id='word_1_13' title='bbox 988 270 1060 298; x_wconf 87' lang='lat' dir='ltr'>enim</span> 
     </span>
     <span class='ocr_line' id='line_1_3' title="bbox 33 305 1058 342; baseline -0.005 -4"><span class='ocrx_word' id='word_1_14' title='bbox 33 309 181 338; x_wconf 75' lang='lat' dir='ltr'>dicebantur</span> <span class='ocrx_word' id='word_1_15' title='bbox 192 312 264 338; x_wconf 87' lang='lat' dir='ltr'>exta,</span> <span class='ocrx_word' id='word_1_16' title='bbox 287 308 378 340; x_wconf 74' lang='lat' dir='ltr'>Quum</span> <span class='ocrx_word' id='word_1_17' title='bbox 391 306 501 340; x_wconf 87' lang='lat' dir='ltr'>probata</span> <span class='ocrx_word' id='word_1_18' title='bbox 513 314 538 334; x_wconf 93' lang='lat' dir='ltr'>et</span> <span class='ocrx_word' id='word_1_19' title='bbox 554 307 621 333; x_wconf 82' lang='lat' dir='ltr'>elixa</span> <span class='ocrx_word' id='word_1_20' title='bbox 636 316 695 334; x_wconf 86' lang='lat' dir='ltr'>arae</span> <span class='ocrx_word' id='word_1_21' title='bbox 712 305 969 342; x_wconf 82' lang='lat' dir='ltr'>superponebantur,</span> <span class='ocrx_word' id='word_1_22' title='bbox 988 307 1058 333; x_wconf 85' lang='lat' dir='ltr'>Seru.</span> 
     </span>
     <span class='ocr_line' id='line_1_4' title="bbox 32 341 1058 378; baseline -0.004 -7"><span class='ocrx_word' id='word_1_23' title='bbox 32 344 143 374; x_wconf 83' lang='lat' dir='ltr'>Lubrica</span> <span class='ocrx_word' id='word_1_24' title='bbox 160 343 246 369; x_wconf 82' lang='lat' dir='ltr'>Valer.</span> <span class='ocrx_word' id='word_1_25' title='bbox 261 342 359 376; x_wconf 86' lang='lat' dir='ltr'>Argon.</span> <span class='ocrx_word' id='word_1_26' title='bbox 374 351 393 375; x_wconf 91' lang='lat'>1,</span> <span class='ocrx_word' id='word_1_27' title='bbox 408 350 462 372; x_wconf 80' lang='lat'>232·</span> <span class='ocrx_word' id='word_1_28' title='bbox 475 342 503 368; x_wconf 76' lang='lat' dir='ltr'>de</span> <span class='ocrx_word' id='word_1_29' title='bbox 515 343 684 378; x_wconf 78' lang='lat' dir='ltr'><em>haruspicina.</em></span> <span class='ocrx_word' id='word_1_30' title='bbox 750 341 876 368; x_wconf 81' lang='lat' dir='ltr'>Lustralia</span> <span class='ocrx_word' id='word_1_31' title='bbox 895 341 957 367; x_wconf 87' lang='lat' dir='ltr'>Stat.</span> <span class='ocrx_word' id='word_1_32' title='bbox 966 341 1058 368; x_wconf 85' lang='lat' dir='ltr'>Theb.</span> 
     </span>
     <span class='ocr_line' id='line_1_5' title="bbox 34 377 1060 414; baseline -0.004 -8"><span class='ocrx_word' id='word_1_33' title='bbox 34 390 54 414; x_wconf 88' lang='lat'>1,</span> <span class='ocrx_word' id='word_1_34' title='bbox 66 379 120 414; x_wconf 76' lang='lat'>567.</span> <span class='ocrx_word' id='word_1_35' title='bbox 139 378 162 405; x_wconf 83' lang='lat' dir='ltr'>h.</span> <span class='ocrx_word' id='word_1_36' title='bbox 176 387 194 404; x_wconf 81' lang='lat' dir='ltr'>e.</span> <span class='ocrx_word' id='word_1_37' title='bbox 209 377 327 411; x_wconf 83' lang='lat' dir='ltr'>Pinguia.</span> <span class='ocrx_word' id='word_1_38' title='bbox 399 377 526 404; x_wconf 83' lang='lat' dir='ltr'>Lustralia</span> <span class='ocrx_word' id='word_1_39' title='bbox 540 379 610 405; x_wconf 86' lang='lat' dir='ltr'>enim</span> <span class='ocrx_word' id='word_1_40' title='bbox 624 380 718 405; x_wconf 86' lang='lat' dir='ltr'>Pecora</span> <span class='ocrx_word' id='word_1_41' title='bbox 731 378 804 409; x_wconf 90' lang='lat' dir='ltr'>sunt,</span> <span class='ocrx_word' id='word_1_42' title='bbox 824 378 899 410; x_wconf 70' lang='lat' dir='ltr'>Quae</span> <span class='ocrx_word' id='word_1_43' title='bbox 917 385 964 411; x_wconf 82' lang='lat' dir='ltr'>per</span> <span class='ocrx_word' id='word_1_44' title='bbox 984 378 1060 411; x_wconf 83' lang='lat' dir='ltr'>quin.</span> 
     </span>
    </p>
   </div>
   <div class='ocr_carea' id='block_1_3' title="bbox 31 447 1062 758">
    <p class='ocr_par' dir='ltr' id='par_1_3' title="bbox 31 447 1062 758">
     <span class='ocr_line' id='line_1_6' title="bbox 59 447 1060 484; baseline -0.003 -7"><span class='ocrx_word' id='word_1_45' title='bbox 59 455 110 478; x_wconf 86' lang='lat' dir='ltr'>ant.</span> <span class='ocrx_word' id='word_1_46' title='bbox 176 449 251 475; x_wconf 88' lang='lat' dir='ltr'>Muta</span> <span class='ocrx_word' id='word_1_47' title='bbox 262 453 320 475; x_wconf 85' lang='lat' dir='ltr'>exta</span> <span class='ocrx_word' id='word_1_48' title='bbox 332 448 506 482; x_wconf 78' lang='lat' dir='ltr'>appellabant,</span> <span class='ocrx_word' id='word_1_49' title='bbox 518 449 553 475; x_wconf 86' lang='lat' dir='ltr'>Ex</span> <span class='ocrx_word' id='word_1_50' title='bbox 570 449 664 484; x_wconf 84' lang='lat' dir='ltr'>quibus</span> <span class='ocrx_word' id='word_1_51' title='bbox 676 447 744 474; x_wconf 88' lang='lat' dir='ltr'>nihil</span> <span class='ocrx_word' id='word_1_52' title='bbox 759 447 932 473; x_wconf 83' lang='lat' dir='ltr'>diuinationis</span> <span class='ocrx_word' id='word_1_53' title='bbox 945 447 1060 474; x_wconf 86' lang='lat' dir='ltr'>animad-</span> 
     </span>
     <span class='ocr_line' id='line_1_7' title="bbox 32 482 1059 517; baseline -0.005 -3"><span class='ocrx_word' id='word_1_54' title='bbox 32 483 173 514; x_wconf 73' lang='lat' dir='ltr'>vertebant.</span> <span class='ocrx_word' id='word_1_55' title='bbox 191 483 255 510; x_wconf 78' lang='lat' dir='ltr'>Fest.</span> <span class='ocrx_word' id='word_1_56' title='bbox 297 483 355 510; x_wconf 67' lang='lat' dir='ltr'>Vni.</span> <span class='ocrx_word' id='word_1_57' title='bbox 371 484 464 516; x_wconf 86' lang='lat' dir='ltr'>Sil.·1,</span> <span class='ocrx_word' id='word_1_58' title='bbox 487 489 524 516; x_wconf 81' lang='grc'>138</span> <span class='ocrx_word' id='word_1_59' title='bbox 543 485 586 511; x_wconf 80' lang='lat' dir='ltr'>vbi</span> <span class='ocrx_word' id='word_1_60' title='bbox 592 485 655 514; x_wconf 86' lang='lat' dir='ltr'>Exta</span> <span class='ocrx_word' id='word_1_61' title='bbox 668 482 827 510; x_wconf 76' lang='lat' dir='ltr'>conticuere.</span> <span class='ocrx_word' id='word_1_62' title='bbox 898 483 1059 517; x_wconf 85' lang='lat' dir='ltr'>Pinguiaque</span> 
     </span>
     <span class='ocr_line' id='line_1_8' title="bbox 33 517 1058 555; baseline -0.004 -7"><span class='ocrx_word' id='word_1_63' title='bbox 33 521 62 550; x_wconf 83' lang='lat' dir='ltr'>in</span> <span class='ocrx_word' id='word_1_64' title='bbox 73 517 184 547; x_wconf 85' lang='lat' dir='ltr'>verubus</span> <span class='ocrx_word' id='word_1_65' title='bbox 196 518 355 546; x_wconf 77' lang='lat' dir='ltr'>torrebimus</span> <span class='ocrx_word' id='word_1_66' title='bbox 369 525 426 546; x_wconf 86' lang='lat' dir='ltr'>exta</span> <span class='ocrx_word' id='word_1_67' title='bbox 438 519 563 551; x_wconf 84' lang='lat' dir='ltr'>colurnis,</span> <span class='ocrx_word' id='word_1_68' title='bbox 575 517 735 555; x_wconf 77' lang='lat' dir='ltr'>desacrificio</span> <span class='ocrx_word' id='word_1_69' title='bbox 761 518 834 552; x_wconf 88' lang='lat' dir='ltr'>Virg.</span> <span class='ocrx_word' id='word_1_70' title='bbox 850 518 946 552; x_wconf 86' lang='lat' dir='ltr'>Georg.</span> <span class='ocrx_word' id='word_1_71' title='bbox 960 526 988 550; x_wconf 86' lang='lat'>2,</span> <span class='ocrx_word' id='word_1_72' title='bbox 1003 521 1058 551; x_wconf 65' lang='lat'>396·</span> 
     </span>
     <span class='ocr_line' id='line_1_9' title="bbox 31 553 1061 588; baseline -0.003 -5"><span class='ocrx_word' id='word_1_73' title='bbox 31 554 144 584; x_wconf 76' lang='lat' dir='ltr'>Puerilia</span> <span class='ocrx_word' id='word_1_74' title='bbox 163 553 244 581; x_wconf 88' lang='lat' dir='ltr'>Ouid.</span> <span class='ocrx_word' id='word_1_75' title='bbox 268 555 333 581; x_wconf 86' lang='lat' dir='ltr'>Fast.</span> <span class='ocrx_word' id='word_1_76' title='bbox 353 557 384 587; x_wconf 84' lang='lat'>6,</span> <span class='ocrx_word' id='word_1_77' title='bbox 407 563 458 588; x_wconf 77' lang='lat'>159.</span> <span class='ocrx_word' id='word_1_78' title='bbox 511 555 570 582; x_wconf 84' lang='lat' dir='ltr'>Vid.</span> <span class='ocrx_word' id='word_1_79' title='bbox 595 563 650 581; x_wconf 80' lang='lat' dir='ltr'>mox</span> <span class='ocrx_word' id='word_1_80' title='bbox 673 555 827 579; x_wconf 86' lang='lat' dir='ltr'>Puerorum.</span> <span class='ocrx_word' id='word_1_81' title='bbox 934 555 972 580; x_wconf 78' lang='lat' dir='ltr'>De</span> <span class='ocrx_word' id='word_1_82' title='bbox 993 555 1061 580; x_wconf 79' lang='lat' dir='ltr'>extis</span> 
     </span>
     <span class='ocr_line' id='line_1_10' title="bbox 31 589 663 626; baseline -0.005 -9"><span class='ocrx_word' id='word_1_83' title='bbox 31 589 170 626; x_wconf 82' lang='lat' dir='ltr'>replicatis,</span> <span class='ocrx_word' id='word_1_84' title='bbox 188 589 241 616; x_wconf 85' lang='lat' dir='ltr'>vid.</span> <span class='ocrx_word' id='word_1_85' title='bbox 254 590 354 626; x_wconf 74' lang='lat' dir='ltr'>Cafiiub.</span> <span class='ocrx_word' id='word_1_86' title='bbox 368 590 402 616; x_wconf 81' lang='lat' dir='ltr'>ad</span> <span class='ocrx_word' id='word_1_87' title='bbox 407 590 474 617; x_wconf 83' lang='lat' dir='ltr'>Suet.</span> <span class='ocrx_word' id='word_1_88' title='bbox 483 589 588 625; x_wconf 82' lang='lat' dir='ltr'>August.</span> <span class='ocrx_word' id='word_1_89' title='bbox 595 597 616 615; x_wconf 91' lang='lat' dir='ltr'>c.</span> <span class='ocrx_word' id='word_1_90' title='bbox 624 597 663 621; x_wconf 80' lang='lat'>95.</span> 
     </span>
     <span class='ocr_line' id='line_1_11' title="bbox 31 625 1061 660; baseline -0.002 -7"><span class='ocrx_word' id='word_1_91' title='bbox 31 627 105 660; x_wconf 85' lang='lat' dir='ltr'>Virg.</span> <span class='ocrx_word' id='word_1_92' title='bbox 120 626 183 652; x_wconf 81' lang='lat' dir='ltr'>Aen.</span> <span class='ocrx_word' id='word_1_93' title='bbox 196 634 224 658; x_wconf 90' lang='lat'>4,</span> <span class='ocrx_word' id='word_1_94' title='bbox 238 628 282 659; x_wconf 87' lang='lat'>64.</span> <span class='ocrx_word' id='word_1_95' title='bbox 371 627 457 653; x_wconf 89' lang='lat' dir='ltr'>Varro</span> <span class='ocrx_word' id='word_1_96' title='bbox 469 625 501 652; x_wconf 86' lang='lat' dir='ltr'>de</span> <span class='ocrx_word' id='word_1_97' title='bbox 514 626 544 652; x_wconf 92' lang='lat' dir='ltr'>L.</span> <span class='ocrx_word' id='word_1_98' title='bbox 557 625 586 651; x_wconf 92' lang='lat' dir='ltr'>L.</span> <span class='ocrx_word' id='word_1_99' title='bbox 599 633 627 657; x_wconf 89' lang='lat'>4,</span> <span class='ocrx_word' id='word_1_100' title='bbox 643 632 670 656; x_wconf 87' lang='lat'>19</span> <span class='ocrx_word' id='word_1_101' title='bbox 687 633 711 658; x_wconf 88' lang='lat' dir='ltr'>p.</span> <span class='ocrx_word' id='word_1_102' title='bbox 725 632 755 656; x_wconf 83' lang='lat'>25</span> <span class='ocrx_word' id='word_1_103' title='bbox 768 631 831 651; x_wconf 81' lang='lat' dir='ltr'>extr.</span> <span class='ocrx_word' id='word_1_104' title='bbox 869 625 926 650; x_wconf 88' lang='lat' dir='ltr'>Hae</span> <span class='ocrx_word' id='word_1_105' title='bbox 938 625 997 651; x_wconf 88' lang='lat' dir='ltr'>sunt</span> <span class='ocrx_word' id='word_1_106' title='bbox 1010 625 1061 658; x_wconf 81' lang='lat' dir='ltr'>(de</span> 
     </span>
     <span class='ocr_line' id='line_1_12' title="bbox 31 659 1062 697; baseline -0.002 -8"><span class='ocrx_word' id='word_1_107' title='bbox 31 661 113 690; x_wconf 71' lang='lat' dir='ltr'>ouibus</span> <span class='ocrx_word' id='word_1_108' title='bbox 118 667 180 696; x_wconf 84' lang='lat' dir='ltr'>puto</span> <span class='ocrx_word' id='word_1_109' title='bbox 192 661 366 697; x_wconf 75' lang='lat' dir='ltr'>intelligendus</span> <span class='ocrx_word' id='word_1_110' title='bbox 378 659 432 695; x_wconf 78' lang='lat' dir='ltr'>est)</span> <span class='ocrx_word' id='word_1_111' title='bbox 450 669 560 696; x_wconf 87' lang='lat' dir='ltr'>quarum</span> <span class='ocrx_word' id='word_1_112' title='bbox 572 660 601 686; x_wconf 90' lang='lat' dir='ltr'>in</span> <span class='ocrx_word' id='word_1_113' title='bbox 612 659 747 685; x_wconf 80' lang='lat' dir='ltr'>sacrificiis</span> <span class='ocrx_word' id='word_1_114' title='bbox 762 665 820 686; x_wconf 86' lang='lat' dir='ltr'>exta</span> <span class='ocrx_word' id='word_1_115' title='bbox 838 659 866 686; x_wconf 88' lang='lat' dir='ltr'>in</span> <span class='ocrx_word' id='word_1_116' title='bbox 880 659 948 692; x_wconf 86' lang='lat' dir='ltr'>olla,</span> <span class='ocrx_word' id='word_1_117' title='bbox 968 669 1021 686; x_wconf 91' lang='lat' dir='ltr'>non</span> <span class='ocrx_word' id='word_1_118' title='bbox 1034 660 1062 687; x_wconf 89' lang='lat' dir='ltr'>in</span> 
     </span>
     <span class='ocr_line' id='line_1_13' title="bbox 359 693 1062 728; baseline -0.003 -5"><span class='ocrx_word' id='word_1_119' title='bbox 359 696 498 724; x_wconf 77' lang='lat' dir='ltr'>stridentia</span> <span class='ocrx_word' id='word_1_120' title='bbox 511 693 697 722; x_wconf 64' lang='lat' dir='ltr'>extaJerubus</span> <span class='ocrx_word' id='word_1_121' title='bbox 712 694 849 722; x_wconf 84' lang='lat' dir='ltr'>detrahere</span> <span class='ocrx_word' id='word_1_122' title='bbox 875 695 956 721; x_wconf 83' lang='lat' dir='ltr'>Ouid.</span> <span class='ocrx_word' id='word_1_123' title='bbox 964 695 1029 722; x_wconf 81' lang='lat' dir='ltr'>Fast.</span> <span class='ocrx_word' id='word_1_124' title='bbox 1039 705 1062 728; x_wconf 76' lang='lat'>2,</span> 
     </span>
     <span class='ocr_line' id='line_1_14' title="bbox 956 731 1061 758; baseline 0 -1"><span class='ocrx_word' id='word_1_125' title='bbox 956 731 1022 758; x_wconf 87' lang='lat' dir='ltr'>Cato</span> <span class='ocrx_word' id='word_1_126' title='bbox 1030 732 1061 757; x_wconf 76' lang='lat' dir='ltr'>R.</span> 
     </span>
    </p>
   </div>
   <div class='ocr_carea' id='block_1_4' title="bbox 0 701 1064 1120">
    <p class='ocr_par' dir='ltr' id='par_1_4' title="bbox 0 701 1064 1120">
     <span class='ocr_line' id='line_1_15' title="bbox 30 701 265 731; baseline -0.017 -6"><span class='ocrx_word' id='word_1_127' title='bbox 30 705 97 725; x_wconf 82' lang='lat' dir='ltr'>veru</span> <span class='ocrx_word' id='word_1_128' title='bbox 108 701 265 731; x_wconf 87' lang='lat' dir='ltr'>coquuntur.</span> 
     </span>
     <span class='ocr_line' id='line_1_16' title="bbox 31 729 883 768; baseline -0.002 -10"><span class='ocrx_word' id='word_1_129' title='bbox 31 739 86 768; x_wconf 78' lang='lat'>373.</span> <span class='ocrx_word' id='word_1_130' title='bbox 154 730 287 758; x_wconf 85' lang='lat' dir='ltr'>Transuta</span> <span class='ocrx_word' id='word_1_131' title='bbox 302 737 359 759; x_wconf 85' lang='lat' dir='ltr'>exta</span> <span class='ocrx_word' id='word_1_132' title='bbox 372 731 485 759; x_wconf 78' lang='lat' dir='ltr'>verubus</span> <span class='ocrx_word' id='word_1_133' title='bbox 499 729 602 764; x_wconf 78' lang='lat' dir='ltr'>salignis</span> <span class='ocrx_word' id='word_1_134' title='bbox 621 729 694 756; x_wconf 82' lang='lat' dir='ltr'>Idem</span> <span class='ocrx_word' id='word_1_135' title='bbox 707 729 773 756; x_wconf 86' lang='lat' dir='ltr'>ibid.</span> <span class='ocrx_word' id='word_1_136' title='bbox 789 739 813 762; x_wconf 83' lang='lat'>2,</span> <span class='ocrx_word' id='word_1_137' title='bbox 825 732 883 763; x_wconf 84' lang='lat'>364.</span> 
     </span>
     <span class='ocr_line' id='line_1_17' title="bbox 0 765 536 800; baseline -0.004 -6"><span class='ocrx_word' id='word_1_138' title='bbox 0 793 2 800; x_wconf 71' lang='grc'>,</span> <span class='ocrx_word' id='word_1_139' title='bbox 20 768 64 794; x_wconf 70' lang='lat' dir='ltr'>R.</span> <span class='ocrx_word' id='word_1_140' title='bbox 78 774 120 799; x_wconf 85' lang='lat'>134</span> <span class='ocrx_word' id='word_1_141' title='bbox 135 766 225 793; x_wconf 88' lang='lat' dir='ltr'>Cereri</span> <span class='ocrx_word' id='word_1_142' title='bbox 245 772 302 794; x_wconf 83' lang='lat' dir='ltr'>exta</span> <span class='ocrx_word' id='word_1_143' title='bbox 320 773 347 794; x_wconf 87' lang='lat' dir='ltr'>et</span> <span class='ocrx_word' id='word_1_144' title='bbox 364 767 455 794; x_wconf 89' lang='lat' dir='ltr'>vinum</span> <span class='ocrx_word' id='word_1_145' title='bbox 467 765 536 793; x_wconf 87' lang='lat' dir='ltr'>dato.</span> 
     </span>
     <span class='ocr_line' id='line_1_18' title="bbox 22 800 1061 834; baseline 0 -6"><span class='ocrx_word' id='word_1_146' title='bbox 22 801 139 834; x_wconf 59' lang='lat' dir='ltr'>flabant,</span> <span class='ocrx_word' id='word_1_147' title='bbox 158 802 293 829; x_wconf 81' lang='lat' dir='ltr'>Porricere</span> <span class='ocrx_word' id='word_1_148' title='bbox 305 802 434 829; x_wconf 83' lang='lat' dir='ltr'>dicebant.</span> <span class='ocrx_word' id='word_1_149' title='bbox 538 800 676 834; x_wconf 75' lang='lat' dir='ltr'>Perperam</span> <span class='ocrx_word' id='word_1_150' title='bbox 690 801 758 828; x_wconf 90' lang='lat' dir='ltr'>Dare</span> <span class='ocrx_word' id='word_1_151' title='bbox 770 808 829 828; x_wconf 86' lang='lat' dir='ltr'>exta</span> <span class='ocrx_word' id='word_1_152' title='bbox 843 801 901 827; x_wconf 87' lang='lat' dir='ltr'>Liu.</span> <span class='ocrx_word' id='word_1_153' title='bbox 910 805 952 833; x_wconf 63' lang='lat'>26,</span> <span class='ocrx_word' id='word_1_154' title='bbox 960 810 989 834; x_wconf 78' lang='lat'>23</span> <span class='ocrx_word' id='word_1_155' title='bbox 997 809 1061 828; x_wconf 75' lang='lat' dir='ltr'>extr.</span> 
     </span>
     <span class='ocr_line' id='line_1_19' title="bbox 31 835 1063 870; baseline -0.001 -5"><span class='ocrx_word' id='word_1_156' title='bbox 31 836 149 865; x_wconf 88' lang='lat' dir='ltr'>Macrob.</span> <span class='ocrx_word' id='word_1_157' title='bbox 161 837 211 864; x_wconf 86' lang='lat' dir='ltr'>Sat.</span> <span class='ocrx_word' id='word_1_158' title='bbox 224 846 246 870; x_wconf 82' lang='grc'>3,</span> <span class='ocrx_word' id='word_1_159' title='bbox 260 846 276 864; x_wconf 85' lang='lat'>2</span> <span class='ocrx_word' id='word_1_160' title='bbox 296 847 327 865; x_wconf 85' lang='lat' dir='ltr'>ex</span> <span class='ocrx_word' id='word_1_161' title='bbox 340 836 469 868; x_wconf 75' lang='lat' dir='ltr'>Veranio,</span> <span class='ocrx_word' id='word_1_162' title='bbox 487 835 549 862; x_wconf 81' lang='lat' dir='ltr'>Exta</span> <span class='ocrx_word' id='word_1_163' title='bbox 562 837 729 870; x_wconf 85' lang='lat' dir='ltr'>porriciunto</span> <span class='ocrx_word' id='word_1_164' title='bbox 742 837 805 869; x_wconf 82' lang='lat' dir='ltr'>DIs,</span> <span class='ocrx_word' id='word_1_165' title='bbox 824 837 911 863; x_wconf 86' lang='lat' dir='ltr'>Danto</span> <span class='ocrx_word' id='word_1_166' title='bbox 924 837 952 863; x_wconf 90' lang='grc'>10</span> <span class='ocrx_word' id='word_1_167' title='bbox 971 838 1063 864; x_wconf 83' lang='lat' dir='ltr'>altaria</span> 
     </span>
     <span class='ocr_line' id='line_1_20' title="bbox 0 870 1061 909; baseline 0 -10"><span class='ocrx_word' id='word_1_168' title='bbox 0 895 1 899; x_wconf 72' lang='grc'>,</span> <span class='ocrx_word' id='word_1_169' title='bbox 29 872 170 906; x_wconf 78' lang='lat' dir='ltr'>focumue,</span> <span class='ocrx_word' id='word_1_170' title='bbox 190 881 258 900; x_wconf 89' lang='lat' dir='ltr'>eone</span> <span class='ocrx_word' id='word_1_171' title='bbox 272 882 325 909; x_wconf 91' lang='lat' dir='ltr'>quo</span> <span class='ocrx_word' id='word_1_172' title='bbox 337 877 393 900; x_wconf 87' lang='lat' dir='ltr'>exta</span> <span class='ocrx_word' id='word_1_173' title='bbox 405 871 463 898; x_wconf 81' lang='lat' dir='ltr'>dari</span> <span class='ocrx_word' id='word_1_174' title='bbox 475 870 615 898; x_wconf 88' lang='lat' dir='ltr'>debebunt.</span> <span class='ocrx_word' id='word_1_175' title='bbox 650 871 718 898; x_wconf 85' lang='lat' dir='ltr'>Add.</span> <span class='ocrx_word' id='word_1_176' title='bbox 732 873 812 898; x_wconf 86' lang='lat' dir='ltr'>Mart.</span> <span class='ocrx_word' id='word_1_177' title='bbox 828 880 859 903; x_wconf 88' lang='lat'>11,</span> <span class='ocrx_word' id='word_1_178' title='bbox 873 879 914 906; x_wconf 86' lang='lat'>57,</span> <span class='ocrx_word' id='word_1_179' title='bbox 929 882 956 906; x_wconf 87' lang='lat'>4.</span> <span class='ocrx_word' id='word_1_180' title='bbox 999 874 1061 900; x_wconf 83' lang='lat' dir='ltr'>Stat.</span> 
     </span>
     <span class='ocr_line' id='line_1_21' title="bbox 30 905 1064 943; baseline 0 -8"><span class='ocrx_word' id='word_1_181' title='bbox 30 906 115 937; x_wconf 75' lang='lat' dir='ltr'>Achil.</span> <span class='ocrx_word' id='word_1_182' title='bbox 130 915 150 939; x_wconf 82' lang='lat'>2,</span> <span class='ocrx_word' id='word_1_183' title='bbox 163 916 212 940; x_wconf 86' lang='lat'>302.</span> <span class='ocrx_word' id='word_1_184' title='bbox 231 909 282 935; x_wconf 87' lang='lat' dir='ltr'>Hic</span> <span class='ocrx_word' id='word_1_185' title='bbox 293 909 425 943; x_wconf 77' lang='lat' dir='ltr'>spumante</span> <span class='ocrx_word' id='word_1_186' title='bbox 437 905 489 933; x_wconf 88' lang='lat' dir='ltr'>salo</span> <span class='ocrx_word' id='word_1_187' title='bbox 501 907 599 933; x_wconf 87' lang='lat' dir='ltr'>Iaciens</span> <span class='ocrx_word' id='word_1_188' title='bbox 607 907 725 934; x_wconf 78' lang='lat' dir='ltr'>Tumida</span> <span class='ocrx_word' id='word_1_189' title='bbox 737 913 805 937; x_wconf 86' lang='lat' dir='ltr'>exta,</span> <span class='ocrx_word' id='word_1_190' title='bbox 812 907 941 941; x_wconf 89' lang='lat' dir='ltr'>profatur.</span> <span class='ocrx_word' id='word_1_191' title='bbox 996 909 1064 936; x_wconf 88' lang='lat' dir='ltr'>Cum</span> 
     </span>
     <span class='ocr_line' id='line_1_22' title="bbox 29 942 916 978; baseline 0 -9"><span class='ocrx_word' id='word_1_192' title='bbox 29 951 174 978; x_wconf 79' lang='lat' dir='ltr'>puerorum</span> <span class='ocrx_word' id='word_1_193' title='bbox 186 945 253 971; x_wconf 88' lang='lat' dir='ltr'>extis</span> <span class='ocrx_word' id='word_1_194' title='bbox 265 943 325 970; x_wconf 85' lang='lat' dir='ltr'>deos</span> <span class='ocrx_word' id='word_1_195' title='bbox 337 951 424 969; x_wconf 90' lang='lat' dir='ltr'>manes</span> <span class='ocrx_word' id='word_1_196' title='bbox 437 942 550 968; x_wconf 63' lang='lat' dir='ltr'>mactare</span> <span class='ocrx_word' id='word_1_197' title='bbox 562 943 642 969; x_wconf 88' lang='lat' dir='ltr'>soleas</span> <span class='ocrx_word' id='word_1_198' title='bbox 666 943 722 970; x_wconf 88' lang='lat' dir='ltr'>Cic.</span> <span class='ocrx_word' id='word_1_199' title='bbox 735 944 763 969; x_wconf 90' lang='lat' dir='ltr'>in</span> <span class='ocrx_word' id='word_1_200' title='bbox 777 942 864 969; x_wconf 89' lang='lat' dir='ltr'>Vatin.</span> <span class='ocrx_word' id='word_1_201' title='bbox 878 952 916 977; x_wconf 91' lang='lat'>14.</span> 
     </span>
     <span class='ocr_line' id='line_1_23' title="bbox 20 978 1063 1015; baseline 0.001 -10"><span class='ocrx_word' id='word_1_202' title='bbox 20 978 88 1010; x_wconf 63' lang='lat' dir='ltr'>„veri</span> <span class='ocrx_word' id='word_1_203' title='bbox 100 984 156 1005; x_wconf 89' lang='lat' dir='ltr'>exta</span> <span class='ocrx_word' id='word_1_204' title='bbox 168 979 213 1013; x_wconf 79' lang='lat' dir='ltr'>(vt</span> <span class='ocrx_word' id='word_1_205' title='bbox 224 980 324 1007; x_wconf 77' lang='lat' dir='ltr'>Sti-uem</span> <span class='ocrx_word' id='word_1_206' title='bbox 337 984 360 1004; x_wconf 84' lang='lat' dir='ltr'>et</span> <span class='ocrx_word' id='word_1_207' title='bbox 372 978 440 1004; x_wconf 82' lang='lat' dir='ltr'>serta</span> <span class='ocrx_word' id='word_1_208' title='bbox 453 978 519 1004; x_wconf 87' lang='lat' dir='ltr'>Cato</span> <span class='ocrx_word' id='word_1_209' title='bbox 526 978 557 1005; x_wconf 78' lang='lat' dir='ltr'>R.</span> <span class='ocrx_word' id='word_1_210' title='bbox 565 979 596 1004; x_wconf 84' lang='lat' dir='ltr'>R.</span> <span class='ocrx_word' id='word_1_211' title='bbox 604 987 658 1013; x_wconf 88' lang='grc'>134,</span> <span class='ocrx_word' id='word_1_212' title='bbox 665 987 689 1005; x_wconf 87' lang='lat'>2.</span> <span class='ocrx_word' id='word_1_213' title='bbox 722 981 839 1013; x_wconf 81' lang='lat' dir='ltr'>it.141,4</span> <span class='ocrx_word' id='word_1_214' title='bbox 858 981 955 1014; x_wconf 82' lang='lat' dir='ltr'>quicum</span> <span class='ocrx_word' id='word_1_215' title='bbox 970 988 1063 1015; x_wconf 83' lang='lat' dir='ltr'>compa-</span> 
     </span>
     <span class='ocr_line' id='line_1_24' title="bbox 25 1012 1062 1050; baseline 0.001 -9"><span class='ocrx_word' id='word_1_216' title='bbox 25 1012 139 1041; x_wconf 74' lang='lat' dir='ltr'>&#39;rauimus</span> <span class='ocrx_word' id='word_1_217' title='bbox 150 1017 217 1041; x_wconf 81' lang='lat' dir='ltr'>ritus</span> <span class='ocrx_word' id='word_1_218' title='bbox 229 1014 395 1049; x_wconf 52' lang='lat' dir='ltr'>Eb-raeorum)</span> <span class='ocrx_word' id='word_1_219' title='bbox 408 1012 477 1039; x_wconf 79' lang='lat' dir='ltr'>docet</span> <span class='ocrx_word' id='word_1_220' title='bbox 490 1015 601 1049; x_wconf 84' lang='lat' dir='ltr'>impurus</span> <span class='ocrx_word' id='word_1_221' title='bbox 611 1016 721 1049; x_wconf 73' lang='lat' dir='ltr'>alioquin</span> <span class='ocrx_word' id='word_1_222' title='bbox 740 1012 827 1041; x_wconf 63' lang='lat' dir='ltr'>auctor</span> <span class='ocrx_word' id='word_1_223' title='bbox 847 1015 932 1048; x_wconf 80' lang='lat' dir='ltr'>Priap.</span> <span class='ocrx_word' id='word_1_224' title='bbox 954 1020 979 1045; x_wconf 82' lang='lat'>18</span> <span class='ocrx_word' id='word_1_225' title='bbox 997 1016 1062 1050; x_wconf 76' lang='lat' dir='ltr'>apud</span> 
     </span>
     <span class='ocr_line' id='line_1_25' title="bbox 27 1048 1061 1086; baseline 0.003 -11"><span class='ocrx_word' id='word_1_226' title='bbox 27 1057 96 1086; x_wconf 78' lang='lat' dir='ltr'>quem</span> <span class='ocrx_word' id='word_1_227' title='bbox 108 1049 249 1077; x_wconf 83' lang='lat' dir='ltr'>Telethusa</span> <span class='ocrx_word' id='word_1_228' title='bbox 262 1048 411 1084; x_wconf 81' lang='lat' dir='ltr'>circulatrix</span> <span class='ocrx_word' id='word_1_229' title='bbox 423 1048 529 1075; x_wconf 87' lang='lat' dir='ltr'>clunem</span> <span class='ocrx_word' id='word_1_230' title='bbox 564 1063 610 1068; x_wconf 98' lang='lat'><strong>—</strong></span> <span class='ocrx_word' id='word_1_231' title='bbox 642 1049 714 1076; x_wconf 84' lang='lat' dir='ltr'>Extis</span> <span class='ocrx_word' id='word_1_232' title='bbox 724 1049 811 1084; x_wconf 87' lang='lat' dir='ltr'>aptius</span> <span class='ocrx_word' id='word_1_233' title='bbox 823 1049 953 1085; x_wconf 81' lang='lat' dir='ltr'>altiusque</span> <span class='ocrx_word' id='word_1_234' title='bbox 966 1058 1061 1078; x_wconf 85' lang='lat' dir='ltr'>motat:</span> 
     </span>
     <span class='ocr_line' id='line_1_26' title="bbox 28 1082 1061 1120; baseline 0.002 -9"><span class='ocrx_word' id='word_1_235' title='bbox 28 1083 64 1111; x_wconf 80' lang='lat' dir='ltr'>ad</span> <span class='ocrx_word' id='word_1_236' title='bbox 75 1093 134 1120; x_wconf 81' lang='lat' dir='ltr'>quae</span> <span class='ocrx_word' id='word_1_237' title='bbox 145 1084 329 1120; x_wconf 66' lang='lat' dir='ltr'>interpretanda</span> <span class='ocrx_word' id='word_1_238' title='bbox 341 1091 401 1119; x_wconf 87' lang='lat' dir='ltr'>opus</span> <span class='ocrx_word' id='word_1_239' title='bbox 414 1082 456 1117; x_wconf 71' lang='lat' dir='ltr'>effi</span> <span class='ocrx_word' id='word_1_240' title='bbox 470 1084 579 1118; x_wconf 80' lang='lat' dir='ltr'>Sibylla,</span> <span class='ocrx_word' id='word_1_241' title='bbox 596 1090 640 1110; x_wconf 83' lang='lat' dir='ltr'>aut</span> <span class='ocrx_word' id='word_1_242' title='bbox 653 1084 816 1111; x_wconf 78' lang='lat' dir='ltr'>emendatione</span> <span class='ocrx_word' id='word_1_243' title='bbox 829 1085 888 1111; x_wconf 68' lang='lat' dir='ltr'>adeo</span> <span class='ocrx_word' id='word_1_244' title='bbox 897 1104 904 1116; x_wconf 94' lang='lat'>,</span> <span class='ocrx_word' id='word_1_245' title='bbox 921 1095 969 1111; x_wconf 72' lang='lat' dir='ltr'>non</span> <span class='ocrx_word' id='word_1_246' title='bbox 982 1086 1061 1113; x_wconf 61' lang='lat' dir='ltr'>diflu-</span> 
     </span>
    </p>
   </div>
   <div class='ocr_carea' id='block_1_5' title="bbox 0 1154 1064 1298">
    <p class='ocr_par' dir='ltr' id='par_1_5' title="bbox 0 1154 1064 1298">
     <span class='ocr_line' id='line_1_27' title="bbox 0 1154 1061 1194; baseline 0.002 -13"><span class='ocrx_word' id='word_1_247' title='bbox 0 1165 2 1168; x_wconf 96' lang='lat'>·</span> <span class='ocrx_word' id='word_1_248' title='bbox 28 1162 136 1194; x_wconf 78' lang='lat' dir='ltr'>nequam.</span> <span class='ocrx_word' id='word_1_249' title='bbox 203 1155 318 1181; x_wconf 88' lang='lat' dir='ltr'>quenal.</span> <span class='ocrx_word' id='word_1_250' title='bbox 333 1156 358 1187; x_wconf 89' lang='lat'>6,</span> <span class='ocrx_word' id='word_1_251' title='bbox 372 1162 411 1188; x_wconf 86' lang='lat'>551</span> <span class='ocrx_word' id='word_1_252' title='bbox 426 1155 566 1181; x_wconf 75' lang='lat' dir='ltr'>Armenius</span> <span class='ocrx_word' id='word_1_253' title='bbox 579 1154 622 1181; x_wconf 85' lang='lat' dir='ltr'>vel</span> <span class='ocrx_word' id='word_1_254' title='bbox 630 1155 821 1190; x_wconf 86' lang='lat' dir='ltr'>Commagenus</span> <span class='ocrx_word' id='word_1_255' title='bbox 834 1155 960 1191; x_wconf 80' lang='lat' dir='ltr'>haruspex</span> <span class='ocrx_word' id='word_1_256' title='bbox 973 1158 1061 1184; x_wconf 58' lang='lat' dir='ltr'>Pecto-</span> 
     </span>
     <span class='ocr_line' id='line_1_28' title="bbox 30 1189 1060 1225; baseline 0.002 -7"><span class='ocrx_word' id='word_1_257' title='bbox 30 1197 60 1218; x_wconf 60' lang='lat' dir='ltr'>ra</span> <span class='ocrx_word' id='word_1_258' title='bbox 77 1189 209 1225; x_wconf 85' lang='lat' dir='ltr'>pullorum</span> <span class='ocrx_word' id='word_1_259' title='bbox 231 1189 383 1217; x_wconf 86' lang='lat' dir='ltr'>Rimabitur</span> <span class='ocrx_word' id='word_1_260' title='bbox 396 1196 456 1217; x_wconf 87' lang='lat' dir='ltr'>exta</span> <span class='ocrx_word' id='word_1_261' title='bbox 467 1189 568 1222; x_wconf 85' lang='lat' dir='ltr'>catelli,</span> <span class='ocrx_word' id='word_1_262' title='bbox 587 1191 722 1217; x_wconf 82' lang='lat' dir='ltr'>Interdum</span> <span class='ocrx_word' id='word_1_263' title='bbox 736 1198 761 1217; x_wconf 92' lang='lat' dir='ltr'>et</span> <span class='ocrx_word' id='word_1_264' title='bbox 774 1191 858 1225; x_wconf 88' lang='lat' dir='ltr'>pueri.</span> <span class='ocrx_word' id='word_1_265' title='bbox 929 1192 995 1219; x_wconf 55' lang='lat' dir='ltr'>Adai.</span> <span class='ocrx_word' id='word_1_266' title='bbox 1010 1194 1060 1220; x_wconf 87' lang='lat' dir='ltr'>Lu-</span> 
     </span>
     <span class='ocr_line' id='line_1_29' title="bbox 0 1225 1064 1263; baseline 0.006 -13"><span class='ocrx_word' id='word_1_267' title='bbox 0 1245 1 1250; x_wconf 69' lang='lat'>.</span> <span class='ocrx_word' id='word_1_268' title='bbox 31 1233 85 1253; x_wconf 75' lang='lat' dir='ltr'>ean.</span> <span class='ocrx_word' id='word_1_269' title='bbox 97 1227 124 1258; x_wconf 93' lang='lat'>6,</span> <span class='ocrx_word' id='word_1_270' title='bbox 135 1232 182 1260; x_wconf 87' lang='lat'>710</span> <span class='ocrx_word' id='word_1_271' title='bbox 201 1225 228 1252; x_wconf 90' lang='lat' dir='ltr'>Si</span> <span class='ocrx_word' id='word_1_272' title='bbox 241 1226 310 1259; x_wconf 87' lang='lat' dir='ltr'>quis,</span> <span class='ocrx_word' id='word_1_273' title='bbox 325 1225 372 1261; x_wconf 90' lang='lat' dir='ltr'>qui</span> <span class='ocrx_word' id='word_1_274' title='bbox 385 1225 476 1252; x_wconf 80' lang='lat' dir='ltr'>vestris</span> <span class='ocrx_word' id='word_1_275' title='bbox 487 1231 563 1260; x_wconf 88' lang='lat' dir='ltr'>caput</span> <span class='ocrx_word' id='word_1_276' title='bbox 577 1232 688 1261; x_wconf 77' lang='lat' dir='ltr'>extaque</span> <span class='ocrx_word' id='word_1_277' title='bbox 702 1227 820 1254; x_wconf 89' lang='lat' dir='ltr'>lancibus</span> <span class='ocrx_word' id='word_1_278' title='bbox 835 1227 920 1253; x_wconf 84' lang='lat' dir='ltr'>infans</span> <span class='ocrx_word' id='word_1_279' title='bbox 933 1229 1064 1263; x_wconf 82' lang='lat' dir='ltr'>Imposuit</span> 
     </span>
     <span class='ocr_line' id='line_1_30' title="bbox 30 1258 1060 1298; baseline 0.003 -10"><span class='ocrx_word' id='word_1_280' title='bbox 30 1267 74 1288; x_wconf 76' lang='lat' dir='ltr'>etc.</span> <span class='ocrx_word' id='word_1_281' title='bbox 80 1263 98 1287; x_wconf 82' lang='lat' dir='ltr'>i.</span> <span class='ocrx_word' id='word_1_282' title='bbox 105 1258 215 1296; x_wconf 73' lang='lat' dir='ltr'>imposita</span> <span class='ocrx_word' id='word_1_283' title='bbox 225 1260 320 1293; x_wconf 83' lang='lat' dir='ltr'>habuit,</span> <span class='ocrx_word' id='word_1_284' title='bbox 326 1261 398 1288; x_wconf 79' lang='lat' dir='ltr'>verbo</span> <span class='ocrx_word' id='word_1_285' title='bbox 405 1258 527 1288; x_wconf 58' lang='lat' dir='ltr'>metatus</span> <span class='ocrx_word' id='word_1_286' title='bbox 539 1258 572 1294; x_wconf 73' lang='lat' dir='ltr'>est</span> <span class='ocrx_word' id='word_1_287' title='bbox 584 1261 654 1287; x_wconf 84' lang='lat' dir='ltr'>vobis</span> <span class='ocrx_word' id='word_1_288' title='bbox 666 1271 679 1288; x_wconf 93' lang='lat' dir='ltr'>o</span> <span class='ocrx_word' id='word_1_289' title='bbox 692 1264 735 1289; x_wconf 91' lang='lat' dir='ltr'>DI</span> <span class='ocrx_word' id='word_1_290' title='bbox 746 1262 835 1298; x_wconf 80' lang='lat' dir='ltr'>inferi.</span> <span class='ocrx_word' id='word_1_291' title='bbox 871 1263 969 1289; x_wconf 86' lang='lat' dir='ltr'>Arnob.</span> <span class='ocrx_word' id='word_1_292' title='bbox 979 1273 993 1290; x_wconf 90' lang='lat' dir='ltr'>z</span> <span class='ocrx_word' id='word_1_293' title='bbox 1001 1274 1024 1298; x_wconf 76' lang='lat' dir='ltr'>p.</span> <span class='ocrx_word' id='word_1_294' title='bbox 1034 1274 1060 1296; x_wconf 83' lang='lat'>91</span> 
     </span>
    </p>
   </div>
   <div class='ocr_carea' id='block_1_6' title="bbox 33 1331 1062 1476">
    <p class='ocr_par' dir='ltr' id='par_1_6' title="bbox 33 1331 1062 1476">
     <span class='ocr_line' id='line_1_31' title="bbox 34 1331 1061 1368; baseline 0.002 -9"><span class='ocrx_word' id='word_1_295' title='bbox 34 1332 260 1365; x_wconf 71' lang='lat' dir='ltr'>cremarenturDIs</span> <span class='ocrx_word' id='word_1_296' title='bbox 272 1338 346 1363; x_wconf 84' lang='lat' dir='ltr'>exta;</span> <span class='ocrx_word' id='word_1_297' title='bbox 361 1341 448 1359; x_wconf 89' lang='lat' dir='ltr'>nonne</span> <span class='ocrx_word' id='word_1_298' title='bbox 454 1340 516 1366; x_wconf 84' lang='lat' dir='ltr'>rege</span> <span class='ocrx_word' id='word_1_299' title='bbox 528 1331 575 1358; x_wconf 87' lang='lat' dir='ltr'>sub</span> <span class='ocrx_word' id='word_1_300' title='bbox 582 1333 681 1359; x_wconf 90' lang='lat' dir='ltr'>Tullio</span> <span class='ocrx_word' id='word_1_301' title='bbox 694 1333 839 1360; x_wconf 80' lang='lat' dir='ltr'>semicruda</span> <span class='ocrx_word' id='word_1_302' title='bbox 853 1334 973 1368; x_wconf 84' lang='lat' dir='ltr'>coepistis</span> <span class='ocrx_word' id='word_1_303' title='bbox 988 1342 1012 1361; x_wconf 92' lang='lat' dir='ltr'>et</span> <span class='ocrx_word' id='word_1_304' title='bbox 1028 1336 1061 1361; x_wconf 85' lang='lat' dir='ltr'>lc-</span> 
     </span>
     <span class='ocr_line' id='line_1_32' title="bbox 33 1367 1061 1405; baseline 0.002 -10"><span class='ocrx_word' id='word_1_305' title='bbox 33 1367 104 1395; x_wconf 86' lang='lat' dir='ltr'>viter</span> <span class='ocrx_word' id='word_1_306' title='bbox 115 1367 224 1394; x_wconf 85' lang='lat' dir='ltr'>animata</span> <span class='ocrx_word' id='word_1_307' title='bbox 235 1368 368 1402; x_wconf 83' lang='lat' dir='ltr'>porricere</span> <span class='ocrx_word' id='word_1_308' title='bbox 382 1369 390 1394; x_wconf 78' lang='lat'>3</span> <span class='ocrx_word' id='word_1_309' title='bbox 461 1368 546 1394; x_wconf 88' lang='lat' dir='ltr'>Varro</span> <span class='ocrx_word' id='word_1_310' title='bbox 559 1367 591 1394; x_wconf 92' lang='lat' dir='ltr'>de</span> <span class='ocrx_word' id='word_1_311' title='bbox 603 1368 634 1395; x_wconf 93' lang='lat' dir='ltr'>L.</span> <span class='ocrx_word' id='word_1_312' title='bbox 648 1369 678 1394; x_wconf 93' lang='lat' dir='ltr'>L.</span> <span class='ocrx_word' id='word_1_313' title='bbox 693 1377 716 1402; x_wconf 77' lang='grc' dir='ltr'>ς,</span> <span class='ocrx_word' id='word_1_314' title='bbox 729 1378 741 1402; x_wconf 81' lang='lat'><strong>3</strong></span> <span class='ocrx_word' id='word_1_315' title='bbox 755 1379 778 1404; x_wconf 92' lang='lat' dir='ltr'>p.</span> <span class='ocrx_word' id='word_1_316' title='bbox 794 1375 870 1405; x_wconf 61' lang='lat'>47³¹8</span> <span class='ocrx_word' id='word_1_317' title='bbox 889 1370 995 1396; x_wconf 79' lang='lat' dir='ltr'>Flamen</span> <span class='ocrx_word' id='word_1_318' title='bbox 1008 1371 1061 1397; x_wconf 73' lang='lat' dir='ltr'>dia-</span> 
     </span>
     <span class='ocr_line' id='line_1_33' title="bbox 33 1401 1062 1440; baseline 0.002 -10"><span class='ocrx_word' id='word_1_319' title='bbox 33 1401 68 1430; x_wconf 73' lang='lat' dir='ltr'>tis</span> <span class='ocrx_word' id='word_1_320' title='bbox 80 1411 143 1438; x_wconf 75' lang='lat' dir='ltr'>agna</span> <span class='ocrx_word' id='word_1_321' title='bbox 156 1402 215 1430; x_wconf 85' lang='lat' dir='ltr'>Ioui</span> <span class='ocrx_word' id='word_1_322' title='bbox 225 1403 302 1430; x_wconf 83' lang='lat' dir='ltr'>facit:</span> <span class='ocrx_word' id='word_1_323' title='bbox 338 1404 407 1430; x_wconf 86' lang='lat' dir='ltr'>inter</span> <span class='ocrx_word' id='word_1_324' title='bbox 418 1403 491 1430; x_wconf 89' lang='lat' dir='ltr'>cuius</span> <span class='ocrx_word' id='word_1_325' title='bbox 506 1409 565 1430; x_wconf 78' lang='lat' dir='ltr'>exta</span> <span class='ocrx_word' id='word_1_326' title='bbox 580 1405 650 1430; x_wconf 88' lang='lat' dir='ltr'>caesa</span> <span class='ocrx_word' id='word_1_327' title='bbox 665 1410 691 1431; x_wconf 86' lang='lat' dir='ltr'>et</span> <span class='ocrx_word' id='word_1_328' title='bbox 710 1406 830 1439; x_wconf 71' lang='lat' dir='ltr'>porrecta</span> <span class='ocrx_word' id='word_1_329' title='bbox 849 1406 943 1432; x_wconf 77' lang='lat' dir='ltr'>flamen</span> <span class='ocrx_word' id='word_1_330' title='bbox 957 1408 1062 1440; x_wconf 80' lang='lat' dir='ltr'>prorsus</span> 
     </span>
     <span class='ocr_line' id='line_1_34' title="bbox 33 1437 1060 1476; baseline 0.004 -12"><span class='ocrx_word' id='word_1_331' title='bbox 33 1437 124 1465; x_wconf 87' lang='lat' dir='ltr'>vinum</span> <span class='ocrx_word' id='word_1_332' title='bbox 136 1437 206 1473; x_wconf 80' lang='lat' dir='ltr'>legit.</span> <span class='ocrx_word' id='word_1_333' title='bbox 309 1439 382 1466; x_wconf 89' lang='lat' dir='ltr'>Idem</span> <span class='ocrx_word' id='word_1_334' title='bbox 397 1447 426 1472; x_wconf 92' lang='lat'>5,</span> <span class='ocrx_word' id='word_1_335' title='bbox 440 1448 459 1472; x_wconf 91' lang='lat'>4</span> <span class='ocrx_word' id='word_1_336' title='bbox 473 1448 496 1474; x_wconf 73' lang='lat' dir='ltr'>p.</span> <span class='ocrx_word' id='word_1_337' title='bbox 512 1447 557 1472; x_wconf 87' lang='lat'>50,</span> <span class='ocrx_word' id='word_1_338' title='bbox 575 1444 600 1469; x_wconf 85' lang='lat'>18</span> <span class='ocrx_word' id='word_1_339' title='bbox 631 1440 749 1467; x_wconf 82' lang='lat' dir='ltr'>Intercifi</span> <span class='ocrx_word' id='word_1_340' title='bbox 769 1439 823 1467; x_wconf 87' lang='lat' dir='ltr'>dies</span> <span class='ocrx_word' id='word_1_341' title='bbox 837 1442 911 1473; x_wconf 89' lang='lat' dir='ltr'>suut,</span> <span class='ocrx_word' id='word_1_342' title='bbox 933 1451 981 1476; x_wconf 81' lang='lat' dir='ltr'>per</span> <span class='ocrx_word' id='word_1_343' title='bbox 994 1452 1060 1476; x_wconf 69' lang='lat' dir='ltr'>quos</span> 
     </span>
    </p>
   </div>
   <div class='ocr_carea' id='block_1_7' title="bbox 27 1508 1063 1652">
    <p class='ocr_par' dir='ltr' id='par_1_7' title="bbox 27 1508 1063 1652">
     <span class='ocr_line' id='line_1_35' title="bbox 31 1508 1062 1549; baseline 0.004 -13"><span class='ocrx_word' id='word_1_344' title='bbox 31 1513 148 1542; x_wconf 81' lang='lat' dir='ltr'>tempore</span> <span class='ocrx_word' id='word_1_345' title='bbox 166 1508 236 1535; x_wconf 90' lang='lat' dir='ltr'>inter</span> <span class='ocrx_word' id='word_1_346' title='bbox 253 1508 365 1537; x_wconf 87' lang='lat' dir='ltr'>hostiam</span> <span class='ocrx_word' id='word_1_347' title='bbox 383 1511 482 1537; x_wconf 83' lang='lat' dir='ltr'>caesam</span> <span class='ocrx_word' id='word_1_348' title='bbox 498 1516 524 1536; x_wconf 88' lang='lat' dir='ltr'>et</span> <span class='ocrx_word' id='word_1_349' title='bbox 537 1515 595 1536; x_wconf 82' lang='lat' dir='ltr'>exta</span> <span class='ocrx_word' id='word_1_350' title='bbox 608 1510 743 1544; x_wconf 69' lang='lat' dir='ltr'>porrecta,</span> <span class='ocrx_word' id='word_1_351' title='bbox 760 1511 807 1538; x_wconf 85' lang='lat' dir='ltr'>fas.</span> <span class='ocrx_word' id='word_1_352' title='bbox 843 1513 906 1538; x_wconf 86' lang='lat' dir='ltr'>Exta</span> <span class='ocrx_word' id='word_1_353' title='bbox 920 1522 977 1549; x_wconf 83' lang='lat' dir='ltr'>ergo</span> <span class='ocrx_word' id='word_1_354' title='bbox 992 1515 1062 1540; x_wconf 86' lang='lat' dir='ltr'>caesa</span> 
     </span>
     <span class='ocr_line' id='line_1_36' title="bbox 28 1544 1063 1583; baseline 0.005 -13"><span class='ocrx_word' id='word_1_355' title='bbox 28 1551 120 1577; x_wconf 87' lang='lat' dir='ltr'>mane,</span> <span class='ocrx_word' id='word_1_356' title='bbox 137 1544 239 1579; x_wconf 86' lang='lat' dir='ltr'>vesperi</span> <span class='ocrx_word' id='word_1_357' title='bbox 252 1546 382 1579; x_wconf 64' lang='lat' dir='ltr'>porrecta.</span> <span class='ocrx_word' id='word_1_358' title='bbox 453 1546 501 1572; x_wconf 89' lang='lat' dir='ltr'>Per</span> <span class='ocrx_word' id='word_1_359' title='bbox 514 1552 572 1572; x_wconf 85' lang='lat' dir='ltr'>exta</span> <span class='ocrx_word' id='word_1_360' title='bbox 580 1545 687 1572; x_wconf 88' lang='lat' dir='ltr'>inuenta</span> <span class='ocrx_word' id='word_1_361' title='bbox 701 1546 845 1580; x_wconf 82' lang='lat' dir='ltr'>praesensio</span> <span class='ocrx_word' id='word_1_362' title='bbox 864 1548 920 1574; x_wconf 85' lang='lat' dir='ltr'>Cic.</span> <span class='ocrx_word' id='word_1_363' title='bbox 928 1549 956 1574; x_wconf 90' lang='lat' dir='ltr'>in</span> <span class='ocrx_word' id='word_1_364' title='bbox 962 1549 1063 1583; x_wconf 85' lang='lat' dir='ltr'>Topic.</span> 
     </span>
     <span class='ocr_line' id='line_1_37' title="bbox 29 1580 1063 1614; baseline 0.006 -8"><span class='ocrx_word' id='word_1_365' title='bbox 29 1585 66 1614; x_wconf 80' lang='lat'>77</span> <span class='ocrx_word' id='word_1_366' title='bbox 77 1587 98 1606; x_wconf 84' lang='lat' dir='ltr'>c.</span> <span class='ocrx_word' id='word_1_367' title='bbox 112 1588 154 1606; x_wconf 84' lang='lat'>20.</span> <span class='ocrx_word' id='word_1_368' title='bbox 257 1581 386 1607; x_wconf 86' lang='lat' dir='ltr'>Pecudum</span> <span class='ocrx_word' id='word_1_369' title='bbox 399 1580 465 1607; x_wconf 82' lang='lat' dir='ltr'>extis</span> <span class='ocrx_word' id='word_1_370' title='bbox 480 1580 584 1607; x_wconf 87' lang='lat' dir='ltr'>moueri</span> <span class='ocrx_word' id='word_1_371' title='bbox 609 1581 664 1607; x_wconf 88' lang='lat' dir='ltr'>Cic.</span> <span class='ocrx_word' id='word_1_372' title='bbox 682 1581 716 1607; x_wconf 90' lang='lat' dir='ltr'>de</span> <span class='ocrx_word' id='word_1_373' title='bbox 734 1582 825 1608; x_wconf 90' lang='lat' dir='ltr'>Diuin.</span> <span class='ocrx_word' id='word_1_374' title='bbox 840 1591 860 1614; x_wconf 88' lang='lat'>1,</span> <span class='ocrx_word' id='word_1_375' title='bbox 875 1591 910 1609; x_wconf 87' lang='lat'>12.</span> <span class='ocrx_word' id='word_1_376' title='bbox 984 1585 1063 1612; x_wconf 88' lang='lat' dir='ltr'>Mart.</span> 
     </span>
     <span class='ocr_line' id='line_1_38' title="bbox 27 1615 882 1652; baseline -0.005 -5"><span class='ocrx_word' id='word_1_377' title='bbox 27 1621 53 1647; x_wconf 80' lang='lat'>3,</span> <span class='ocrx_word' id='word_1_378' title='bbox 65 1619 96 1645; x_wconf 85' lang='lat'>82</span> <span class='ocrx_word' id='word_1_379' title='bbox 114 1615 188 1642; x_wconf 89' lang='lat' dir='ltr'>Inter</span> <span class='ocrx_word' id='word_1_380' title='bbox 203 1615 305 1643; x_wconf 88' lang='lat' dir='ltr'>catellas</span> <span class='ocrx_word' id='word_1_381' title='bbox 319 1617 439 1642; x_wconf 81' lang='lat' dir='ltr'>anserum</span> <span class='ocrx_word' id='word_1_382' title='bbox 450 1622 509 1642; x_wconf 86' lang='lat' dir='ltr'>exta</span> <span class='ocrx_word' id='word_1_383' title='bbox 523 1615 664 1642; x_wconf 80' lang='lat' dir='ltr'>lambentes</span> <span class='ocrx_word' id='word_1_384' title='bbox 683 1619 710 1643; x_wconf 84' lang='lat' dir='ltr'>iu</span> <span class='ocrx_word' id='word_1_385' title='bbox 723 1618 882 1652; x_wconf 71' lang='lat' dir='ltr'>luxuriojum.</span> 
     </span>
    </p>
   </div>
   <div class='ocr_carea' id='block_1_8' title="bbox 10 1685 1066 2359">
    <p class='ocr_par' dir='ltr' id='par_1_8' title="bbox 28 1685 762 1789">
     <span class='ocr_line' id='line_1_39' title="bbox 28 1685 762 1723; baseline 0.005 -13"><span class='ocrx_word' id='word_1_386' title='bbox 28 1685 91 1712; x_wconf 88' lang='lat' dir='ltr'>Vet.</span> <span class='ocrx_word' id='word_1_387' title='bbox 126 1686 199 1722; x_wconf 60' lang='lat' dir='ltr'>Cotys.</span> <span class='ocrx_word' id='word_1_388' title='bbox 214 1687 305 1720; x_wconf 82' lang='lat' dir='ltr'>Veget.</span> <span class='ocrx_word' id='word_1_389' title='bbox 317 1686 463 1713; x_wconf 88' lang='lat' dir='ltr'>Mulomed.</span> <span class='ocrx_word' id='word_1_390' title='bbox 478 1695 500 1718; x_wconf 86' lang='grc'>3,</span> <span class='ocrx_word' id='word_1_391' title='bbox 517 1695 548 1713; x_wconf 91' lang='grc'>11.</span> <span class='ocrx_word' id='word_1_392' title='bbox 585 1690 687 1723; x_wconf 82' lang='lat' dir='ltr'>itemque</span> <span class='ocrx_word' id='word_1_393' title='bbox 699 1695 723 1720; x_wconf 85' lang='lat'>3,</span> <span class='ocrx_word' id='word_1_394' title='bbox 739 1692 762 1714; x_wconf 51' lang='lat' dir='ltr'>(s.</span> 
     </span>
     <span class='ocr_line' id='line_1_40' title="bbox 29 1721 656 1759; baseline 0.005 -13"><span class='ocrx_word' id='word_1_395' title='bbox 29 1727 70 1755; x_wconf 82' lang='lat' dir='ltr'>ap.</span> <span class='ocrx_word' id='word_1_396' title='bbox 90 1721 192 1747; x_wconf 84' lang='lat' dir='ltr'>Vulcan.</span> <span class='ocrx_word' id='word_1_397' title='bbox 206 1730 231 1756; x_wconf 88' lang='lat' dir='ltr'>p.</span> <span class='ocrx_word' id='word_1_398' title='bbox 243 1730 295 1755; x_wconf 87' lang='lat'>244</span> <span class='ocrx_word' id='word_1_399' title='bbox 312 1722 388 1749; x_wconf 91' lang='lat' dir='ltr'>Stalis</span> <span class='ocrx_word' id='word_1_400' title='bbox 399 1721 477 1758; x_wconf 62' lang='lat' dir='ltr'>dfxit</span> <span class='ocrx_word' id='word_1_401' title='bbox 490 1723 536 1759; x_wconf 80' lang='lat' dir='ltr'>leg.</span> <span class='ocrx_word' id='word_1_402' title='bbox 550 1722 656 1749; x_wconf 86' lang='lat' dir='ltr'>Extalis.</span> 
     </span>
     <span class='ocr_line' id='line_1_41' title="bbox 29 1755 200 1789; baseline 0 -7"><span class='ocrx_word' id='word_1_403' title='bbox 29 1763 42 1782; x_wconf 88' lang='lat'><em>1</em></span> <span class='ocrx_word' id='word_1_404' title='bbox 55 1755 122 1782; x_wconf 88' lang='lat' dir='ltr'>Sam.</span> <span class='ocrx_word' id='word_1_405' title='bbox 135 1758 162 1789; x_wconf 92' lang='lat'>6,</span> <span class='ocrx_word' id='word_1_406' title='bbox 174 1764 200 1789; x_wconf 85' lang='lat'>9.</span> 
     </span>
    </p>

    <p class='ocr_par' dir='ltr' id='par_1_9' title="bbox 27 1792 1061 1932">
     <span class='ocr_line' id='line_1_42' title="bbox 64 1792 340 1824; baseline 0.007 -7"><span class='ocrx_word' id='word_1_407' title='bbox 64 1797 222 1824; x_wconf 78' lang='lat' dir='ltr'>EXTAR,</span> <span class='ocrx_word' id='word_1_408' title='bbox 236 1792 298 1818; x_wconf 81' lang='lat' dir='ltr'>aris.</span> <span class='ocrx_word' id='word_1_409' title='bbox 313 1802 340 1819; x_wconf 92' lang='lat' dir='ltr'>n.</span> 
     </span>
     <span class='ocr_line' id='line_1_43' title="bbox 27 1824 357 1858; baseline 0.006 -7"><span class='ocrx_word' id='word_1_410' title='bbox 27 1824 136 1851; x_wconf 74' lang='lat' dir='ltr'>Gronau.</span> <span class='ocrx_word' id='word_1_411' title='bbox 150 1825 184 1851; x_wconf 86' lang='lat' dir='ltr'>ad</span> <span class='ocrx_word' id='word_1_412' title='bbox 196 1826 255 1852; x_wconf 91' lang='lat' dir='ltr'>Liu.</span> <span class='ocrx_word' id='word_1_413' title='bbox 270 1834 306 1858; x_wconf 80' lang='lat'>25,</span> <span class='ocrx_word' id='word_1_414' title='bbox 321 1829 357 1853; x_wconf 90' lang='lat'>16.</span> 
     </span>
     <span class='ocr_line' id='line_1_44' title="bbox 27 1859 1061 1896; baseline 0.001 -10"><span class='ocrx_word' id='word_1_415' title='bbox 27 1865 139 1891; x_wconf 64' lang='lat' dir='ltr'>nentur,</span> <span class='ocrx_word' id='word_1_416' title='bbox 158 1860 297 1886; x_wconf 87' lang='lat' dir='ltr'>Neutralia</span> <span class='ocrx_word' id='word_1_417' title='bbox 308 1861 366 1886; x_wconf 89' lang='lat' dir='ltr'>sunt</span> <span class='ocrx_word' id='word_1_418' title='bbox 379 1870 384 1885; x_wconf 92' lang='lat'>:</span> <span class='ocrx_word' id='word_1_419' title='bbox 419 1866 447 1886; x_wconf 89' lang='lat' dir='ltr'>vt</span> <span class='ocrx_word' id='word_1_420' title='bbox 461 1860 613 1893; x_wconf 84' lang='lat' dir='ltr'>Exemplar,</span> <span class='ocrx_word' id='word_1_421' title='bbox 629 1859 722 1891; x_wconf 87' lang='lat' dir='ltr'>iubar,</span> <span class='ocrx_word' id='word_1_422' title='bbox 738 1859 827 1892; x_wconf 89' lang='lat' dir='ltr'>instar,</span> <span class='ocrx_word' id='word_1_423' title='bbox 835 1860 1061 1896; x_wconf 51' lang='lat' dir='ltr'>&amp;tantitas-pmii,</span> 
     </span>
     <span class='ocr_line' id='line_1_45' title="bbox 27 1893 446 1932; baseline -0.002 -11"><span class='ocrx_word' id='word_1_424' title='bbox 27 1893 149 1932; x_wconf 70' lang='grc' dir='ltr'>ἆργόριον,</span> <span class='ocrx_word' id='word_1_425' title='bbox 167 1894 287 1925; x_wconf 82' lang='lat' dir='ltr'>lacunar,</span> <span class='ocrx_word' id='word_1_426' title='bbox 301 1900 327 1920; x_wconf 89' lang='lat' dir='ltr'>et</span> <span class='ocrx_word' id='word_1_427' title='bbox 343 1894 446 1920; x_wconf 77' lang='lat' dir='ltr'>fimilia.</span> 
     </span>
    </p>

    <p class='ocr_par' dir='ltr' id='par_1_10' title="bbox 28 1929 1061 2000">
     <span class='ocr_line' id='line_1_46' title="bbox 63 1929 1061 1967; baseline 0.002 -11"><span class='ocrx_word' id='word_1_428' title='bbox 63 1935 248 1961; x_wconf 76' lang='lat' dir='ltr'>ExTARts,</span> <span class='ocrx_word' id='word_1_429' title='bbox 267 1937 290 1955; x_wconf 94' lang='lat' dir='ltr'>e.</span> <span class='ocrx_word' id='word_1_430' title='bbox 311 1929 372 1956; x_wconf 85' lang='lat' dir='ltr'>Adi.</span> <span class='ocrx_word' id='word_1_431' title='bbox 408 1929 503 1955; x_wconf 84' lang='lat' dir='ltr'>Aulam</span> <span class='ocrx_word' id='word_1_432' title='bbox 516 1934 632 1955; x_wconf 87' lang='lat' dir='ltr'>extarem</span> <span class='ocrx_word' id='word_1_433' title='bbox 646 1933 738 1963; x_wconf 87' lang='lat' dir='ltr'>petunt</span> <span class='ocrx_word' id='word_1_434' title='bbox 758 1929 838 1956; x_wconf 83' lang='lat' dir='ltr'>Plaut.</span> <span class='ocrx_word' id='word_1_435' title='bbox 853 1929 921 1957; x_wconf 85' lang='lat' dir='ltr'>Rud.</span> <span class='ocrx_word' id='word_1_436' title='bbox 935 1940 959 1962; x_wconf 88' lang='lat'>1,</span> <span class='ocrx_word' id='word_1_437' title='bbox 974 1940 1003 1965; x_wconf 89' lang='lat'>2,</span> <span class='ocrx_word' id='word_1_438' title='bbox 1016 1939 1061 1967; x_wconf 86' lang='lat'>47.</span> 
     </span>
     <span class='ocr_line' id='line_1_47' title="bbox 28 1964 846 2000; baseline -0.001 -8"><span class='ocrx_word' id='word_1_439' title='bbox 28 1967 48 1993; x_wconf 80' lang='grc' dir='ltr'>ι’.</span> <span class='ocrx_word' id='word_1_440' title='bbox 60 1966 140 1998; x_wconf 80' lang='lat' dir='ltr'>Ollam</span> <span class='ocrx_word' id='word_1_441' title='bbox 153 1967 218 1991; x_wconf 83' lang='lat' dir='ltr'>extis</span> <span class='ocrx_word' id='word_1_442' title='bbox 229 1964 367 2000; x_wconf 74' lang='lat' dir='ltr'>coquendis.</span> <span class='ocrx_word' id='word_1_443' title='bbox 473 1964 549 1991; x_wconf 88' lang='lat' dir='ltr'>Ollae</span> <span class='ocrx_word' id='word_1_444' title='bbox 564 1971 663 1992; x_wconf 71' lang='lat' dir='ltr'>extare-s</span> <span class='ocrx_word' id='word_1_445' title='bbox 684 1965 743 1991; x_wconf 89' lang='lat' dir='ltr'>Liu.</span> <span class='ocrx_word' id='word_1_446' title='bbox 757 1974 798 1997; x_wconf 85' lang='lat'>25,</span> <span class='ocrx_word' id='word_1_447' title='bbox 811 1968 846 1991; x_wconf 94' lang='grc'>16.</span> 
     </span>
    </p>

    <p class='ocr_par' dir='ltr' id='par_1_11' title="bbox 31 2000 1064 2214">
     <span class='ocr_line' id='line_1_48' title="bbox 63 2000 403 2032; baseline -0.003 -5"><span class='ocrx_word' id='word_1_448' title='bbox 63 2000 403 2032; x_wconf 68' lang='lat' dir='ltr'>th1erx,icis.m.</span> 
     </span>
     <span class='ocr_line' id='line_1_49' title="bbox 31 2034 1064 2071; baseline 0 -8"><span class='ocrx_word' id='word_1_449' title='bbox 31 2035 175 2070; x_wconf 80' lang='lat' dir='ltr'>haruspices</span> <span class='ocrx_word' id='word_1_450' title='bbox 188 2034 253 2062; x_wconf 69' lang='lat' dir='ltr'>dieti</span> <span class='ocrx_word' id='word_1_451' title='bbox 269 2036 340 2067; x_wconf 90' lang='lat' dir='ltr'>sunt,</span> <span class='ocrx_word' id='word_1_452' title='bbox 356 2034 428 2071; x_wconf 90' lang='lat' dir='ltr'>quod</span> <span class='ocrx_word' id='word_1_453' title='bbox 440 2041 498 2062; x_wconf 84' lang='lat' dir='ltr'>exta</span> <span class='ocrx_word' id='word_1_454' title='bbox 511 2035 621 2070; x_wconf 84' lang='lat' dir='ltr'>spiciaut</span> <span class='ocrx_word' id='word_1_455' title='bbox 632 2035 677 2071; x_wconf 88' lang='lat' dir='ltr'>(f.</span> <span class='ocrx_word' id='word_1_456' title='bbox 690 2036 820 2070; x_wconf 81' lang='lat' dir='ltr'>speciant)</span> <span class='ocrx_word' id='word_1_457' title='bbox 839 2051 884 2057; x_wconf 81' lang='lat'>—-</span> <span class='ocrx_word' id='word_1_458' title='bbox 909 2038 994 2063; x_wconf 84' lang='lat' dir='ltr'>Varro</span> <span class='ocrx_word' id='word_1_459' title='bbox 1018 2053 1064 2058; x_wconf 86' lang='lat'>——-</span> 
     </span>
     <span class='ocr_line' id='line_1_50' title="bbox 32 2070 1062 2106; baseline 0 -7"><span class='ocrx_word' id='word_1_460' title='bbox 32 2071 81 2099; x_wconf 89' lang='lat' dir='ltr'>Sed</span> <span class='ocrx_word' id='word_1_461' title='bbox 95 2070 212 2105; x_wconf 85' lang='lat' dir='ltr'>extispici</span> <span class='ocrx_word' id='word_1_462' title='bbox 226 2070 368 2105; x_wconf 82' lang='lat' dir='ltr'>disputanti</span> <span class='ocrx_word' id='word_1_463' title='bbox 383 2070 514 2106; x_wconf 89' lang='lat' dir='ltr'>relinquo.</span> <span class='ocrx_word' id='word_1_464' title='bbox 592 2072 679 2097; x_wconf 79' lang='lat' dir='ltr'>Vtitur</span> <span class='ocrx_word' id='word_1_465' title='bbox 692 2074 764 2097; x_wconf 72' lang='lat' dir='ltr'>etiam</span> <span class='ocrx_word' id='word_1_466' title='bbox 777 2071 850 2098; x_wconf 86' lang='lat' dir='ltr'>Non.</span> <span class='ocrx_word' id='word_1_467' title='bbox 867 2081 887 2104; x_wconf 91' lang='lat'>1,</span> <span class='ocrx_word' id='word_1_468' title='bbox 906 2080 955 2104; x_wconf 82' lang='grc'>319.</span> <span class='ocrx_word' id='word_1_469' title='bbox 1004 2073 1062 2100; x_wconf 86' lang='lat' dir='ltr'>Cic.</span> 
     </span>
     <span class='ocr_line' id='line_1_51' title="bbox 33 2106 1063 2142; baseline 0 -8"><span class='ocrx_word' id='word_1_470' title='bbox 33 2106 64 2140; x_wconf 73' lang='lat' dir='ltr'>de</span> <span class='ocrx_word' id='word_1_471' title='bbox 76 2106 163 2135; x_wconf 89' lang='lat' dir='ltr'>Diuin.</span> <span class='ocrx_word' id='word_1_472' title='bbox 176 2109 242 2140; x_wconf 86' lang='lat'>2‚26</span> <span class='ocrx_word' id='word_1_473' title='bbox 254 2116 276 2133; x_wconf 91' lang='lat' dir='ltr'>c.</span> <span class='ocrx_word' id='word_1_474' title='bbox 285 2115 307 2133; x_wconf 90' lang='lat'>11</span> <span class='ocrx_word' id='word_1_475' title='bbox 324 2106 488 2134; x_wconf 86' lang='lat' dir='ltr'>Artificiosae</span> <span class='ocrx_word' id='word_1_476' title='bbox 501 2106 675 2133; x_wconf 86' lang='lat' dir='ltr'>diuinationis</span> <span class='ocrx_word' id='word_1_477' title='bbox 690 2107 735 2133; x_wconf 88' lang='lat' dir='ltr'>illa</span> <span class='ocrx_word' id='word_1_478' title='bbox 747 2106 804 2133; x_wconf 87' lang='lat' dir='ltr'>fere</span> <span class='ocrx_word' id='word_1_479' title='bbox 823 2116 917 2142; x_wconf 83' lang='lat' dir='ltr'>genera</span> <span class='ocrx_word' id='word_1_480' title='bbox 938 2108 1063 2142; x_wconf 85' lang='lat' dir='ltr'>ponebas,</span> 
     </span>
     <span class='ocr_line' id='line_1_52' title="bbox 35 2142 1064 2178; baseline 0.002 -9"><span class='ocrx_word' id='word_1_481' title='bbox 35 2142 198 2178; x_wconf 74' lang='lat' dir='ltr'>extispicum,</span> <span class='ocrx_word' id='word_1_482' title='bbox 215 2150 360 2177; x_wconf 86' lang='lat' dir='ltr'>eorumque</span> <span class='ocrx_word' id='word_1_483' title='bbox 373 2149 417 2169; x_wconf 75' lang='lat' dir='ltr'>etc.</span> <span class='ocrx_word' id='word_1_484' title='bbox 456 2145 486 2169; x_wconf 80' lang='lat' dir='ltr'>Et</span> <span class='ocrx_word' id='word_1_485' title='bbox 500 2151 520 2175; x_wconf 85' lang='lat'>1,</span> <span class='ocrx_word' id='word_1_486' title='bbox 534 2149 565 2175; x_wconf 81' lang='lat'>29</span> <span class='ocrx_word' id='word_1_487' title='bbox 579 2152 600 2168; x_wconf 91' lang='lat' dir='ltr'>c.</span> <span class='ocrx_word' id='word_1_488' title='bbox 616 2144 644 2168; x_wconf 84' lang='lat'>16</span> <span class='ocrx_word' id='word_1_489' title='bbox 663 2151 691 2169; x_wconf 75' lang='lat' dir='ltr'>ex</span> <span class='ocrx_word' id='word_1_490' title='bbox 705 2149 755 2169; x_wconf 75' lang='lat' dir='ltr'>vet.</span> <span class='ocrx_word' id='word_1_491' title='bbox 770 2144 861 2175; x_wconf 66' lang='lat' dir='ltr'>Poeta,</span> <span class='ocrx_word' id='word_1_492' title='bbox 882 2144 953 2170; x_wconf 86' lang='lat' dir='ltr'>Inter</span> <span class='ocrx_word' id='word_1_493' title='bbox 966 2144 990 2170; x_wconf 87' lang='lat' dir='ltr'>se</span> <span class='ocrx_word' id='word_1_494' title='bbox 1001 2144 1064 2171; x_wconf 86' lang='lat' dir='ltr'>stre-</span> 
     </span>
     <span class='ocr_line' id='line_1_53' title="bbox 37 2177 673 2214; baseline -0.003 -9"><span class='ocrx_word' id='word_1_495' title='bbox 37 2180 109 2214; x_wconf 57' lang='grc' dir='ltr'>110ῐί,</span> <span class='ocrx_word' id='word_1_496' title='bbox 127 2183 263 2213; x_wconf 83' lang='lat' dir='ltr'>aperteque</span> <span class='ocrx_word' id='word_1_497' title='bbox 276 2184 359 2205; x_wconf 90' lang='lat' dir='ltr'>artem</span> <span class='ocrx_word' id='word_1_498' title='bbox 373 2177 494 2205; x_wconf 89' lang='lat' dir='ltr'>obterere</span> <span class='ocrx_word' id='word_1_499' title='bbox 507 2179 673 2212; x_wconf 85' lang='lat' dir='ltr'>extispicum.</span> 
     </span>
    </p>

    <p class='ocr_par' dir='ltr' id='par_1_12' title="bbox 10 2213 1066 2359">
     <span class='ocr_line' id='line_1_54' title="bbox 77 2213 1065 2252; baseline 0.003 -13"><span class='ocrx_word' id='word_1_500' title='bbox 77 2219 271 2245; x_wconf 66' lang='lat' dir='ltr'>rgx&#39;risrlm</span> <span class='ocrx_word' id='word_1_501' title='bbox 282 2221 352 2246; x_wconf 84' lang='lat' dir='ltr'>VM,</span> <span class='ocrx_word' id='word_1_502' title='bbox 374 2214 392 2240; x_wconf 92' lang='lat' dir='ltr'>i.</span> <span class='ocrx_word' id='word_1_503' title='bbox 413 2223 439 2240; x_wconf 96' lang='grc'>11.</span> <span class='ocrx_word' id='word_1_504' title='bbox 474 2214 642 2248; x_wconf 66' lang='grc' dir='ltr'>[ἱεροσκοπία]</span> <span class='ocrx_word' id='word_1_505' title='bbox 679 2213 772 2239; x_wconf 82' lang='lat' dir='ltr'>Accius</span> <span class='ocrx_word' id='word_1_506' title='bbox 786 2213 893 2246; x_wconf 86' lang='lat' dir='ltr'>Medea,</span> <span class='ocrx_word' id='word_1_507' title='bbox 909 2221 949 2252; x_wconf 85' lang='lat' dir='ltr'>ap.</span> <span class='ocrx_word' id='word_1_508' title='bbox 965 2216 1065 2244; x_wconf 67' lang='lat' dir='ltr'>Nomi.</span> 
     </span>
     <span class='ocr_line' id='line_1_55' title="bbox 33 2248 1065 2286; baseline 0.004 -10"><span class='ocrx_word' id='word_1_509' title='bbox 33 2255 65 2282; x_wconf 75' lang='lat'>53</span> <span class='ocrx_word' id='word_1_510' title='bbox 80 2248 206 2284; x_wconf 80' lang='lat' dir='ltr'>Principio</span> <span class='ocrx_word' id='word_1_511' title='bbox 217 2249 384 2283; x_wconf 83' lang='lat' dir='ltr'>extispicium</span> <span class='ocrx_word' id='word_1_512' title='bbox 396 2258 429 2276; x_wconf 87' lang='lat' dir='ltr'>ex</span> <span class='ocrx_word' id='word_1_513' title='bbox 441 2249 570 2284; x_wconf 79' lang='lat' dir='ltr'>prodigiis</span> <span class='ocrx_word' id='word_1_514' title='bbox 582 2257 727 2284; x_wconf 85' lang='lat' dir='ltr'>congruens</span> <span class='ocrx_word' id='word_1_515' title='bbox 738 2258 780 2276; x_wconf 85' lang='lat' dir='ltr'>ars</span> <span class='ocrx_word' id='word_1_516' title='bbox 792 2255 818 2276; x_wconf 90' lang='lat' dir='ltr'>te</span> <span class='ocrx_word' id='word_1_517' title='bbox 824 2251 921 2286; x_wconf 79' lang='lat' dir='ltr'>arguit.</span> <span class='ocrx_word' id='word_1_518' title='bbox 959 2253 1065 2280; x_wconf 88' lang='lat' dir='ltr'>Sueton.</span> 
     </span>
     <span class='ocr_line' id='line_1_56' title="bbox 10 2283 526 2320; baseline 0.002 -10"><span class='ocrx_word' id='word_1_519' title='bbox 10 2290 12 2296; x_wconf 73' lang='grc'>’</span> <span class='ocrx_word' id='word_1_520' title='bbox 29 2283 134 2312; x_wconf 81' lang='lat' dir='ltr'>Neron.</span> <span class='ocrx_word' id='word_1_521' title='bbox 144 2293 163 2310; x_wconf 90' lang='lat' dir='ltr'>c.</span> <span class='ocrx_word' id='word_1_522' title='bbox 171 2287 201 2318; x_wconf 84' lang='lat'>56</span> <span class='ocrx_word' id='word_1_523' title='bbox 220 2285 370 2312; x_wconf 83' lang='lat' dir='ltr'>Attenditet</span> <span class='ocrx_word' id='word_1_524' title='bbox 381 2284 526 2320; x_wconf 83' lang='lat' dir='ltr'>extispicio.</span> 
     </span>
     <span class='ocr_line' id='line_1_57' title="bbox 67 2320 1066 2359; baseline 0.004 -13"><span class='ocrx_word' id='word_1_525' title='bbox 67 2325 308 2353; x_wconf 84' lang='lat' dir='ltr'>EXTABESCO,</span> <span class='ocrx_word' id='word_1_526' title='bbox 332 2320 376 2352; x_wconf 89' lang='lat' dir='ltr'>ui,</span> <span class='ocrx_word' id='word_1_527' title='bbox 403 2323 456 2347; x_wconf 69' lang='lat' dir='ltr'>ere.</span> <span class='ocrx_word' id='word_1_528' title='bbox 492 2320 633 2356; x_wconf 73' lang='grc' dir='ltr'>[ὁπεκρέω]</span> <span class='ocrx_word' id='word_1_529' title='bbox 673 2320 740 2348; x_wconf 80' lang='lat' dir='ltr'>Tabe</span> <span class='ocrx_word' id='word_1_530' title='bbox 773 2327 797 2348; x_wconf 79' lang='lat' dir='ltr'>et</span> <span class='ocrx_word' id='word_1_531' title='bbox 828 2332 937 2350; x_wconf 82' lang='lat' dir='ltr'>marcore</span> <span class='ocrx_word' id='word_1_532' title='bbox 969 2323 1066 2359; x_wconf 72' lang='lat' dir='ltr'>confici.</span> 
     </span>
    </p>
   </div>
   <div class='ocr_carea' id='block_1_9' title="bbox 732 1689 1063 1759">
    <p class='ocr_par' dir='ltr' id='par_1_13' title="bbox 732 1689 1063 1759">
     <span class='ocr_line' id='line_1_58' title="bbox 800 1689 1063 1723; baseline 0.008 -9"><span class='ocrx_word' id='word_1_533' title='bbox 800 1689 918 1723; x_wconf 88' lang='lat' dir='ltr'>Excerpt.</span> <span class='ocrx_word' id='word_1_534' title='bbox 933 1690 991 1715; x_wconf 88' lang='lat' dir='ltr'>Vet.</span> <span class='ocrx_word' id='word_1_535' title='bbox 1000 1690 1063 1716; x_wconf 86' lang='lat' dir='ltr'>Lex.</span> 
     </span>
     <span class='ocr_line' id='line_1_59' title="bbox 732 1724 1063 1759; baseline 0.006 -10"><span class='ocrx_word' id='word_1_536' title='bbox 732 1724 820 1750; x_wconf 85' lang='lat' dir='ltr'>Vtitur</span> <span class='ocrx_word' id='word_1_537' title='bbox 838 1727 911 1750; x_wconf 78' lang='lat' dir='ltr'>ctiam</span> <span class='ocrx_word' id='word_1_538' title='bbox 925 1725 1063 1759; x_wconf 52' lang='lat' dir='ltr'>Vulgum.</span> 
     </span>
    </p>
   </div>
   <div class='ocr_carea' id='block_1_10' title="bbox 378 1792 1064 1825">
    <p class='ocr_par' dir='ltr' id='par_1_14' title="bbox 378 1792 1064 1825">
     <span class='ocr_line' id='line_1_60' title="bbox 378 1792 1064 1825; baseline -0.001 -5"><span class='ocrx_word' id='word_1_539' title='bbox 378 1793 435 1820; x_wconf 87' lang='lat' dir='ltr'>olla</span> <span class='ocrx_word' id='word_1_540' title='bbox 447 1792 490 1819; x_wconf 84' lang='lat' dir='ltr'>vbi</span> <span class='ocrx_word' id='word_1_541' title='bbox 502 1798 558 1818; x_wconf 78' lang='lat' dir='ltr'>exta</span> <span class='ocrx_word' id='word_1_542' title='bbox 569 1792 741 1825; x_wconf 80' lang='lat' dir='ltr'>coquebantur.</span> <span class='ocrx_word' id='word_1_543' title='bbox 794 1793 857 1817; x_wconf 71' lang='lat' dir='ltr'>Vet?</span> <span class='ocrx_word' id='word_1_544' title='bbox 869 1792 947 1817; x_wconf 77' lang='lat' dir='ltr'>Gloff.</span> <span class='ocrx_word' id='word_1_545' title='bbox 1004 1793 1064 1819; x_wconf 86' lang='lat' dir='ltr'>Vid.</span> 
     </span>
    </p>
   </div>
   <div class='ocr_carea' id='block_1_11' title="bbox 0 210 13 2280">
    <p class='ocr_par' dir='ltr' id='par_1_15' title="bbox 0 210 13 2280">
     <span class='ocr_line' id='line_1_61' title="bbox 0 210 13 2280; baseline 0 0"><span class='ocrx_word' id='word_1_546' title='bbox 0 210 13 2280; x_wconf 95' lang='lat' dir='ltr'> </span> 
     </span>
    </p>
   </div>
   <div class='ocr_carea' id='block_1_12' title="bbox 52 412 1570 447">
    <p class='ocr_par' dir='ltr' id='par_1_16' title="bbox 52 412 1570 447">
     <span class='ocr_line' id='line_1_62' title="bbox 52 412 1570 447; baseline -0.003 -5"><span class='ocrx_word' id='word_1_547' title='bbox 52 413 157 442; x_wconf 86' lang='lat' dir='ltr'>uennale</span> <span class='ocrx_word' id='word_1_548' title='bbox 176 418 276 447; x_wconf 89' lang='lat' dir='ltr'>tempus</span> <span class='ocrx_word' id='word_1_549' title='bbox 294 412 391 440; x_wconf 80' lang='lat' dir='ltr'>deuota</span> <span class='ocrx_word' id='word_1_550' title='bbox 412 412 545 440; x_wconf 85' lang='lat' dir='ltr'>sacrificiis</span> <span class='ocrx_word' id='word_1_551' title='bbox 560 415 729 445; x_wconf 85' lang='lat' dir='ltr'>nutriuntur,</span> <span class='ocrx_word' id='word_1_552' title='bbox 748 419 774 439; x_wconf 90' lang='lat' dir='ltr'>et</span> <span class='ocrx_word' id='word_1_553' title='bbox 786 412 848 438; x_wconf 88' lang='lat' dir='ltr'>ideo</span> <span class='ocrx_word' id='word_1_554' title='bbox 861 412 977 445; x_wconf 83' lang='lat' dir='ltr'>pinguia.</span> <span class='ocrx_word' id='word_1_555' title='bbox 1013 413 1060 438; x_wconf 88' lang='lat' dir='ltr'>La·</span> <span class='ocrx_word' id='word_1_556' title='bbox 1084 416 1097 442; x_wconf 84' lang='grc' dir='ltr'><em>ς</em></span> <span class='ocrx_word' id='word_1_557' title='bbox 1128 412 1271 439; x_wconf 88' lang='lat' dir='ltr'>iuuuodice</span> <span class='ocrx_word' id='word_1_558' title='bbox 1284 412 1390 447; x_wconf 83' lang='lat' dir='ltr'>epistola</span> <span class='ocrx_word' id='word_1_559' title='bbox 1403 420 1444 437; x_wconf 91' lang='lat' dir='ltr'>me</span> <span class='ocrx_word' id='word_1_560' title='bbox 1458 412 1570 438; x_wconf 80' lang='lat' dir='ltr'>extendi.</span> 
     </span>
    </p>
   </div>
   <div class='ocr_carea' id='block_1_13' title="bbox 734 587 1107 623">
    <p class='ocr_par' dir='ltr' id='par_1_17' title="bbox 734 587 1107 623">
     <span class='ocr_line' id='line_1_63' title="bbox 734 587 1107 623; baseline 0.003 -9"><span class='ocrx_word' id='word_1_561' title='bbox 734 587 864 623; x_wconf 87' lang='lat' dir='ltr'>Spirantia</span> <span class='ocrx_word' id='word_1_562' title='bbox 877 588 990 615; x_wconf 84' lang='lat' dir='ltr'>consulit</span> <span class='ocrx_word' id='word_1_563' title='bbox 1003 596 1061 615; x_wconf 77' lang='lat' dir='ltr'>exta</span> <span class='ocrx_word' id='word_1_564' title='bbox 1079 600 1107 618; x_wconf 85' lang='lat'>10</span> 
     </span>
    </p>
   </div>
   <div class='ocr_carea' id='block_1_14' title="bbox 608 765 1105 801">
    <p class='ocr_par' dir='ltr' id='par_1_18' title="bbox 608 765 1105 801">
     <span class='ocr_line' id='line_1_64' title="bbox 608 765 1105 801; baseline 0.004 -10"><span class='ocrx_word' id='word_1_565' title='bbox 608 766 685 792; x_wconf 90' lang='lat' dir='ltr'>Varr.</span> <span class='ocrx_word' id='word_1_566' title='bbox 701 766 770 792; x_wconf 64' lang='lat' dir='ltr'>KR.</span> <span class='ocrx_word' id='word_1_567' title='bbox 784 774 802 797; x_wconf 89' lang='lat'>1,</span> <span class='ocrx_word' id='word_1_568' title='bbox 812 774 843 798; x_wconf 89' lang='grc'>29</span> <span class='ocrx_word' id='word_1_569' title='bbox 867 765 931 792; x_wconf 83' lang='lat' dir='ltr'>Exta</span> <span class='ocrx_word' id='word_1_570' title='bbox 945 765 1061 794; x_wconf 76' lang='lat' dir='ltr'>Discum</span> <span class='ocrx_word' id='word_1_571' title='bbox 1080 774 1105 801; x_wconf 90' lang='lat'>15</span> 
     </span>
    </p>
   </div>
   <div class='ocr_carea' id='block_1_15' title="bbox 1005 945 1109 970">
    <p class='ocr_par' dir='ltr' id='par_1_19' title="bbox 1005 945 1109 970">
     <span class='ocr_line' id='line_1_65' title="bbox 1005 945 1109 970; baseline 0 -3"><span class='ocrx_word' id='word_1_572' title='bbox 1005 945 1062 970; x_wconf 44' lang='lat' dir='ltr'>Mo..</span> <span class='ocrx_word' id='word_1_573' title='bbox 1074 949 1109 967; x_wconf 80' lang='lat'>20</span> 
     </span>
    </p>
   </div>
   <div class='ocr_carea' id='block_1_16' title="bbox 0 1114 1109 1159">
    <p class='ocr_par' dir='ltr' id='par_1_20' title="bbox 0 1114 1109 1159">
     <span class='ocr_line' id='line_1_66' title="bbox 0 1114 1109 1159; baseline 0.003 -13"><span class='ocrx_word' id='word_1_574' title='bbox 0 1114 2 1134; x_wconf 59' lang='lat'><strong>5</strong></span> <span class='ocrx_word' id='word_1_575' title='bbox 27 1128 73 1146; x_wconf 72' lang='lat' dir='ltr'>rus</span> <span class='ocrx_word' id='word_1_576' title='bbox 84 1127 138 1146; x_wconf 80' lang='lat' dir='ltr'>erat</span> <span class='ocrx_word' id='word_1_577' title='bbox 150 1120 291 1154; x_wconf 79' lang='lat' dir='ltr'>Scioppius,</span> <span class='ocrx_word' id='word_1_578' title='bbox 302 1118 329 1153; x_wconf 84' lang='lat' dir='ltr'><em>fi</em></span> <span class='ocrx_word' id='word_1_579' title='bbox 341 1125 392 1145; x_wconf 86' lang='lat' dir='ltr'>tam</span> <span class='ocrx_word' id='word_1_580' title='bbox 405 1119 461 1145; x_wconf 80' lang='lat' dir='ltr'>bem</span> <span class='ocrx_word' id='word_1_581' title='bbox 467 1119 597 1159; x_wconf 68' lang='lat' dir='ltr'>sacrfirum</span> <span class='ocrx_word' id='word_1_582' title='bbox 615 1123 682 1146; x_wconf 81' lang='lat' dir='ltr'>ritus</span> <span class='ocrx_word' id='word_1_583' title='bbox 694 1119 741 1155; x_wconf 77' lang='lat' dir='ltr'>ipli</span> <span class='ocrx_word' id='word_1_584' title='bbox 753 1123 807 1146; x_wconf 87' lang='lat' dir='ltr'>noti</span> <span class='ocrx_word' id='word_1_585' title='bbox 811 1119 930 1156; x_wconf 61' lang='lat' dir='ltr'>fustem,</span> <span class='ocrx_word' id='word_1_586' title='bbox 938 1131 1008 1156; x_wconf 80' lang='lat' dir='ltr'>quam</span> <span class='ocrx_word' id='word_1_587' title='bbox 1021 1133 1060 1148; x_wconf 61' lang='lat' dir='ltr'>res</span> <span class='ocrx_word' id='word_1_588' title='bbox 1078 1131 1109 1157; x_wconf 85' lang='lat'>25</span> 
     </span>
    </p>
   </div>
   <div class='ocr_carea' id='block_1_17' title="bbox 32 1293 1536 1332">
    <p class='ocr_par' dir='ltr' id='par_1_21' title="bbox 32 1293 1536 1332">
     <span class='ocr_line' id='line_1_67' title="bbox 32 1293 1536 1332; baseline -0.001 -9"><span class='ocrx_word' id='word_1_589' title='bbox 32 1297 100 1324; x_wconf 87' lang='lat' dir='ltr'>Cum</span> <span class='ocrx_word' id='word_1_590' title='bbox 110 1295 222 1323; x_wconf 86' lang='lat' dir='ltr'>Romulo</span> <span class='ocrx_word' id='word_1_591' title='bbox 235 1297 421 1332; x_wconf 89' lang='lat' dir='ltr'>Pompilioque</span> <span class='ocrx_word' id='word_1_592' title='bbox 440 1295 608 1332; x_wconf 81' lang='lat' dir='ltr'>regnantibus</span> <span class='ocrx_word' id='word_1_593' title='bbox 622 1297 742 1331; x_wconf 66' lang='lat' dir='ltr'>percocta</span> <span class='ocrx_word' id='word_1_594' title='bbox 756 1298 832 1332; x_wconf 87' lang='lat' dir='ltr'>plane</span> <span class='ocrx_word' id='word_1_595' title='bbox 844 1304 871 1325; x_wconf 86' lang='lat' dir='ltr'>et</span> <span class='ocrx_word' id='word_1_596' title='bbox 884 1299 987 1325; x_wconf 85' lang='lat' dir='ltr'>madida</span> <span class='ocrx_word' id='word_1_597' title='bbox 1002 1310 1062 1326; x_wconf 76' lang='lat' dir='ltr'>con·</span> <span class='ocrx_word' id='word_1_598' title='bbox 1079 1307 1111 1331; x_wconf 85' lang='grc'>30</span> <span class='ocrx_word' id='word_1_599' title='bbox 1127 1298 1207 1323; x_wconf 81' lang='lat' dir='ltr'>etiam</span> <span class='ocrx_word' id='word_1_600' title='bbox 1220 1301 1251 1322; x_wconf 71' lang='lat' dir='ltr'>ae</span> <span class='ocrx_word' id='word_1_601' title='bbox 1266 1296 1336 1330; x_wconf 73' lang='lat' dir='ltr'>gestu</span> <span class='ocrx_word' id='word_1_602' title='bbox 1351 1293 1469 1326; x_wconf 80' lang='lat' dir='ltr'>addidit,</span> <span class='ocrx_word' id='word_1_603' title='bbox 1490 1301 1536 1320; x_wconf 74' lang='lat' dir='ltr'>etc-</span> 
     </span>
    </p>
   </div>
   <div class='ocr_carea' id='block_1_18' title="bbox 0 1473 1309 1512">
    <p class='ocr_par' dir='ltr' id='par_1_22' title="bbox 0 1473 1309 1512">
     <span class='ocr_line' id='line_1_68' title="bbox 0 1473 1309 1512; baseline 0.002 -10"><span class='ocrx_word' id='word_1_604' title='bbox 0 1490 1 1493; x_wconf 67' lang='lat'><em>=</em></span> <span class='ocrx_word' id='word_1_605' title='bbox 32 1481 107 1502; x_wconf 81' lang='lat' dir='ltr'>mane</span> <span class='ocrx_word' id='word_1_606' title='bbox 126 1478 152 1499; x_wconf 88' lang='lat' dir='ltr'>et</span> <span class='ocrx_word' id='word_1_607' title='bbox 171 1473 272 1508; x_wconf 89' lang='lat' dir='ltr'>vesperi</span> <span class='ocrx_word' id='word_1_608' title='bbox 288 1474 323 1501; x_wconf 86' lang='lat' dir='ltr'>est</span> <span class='ocrx_word' id='word_1_609' title='bbox 336 1475 408 1501; x_wconf 85' lang='lat' dir='ltr'>nefas</span> <span class='ocrx_word' id='word_1_610' title='bbox 423 1475 501 1510; x_wconf 86' lang='lat' dir='ltr'>(fari</span> <span class='ocrx_word' id='word_1_611' title='bbox 510 1481 647 1510; x_wconf 80' lang='lat' dir='ltr'>praetorem</span> <span class='ocrx_word' id='word_1_612' title='bbox 661 1477 717 1508; x_wconf 89' lang='lat' dir='ltr'>Do,</span> <span class='ocrx_word' id='word_1_613' title='bbox 734 1478 814 1509; x_wconf 84' lang='lat' dir='ltr'>Dico,</span> <span class='ocrx_word' id='word_1_614' title='bbox 832 1477 952 1512; x_wconf 71' lang='lat' dir='ltr'>Addico)</span> <span class='ocrx_word' id='word_1_615' title='bbox 972 1477 1063 1504; x_wconf 67' lang='lat' dir='ltr'>medio</span> <span class='ocrx_word' id='word_1_616' title='bbox 1080 1486 1108 1512; x_wconf 81' lang='lat'>35</span> <span class='ocrx_word' id='word_1_617' title='bbox 1129 1475 1226 1500; x_wconf 81' lang='lat' dir='ltr'>Paterc.</span> <span class='ocrx_word' id='word_1_618' title='bbox 1243 1482 1262 1504; x_wconf 75' lang='lat'>¹2</span> <span class='ocrx_word' id='word_1_619' title='bbox 1278 1482 1309 1499; x_wconf 86' lang='lat'>1¹-</span> 
     </span>
    </p>
   </div>
   <div class='ocr_carea' id='block_1_19' title="bbox 436 1997 1110 2036">
    <p class='ocr_par' dir='ltr' id='par_1_23' title="bbox 436 1997 1110 2036">
     <span class='ocr_line' id='line_1_69' title="bbox 436 1997 1110 2036; baseline 0.006 -11"><span class='ocrx_word' id='word_1_620' title='bbox 436 1999 603 2035; x_wconf 72' lang='grc' dir='ltr'>[ἱεροσκῦπος]</span> <span class='ocrx_word' id='word_1_621' title='bbox 640 2001 711 2026; x_wconf 90' lang='lat' dir='ltr'>Non.</span> <span class='ocrx_word' id='word_1_622' title='bbox 726 2009 746 2032; x_wconf 91' lang='lat'>1,</span> <span class='ocrx_word' id='word_1_623' title='bbox 761 2008 786 2032; x_wconf 82' lang='lat'>53</span> <span class='ocrx_word' id='word_1_624' title='bbox 808 1997 947 2035; x_wconf 80' lang='lat' dir='ltr'>Extispices</span> <span class='ocrx_word' id='word_1_625' title='bbox 956 2003 1064 2036; x_wconf 84' lang='lat' dir='ltr'>proprie</span> <span class='ocrx_word' id='word_1_626' title='bbox 1078 2010 1110 2036; x_wconf 92' lang='lat'>50</span> 
     </span>
    </p>
   </div>
   <div class='ocr_carea' id='block_1_20' title="bbox 1082 2178 1299 2214">
    <p class='ocr_par' dir='ltr' id='par_1_24' title="bbox 1082 2178 1299 2214">
     <span class='ocr_line' id='line_1_70' title="bbox 1082 2178 1299 2214; baseline 0 -9"><span class='ocrx_word' id='word_1_627' title='bbox 1082 2186 1111 2214; x_wconf 81' lang='lat'>55</span> <span class='ocrx_word' id='word_1_628' title='bbox 1131 2178 1197 2205; x_wconf 81' lang='lat' dir='ltr'>Plin.</span> <span class='ocrx_word' id='word_1_629' title='bbox 1212 2183 1246 2211; x_wconf 82' lang='lat'>18,</span> <span class='ocrx_word' id='word_1_630' title='bbox 1262 2180 1299 2205; x_wconf 87' lang='lat'>16.</span> 
     </span>
    </p>
   </div>
   <div class='ocr_carea' id='block_1_21' title="bbox 1528 180 1803 223">
    <p class='ocr_par' dir='ltr' id='par_1_25' title="bbox 1528 180 1803 223">
     <span class='ocr_line' id='line_1_71' title="bbox 1528 180 1803 223; baseline 0 -1"><span class='ocrx_word' id='word_1_631' title='bbox 1528 180 1803 223; x_wconf 86' lang='lat' dir='ltr'>EXT</span> 
     </span>
    </p>
   </div>
   <div class='ocr_carea' id='block_1_22' title="bbox 1125 269 2166 417">
    <p class='ocr_par' dir='ltr' id='par_1_26' title="bbox 1125 269 2165 346">
     <span class='ocr_line' id='line_1_72' title="bbox 1125 269 2165 311; baseline 0.006 -14"><span class='ocrx_word' id='word_1_632' title='bbox 1125 271 1214 298; x_wconf 83' lang='lat' dir='ltr'>Preces</span> <span class='ocrx_word' id='word_1_633' title='bbox 1234 270 1299 298; x_wconf 85' lang='lat' dir='ltr'>Plin.</span> <span class='ocrx_word' id='word_1_634' title='bbox 1312 270 1390 305; x_wconf 79' lang='lat' dir='ltr'>Epist.</span> <span class='ocrx_word' id='word_1_635' title='bbox 1407 279 1429 303; x_wconf 89' lang='grc'>2,</span> <span class='ocrx_word' id='word_1_636' title='bbox 1444 279 1467 303; x_wconf 94' lang='grc'>13</span> <span class='ocrx_word' id='word_1_637' title='bbox 1480 269 1571 306; x_wconf 80' lang='lat' dir='ltr'>adfin.</span> <span class='ocrx_word' id='word_1_638' title='bbox 1640 269 1785 305; x_wconf 85' lang='lat' dir='ltr'>Exquirens</span> <span class='ocrx_word' id='word_1_639' title='bbox 1799 272 1883 300; x_wconf 83' lang='lat' dir='ltr'>Pretia</span> <span class='ocrx_word' id='word_1_640' title='bbox 1897 280 1923 301; x_wconf 89' lang='lat' dir='ltr'>et</span> <span class='ocrx_word' id='word_1_641' title='bbox 1935 284 2017 311; x_wconf 86' lang='lat' dir='ltr'>vsque</span> <span class='ocrx_word' id='word_1_642' title='bbox 2031 284 2064 303; x_wconf 87' lang='lat' dir='ltr'>co</span> <span class='ocrx_word' id='word_1_643' title='bbox 2075 282 2165 303; x_wconf 79' lang='lat' dir='ltr'>exten-</span> 
     </span>
     <span class='ocr_line' id='line_1_73' title="bbox 1126 306 2146 346; baseline 0.005 -14"><span class='ocrx_word' id='word_1_644' title='bbox 1126 306 1189 333; x_wconf 78' lang='lat' dir='ltr'>dens</span> <span class='ocrx_word' id='word_1_645' title='bbox 1209 308 1279 333; x_wconf 80' lang='lat' dir='ltr'>Suet.</span> <span class='ocrx_word' id='word_1_646' title='bbox 1295 307 1350 333; x_wconf 90' lang='lat' dir='ltr'>Cal.</span> <span class='ocrx_word' id='word_1_647' title='bbox 1363 311 1400 338; x_wconf 79' lang='lat'>38.</span> <span class='ocrx_word' id='word_1_648' title='bbox 1471 307 1584 340; x_wconf 74' lang='lat' dir='ltr'>Pugnant</span> <span class='ocrx_word' id='word_1_649' title='bbox 1598 306 1627 332; x_wconf 90' lang='lat' dir='ltr'>in</span> <span class='ocrx_word' id='word_1_650' title='bbox 1640 306 1746 341; x_wconf 85' lang='lat' dir='ltr'>longum</span> <span class='ocrx_word' id='word_1_651' title='bbox 1762 307 1871 341; x_wconf 79' lang='lat' dir='ltr'>spatium</span> <span class='ocrx_word' id='word_1_652' title='bbox 1896 311 1956 337; x_wconf 83' lang='lat' dir='ltr'>Liu.</span> <span class='ocrx_word' id='word_1_653' title='bbox 1971 321 2010 346; x_wconf 68' lang='lat'>27,</span> <span class='ocrx_word' id='word_1_654' title='bbox 2045 332 2054 339; x_wconf 82' lang='lat'>.</span> <span class='ocrx_word' id='word_1_655' title='bbox 2093 332 2099 338; x_wconf 91' lang='lat'>.</span> <span class='ocrx_word' id='word_1_656' title='bbox 2138 331 2146 338; x_wconf 88' lang='lat'>.</span> 
     </span>
    </p>

    <p class='ocr_par' dir='ltr' id='par_1_27' title="bbox 1128 341 2166 417">
     <span class='ocr_line' id='line_1_74' title="bbox 1128 341 2166 381; baseline 0.007 -14"><span class='ocrx_word' id='word_1_657' title='bbox 1128 342 1197 368; x_wconf 77' lang='lat' dir='ltr'>Rura</span> <span class='ocrx_word' id='word_1_658' title='bbox 1214 343 1289 376; x_wconf 85' lang='lat' dir='ltr'>longa</span> <span class='ocrx_word' id='word_1_659' title='bbox 1304 341 1349 368; x_wconf 90' lang='lat' dir='ltr'>sub</span> <span class='ocrx_word' id='word_1_660' title='bbox 1363 341 1460 376; x_wconf 80' lang='lat' dir='ltr'>ignotis</span> <span class='ocrx_word' id='word_1_661' title='bbox 1473 343 1574 368; x_wconf 85' lang='lat' dir='ltr'>colonis</span> <span class='ocrx_word' id='word_1_662' title='bbox 1598 342 1693 368; x_wconf 80' lang='lat' dir='ltr'>Lucan.</span> <span class='ocrx_word' id='word_1_663' title='bbox 1708 350 1728 374; x_wconf 86' lang='lat'>1,</span> <span class='ocrx_word' id='word_1_664' title='bbox 1742 349 1796 376; x_wconf 82' lang='lat'>170.</span> <span class='ocrx_word' id='word_1_665' title='bbox 1904 346 2040 381; x_wconf 79' lang='lat' dir='ltr'>Semagnis</span> <span class='ocrx_word' id='word_1_666' title='bbox 2061 347 2166 374; x_wconf 84' lang='lat' dir='ltr'>itineri-</span> 
     </span>
     <span class='ocr_line' id='line_1_75' title="bbox 1128 377 2166 417; baseline 0.005 -15"><span class='ocrx_word' id='word_1_667' title='bbox 1128 377 1176 403; x_wconf 88' lang='lat' dir='ltr'>bus</span> <span class='ocrx_word' id='word_1_668' title='bbox 1196 379 1267 404; x_wconf 82' lang='lat' dir='ltr'>Caes.</span> <span class='ocrx_word' id='word_1_669' title='bbox 1281 378 1309 404; x_wconf 83' lang='grc' dir='ltr'>Β.</span> <span class='ocrx_word' id='word_1_670' title='bbox 1324 377 1355 404; x_wconf 90' lang='lat' dir='ltr'>C.</span> <span class='ocrx_word' id='word_1_671' title='bbox 1371 385 1392 409; x_wconf 82' lang='grc'>3,</span> <span class='ocrx_word' id='word_1_672' title='bbox 1404 384 1448 411; x_wconf 85' lang='grc'>77.</span> <span class='ocrx_word' id='word_1_673' title='bbox 1539 377 1570 403; x_wconf 84' lang='lat' dir='ltr'>Se</span> <span class='ocrx_word' id='word_1_674' title='bbox 1583 377 1690 412; x_wconf 65' lang='lat' dir='ltr'>epistola}</span> <span class='ocrx_word' id='word_1_675' title='bbox 1714 377 1778 404; x_wconf 84' lang='lat' dir='ltr'>Plin.</span> <span class='ocrx_word' id='word_1_676' title='bbox 1797 384 1822 412; x_wconf 97' lang='lat'>7,</span> <span class='ocrx_word' id='word_1_677' title='bbox 1836 386 1853 410; x_wconf 90' lang='lat'>9</span> <span class='ocrx_word' id='word_1_678' title='bbox 1865 385 1929 404; x_wconf 80' lang='lat' dir='ltr'>extr.</span> <span class='ocrx_word' id='word_1_679' title='bbox 1951 381 1980 407; x_wconf 91' lang='lat' dir='ltr'>Et</span> <span class='ocrx_word' id='word_1_680' title='bbox 1992 383 2093 417; x_wconf 79' lang='lat' dir='ltr'>alioqui</span> <span class='ocrx_word' id='word_1_681' title='bbox 2112 390 2166 409; x_wconf 86' lang='lat' dir='ltr'>tam</span> 
     </span>
    </p>
   </div>
   <div class='ocr_carea' id='block_1_23' title="bbox 2092 198 2168 239">
    <p class='ocr_par' dir='ltr' id='par_1_28' title="bbox 2092 198 2168 239">
     <span class='ocr_line' id='line_1_76' title="bbox 2092 198 2168 239; baseline -0.026 0"><span class='ocrx_word' id='word_1_682' title='bbox 2092 198 2168 239; x_wconf 78' lang='lat'>542</span> 
     </span>
    </p>
   </div>
   <div class='ocr_carea' id='block_1_24' title="bbox 1640 412 2165 453">
    <p class='ocr_par' dir='ltr' id='par_1_29' title="bbox 1640 412 2165 453">
     <span class='ocr_line' id='line_1_77' title="bbox 1640 412 2165 453; baseline 0.01 -14"><span class='ocrx_word' id='word_1_683' title='bbox 1640 415 1684 439; x_wconf 84' lang='lat' dir='ltr'>Al.</span> <span class='ocrx_word' id='word_1_684' title='bbox 1709 412 1847 447; x_wconf 70' lang='lat' dir='ltr'>Epistulam</span> <span class='ocrx_word' id='word_1_685' title='bbox 1864 414 1987 447; x_wconf 79' lang='lat' dir='ltr'>extendi,</span> <span class='ocrx_word' id='word_1_686' title='bbox 2008 418 2070 451; x_wconf 78' lang='lat' dir='ltr'>quod</span> <span class='ocrx_word' id='word_1_687' title='bbox 2081 418 2165 453; x_wconf 77' lang='lat' dir='ltr'>facile</span> 
     </span>
    </p>
   </div>
   <div class='ocr_carea' id='block_1_25' title="bbox 1122 446 2167 485">
    <p class='ocr_par' dir='ltr' id='par_1_30' title="bbox 1122 446 2167 485">
     <span class='ocr_line' id='line_1_78' title="bbox 1122 446 2167 485; baseline 0.006 -12"><span class='ocrx_word' id='word_1_688' title='bbox 1122 451 1207 483; x_wconf 73' lang='lat' dir='ltr'>priori</span> <span class='ocrx_word' id='word_1_689' title='bbox 1216 448 1357 483; x_wconf 60' lang='lat' dir='ltr'>praeferas.</span> <span class='ocrx_word' id='word_1_690' title='bbox 1428 446 1475 473; x_wconf 70' lang='lat' dir='ltr'>scd</span> <span class='ocrx_word' id='word_1_691' title='bbox 1488 456 1516 473; x_wconf 74' lang='lat' dir='ltr'>ex</span> <span class='ocrx_word' id='word_1_692' title='bbox 1530 450 1619 483; x_wconf 77' lang='lat' dir='ltr'>optimo</span> <span class='ocrx_word' id='word_1_693' title='bbox 1632 447 1695 474; x_wconf 78' lang='lat' dir='ltr'>illud</span> <span class='ocrx_word' id='word_1_694' title='bbox 1705 449 1785 481; x_wconf 65' lang='lat' dir='ltr'>lii-ro,</span> <span class='ocrx_word' id='word_1_695' title='bbox 1804 454 1827 474; x_wconf 86' lang='lat' dir='ltr'>et</span> <span class='ocrx_word' id='word_1_696' title='bbox 1839 458 1903 476; x_wconf 84' lang='lat' dir='ltr'>more</span> <span class='ocrx_word' id='word_1_697' title='bbox 1916 451 1994 476; x_wconf 84' lang='lat' dir='ltr'>Plinu</span> <span class='ocrx_word' id='word_1_698' title='bbox 2009 455 2034 476; x_wconf 78' lang='lat' dir='ltr'>iu</span> <span class='ocrx_word' id='word_1_699' title='bbox 2041 454 2167 485; x_wconf 69' lang='lat' dir='ltr'>similibus·</span> 
     </span>
    </p>
   </div>
   <div class='ocr_carea' id='block_1_26' title="bbox 1120 482 2167 593">
    <p class='ocr_par' dir='ltr' id='par_1_31' title="bbox 1120 482 2167 593">
     <span class='ocr_line' id='line_1_79' title="bbox 1120 482 2167 521; baseline 0.004 -12"><span class='ocrx_word' id='word_1_700' title='bbox 1120 483 1243 519; x_wconf 80' lang='lat' dir='ltr'>formulis</span> <span class='ocrx_word' id='word_1_701' title='bbox 1256 482 1369 519; x_wconf 51' lang='lat' dir='ltr'>defendit</span> <span class='ocrx_word' id='word_1_702' title='bbox 1381 482 1489 508; x_wconf 69' lang='lat' dir='ltr'>Cornus.</span> <span class='ocrx_word' id='word_1_703' title='bbox 1592 484 1622 509; x_wconf 87' lang='lat' dir='ltr'>Se</span> <span class='ocrx_word' id='word_1_704' title='bbox 1636 484 1712 517; x_wconf 87' lang='lat' dir='ltr'>supra</span> <span class='ocrx_word' id='word_1_705' title='bbox 1726 483 1797 511; x_wconf 75' lang='lat' dir='ltr'>vires</span> <span class='ocrx_word' id='word_1_706' title='bbox 1815 484 1873 510; x_wconf 90' lang='lat' dir='ltr'>Liu.</span> <span class='ocrx_word' id='word_1_707' title='bbox 1890 492 1931 517; x_wconf 78' lang='lat'>34,</span> <span class='ocrx_word' id='word_1_708' title='bbox 1965 504 1974 511; x_wconf 82' lang='grc'>.</span> <span class='ocrx_word' id='word_1_709' title='bbox 2089 489 2167 521; x_wconf 82' lang='lat' dir='ltr'>Spem</span> 
     </span>
     <span class='ocr_line' id='line_1_80' title="bbox 1128 517 2166 554; baseline 0.005 -10"><span class='ocrx_word' id='word_1_710' title='bbox 1128 519 1155 545; x_wconf 90' lang='lat' dir='ltr'>in</span> <span class='ocrx_word' id='word_1_711' title='bbox 1169 520 1306 553; x_wconf 76' lang='lat' dir='ltr'>regionem</span> <span class='ocrx_word' id='word_1_712' title='bbox 1319 518 1433 552; x_wconf 84' lang='lat' dir='ltr'>aliquam</span> <span class='ocrx_word' id='word_1_713' title='bbox 1455 517 1527 543; x_wconf 81' lang='lat' dir='ltr'>Idem</span> <span class='ocrx_word' id='word_1_714' title='bbox 1541 526 1581 550; x_wconf 72' lang='grc'>24,</span> <span class='ocrx_word' id='word_1_715' title='bbox 1617 537 1624 544; x_wconf 90' lang='grc'>.</span> <span class='ocrx_word' id='word_1_716' title='bbox 1661 538 1668 544; x_wconf 95' lang='grc'>.</span> <span class='ocrx_word' id='word_1_717' title='bbox 1777 519 1855 546; x_wconf 81' lang='lat' dir='ltr'>Vires</span> <span class='ocrx_word' id='word_1_718' title='bbox 1870 528 1961 546; x_wconf 85' lang='lat' dir='ltr'>omnes</span> <span class='ocrx_word' id='word_1_719' title='bbox 1973 520 2081 554; x_wconf 87' lang='lat' dir='ltr'>imperii</span> <span class='ocrx_word' id='word_1_720' title='bbox 2106 523 2166 550; x_wconf 84' lang='lat' dir='ltr'>Liu.</span> 
     </span>
     <span class='ocr_line' id='line_1_81' title="bbox 1128 551 2165 593; baseline 0.003 -14"><span class='ocrx_word' id='word_1_721' title='bbox 1128 561 1144 571; x_wconf 67' lang='lat'>.-</span> <span class='ocrx_word' id='word_1_722' title='bbox 1192 574 1198 579; x_wconf 96' lang='lat'>.</span> <span class='ocrx_word' id='word_1_723' title='bbox 1236 575 1243 580; x_wconf 89' lang='lat'>.</span> <span class='ocrx_word' id='word_1_724' title='bbox 1317 554 1449 579; x_wconf 81' lang='lat' dir='ltr'>Virtutem</span> <span class='ocrx_word' id='word_1_725' title='bbox 1464 551 1539 577; x_wconf 67' lang='lat' dir='ltr'>saetis</span> <span class='ocrx_word' id='word_1_726' title='bbox 1563 552 1637 587; x_wconf 82' lang='lat' dir='ltr'>Virg.</span> <span class='ocrx_word' id='word_1_727' title='bbox 1653 555 1716 580; x_wconf 81' lang='lat' dir='ltr'>Aen.</span> <span class='ocrx_word' id='word_1_728' title='bbox 1732 557 1756 585; x_wconf 88' lang='lat'>6,</span> <span class='ocrx_word' id='word_1_729' title='bbox 1771 556 1829 584; x_wconf 83' lang='lat'>806.</span> <span class='ocrx_word' id='word_1_730' title='bbox 2025 554 2046 592; x_wconf 60' lang='lat' dir='ltr'><strong>ff</strong></span> <span class='ocrx_word' id='word_1_731' title='bbox 2067 565 2079 582; x_wconf 90' lang='grc'>2</span> <span class='ocrx_word' id='word_1_732' title='bbox 2107 559 2165 593; x_wconf 76' lang='lat' dir='ltr'>Obfi</span> 
     </span>
    </p>
   </div>
   <div class='ocr_carea' id='block_1_27' title="bbox 1123 574 2171 1648">
    <p class='ocr_par' dir='ltr' id='par_1_32' title="bbox 1147 574 1155 585">
     <span class='ocr_line' id='line_1_82' title="bbox 1147 574 1155 585; baseline 0 0"><span class='ocrx_word' id='word_1_733' title='bbox 1147 574 1155 585; x_wconf 72' lang='lat'>2</span> 
     </span>
    </p>

    <p class='ocr_par' dir='ltr' id='par_1_33' title="bbox 1127 574 2169 834">
     <span class='ocr_line' id='line_1_83' title="bbox 1127 574 2167 626; baseline 0.001 -12"><span class='ocrx_word' id='word_1_734' title='bbox 1127 574 1314 624; x_wconf 49' lang='lat' dir='ltr'>:altlscriptores</span> <span class='ocrx_word' id='word_1_735' title='bbox 1325 589 1441 615; x_wconf 81' lang='lat' dir='ltr'>librorum</span> <span class='ocrx_word' id='word_1_736' title='bbox 1455 587 1568 622; x_wconf 69' lang='lat' dir='ltr'>refertur</span> <span class='ocrx_word' id='word_1_737' title='bbox 1593 588 1726 615; x_wconf 82' lang='lat' dir='ltr'>Stat.Silu.</span> <span class='ocrx_word' id='word_1_738' title='bbox 1735 598 1763 622; x_wconf 92' lang='lat'>5,</span> <span class='ocrx_word' id='word_1_739' title='bbox 1772 599 1804 622; x_wconf 81' lang='grc'>3,</span> <span class='ocrx_word' id='word_1_740' title='bbox 1817 599 1849 617; x_wconf 83' lang='grc'>22</span> <span class='ocrx_word' id='word_1_741' title='bbox 1870 589 2003 626; x_wconf 72' lang='lat' dir='ltr'>Dofflque</span> <span class='ocrx_word' id='word_1_742' title='bbox 2015 591 2108 617; x_wconf 83' lang='lat' dir='ltr'>modos</span> <span class='ocrx_word' id='word_1_743' title='bbox 2123 602 2167 619; x_wconf 74' lang='lat' dir='ltr'>ex-</span> 
     </span>
     <span class='ocr_line' id='line_1_84' title="bbox 1127 623 2168 660; baseline 0.004 -10"><span class='ocrx_word' id='word_1_744' title='bbox 1127 625 1212 650; x_wconf 85' lang='lat' dir='ltr'>tendis</span> <span class='ocrx_word' id='word_1_745' title='bbox 1226 625 1316 656; x_wconf 82' lang='lat' dir='ltr'>Arati,</span> <span class='ocrx_word' id='word_1_746' title='bbox 1333 624 1374 650; x_wconf 85' lang='lat' dir='ltr'>vbi</span> <span class='ocrx_word' id='word_1_747' title='bbox 1381 624 1455 658; x_wconf 79' lang='lat' dir='ltr'>forte</span> <span class='ocrx_word' id='word_1_748' title='bbox 1466 623 1500 648; x_wconf 79' lang='lat' dir='ltr'>ad</span> <span class='ocrx_word' id='word_1_749' title='bbox 1513 623 1659 657; x_wconf 78' lang='lat' dir='ltr'>explicatius</span> <span class='ocrx_word' id='word_1_750' title='bbox 1671 634 1748 659; x_wconf 77' lang='lat' dir='ltr'>genus</span> <span class='ocrx_word' id='word_1_751' title='bbox 1755 625 1885 660; x_wconf 73' lang='lat' dir='ltr'>scribendi</span> <span class='ocrx_word' id='word_1_752' title='bbox 1891 646 1902 658; x_wconf 90' lang='lat'>,</span> <span class='ocrx_word' id='word_1_753' title='bbox 1921 629 1960 652; x_wconf 85' lang='lat' dir='ltr'>vel</span> <span class='ocrx_word' id='word_1_754' title='bbox 1981 626 2014 653; x_wconf 78' lang='lat' dir='ltr'>ad</span> <span class='ocrx_word' id='word_1_755' title='bbox 2038 630 2168 654; x_wconf 75' lang='lat' dir='ltr'>continua-</span> 
     </span>
     <span class='ocr_line' id='line_1_85' title="bbox 1128 657 2168 696; baseline 0.003 -10"><span class='ocrx_word' id='word_1_756' title='bbox 1128 663 1216 686; x_wconf 73' lang='lat' dir='ltr'>tionem</span> <span class='ocrx_word' id='word_1_757' title='bbox 1231 666 1295 686; x_wconf 73' lang='lat' dir='ltr'>certe</span> <span class='ocrx_word' id='word_1_758' title='bbox 1305 659 1426 694; x_wconf 78' lang='lat' dir='ltr'>refertur.</span> <span class='ocrx_word' id='word_1_759' title='bbox 1463 657 1527 683; x_wconf 83' lang='lat' dir='ltr'>Plin.</span> <span class='ocrx_word' id='word_1_760' title='bbox 1542 657 1620 692; x_wconf 81' lang='lat' dir='ltr'>Epist.</span> <span class='ocrx_word' id='word_1_761' title='bbox 1634 667 1658 690; x_wconf 83' lang='lat'>9,</span> <span class='ocrx_word' id='word_1_762' title='bbox 1674 668 1712 691; x_wconf 88' lang='lat'>10,</span> <span class='ocrx_word' id='word_1_763' title='bbox 1726 668 1741 686; x_wconf 88' lang='lat'>2</span> <span class='ocrx_word' id='word_1_764' title='bbox 1759 662 1789 686; x_wconf 86' lang='grc'>111</span> <span class='ocrx_word' id='word_1_765' title='bbox 1803 661 1845 687; x_wconf 89' lang='lat' dir='ltr'>via</span> <span class='ocrx_word' id='word_1_766' title='bbox 1860 661 1934 696; x_wconf 86' lang='lat' dir='ltr'>plane</span> <span class='ocrx_word' id='word_1_767' title='bbox 1953 662 2080 689; x_wconf 84' lang='lat' dir='ltr'>nonnulla</span> <span class='ocrx_word' id='word_1_768' title='bbox 2102 663 2168 689; x_wconf 80' lang='lat' dir='ltr'>leui-</span> 
     </span>
     <span class='ocr_line' id='line_1_86' title="bbox 1129 691 2169 730; baseline 0.004 -9"><span class='ocrx_word' id='word_1_769' title='bbox 1129 703 1192 727; x_wconf 85' lang='lat' dir='ltr'>ora,</span> <span class='ocrx_word' id='word_1_770' title='bbox 1212 695 1351 728; x_wconf 81' lang='lat' dir='ltr'>statimque</span> <span class='ocrx_word' id='word_1_771' title='bbox 1364 691 1491 725; x_wconf 86' lang='lat' dir='ltr'>delenda,</span> <span class='ocrx_word' id='word_1_772' title='bbox 1512 702 1542 719; x_wconf 90' lang='lat' dir='ltr'>ea</span> <span class='ocrx_word' id='word_1_773' title='bbox 1554 694 1707 727; x_wconf 81' lang='lat' dir='ltr'>garrulitate</span> <span class='ocrx_word' id='word_1_774' title='bbox 1716 715 1723 727; x_wconf 92' lang='lat'>,</span> <span class='ocrx_word' id='word_1_775' title='bbox 1742 704 1793 730; x_wconf 90' lang='lat' dir='ltr'>qua</span> <span class='ocrx_word' id='word_1_776' title='bbox 1808 697 1939 723; x_wconf 80' lang='lat' dir='ltr'>sermones</span> <span class='ocrx_word' id='word_1_777' title='bbox 1951 697 1979 724; x_wconf 88' lang='lat' dir='ltr'>in</span> <span class='ocrx_word' id='word_1_778' title='bbox 1993 697 2116 725; x_wconf 87' lang='lat' dir='ltr'>vehiculo</span> <span class='ocrx_word' id='word_1_779' title='bbox 2130 699 2169 725; x_wconf 84' lang='lat' dir='ltr'>se-</span> 
     </span>
     <span class='ocr_line' id='line_1_87' title="bbox 1128 728 2169 769; baseline 0.004 -13"><span class='ocrx_word' id='word_1_780' title='bbox 1128 736 1239 762; x_wconf 88' lang='lat' dir='ltr'>runtur,</span> <span class='ocrx_word' id='word_1_781' title='bbox 1259 728 1374 756; x_wconf 83' lang='lat' dir='ltr'>extendi.</span> <span class='ocrx_word' id='word_1_782' title='bbox 1415 728 1463 754; x_wconf 84' lang='lat' dir='ltr'>Vbi</span> <span class='ocrx_word' id='word_1_783' title='bbox 1476 728 1527 763; x_wconf 79' lang='lat' dir='ltr'>ipso</span> <span class='ocrx_word' id='word_1_784' title='bbox 1541 729 1585 755; x_wconf 84' lang='lat' dir='ltr'>hoc</span> <span class='ocrx_word' id='word_1_785' title='bbox 1599 729 1670 755; x_wconf 84' lang='lat' dir='ltr'>verbo</span> <span class='ocrx_word' id='word_1_786' title='bbox 1684 732 1756 757; x_wconf 85' lang='lat' dir='ltr'>ctiam</span> <span class='ocrx_word' id='word_1_787' title='bbox 1772 738 1872 758; x_wconf 78' lang='lat' dir='ltr'>notatur</span> <span class='ocrx_word' id='word_1_788' title='bbox 1890 735 2062 768; x_wconf 75' lang='lat' dir='ltr'>extemporalis</span> <span class='ocrx_word' id='word_1_789' title='bbox 2077 742 2169 769; x_wconf 82' lang='lat' dir='ltr'>garru-</span> 
     </span>
     <span class='ocr_line' id='line_1_88' title="bbox 1127 762 2168 826; baseline 0.005 -35"><span class='ocrx_word' id='word_1_790' title='bbox 1127 767 1196 792; x_wconf 83' lang='lat' dir='ltr'>litas.</span> <span class='ocrx_word' id='word_1_791' title='bbox 1255 799 1287 826; x_wconf 45' lang='grc' dir='ltr'>ν’</span> <span class='ocrx_word' id='word_1_792' title='bbox 1311 762 1422 790; x_wconf 82' lang='lat' dir='ltr'>Extendi</span> <span class='ocrx_word' id='word_1_793' title='bbox 1436 764 1500 797; x_wconf 65' lang='lat' dir='ltr'>Passl</span> <span class='ocrx_word' id='word_1_794' title='bbox 1515 764 1566 790; x_wconf 82' lang='lat' dir='ltr'>vid.</span> <span class='ocrx_word' id='word_1_795' title='bbox 1580 765 1725 800; x_wconf 82' lang='lat' dir='ltr'>inPriapei.</span> <span class='ocrx_word' id='word_1_796' title='bbox 1740 775 1764 792; x_wconf 92' lang='lat' dir='ltr'>n.</span> <span class='ocrx_word' id='word_1_797' title='bbox 1774 775 1810 792; x_wconf 92' lang='lat'>10.</span> <span class='ocrx_word' id='word_1_798' title='bbox 1883 768 1957 804; x_wconf 76' lang='lat' dir='ltr'>Cous.</span> <span class='ocrx_word' id='word_1_799' title='bbox 1973 769 2048 804; x_wconf 86' lang='lat' dir='ltr'>Virg.</span> <span class='ocrx_word' id='word_1_800' title='bbox 2062 769 2126 796; x_wconf 82' lang='lat' dir='ltr'>Aen.</span> <span class='ocrx_word' id='word_1_801' title='bbox 2140 771 2168 803; x_wconf 88' lang='lat'>6,</span> 
     </span>
     <span class='ocr_line' id='line_1_89' title="bbox 1128 805 1403 834; baseline -0.007 -7"><span class='ocrx_word' id='word_1_802' title='bbox 1128 809 1185 834; x_wconf 87' lang='grc'>423.</span> <span class='ocrx_word' id='word_1_803' title='bbox 1281 805 1323 826; x_wconf 80' lang='lat' dir='ltr'>itr.</span> <span class='ocrx_word' id='word_1_804' title='bbox 1337 808 1363 832; x_wconf 87' lang='lat'>9,</span> <span class='ocrx_word' id='word_1_805' title='bbox 1375 809 1403 832; x_wconf 85' lang='lat'>4.</span> 
     </span>
    </p>

    <p class='ocr_par' dir='ltr' id='par_1_34' title="bbox 1128 834 2170 1083">
     <span class='ocr_line' id='line_1_90' title="bbox 1166 834 2168 874; baseline 0.003 -11"><span class='ocrx_word' id='word_1_806' title='bbox 1166 844 1182 863; x_wconf 76' lang='lat' dir='ltr'>E</span> <span class='ocrx_word' id='word_1_807' title='bbox 1192 842 1239 862; x_wconf 71' lang='grc' dir='ltr'>ΧΤ</span> <span class='ocrx_word' id='word_1_808' title='bbox 1248 841 1295 861; x_wconf 80' lang='lat' dir='ltr'>EN</span> <span class='ocrx_word' id='word_1_809' title='bbox 1304 842 1316 861; x_wconf 92' lang='lat' dir='ltr'>s</span> <span class='ocrx_word' id='word_1_810' title='bbox 1325 842 1344 861; x_wconf 93' lang='lat' dir='ltr'>v</span> <span class='ocrx_word' id='word_1_811' title='bbox 1354 842 1366 861; x_wconf 88' lang='lat' dir='ltr'>s</span> <span class='ocrx_word' id='word_1_812' title='bbox 1376 854 1384 866; x_wconf 92' lang='lat'>,</span> <span class='ocrx_word' id='word_1_813' title='bbox 1403 843 1431 865; x_wconf 92' lang='lat' dir='ltr'>a,</span> <span class='ocrx_word' id='word_1_814' title='bbox 1450 843 1504 860; x_wconf 91' lang='lat' dir='ltr'>um.</span> <span class='ocrx_word' id='word_1_815' title='bbox 1525 834 1618 861; x_wconf 83' lang='lat' dir='ltr'>Partic.</span> <span class='ocrx_word' id='word_1_816' title='bbox 1655 834 1847 870; x_wconf 58' lang='grc' dir='ltr'>[ἐκτεταμένη]</span> <span class='ocrx_word' id='word_1_817' title='bbox 1884 837 1940 865; x_wconf 85' lang='lat' dir='ltr'>Cic.</span> <span class='ocrx_word' id='word_1_818' title='bbox 1953 838 2033 866; x_wconf 85' lang='lat' dir='ltr'>Acad.</span> <span class='ocrx_word' id='word_1_819' title='bbox 2046 849 2074 873; x_wconf 88' lang='lat'>4,</span> <span class='ocrx_word' id='word_1_820' title='bbox 2088 847 2132 874; x_wconf 85' lang='lat'>145</span> <span class='ocrx_word' id='word_1_821' title='bbox 2145 849 2168 868; x_wconf 83' lang='lat' dir='ltr'>e.</span> 
     </span>
     <span class='ocr_line' id='line_1_91' title="bbox 1129 869 2169 911; baseline 0.007 -16"><span class='ocrx_word' id='word_1_822' title='bbox 1129 880 1166 906; x_wconf 85' lang='lat'>47</span> <span class='ocrx_word' id='word_1_823' title='bbox 1180 874 1271 905; x_wconf 68' lang='lat' dir='ltr'>Quum</span> <span class='ocrx_word' id='word_1_824' title='bbox 1283 869 1392 896; x_wconf 82' lang='lat' dir='ltr'>extensis</span> <span class='ocrx_word' id='word_1_825' title='bbox 1405 869 1494 904; x_wconf 82' lang='lat' dir='ltr'>digitis</span> <span class='ocrx_word' id='word_1_826' title='bbox 1507 869 1641 896; x_wconf 86' lang='lat' dir='ltr'>aduersam</span> <span class='ocrx_word' id='word_1_827' title='bbox 1655 879 1761 897; x_wconf 85' lang='lat' dir='ltr'>manum</span> <span class='ocrx_word' id='word_1_828' title='bbox 1774 871 1932 905; x_wconf 82' lang='lat' dir='ltr'>ostenderat,</span> <span class='ocrx_word' id='word_1_829' title='bbox 1941 874 2024 901; x_wconf 85' lang='lat' dir='ltr'>visum</span> <span class='ocrx_word' id='word_1_830' title='bbox 2037 896 2045 907; x_wconf 90' lang='lat'>,</span> <span class='ocrx_word' id='word_1_831' title='bbox 2064 876 2169 911; x_wconf 87' lang='lat' dir='ltr'>inquie-</span> 
     </span>
     <span class='ocr_line' id='line_1_92' title="bbox 1128 905 2168 946; baseline 0.005 -13"><span class='ocrx_word' id='word_1_832' title='bbox 1128 907 1173 933; x_wconf 87' lang='lat' dir='ltr'>bat</span> <span class='ocrx_word' id='word_1_833' title='bbox 1186 905 1348 933; x_wconf 87' lang='lat' dir='ltr'>huiusmodi.</span> <span class='ocrx_word' id='word_1_834' title='bbox 1456 906 1567 940; x_wconf 83' lang='lat' dir='ltr'>Compar.</span> <span class='ocrx_word' id='word_1_835' title='bbox 1604 906 1734 940; x_wconf 74' lang='lat' dir='ltr'>Qtinc&#39;til.</span> <span class='ocrx_word' id='word_1_836' title='bbox 1753 916 1790 939; x_wconf 91' lang='lat'>11,</span> <span class='ocrx_word' id='word_1_837' title='bbox 1804 916 1831 938; x_wconf 83' lang='lat'>3,</span> <span class='ocrx_word' id='word_1_838' title='bbox 1846 911 1886 934; x_wconf 90' lang='grc'>116</span> <span class='ocrx_word' id='word_1_839' title='bbox 1910 910 1941 935; x_wconf 85' lang='grc'>111</span> <span class='ocrx_word' id='word_1_840' title='bbox 1963 910 2042 937; x_wconf 89' lang='lat' dir='ltr'>rebus</span> <span class='ocrx_word' id='word_1_841' title='bbox 2058 912 2168 946; x_wconf 65' lang='lat' dir='ltr'>magnis,</span> 
     </span>
     <span class='ocr_line' id='line_1_93' title="bbox 1129 940 2168 981; baseline 0.004 -13"><span class='ocrx_word' id='word_1_842' title='bbox 1129 942 1218 974; x_wconf 86' lang='lat' dir='ltr'>laetis,</span> <span class='ocrx_word' id='word_1_843' title='bbox 1237 940 1371 968; x_wconf 85' lang='lat' dir='ltr'>atrocibus</span> <span class='ocrx_word' id='word_1_844' title='bbox 1385 949 1475 966; x_wconf 87' lang='lat' dir='ltr'>manus</span> <span class='ocrx_word' id='word_1_845' title='bbox 1487 940 1645 967; x_wconf 83' lang='lat' dir='ltr'>extenfiores</span> <span class='ocrx_word' id='word_1_846' title='bbox 1666 942 1732 967; x_wconf 89' lang='lat' dir='ltr'>sunt.</span> <span class='ocrx_word' id='word_1_847' title='bbox 1802 942 1928 970; x_wconf 79' lang='lat' dir='ltr'>Extentus</span> <span class='ocrx_word' id='word_1_848' title='bbox 1958 954 2013 971; x_wconf 81' lang='lat' dir='ltr'>mox</span> <span class='ocrx_word' id='word_1_849' title='bbox 2028 946 2168 981; x_wconf 73' lang='lat' dir='ltr'>fiparaiim</span> 
     </span>
     <span class='ocr_line' id='line_1_94' title="bbox 1128 976 2170 1013; baseline 0.005 -9"><span class='ocrx_word' id='word_1_850' title='bbox 1128 979 1222 1004; x_wconf 80' lang='lat' dir='ltr'>damus.</span> <span class='ocrx_word' id='word_1_851' title='bbox 1259 976 1306 1004; x_wconf 71' lang='lat' dir='ltr'>Sed</span> <span class='ocrx_word' id='word_1_852' title='bbox 1316 976 1488 1012; x_wconf 57' lang='lat' dir='ltr'>obseruandum</span> <span class='ocrx_word' id='word_1_853' title='bbox 1496 996 1504 1008; x_wconf 95' lang='lat'>,</span> <span class='ocrx_word' id='word_1_854' title='bbox 1524 983 1652 1010; x_wconf 76' lang='lat' dir='ltr'>utramque</span> <span class='ocrx_word' id='word_1_855' title='bbox 1659 976 1816 1011; x_wconf 80' lang='lat' dir='ltr'>formamfic</span> <span class='ocrx_word' id='word_1_856' title='bbox 1828 982 1925 1012; x_wconf 61' lang='lat' dir='ltr'>misceri</span> <span class='ocrx_word' id='word_1_857' title='bbox 1937 989 1951 1004; x_wconf 87' lang='lat' dir='ltr'>a</span> <span class='ocrx_word' id='word_1_858' title='bbox 1962 981 2085 1013; x_wconf 76' lang='lat' dir='ltr'>librariis,</span> <span class='ocrx_word' id='word_1_859' title='bbox 2094 989 2123 1008; x_wconf 81' lang='lat' dir='ltr'>vt</span> <span class='ocrx_word' id='word_1_860' title='bbox 2130 983 2170 1009; x_wconf 72' lang='lat' dir='ltr'>uel</span> 
     </span>
     <span class='ocr_line' id='line_1_95' title="bbox 1128 1010 2168 1049; baseline 0.004 -10"><span class='ocrx_word' id='word_1_861' title='bbox 1128 1013 1184 1039; x_wconf 76' lang='lat' dir='ltr'>inde</span> <span class='ocrx_word' id='word_1_862' title='bbox 1199 1019 1331 1048; x_wconf 76' lang='lat' dir='ltr'>appareat,</span> <span class='ocrx_word' id='word_1_863' title='bbox 1347 1010 1390 1044; x_wconf 62' lang='lat' dir='ltr'>este</span> <span class='ocrx_word' id='word_1_864' title='bbox 1405 1011 1508 1037; x_wconf 69' lang='lat' dir='ltr'>ciusdem</span> <span class='ocrx_word' id='word_1_865' title='bbox 1521 1010 1670 1037; x_wconf 63' lang='lat' dir='ltr'>minuam.</span> <span class='ocrx_word' id='word_1_866' title='bbox 1775 1013 1872 1047; x_wconf 77' lang='lat' dir='ltr'>Superl.</span> <span class='ocrx_word' id='word_1_867' title='bbox 1908 1014 1968 1040; x_wconf 90' lang='lat' dir='ltr'>Liu.</span> <span class='ocrx_word' id='word_1_868' title='bbox 1981 1024 2021 1048; x_wconf 87' lang='lat'>21,</span> <span class='ocrx_word' id='word_1_869' title='bbox 2034 1025 2062 1049; x_wconf 82' lang='lat'>32</span> <span class='ocrx_word' id='word_1_870' title='bbox 2078 1017 2168 1046; x_wconf 82' lang='lat' dir='ltr'>Castra</span> 
     </span>
     <span class='ocr_line' id='line_1_96' title="bbox 1128 1046 1654 1083; baseline -0.004 -8"><span class='ocrx_word' id='word_1_871' title='bbox 1128 1057 1207 1083; x_wconf 83' lang='lat' dir='ltr'>quam</span> <span class='ocrx_word' id='word_1_872' title='bbox 1220 1046 1388 1074; x_wconf 81' lang='lat' dir='ltr'>extenfissima</span> <span class='ocrx_word' id='word_1_873' title='bbox 1401 1047 1483 1080; x_wconf 84' lang='lat' dir='ltr'>potest</span> <span class='ocrx_word' id='word_1_874' title='bbox 1496 1046 1563 1073; x_wconf 91' lang='lat' dir='ltr'>valle</span> <span class='ocrx_word' id='word_1_875' title='bbox 1577 1047 1654 1073; x_wconf 85' lang='lat' dir='ltr'>locat.</span> 
     </span>
    </p>

    <p class='ocr_par' dir='ltr' id='par_1_35' title="bbox 1164 1080 1908 1110">
     <span class='ocr_line' id='line_1_97' title="bbox 1164 1080 1908 1110; baseline -0.001 0"><span class='ocrx_word' id='word_1_876' title='bbox 1164 1090 1181 1110; x_wconf 85' lang='lat' dir='ltr'>E</span> <span class='ocrx_word' id='word_1_877' title='bbox 1190 1091 1208 1109; x_wconf 82' lang='lat' dir='ltr'>x</span> <span class='ocrx_word' id='word_1_878' title='bbox 1218 1090 1239 1110; x_wconf 87' lang='lat' dir='ltr'>T</span> <span class='ocrx_word' id='word_1_879' title='bbox 1250 1090 1266 1109; x_wconf 83' lang='lat' dir='ltr'>E</span> <span class='ocrx_word' id='word_1_880' title='bbox 1275 1089 1317 1109; x_wconf 86' lang='lat' dir='ltr'>NS</span> <span class='ocrx_word' id='word_1_881' title='bbox 1326 1089 1352 1109; x_wconf 84' lang='lat' dir='ltr'>E.</span> <span class='ocrx_word' id='word_1_882' title='bbox 1370 1083 1437 1108; x_wconf 85' lang='lat' dir='ltr'>Adu.</span> <span class='ocrx_word' id='word_1_883' title='bbox 1474 1082 1550 1108; x_wconf 73' lang='lat' dir='ltr'>Idem.</span> <span class='ocrx_word' id='word_1_884' title='bbox 1592 1081 1708 1108; x_wconf 89' lang='lat' dir='ltr'>Tertull.</span> <span class='ocrx_word' id='word_1_885' title='bbox 1722 1080 1754 1107; x_wconf 81' lang='lat' dir='ltr'>de</span> <span class='ocrx_word' id='word_1_886' title='bbox 1768 1080 1834 1108; x_wconf 88' lang='lat' dir='ltr'>Idol.</span> <span class='ocrx_word' id='word_1_887' title='bbox 1848 1091 1869 1108; x_wconf 91' lang='lat' dir='ltr'>c.</span> <span class='ocrx_word' id='word_1_888' title='bbox 1882 1091 1908 1109; x_wconf 85' lang='grc'>2.</span> 
     </span>
    </p>

    <p class='ocr_par' dir='ltr' id='par_1_36' title="bbox 1126 1116 2169 1189">
     <span class='ocr_line' id='line_1_98' title="bbox 1164 1116 2169 1152; baseline 0.006 -7"><span class='ocrx_word' id='word_1_889' title='bbox 1164 1124 1379 1152; x_wconf 69' lang='lat' dir='ltr'>EerNsio,</span> <span class='ocrx_word' id='word_1_890' title='bbox 1403 1119 1443 1144; x_wconf 71' lang='lat' dir='ltr'>vel</span> <span class='ocrx_word' id='word_1_891' title='bbox 1458 1122 1694 1149; x_wconf 74' lang='grc' dir='ltr'>ΕΧΤΕΝΤιο,</span> <span class='ocrx_word' id='word_1_892' title='bbox 1715 1116 1782 1143; x_wconf 71' lang='lat' dir='ltr'>onis.</span> <span class='ocrx_word' id='word_1_893' title='bbox 1818 1117 1839 1144; x_wconf 90' lang='lat' dir='ltr'>f.</span> <span class='ocrx_word' id='word_1_894' title='bbox 1876 1117 1956 1146; x_wconf 86' lang='lat' dir='ltr'>Radii</span> <span class='ocrx_word' id='word_1_895' title='bbox 1970 1121 2169 1151; x_wconf 74' lang='lat' dir='ltr'>extentionibus</span> 
     </span>
     <span class='ocr_line' id='line_1_99' title="bbox 1126 1153 1448 1189; baseline -0.003 -9"><span class='ocrx_word' id='word_1_896' title='bbox 1126 1153 1244 1189; x_wconf 63' lang='lat' dir='ltr'>porree&#39;li</span> <span class='ocrx_word' id='word_1_897' title='bbox 1262 1154 1368 1180; x_wconf 86' lang='lat' dir='ltr'>Vitrun.</span> <span class='ocrx_word' id='word_1_898' title='bbox 1382 1162 1408 1185; x_wconf 91' lang='lat'>9,</span> <span class='ocrx_word' id='word_1_899' title='bbox 1422 1163 1448 1187; x_wconf 97' lang='grc'>4.</span> 
     </span>
    </p>

    <p class='ocr_par' dir='ltr' id='par_1_37' title="bbox 1164 1187 1756 1220">
     <span class='ocr_line' id='line_1_100' title="bbox 1164 1187 1756 1220; baseline -0.003 -4"><span class='ocrx_word' id='word_1_900' title='bbox 1164 1196 1237 1216; x_wconf 75' lang='grc' dir='ltr'>ΕΧΤ</span> <span class='ocrx_word' id='word_1_901' title='bbox 1249 1196 1364 1216; x_wconf 69' lang='lat' dir='ltr'>ENSIV</span> <span class='ocrx_word' id='word_1_902' title='bbox 1377 1194 1397 1213; x_wconf 87' lang='lat' dir='ltr'>v</span> <span class='ocrx_word' id='word_1_903' title='bbox 1409 1196 1438 1219; x_wconf 86' lang='lat' dir='ltr'>s,</span> <span class='ocrx_word' id='word_1_904' title='bbox 1454 1197 1483 1220; x_wconf 80' lang='lat' dir='ltr'>a,</span> <span class='ocrx_word' id='word_1_905' title='bbox 1502 1196 1556 1215; x_wconf 87' lang='lat' dir='ltr'>um.</span> <span class='ocrx_word' id='word_1_906' title='bbox 1592 1187 1653 1214; x_wconf 88' lang='lat' dir='ltr'>Adi.</span> <span class='ocrx_word' id='word_1_907' title='bbox 1691 1187 1756 1214; x_wconf 76' lang='lat' dir='ltr'>ICti.</span> 
     </span>
    </p>

    <p class='ocr_par' dir='ltr' id='par_1_38' title="bbox 1127 1222 2171 1540">
     <span class='ocr_line' id='line_1_101' title="bbox 1163 1222 2171 1262; baseline 0.005 -12"><span class='ocrx_word' id='word_1_908' title='bbox 1163 1231 1373 1252; x_wconf 73' lang='lat' dir='ltr'>EXTENTVS</span> <span class='ocrx_word' id='word_1_909' title='bbox 1384 1243 1391 1254; x_wconf 95' lang='lat'>‚</span> <span class='ocrx_word' id='word_1_910' title='bbox 1422 1232 1451 1255; x_wconf 88' lang='lat' dir='ltr'>a,</span> <span class='ocrx_word' id='word_1_911' title='bbox 1486 1233 1540 1249; x_wconf 88' lang='lat' dir='ltr'>um.</span> <span class='ocrx_word' id='word_1_912' title='bbox 1583 1224 1676 1249; x_wconf 85' lang='lat' dir='ltr'>Partic.</span> <span class='ocrx_word' id='word_1_913' title='bbox 1712 1222 1861 1259; x_wconf 66' lang='grc' dir='ltr'>[ἐκταθεὶς]</span> <span class='ocrx_word' id='word_1_914' title='bbox 1897 1224 1955 1252; x_wconf 86' lang='lat' dir='ltr'>Cic.</span> <span class='ocrx_word' id='word_1_915' title='bbox 1985 1226 2017 1253; x_wconf 87' lang='lat' dir='ltr'>de</span> <span class='ocrx_word' id='word_1_916' title='bbox 2042 1227 2118 1255; x_wconf 81' lang='lat' dir='ltr'>Orat.</span> <span class='ocrx_word' id='word_1_917' title='bbox 2142 1238 2171 1262; x_wconf 78' lang='lat'>2,</span> 
     </span>
     <span class='ocr_line' id='line_1_102' title="bbox 1129 1258 2170 1297; baseline 0.006 -12"><span class='ocrx_word' id='word_1_918' title='bbox 1129 1269 1181 1293; x_wconf 82' lang='lat'>242</span> <span class='ocrx_word' id='word_1_919' title='bbox 1194 1269 1215 1287; x_wconf 93' lang='lat' dir='ltr'>c.</span> <span class='ocrx_word' id='word_1_920' title='bbox 1231 1268 1260 1292; x_wconf 73' lang='lat'>59</span> <span class='ocrx_word' id='word_1_921' title='bbox 1281 1261 1329 1286; x_wconf 86' lang='lat' dir='ltr'>Per</span> <span class='ocrx_word' id='word_1_922' title='bbox 1342 1260 1435 1286; x_wconf 82' lang='lat' dir='ltr'>statuas</span> <span class='ocrx_word' id='word_1_923' title='bbox 1450 1268 1514 1285; x_wconf 77' lang='lat' dir='ltr'>vcro</span> <span class='ocrx_word' id='word_1_924' title='bbox 1528 1267 1610 1293; x_wconf 90' lang='lat' dir='ltr'>quum</span> <span class='ocrx_word' id='word_1_925' title='bbox 1626 1258 1711 1290; x_wconf 83' lang='lat' dir='ltr'>dixit,</span> <span class='ocrx_word' id='word_1_926' title='bbox 1728 1264 1753 1284; x_wconf 88' lang='lat' dir='ltr'>et</span> <span class='ocrx_word' id='word_1_927' title='bbox 1766 1267 1872 1286; x_wconf 77' lang='lat' dir='ltr'>extento</span> <span class='ocrx_word' id='word_1_928' title='bbox 1891 1260 2002 1288; x_wconf 85' lang='lat' dir='ltr'>brachio</span> <span class='ocrx_word' id='word_1_929' title='bbox 2021 1263 2170 1297; x_wconf 87' lang='lat' dir='ltr'>paullulum</span> 
     </span>
     <span class='ocr_line' id='line_1_103' title="bbox 1653 1295 2170 1335; baseline 0.017 -17"><span class='ocrx_word' id='word_1_930' title='bbox 1653 1295 1728 1320; x_wconf 77' lang='lat' dir='ltr'>Aeno</span> <span class='ocrx_word' id='word_1_931' title='bbox 1740 1300 1848 1320; x_wconf 86' lang='lat' dir='ltr'>extento</span> <span class='ocrx_word' id='word_1_932' title='bbox 1862 1295 1964 1329; x_wconf 76' lang='lat' dir='ltr'>viuere,</span> <span class='ocrx_word' id='word_1_933' title='bbox 1973 1300 1991 1323; x_wconf 86' lang='lat' dir='ltr'>i.</span> <span class='ocrx_word' id='word_1_934' title='bbox 1999 1299 2083 1335; x_wconf 81' lang='lat' dir='ltr'>Longo</span> <span class='ocrx_word' id='word_1_935' title='bbox 2101 1301 2170 1327; x_wconf 85' lang='lat' dir='ltr'>Hor.</span> 
     </span>
     <span class='ocr_line' id='line_1_104' title="bbox 1128 1328 2170 1364; baseline -0.001 -6"><span class='ocrx_word' id='word_1_936' title='bbox 1128 1334 1215 1358; x_wconf 71' lang='lat' dir='ltr'>Carni.</span> <span class='ocrx_word' id='word_1_937' title='bbox 1230 1340 1254 1363; x_wconf 89' lang='lat'>2,</span> <span class='ocrx_word' id='word_1_938' title='bbox 1268 1340 1290 1362; x_wconf 78' lang='lat'>2,</span> <span class='ocrx_word' id='word_1_939' title='bbox 1305 1340 1327 1364; x_wconf 86' lang='lat'>5.</span> <span class='ocrx_word' id='word_1_940' title='bbox 1405 1330 1545 1356; x_wconf 84' lang='lat' dir='ltr'>Ceruicem</span> <span class='ocrx_word' id='word_1_941' title='bbox 1558 1328 1683 1363; x_wconf 87' lang='lat' dir='ltr'>praebere</span> <span class='ocrx_word' id='word_1_942' title='bbox 1704 1329 1772 1355; x_wconf 90' lang='lat' dir='ltr'>Vell.</span> <span class='ocrx_word' id='word_1_943' title='bbox 1788 1338 1813 1362; x_wconf 85' lang='lat'>2,</span> <span class='ocrx_word' id='word_1_944' title='bbox 1828 1338 1872 1364; x_wconf 86' lang='lat'>70,</span> <span class='ocrx_word' id='word_1_945' title='bbox 1887 1340 1909 1358; x_wconf 88' lang='lat'>2.</span> <span class='ocrx_word' id='word_1_946' title='bbox 2000 1333 2080 1360; x_wconf 78' lang='lat' dir='ltr'>Funis</span> <span class='ocrx_word' id='word_1_947' title='bbox 2101 1336 2170 1362; x_wconf 76' lang='lat' dir='ltr'>Hor,</span> 
     </span>
     <span class='ocr_line' id='line_1_105' title="bbox 1128 1365 2170 1403; baseline 0 -10"><span class='ocrx_word' id='word_1_948' title='bbox 1128 1367 1206 1401; x_wconf 82' lang='lat' dir='ltr'>Epist.</span> <span class='ocrx_word' id='word_1_949' title='bbox 1221 1375 1243 1399; x_wconf 86' lang='lat'>2,</span> <span class='ocrx_word' id='word_1_950' title='bbox 1261 1376 1281 1399; x_wconf 90' lang='lat'>1,</span> <span class='ocrx_word' id='word_1_951' title='bbox 1294 1375 1348 1393; x_wconf 87' lang='lat'>210.</span> <span class='ocrx_word' id='word_1_952' title='bbox 1435 1366 1549 1397; x_wconf 83' lang='lat' dir='ltr'>Itinera,</span> <span class='ocrx_word' id='word_1_953' title='bbox 1563 1372 1612 1399; x_wconf 84' lang='lat' dir='ltr'>pro</span> <span class='ocrx_word' id='word_1_954' title='bbox 1626 1365 1731 1401; x_wconf 72' lang='lat' dir='ltr'>Magnis</span> <span class='ocrx_word' id='word_1_955' title='bbox 1751 1365 1812 1391; x_wconf 89' lang='lat' dir='ltr'>Liu.</span> <span class='ocrx_word' id='word_1_956' title='bbox 1826 1373 1860 1399; x_wconf 79' lang='lat'>13,</span> <span class='ocrx_word' id='word_1_957' title='bbox 1874 1374 1953 1403; x_wconf 85' lang='lat' dir='ltr'>19pr.</span> <span class='ocrx_word' id='word_1_958' title='bbox 2030 1370 2110 1396; x_wconf 84' lang='lat' dir='ltr'>Pedes</span> <span class='ocrx_word' id='word_1_959' title='bbox 2126 1379 2170 1397; x_wconf 86' lang='lat' dir='ltr'>ex.</span> 
     </span>
     <span class='ocr_line' id='line_1_106' title="bbox 1128 1400 2171 1439; baseline 0.003 -10"><span class='ocrx_word' id='word_1_960' title='bbox 1128 1409 1214 1429; x_wconf 85' lang='lat' dir='ltr'>tentos</span> <span class='ocrx_word' id='word_1_961' title='bbox 1237 1402 1290 1429; x_wconf 75' lang='lat' dir='ltr'>fert</span> <span class='ocrx_word' id='word_1_962' title='bbox 1315 1400 1424 1436; x_wconf 84' lang='lat' dir='ltr'>superba</span> <span class='ocrx_word' id='word_1_963' title='bbox 1453 1400 1534 1427; x_wconf 85' lang='lat' dir='ltr'>Ouid.</span> <span class='ocrx_word' id='word_1_964' title='bbox 1547 1400 1579 1427; x_wconf 89' lang='lat' dir='ltr'>de</span> <span class='ocrx_word' id='word_1_965' title='bbox 1596 1401 1659 1427; x_wconf 86' lang='lat' dir='ltr'>Arte</span> <span class='ocrx_word' id='word_1_966' title='bbox 1672 1402 1730 1426; x_wconf 85' lang='lat' dir='ltr'>Am.</span> <span class='ocrx_word' id='word_1_967' title='bbox 1745 1409 1766 1432; x_wconf 79' lang='lat'>3,</span> <span class='ocrx_word' id='word_1_968' title='bbox 1780 1409 1837 1432; x_wconf 83' lang='lat'>302.</span> <span class='ocrx_word' id='word_1_969' title='bbox 1945 1403 2027 1430; x_wconf 81' lang='lat' dir='ltr'>Sonus</span> <span class='ocrx_word' id='word_1_970' title='bbox 2040 1411 2171 1439; x_wconf 81' lang='lat' dir='ltr'>extentus,</span> 
     </span>
     <span class='ocr_line' id='line_1_107' title="bbox 1127 1435 2170 1477; baseline 0.002 -12"><span class='ocrx_word' id='word_1_971' title='bbox 1127 1441 1205 1465; x_wconf 75' lang='lat' dir='ltr'>Altus</span> <span class='ocrx_word' id='word_1_972' title='bbox 1228 1445 1251 1464; x_wconf 77' lang='lat' dir='ltr'>et</span> <span class='ocrx_word' id='word_1_973' title='bbox 1275 1445 1361 1464; x_wconf 81' lang='lat' dir='ltr'>acutus</span> <span class='ocrx_word' id='word_1_974' title='bbox 1387 1437 1453 1463; x_wconf 88' lang='lat' dir='ltr'>Plin.</span> <span class='ocrx_word' id='word_1_975' title='bbox 1476 1444 1519 1468; x_wconf 87' lang='lat'>10,</span> <span class='ocrx_word' id='word_1_976' title='bbox 1535 1444 1576 1468; x_wconf 85' lang='lat'>29.</span> <span class='ocrx_word' id='word_1_977' title='bbox 1647 1435 1762 1470; x_wconf 86' lang='lat' dir='ltr'>Spatium</span> <span class='ocrx_word' id='word_1_978' title='bbox 1776 1437 1847 1463; x_wconf 87' lang='lat' dir='ltr'>vitae</span> <span class='ocrx_word' id='word_1_979' title='bbox 1861 1442 2010 1471; x_wconf 86' lang='lat' dir='ltr'>extentum,</span> <span class='ocrx_word' id='word_1_980' title='bbox 2029 1443 2046 1467; x_wconf 88' lang='lat' dir='ltr'>i.</span> <span class='ocrx_word' id='word_1_981' title='bbox 2060 1442 2170 1477; x_wconf 82' lang='lat' dir='ltr'>Longum</span> 
     </span>
     <span class='ocr_line' id='line_1_108' title="bbox 1421 1470 2171 1507; baseline 0.004 -10"><span class='ocrx_word' id='word_1_982' title='bbox 1421 1471 1509 1507; x_wconf 85' lang='lat' dir='ltr'>Spatia.</span> <span class='ocrx_word' id='word_1_983' title='bbox 1522 1470 1692 1498; x_wconf 78' lang='lat' dir='ltr'>extentissima</span> <span class='ocrx_word' id='word_1_984' title='bbox 1708 1471 1790 1498; x_wconf 88' lang='lat' dir='ltr'>Solin.</span> <span class='ocrx_word' id='word_1_985' title='bbox 1806 1481 1828 1498; x_wconf 89' lang='lat' dir='ltr'>c.</span> <span class='ocrx_word' id='word_1_986' title='bbox 1842 1474 1882 1506; x_wconf 80' lang='lat'>63.</span> <span class='ocrx_word' id='word_1_987' title='bbox 1987 1475 2070 1502; x_wconf 79' lang='lat' dir='ltr'>Vallis</span> <span class='ocrx_word' id='word_1_988' title='bbox 2081 1483 2171 1504; x_wconf 77' lang='lat' dir='ltr'>exten.</span> 
     </span>
     <span class='ocr_line' id='line_1_109' title="bbox 1128 1509 1408 1540; baseline -0.011 -4"><span class='ocrx_word' id='word_1_989' title='bbox 1128 1509 1220 1537; x_wconf 79' lang='lat' dir='ltr'>tissima</span> <span class='ocrx_word' id='word_1_990' title='bbox 1238 1509 1297 1535; x_wconf 88' lang='lat' dir='ltr'>Liu.</span> <span class='ocrx_word' id='word_1_991' title='bbox 1313 1517 1355 1540; x_wconf 87' lang='lat'>21,</span> <span class='ocrx_word' id='word_1_992' title='bbox 1369 1515 1408 1540; x_wconf 84' lang='grc'>32.</span> 
     </span>
    </p>

    <p class='ocr_par' dir='ltr' id='par_1_39' title="bbox 1123 1541 2170 1617">
     <span class='ocr_line' id='line_1_110' title="bbox 1165 1541 2170 1579; baseline 0.002 -9"><span class='ocrx_word' id='word_1_993' title='bbox 1165 1552 1181 1571; x_wconf 77' lang='lat'>13</span> <span class='ocrx_word' id='word_1_994' title='bbox 1192 1551 1209 1570; x_wconf 83' lang='lat' dir='ltr'>x</span> <span class='ocrx_word' id='word_1_995' title='bbox 1219 1550 1265 1571; x_wconf 77' lang='lat' dir='ltr'>TE</span> <span class='ocrx_word' id='word_1_996' title='bbox 1274 1551 1296 1569; x_wconf 99' lang='lat' dir='ltr'>N</span> <span class='ocrx_word' id='word_1_997' title='bbox 1306 1550 1326 1569; x_wconf 92' lang='lat' dir='ltr'>T</span> <span class='ocrx_word' id='word_1_998' title='bbox 1341 1549 1368 1569; x_wconf 75' lang='grc' dir='ltr'>Ε.</span> <span class='ocrx_word' id='word_1_999' title='bbox 1391 1541 1457 1568; x_wconf 89' lang='lat' dir='ltr'>Adu.</span> <span class='ocrx_word' id='word_1_1000' title='bbox 1495 1541 1569 1568; x_wconf 83' lang='lat' dir='ltr'>Idem.</span> <span class='ocrx_word' id='word_1_1001' title='bbox 1595 1541 1707 1577; x_wconf 85' lang='lat' dir='ltr'>Compar.</span> <span class='ocrx_word' id='word_1_1002' title='bbox 1744 1542 1876 1570; x_wconf 84' lang='lat' dir='ltr'>Ammian.</span> <span class='ocrx_word' id='word_1_1003' title='bbox 1885 1551 1953 1579; x_wconf 80' lang='lat'>23‚7</span> <span class='ocrx_word' id='word_1_1004' title='bbox 1970 1547 1998 1570; x_wconf 81' lang='lat' dir='ltr'>in</span> <span class='ocrx_word' id='word_1_1005' title='bbox 2009 1544 2119 1579; x_wconf 76' lang='lat' dir='ltr'>Baltflae</span> <span class='ocrx_word' id='word_1_1006' title='bbox 2130 1546 2170 1574; x_wconf 75' lang='lat' dir='ltr'>de.</span> 
     </span>
     <span class='ocr_line' id='line_1_111' title="bbox 1123 1576 1811 1617; baseline -0.001 -11"><span class='ocrx_word' id='word_1_1007' title='bbox 1123 1581 1261 1617; x_wconf 81' lang='lat' dir='ltr'>scriptione</span> <span class='ocrx_word' id='word_1_1008' title='bbox 1276 1589 1283 1604; x_wconf 89' lang='lat'><em>:</em></span> <span class='ocrx_word' id='word_1_1009' title='bbox 1320 1578 1460 1613; x_wconf 83' lang='lat' dir='ltr'>quadratus</span> <span class='ocrx_word' id='word_1_1010' title='bbox 1472 1578 1571 1604; x_wconf 84' lang='lat' dir='ltr'>eminet</span> <span class='ocrx_word' id='word_1_1011' title='bbox 1583 1576 1661 1609; x_wconf 77' lang='lat' dir='ltr'>stylus</span> <span class='ocrx_word' id='word_1_1012' title='bbox 1674 1578 1811 1605; x_wconf 85' lang='lat' dir='ltr'>extentius.</span> 
     </span>
    </p>

    <p class='ocr_par' dir='ltr' id='par_1_40' title="bbox 1167 1612 2171 1648">
     <span class='ocr_line' id='line_1_112' title="bbox 1167 1612 2171 1648; baseline 0 -6"><span class='ocrx_word' id='word_1_1013' title='bbox 1167 1623 1182 1642; x_wconf 85' lang='lat' dir='ltr'>E</span> <span class='ocrx_word' id='word_1_1014' title='bbox 1192 1623 1209 1641; x_wconf 80' lang='lat' dir='ltr'>X</span> <span class='ocrx_word' id='word_1_1015' title='bbox 1218 1622 1239 1641; x_wconf 83' lang='lat' dir='ltr'><strong>T</strong></span> <span class='ocrx_word' id='word_1_1016' title='bbox 1248 1622 1264 1642; x_wconf 85' lang='lat' dir='ltr'>E</span> <span class='ocrx_word' id='word_1_1017' title='bbox 1273 1621 1295 1640; x_wconf 90' lang='lat' dir='ltr'>N</span> <span class='ocrx_word' id='word_1_1018' title='bbox 1303 1621 1319 1641; x_wconf 81' lang='lat' dir='ltr'>E</span> <span class='ocrx_word' id='word_1_1019' title='bbox 1331 1620 1346 1641; x_wconf 89' lang='grc' dir='ltr'>Β</span> <span class='ocrx_word' id='word_1_1020' title='bbox 1356 1620 1373 1639; x_wconf 80' lang='lat' dir='ltr'>R</span> <span class='ocrx_word' id='word_1_1021' title='bbox 1384 1621 1402 1639; x_wconf 76' lang='grc'>1)</span> <span class='ocrx_word' id='word_1_1022' title='bbox 1413 1633 1420 1643; x_wconf 91' lang='grc'>,</span> <span class='ocrx_word' id='word_1_1023' title='bbox 1440 1618 1493 1639; x_wconf 66' lang='lat' dir='ltr'>are.</span> <span class='ocrx_word' id='word_1_1024' title='bbox 1529 1616 1546 1638; x_wconf 86' lang='lat' dir='ltr'>i.</span> <span class='ocrx_word' id='word_1_1025' title='bbox 1565 1612 1687 1645; x_wconf 76' lang='lat' dir='ltr'>Curiosius</span> <span class='ocrx_word' id='word_1_1026' title='bbox 1700 1623 1728 1638; x_wconf 79' lang='lat' dir='ltr'>ex</span> <span class='ocrx_word' id='word_1_1027' title='bbox 1747 1613 1854 1639; x_wconf 73' lang='lat' dir='ltr'>tenebris</span> <span class='ocrx_word' id='word_1_1028' title='bbox 1873 1616 1900 1639; x_wconf 78' lang='lat'>1‘72</span> <span class='ocrx_word' id='word_1_1029' title='bbox 1917 1614 1993 1639; x_wconf 77' lang='lat' dir='ltr'>lucem</span> <span class='ocrx_word' id='word_1_1030' title='bbox 2012 1615 2171 1648; x_wconf 73' lang='lat' dir='ltr'>protrahere.</span> 
     </span>
    </p>
   </div>
   <div class='ocr_carea' id='block_1_28' title="bbox 62 1648 2172 1689">
    <p class='ocr_par' dir='ltr' id='par_1_41' title="bbox 62 1648 2172 1689">
     <span class='ocr_line' id='line_1_113' title="bbox 62 1648 2172 1689; baseline -0.001 -11"><span class='ocrx_word' id='word_1_1031' title='bbox 62 1656 254 1684; x_wconf 82' lang='lat' dir='ltr'>EXTAL‘IS‚</span> <span class='ocrx_word' id='word_1_1032' title='bbox 269 1651 301 1677; x_wconf 88' lang='lat' dir='ltr'>is.</span> <span class='ocrx_word' id='word_1_1033' title='bbox 321 1661 358 1679; x_wconf 90' lang='lat' dir='ltr'>m.</span> <span class='ocrx_word' id='word_1_1034' title='bbox 394 1650 537 1684; x_wconf 57' lang='lat' dir='ltr'>[mellinum</span> <span class='ocrx_word' id='word_1_1035' title='bbox 555 1649 663 1684; x_wconf 58' lang='lat' dir='ltr'>rebium,</span> <span class='ocrx_word' id='word_1_1036' title='bbox 681 1654 838 1689; x_wconf 75' lang='lat' dir='ltr'>Loonganon.</span> <span class='ocrx_word' id='word_1_1037' title='bbox 872 1652 963 1686; x_wconf 55' lang='lat' dir='ltr'>dfxit,</span> <span class='ocrx_word' id='word_1_1038' title='bbox 985 1654 1064 1681; x_wconf 74' lang='lat' dir='ltr'>Gloss&#39;.</span> <span class='ocrx_word' id='word_1_1039' title='bbox 1072 1662 1109 1687; x_wconf 85' lang='lat'>40</span> <span class='ocrx_word' id='word_1_1040' title='bbox 1130 1651 1258 1678; x_wconf 73' lang='lat' dir='ltr'>Laudatur</span> <span class='ocrx_word' id='word_1_1041' title='bbox 1275 1660 1290 1676; x_wconf 84' lang='lat' dir='ltr'>a</span> <span class='ocrx_word' id='word_1_1042' title='bbox 1308 1651 1406 1676; x_wconf 83' lang='lat' dir='ltr'>Perotto</span> <span class='ocrx_word' id='word_1_1043' title='bbox 1426 1649 1482 1674; x_wconf 78' lang='lat' dir='ltr'>inde</span> <span class='ocrx_word' id='word_1_1044' title='bbox 1490 1648 1664 1684; x_wconf 77' lang='lat' dir='ltr'>fragmentum</span> <span class='ocrx_word' id='word_1_1045' title='bbox 1678 1648 1803 1674; x_wconf 87' lang='lat' dir='ltr'>Varronis</span> <span class='ocrx_word' id='word_1_1046' title='bbox 1815 1649 1880 1680; x_wconf 76' lang='lat' dir='ltr'>tale,</span> <span class='ocrx_word' id='word_1_1047' title='bbox 1899 1648 1986 1682; x_wconf 84' lang='lat' dir='ltr'>Atque</span> <span class='ocrx_word' id='word_1_1048' title='bbox 1999 1657 2091 1676; x_wconf 88' lang='lat' dir='ltr'>omnes</span> <span class='ocrx_word' id='word_1_1049' title='bbox 2104 1650 2172 1678; x_wconf 83' lang='lat' dir='ltr'>adeo</span> 
     </span>
    </p>
   </div>
   <div class='ocr_carea' id='block_1_29' title="bbox 1129 1682 2173 1820">
    <p class='ocr_par' dir='ltr' id='par_1_42' title="bbox 1129 1682 2173 1820">
     <span class='ocr_line' id='line_1_114' title="bbox 1131 1682 2171 1722; baseline -0.002 -10"><span class='ocrx_word' id='word_1_1050' title='bbox 1131 1686 1262 1721; x_wconf 82' lang='lat' dir='ltr'>perquirit</span> <span class='ocrx_word' id='word_1_1051' title='bbox 1273 1692 1352 1719; x_wconf 87' lang='lat' dir='ltr'>atque</span> <span class='ocrx_word' id='word_1_1052' title='bbox 1364 1683 1518 1722; x_wconf 78' lang='lat' dir='ltr'>extenebrat</span> <span class='ocrx_word' id='word_1_1053' title='bbox 1530 1689 1606 1709; x_wconf 88' lang='lat' dir='ltr'>artes.</span> <span class='ocrx_word' id='word_1_1054' title='bbox 1633 1716 1651 1721; x_wconf 91' lang='lat'>..</span> <span class='ocrx_word' id='word_1_1055' title='bbox 1677 1682 1814 1716; x_wconf 78' lang='lat' dir='ltr'>Stephanus</span> <span class='ocrx_word' id='word_1_1056' title='bbox 1826 1682 1886 1717; x_wconf 77' lang='lat' dir='ltr'>legit</span> <span class='ocrx_word' id='word_1_1057' title='bbox 1905 1683 2065 1710; x_wconf 86' lang='lat' dir='ltr'>Exterebrat.</span> <span class='ocrx_word' id='word_1_1058' title='bbox 2122 1686 2171 1722; x_wconf 67' lang='lat' dir='ltr'>lost</span> 
     </span>
     <span class='ocr_line' id='line_1_115' title="bbox 1132 1717 2173 1756; baseline 0.001 -9"><span class='ocrx_word' id='word_1_1059' title='bbox 1132 1724 1233 1756; x_wconf 79' lang='lat' dir='ltr'>IJcanus</span> <span class='ocrx_word' id='word_1_1060' title='bbox 1261 1722 1386 1746; x_wconf 76' lang='lat' dir='ltr'>Deuonius</span> <span class='ocrx_word' id='word_1_1061' title='bbox 1417 1719 1521 1744; x_wconf 80' lang='lat' dir='ltr'>Daretis</span> <span class='ocrx_word' id='word_1_1062' title='bbox 1545 1717 1654 1751; x_wconf 79' lang='lat' dir='ltr'>Phrygii</span> <span class='ocrx_word' id='word_1_1063' title='bbox 1675 1719 1801 1751; x_wconf 76' lang='lat' dir='ltr'>interpres</span> <span class='ocrx_word' id='word_1_1064' title='bbox 1817 1725 1860 1749; x_wconf 81' lang='lat'>303</span> <span class='ocrx_word' id='word_1_1065' title='bbox 1880 1717 1991 1744; x_wconf 82' lang='lat' dir='ltr'>Occulta</span> <span class='ocrx_word' id='word_1_1066' title='bbox 2009 1720 2173 1754; x_wconf 83' lang='lat' dir='ltr'>extenebrat,</span> 
     </span>
     <span class='ocr_line' id='line_1_116' title="bbox 1129 1755 2172 1820; baseline -0.001 -7"><span class='ocrx_word' id='word_1_1067' title='bbox 1129 1766 1154 1782; x_wconf 58' lang='lat' dir='ltr'>a.</span> <span class='ocrx_word' id='word_1_1068' title='bbox 1166 1755 1272 1814; x_wconf 50' lang='lat' dir='ltr'>gagg.ss</span> <span class='ocrx_word' id='word_1_1069' title='bbox 1283 1794 1306 1812; x_wconf 85' lang='lat' dir='ltr'>N</span> <span class='ocrx_word' id='word_1_1070' title='bbox 1317 1794 1333 1813; x_wconf 79' lang='grc' dir='ltr'>Ε</span> <span class='ocrx_word' id='word_1_1071' title='bbox 1341 1794 1384 1813; x_wconf 86' lang='lat' dir='ltr'>BR</span> <span class='ocrx_word' id='word_1_1072' title='bbox 1394 1793 1414 1812; x_wconf 92' lang='lat'><em>0</em></span> <span class='ocrx_word' id='word_1_1073' title='bbox 1425 1793 1447 1812; x_wconf 90' lang='lat' dir='ltr'>N</span> <span class='ocrx_word' id='word_1_1074' title='bbox 1457 1795 1466 1813; x_wconf 92' lang='lat'>1</span> <span class='ocrx_word' id='word_1_1075' title='bbox 1475 1793 1494 1814; x_wconf 86' lang='lat' dir='ltr'>D</span> <span class='ocrx_word' id='word_1_1076' title='bbox 1502 1793 1519 1812; x_wconf 84' lang='lat' dir='ltr'>E</span> <span class='ocrx_word' id='word_1_1077' title='bbox 1528 1793 1541 1812; x_wconf 86' lang='lat' dir='ltr'>s</span> <span class='ocrx_word' id='word_1_1078' title='bbox 1568 1784 1672 1819; x_wconf 85' lang='lat' dir='ltr'>argenti</span> <span class='ocrx_word' id='word_1_1079' title='bbox 1691 1784 1772 1811; x_wconf 88' lang='lat' dir='ltr'>Plaut.</span> <span class='ocrx_word' id='word_1_1080' title='bbox 1791 1786 1858 1812; x_wconf 87' lang='lat' dir='ltr'>Pers.</span> <span class='ocrx_word' id='word_1_1081' title='bbox 1879 1795 1913 1820; x_wconf 91' lang='lat'>4,</span> <span class='ocrx_word' id='word_1_1082' title='bbox 1928 1789 1959 1819; x_wconf 90' lang='lat'>6,</span> <span class='ocrx_word' id='word_1_1083' title='bbox 1972 1796 2006 1815; x_wconf 87' lang='lat'>21.</span> <span class='ocrx_word' id='word_1_1084' title='bbox 2033 1792 2052 1816; x_wconf 86' lang='lat' dir='ltr'>i.</span> <span class='ocrx_word' id='word_1_1085' title='bbox 2065 1799 2095 1817; x_wconf 82' lang='lat' dir='ltr'>ex</span> <span class='ocrx_word' id='word_1_1086' title='bbox 2106 1798 2172 1819; x_wconf 79' lang='lat' dir='ltr'>tene.</span> 
     </span>
    </p>
   </div>
   <div class='ocr_carea' id='block_1_30' title="bbox 452 1821 2172 1861">
    <p class='ocr_par' dir='ltr' id='par_1_43' title="bbox 452 1821 2172 1861">
     <span class='ocr_line' id='line_1_117' title="bbox 452 1821 2172 1861; baseline 0.002 -10"><span class='ocrx_word' id='word_1_1087' title='bbox 452 1826 552 1852; x_wconf 89' lang='lat' dir='ltr'>Charis.</span> <span class='ocrx_word' id='word_1_1088' title='bbox 567 1835 576 1851; x_wconf 95' lang='lat'>1</span> <span class='ocrx_word' id='word_1_1089' title='bbox 594 1826 692 1852; x_wconf 84' lang='lat' dir='ltr'>Omnia</span> <span class='ocrx_word' id='word_1_1090' title='bbox 710 1833 778 1859; x_wconf 84' lang='lat' dir='ltr'>quae</span> <span class='ocrx_word' id='word_1_1091' title='bbox 794 1833 837 1851; x_wconf 81' lang='lat' dir='ltr'>AR</span> <span class='ocrx_word' id='word_1_1092' title='bbox 857 1826 959 1857; x_wconf 83' lang='lat' dir='ltr'>Syllaba</span> <span class='ocrx_word' id='word_1_1093' title='bbox 973 1827 1062 1852; x_wconf 80' lang='lat' dir='ltr'>termi-</span> <span class='ocrx_word' id='word_1_1094' title='bbox 1077 1834 1111 1861; x_wconf 79' lang='lat'>45</span> <span class='ocrx_word' id='word_1_1095' title='bbox 1128 1823 1181 1848; x_wconf 82' lang='lat' dir='ltr'>bris</span> <span class='ocrx_word' id='word_1_1096' title='bbox 1194 1825 1221 1847; x_wconf 84' lang='lat' dir='ltr'>in</span> <span class='ocrx_word' id='word_1_1097' title='bbox 1234 1822 1303 1855; x_wconf 72' lang='lat' dir='ltr'>inmi</span> <span class='ocrx_word' id='word_1_1098' title='bbox 1310 1822 1453 1855; x_wconf 72' lang='lat' dir='ltr'>proferens.</span> <span class='ocrx_word' id='word_1_1099' title='bbox 1489 1821 1546 1846; x_wconf 86' lang='lat' dir='ltr'>Alii</span> <span class='ocrx_word' id='word_1_1100' title='bbox 1559 1822 1633 1847; x_wconf 82' lang='lat' dir='ltr'>aliter</span> <span class='ocrx_word' id='word_1_1101' title='bbox 1645 1822 1693 1857; x_wconf 82' lang='lat' dir='ltr'>leg.</span> <span class='ocrx_word' id='word_1_1102' title='bbox 1736 1821 1794 1848; x_wconf 83' lang='lat' dir='ltr'>Vid.</span> <span class='ocrx_word' id='word_1_1103' title='bbox 1809 1823 1910 1849; x_wconf 79' lang='lat' dir='ltr'>Geuart.</span> <span class='ocrx_word' id='word_1_1104' title='bbox 1921 1822 1991 1850; x_wconf 60' lang='lat' dir='ltr'>Lea.</span> <span class='ocrx_word' id='word_1_1105' title='bbox 2010 1825 2075 1852; x_wconf 79' lang='lat' dir='ltr'>Stat.</span> <span class='ocrx_word' id='word_1_1106' title='bbox 2095 1836 2125 1859; x_wconf 85' lang='lat'>2,</span> <span class='ocrx_word' id='word_1_1107' title='bbox 2144 1837 2172 1860; x_wconf 84' lang='lat'>13</span> 
     </span>
    </p>
   </div>
   <div class='ocr_carea' id='block_1_31' title="bbox 1127 1855 2175 2353">
    <p class='ocr_par' dir='ltr' id='par_1_44' title="bbox 1127 1855 1537 1893">
     <span class='ocr_line' id='line_1_118' title="bbox 1127 1855 1537 1893; baseline -0.002 -10"><span class='ocrx_word' id='word_1_1108' title='bbox 1127 1859 1171 1893; x_wconf 77' lang='lat' dir='ltr'>qui</span> <span class='ocrx_word' id='word_1_1109' title='bbox 1179 1863 1228 1891; x_wconf 82' lang='lat' dir='ltr'>pro</span> <span class='ocrx_word' id='word_1_1110' title='bbox 1241 1857 1287 1882; x_wconf 74' lang='lat' dir='ltr'>hac</span> <span class='ocrx_word' id='word_1_1111' title='bbox 1300 1855 1403 1882; x_wconf 63' lang='lat' dir='ltr'>Ieflione</span> <span class='ocrx_word' id='word_1_1112' title='bbox 1418 1855 1537 1891; x_wconf 72' lang='lat' dir='ltr'>disputat.</span> 
     </span>
    </p>

    <p class='ocr_par' dir='ltr' id='par_1_45' title="bbox 1128 1890 2172 1993">
     <span class='ocr_line' id='line_1_119' title="bbox 1165 1890 2172 1928; baseline 0.007 -10"><span class='ocrx_word' id='word_1_1113' title='bbox 1165 1899 1181 1918; x_wconf 82' lang='lat' dir='ltr'>E</span> <span class='ocrx_word' id='word_1_1114' title='bbox 1191 1899 1208 1918; x_wconf 80' lang='lat' dir='ltr'>x</span> <span class='ocrx_word' id='word_1_1115' title='bbox 1217 1899 1237 1918; x_wconf 86' lang='lat' dir='ltr'><strong>T</strong></span> <span class='ocrx_word' id='word_1_1116' title='bbox 1247 1898 1263 1918; x_wconf 79' lang='lat' dir='ltr'><em>E</em></span> <span class='ocrx_word' id='word_1_1117' title='bbox 1272 1898 1295 1917; x_wconf 90' lang='lat' dir='ltr'>N</span> <span class='ocrx_word' id='word_1_1118' title='bbox 1304 1899 1326 1918; x_wconf 85' lang='grc' dir='ltr'>Τ</span> <span class='ocrx_word' id='word_1_1119' title='bbox 1336 1898 1366 1924; x_wconf 91' lang='grc' dir='ltr'>ο,</span> <span class='ocrx_word' id='word_1_1120' title='bbox 1384 1896 1435 1917; x_wconf 69' lang='lat' dir='ltr'>are.</span> <span class='ocrx_word' id='word_1_1121' title='bbox 1475 1892 1584 1917; x_wconf 77' lang='lat' dir='ltr'>Tentare</span> <span class='ocrx_word' id='word_1_1122' title='bbox 1596 1890 1630 1916; x_wconf 80' lang='lat' dir='ltr'>ad</span> <span class='ocrx_word' id='word_1_1123' title='bbox 1640 1891 1753 1918; x_wconf 76' lang='lat' dir='ltr'>ultimum</span> <span class='ocrx_word' id='word_1_1124' title='bbox 1765 1900 1840 1927; x_wconf 84' lang='lat' dir='ltr'>usque</span> <span class='ocrx_word' id='word_1_1125' title='bbox 1851 1893 1965 1928; x_wconf 79' lang='lat' dir='ltr'>gradum.</span> <span class='ocrx_word' id='word_1_1126' title='bbox 2002 1895 2083 1922; x_wconf 89' lang='lat' dir='ltr'>Plaut.</span> <span class='ocrx_word' id='word_1_1127' title='bbox 2091 1897 2172 1926; x_wconf 82' lang='lat' dir='ltr'>Most.</span> 
     </span>
     <span class='ocr_line' id='line_1_120' title="bbox 1128 1926 2171 1961; baseline 0.007 -8"><span class='ocrx_word' id='word_1_1128' title='bbox 1128 1936 1152 1960; x_wconf 86' lang='grc'>3,</span> <span class='ocrx_word' id='word_1_1129' title='bbox 1165 1936 1184 1959; x_wconf 96' lang='grc'>1,</span> <span class='ocrx_word' id='word_1_1130' title='bbox 1199 1930 1233 1953; x_wconf 89' lang='lat'>66</span> <span class='ocrx_word' id='word_1_1131' title='bbox 1251 1927 1324 1961; x_wconf 76' lang='lat' dir='ltr'>Qud</span> <span class='ocrx_word' id='word_1_1132' title='bbox 1337 1933 1365 1953; x_wconf 85' lang='lat' dir='ltr'>tu</span> <span class='ocrx_word' id='word_1_1133' title='bbox 1377 1926 1474 1953; x_wconf 79' lang='lat' dir='ltr'>venisli</span> <span class='ocrx_word' id='word_1_1134' title='bbox 1483 1926 1531 1952; x_wconf 90' lang='lat' dir='ltr'>huc</span> <span class='ocrx_word' id='word_1_1135' title='bbox 1543 1927 1722 1952; x_wconf 65' lang='lat' dir='ltr'>ementatum?</span> <span class='ocrx_word' id='word_1_1136' title='bbox 1759 1927 1884 1954; x_wconf 62' lang='lat' dir='ltr'>Sedvaria</span> <span class='ocrx_word' id='word_1_1137' title='bbox 1898 1937 2019 1957; x_wconf 81' lang='lat' dir='ltr'>conantur</span> <span class='ocrx_word' id='word_1_1138' title='bbox 2032 1935 2085 1958; x_wconf 85' lang='lat' dir='ltr'>viri</span> <span class='ocrx_word' id='word_1_1139' title='bbox 2092 1931 2171 1960; x_wconf 62' lang='lat' dir='ltr'>dotti.</span> 
     </span>
     <span class='ocr_line' id='line_1_121' title="bbox 1130 1961 2032 1993; baseline 0.004 -4"><span class='ocrx_word' id='word_1_1140' title='bbox 1130 1965 1228 1990; x_wconf 76' lang='lat' dir='ltr'>Cer-tius</span> <span class='ocrx_word' id='word_1_1141' title='bbox 1239 1963 1319 1988; x_wconf 87' lang='lat' dir='ltr'>Plaut.</span> <span class='ocrx_word' id='word_1_1142' title='bbox 1335 1961 1427 1988; x_wconf 79' lang='lat' dir='ltr'>Bacch.</span> <span class='ocrx_word' id='word_1_1143' title='bbox 1441 1970 1468 1993; x_wconf 78' lang='lat'>4,</span> <span class='ocrx_word' id='word_1_1144' title='bbox 1482 1969 1505 1990; x_wconf 87' lang='lat'>2,</span> <span class='ocrx_word' id='word_1_1145' title='bbox 1520 1969 1531 1992; x_wconf 83' lang='lat'>3</span> <span class='ocrx_word' id='word_1_1146' title='bbox 1552 1961 1647 1986; x_wconf 87' lang='lat' dir='ltr'>Alieno</span> <span class='ocrx_word' id='word_1_1147' title='bbox 1661 1961 1732 1987; x_wconf 85' lang='lat' dir='ltr'>vires</span> <span class='ocrx_word' id='word_1_1148' title='bbox 1748 1968 1803 1988; x_wconf 82' lang='lat' dir='ltr'>tuas</span> <span class='ocrx_word' id='word_1_1149' title='bbox 1817 1968 1931 1991; x_wconf 85' lang='lat' dir='ltr'>extentes</span> <span class='ocrx_word' id='word_1_1150' title='bbox 1946 1965 2032 1993; x_wconf 73' lang='lat' dir='ltr'>ostio?</span> 
     </span>
    </p>

    <p class='ocr_par' dir='ltr' id='par_1_46' title="bbox 1129 1996 2172 2103">
     <span class='ocr_line' id='line_1_122' title="bbox 1167 1996 2170 2035; baseline 0.003 -12"><span class='ocrx_word' id='word_1_1151' title='bbox 1167 2003 1184 2023; x_wconf 77' lang='grc' dir='ltr'><strong>Ε</strong></span> <span class='ocrx_word' id='word_1_1152' title='bbox 1195 2004 1213 2023; x_wconf 87' lang='lat' dir='ltr'>x</span> <span class='ocrx_word' id='word_1_1153' title='bbox 1223 2003 1244 2023; x_wconf 76' lang='lat' dir='ltr'>&#39;r</span> <span class='ocrx_word' id='word_1_1154' title='bbox 1252 2005 1268 2024; x_wconf 85' lang='lat' dir='ltr'>E</span> <span class='ocrx_word' id='word_1_1155' title='bbox 1279 2004 1302 2023; x_wconf 97' lang='lat' dir='ltr'>N</span> <span class='ocrx_word' id='word_1_1156' title='bbox 1313 2004 1334 2023; x_wconf 79' lang='lat' dir='ltr'>&#39;r</span> <span class='ocrx_word' id='word_1_1157' title='bbox 1342 2004 1363 2023; x_wconf 87' lang='lat' dir='ltr'><strong>A</strong></span> <span class='ocrx_word' id='word_1_1158' title='bbox 1373 2004 1394 2022; x_wconf 80' lang='lat' dir='ltr'>N</span> <span class='ocrx_word' id='word_1_1159' title='bbox 1405 2004 1417 2021; x_wconf 81' lang='lat' dir='ltr'>s</span> <span class='ocrx_word' id='word_1_1160' title='bbox 1427 2016 1434 2028; x_wconf 89' lang='lat'>,</span> <span class='ocrx_word' id='word_1_1161' title='bbox 1455 1997 1530 2022; x_wconf 84' lang='lat' dir='ltr'>antis.</span> <span class='ocrx_word' id='word_1_1162' title='bbox 1558 1996 1651 2022; x_wconf 82' lang='lat' dir='ltr'>Partic.</span> <span class='ocrx_word' id='word_1_1163' title='bbox 1688 1997 1842 2024; x_wconf 72' lang='lat' dir='ltr'>Extendendi</span> <span class='ocrx_word' id='word_1_1164' title='bbox 1850 1998 2044 2035; x_wconf 62' lang='lat' dir='ltr'>significatione.</span> <span class='ocrx_word' id='word_1_1165' title='bbox 2078 2003 2170 2030; x_wconf 74' lang='lat' dir='ltr'>Homo</span> 
     </span>
     <span class='ocr_line' id='line_1_123' title="bbox 1129 2032 2172 2069; baseline 0.006 -9"><span class='ocrx_word' id='word_1_1166' title='bbox 1129 2033 1220 2060; x_wconf 81' lang='lat' dir='ltr'>breuis</span> <span class='ocrx_word' id='word_1_1167' title='bbox 1229 2052 1236 2063; x_wconf 88' lang='lat'>‚</span> <span class='ocrx_word' id='word_1_1168' title='bbox 1260 2032 1385 2059; x_wconf 82' lang='lat' dir='ltr'>humeros</span> <span class='ocrx_word' id='word_1_1169' title='bbox 1398 2038 1531 2058; x_wconf 83' lang='lat' dir='ltr'>extentans</span> <span class='ocrx_word' id='word_1_1170' title='bbox 1544 2032 1665 2066; x_wconf 82' lang='lat' dir='ltr'>augustos</span> <span class='ocrx_word' id='word_1_1171' title='bbox 1685 2034 1818 2061; x_wconf 85' lang='lat' dir='ltr'>Ammian.</span> <span class='ocrx_word' id='word_1_1172' title='bbox 1832 2042 1870 2067; x_wconf 90' lang='lat'>22,</span> <span class='ocrx_word' id='word_1_1173' title='bbox 1884 2043 1923 2069; x_wconf 84' lang='lat'>14.</span> <span class='ocrx_word' id='word_1_1174' title='bbox 1985 2037 2070 2065; x_wconf 87' lang='lat' dir='ltr'>Semet</span> <span class='ocrx_word' id='word_1_1175' title='bbox 2081 2044 2172 2067; x_wconf 81' lang='lat' dir='ltr'>exten-</span> 
     </span>
     <span class='ocr_line' id='line_1_124' title="bbox 1130 2067 1787 2103; baseline -0.005 -8"><span class='ocrx_word' id='word_1_1176' title='bbox 1130 2075 1186 2096; x_wconf 83' lang='lat' dir='ltr'>tans</span> <span class='ocrx_word' id='word_1_1177' title='bbox 1208 2067 1280 2094; x_wconf 85' lang='lat' dir='ltr'>Idem</span> <span class='ocrx_word' id='word_1_1178' title='bbox 1293 2075 1337 2102; x_wconf 89' lang='lat'>27,</span> <span class='ocrx_word' id='word_1_1179' title='bbox 1350 2077 1369 2094; x_wconf 87' lang='lat'>1.</span> <span class='ocrx_word' id='word_1_1180' title='bbox 1438 2067 1528 2094; x_wconf 88' lang='lat' dir='ltr'>Latius</span> <span class='ocrx_word' id='word_1_1181' title='bbox 1542 2067 1621 2095; x_wconf 80' lang='lat' dir='ltr'>semet</span> <span class='ocrx_word' id='word_1_1182' title='bbox 1645 2067 1684 2095; x_wconf 83' lang='lat' dir='ltr'>Id.</span> <span class='ocrx_word' id='word_1_1183' title='bbox 1698 2076 1736 2103; x_wconf 72' lang='lat'>¹7³</span> <span class='ocrx_word' id='word_1_1184' title='bbox 1750 2078 1787 2096; x_wconf 83' lang='lat'>10.</span> 
     </span>
    </p>

    <p class='ocr_par' dir='ltr' id='par_1_47' title="bbox 1130 2101 2175 2353">
     <span class='ocr_line' id='line_1_125' title="bbox 1166 2101 2173 2143; baseline 0.008 -14"><span class='ocrx_word' id='word_1_1185' title='bbox 1166 2111 1182 2133; x_wconf 76' lang='grc' dir='ltr'><em>Ε</em></span> <span class='ocrx_word' id='word_1_1186' title='bbox 1191 2111 1208 2131; x_wconf 75' lang='lat' dir='ltr'>x</span> <span class='ocrx_word' id='word_1_1187' title='bbox 1219 2110 1240 2131; x_wconf 84' lang='lat' dir='ltr'>T</span> <span class='ocrx_word' id='word_1_1188' title='bbox 1251 2111 1268 2132; x_wconf 82' lang='grc' dir='ltr'><strong>Ε</strong></span> <span class='ocrx_word' id='word_1_1189' title='bbox 1278 2111 1298 2130; x_wconf 78' lang='grc' dir='ltr'>Ν</span> <span class='ocrx_word' id='word_1_1190' title='bbox 1308 2111 1329 2130; x_wconf 94' lang='lat' dir='ltr'>v</span> <span class='ocrx_word' id='word_1_1191' title='bbox 1340 2109 1360 2130; x_wconf 94' lang='grc' dir='ltr'>Ο</span> <span class='ocrx_word' id='word_1_1192' title='bbox 1369 2123 1378 2136; x_wconf 86' lang='grc'>,</span> <span class='ocrx_word' id='word_1_1193' title='bbox 1416 2106 1467 2130; x_wconf 69' lang='lat' dir='ltr'>iire-</span> <span class='ocrx_word' id='word_1_1194' title='bbox 1504 2101 1630 2139; x_wconf 72' lang='grc' dir='ltr'>[λεπτῦνω</span> <span class='ocrx_word' id='word_1_1195' title='bbox 1645 2124 1654 2136; x_wconf 91' lang='grc'>,</span> <span class='ocrx_word' id='word_1_1196' title='bbox 1679 2104 1778 2140; x_wconf 64' lang='grc' dir='ltr'>ἰχναίνω</span> <span class='ocrx_word' id='word_1_1197' title='bbox 1792 2105 1805 2139; x_wconf 87' lang='grc'>]</span> <span class='ocrx_word' id='word_1_1198' title='bbox 1842 2105 1987 2133; x_wconf 77' lang='lat' dir='ltr'>Imminuere</span> <span class='ocrx_word' id='word_1_1199' title='bbox 1994 2127 2003 2140; x_wconf 91' lang='lat'>,</span> <span class='ocrx_word' id='word_1_1200' title='bbox 2037 2108 2173 2143; x_wconf 77' lang='lat' dir='ltr'>detrahere,</span> 
     </span>
     <span class='ocr_line' id='line_1_126' title="bbox 1130 2140 2173 2177; baseline 0.003 -8"><span class='ocrx_word' id='word_1_1201' title='bbox 1130 2143 1219 2169; x_wconf 75' lang='lat' dir='ltr'>exilius</span> <span class='ocrx_word' id='word_1_1202' title='bbox 1233 2148 1256 2166; x_wconf 81' lang='lat' dir='ltr'>et</span> <span class='ocrx_word' id='word_1_1203' title='bbox 1268 2142 1365 2167; x_wconf 81' lang='lat' dir='ltr'>tenuius</span> <span class='ocrx_word' id='word_1_1204' title='bbox 1377 2140 1571 2177; x_wconf 69' lang='lat' dir='ltr'>aliquislfacere</span> <span class='ocrx_word' id='word_1_1205' title='bbox 1585 2150 1593 2165; x_wconf 89' lang='lat'><em>:</em></span> <span class='ocrx_word' id='word_1_1206' title='bbox 1629 2146 1671 2171; x_wconf 82' lang='lat' dir='ltr'>vt,</span> <span class='ocrx_word' id='word_1_1207' title='bbox 1692 2141 1838 2166; x_wconf 84' lang='lat' dir='ltr'>Extenuare</span> <span class='ocrx_word' id='word_1_1208' title='bbox 1852 2141 1880 2167; x_wconf 87' lang='lat' dir='ltr'>in</span> <span class='ocrx_word' id='word_1_1209' title='bbox 1892 2142 2030 2176; x_wconf 87' lang='lat' dir='ltr'>puluerem</span> <span class='ocrx_word' id='word_1_1210' title='bbox 2048 2144 2173 2173; x_wconf 87' lang='lat' dir='ltr'>inutilem</span> 
     </span>
     <span class='ocr_line' id='line_1_127' title="bbox 1414 2175 2174 2214; baseline 0.008 -12"><span class='ocrx_word' id='word_1_1211' title='bbox 1414 2177 1500 2203; x_wconf 89' lang='lat' dir='ltr'>Multa</span> <span class='ocrx_word' id='word_1_1212' title='bbox 1523 2175 1623 2207; x_wconf 88' lang='lat' dir='ltr'>habeo,</span> <span class='ocrx_word' id='word_1_1213' title='bbox 1643 2184 1710 2210; x_wconf 88' lang='lat' dir='ltr'>quae</span> <span class='ocrx_word' id='word_1_1214' title='bbox 1732 2175 1827 2202; x_wconf 81' lang='lat' dir='ltr'>debent</span> <span class='ocrx_word' id='word_1_1215' title='bbox 1844 2179 1991 2211; x_wconf 85' lang='lat' dir='ltr'>extenuari,</span> <span class='ocrx_word' id='word_1_1216' title='bbox 2005 2188 2072 2214; x_wconf 89' lang='lat' dir='ltr'>qnae</span> <span class='ocrx_word' id='word_1_1217' title='bbox 2085 2181 2174 2208; x_wconf 86' lang='lat' dir='ltr'>attolli</span> 
     </span>
     <span class='ocr_line' id='line_1_128' title="bbox 1130 2212 2173 2249; baseline 0.004 -10"><span class='ocrx_word' id='word_1_1218' title='bbox 1130 2215 1188 2241; x_wconf 86' lang='lat' dir='ltr'>Sen.</span> <span class='ocrx_word' id='word_1_1219' title='bbox 1200 2215 1244 2249; x_wconf 88' lang='lat' dir='ltr'>Ep.</span> <span class='ocrx_word' id='word_1_1220' title='bbox 1259 2216 1284 2241; x_wconf 93' lang='lat'>6.</span> <span class='ocrx_word' id='word_1_1221' title='bbox 1353 2212 1421 2240; x_wconf 76' lang='lat' dir='ltr'>Add.</span> <span class='ocrx_word' id='word_1_1222' title='bbox 1435 2213 1502 2239; x_wconf 88' lang='lat' dir='ltr'>Tac.</span> <span class='ocrx_word' id='word_1_1223' title='bbox 1518 2213 1552 2238; x_wconf 92' lang='lat' dir='ltr'>H.</span> <span class='ocrx_word' id='word_1_1224' title='bbox 1566 2222 1594 2245; x_wconf 88' lang='lat'>4,</span> <span class='ocrx_word' id='word_1_1225' title='bbox 1608 2214 1653 2244; x_wconf 75' lang='grc'>46,</span> <span class='ocrx_word' id='word_1_1226' title='bbox 1663 2220 1700 2237; x_wconf 93' lang='grc'>10.</span> <span class='ocrx_word' id='word_1_1227' title='bbox 1772 2212 1915 2239; x_wconf 77' lang='lat' dir='ltr'>Contraria.</span> <span class='ocrx_word' id='word_1_1228' title='bbox 1951 2214 2006 2241; x_wconf 91' lang='lat' dir='ltr'>Cic.</span> <span class='ocrx_word' id='word_1_1229' title='bbox 2021 2214 2053 2241; x_wconf 89' lang='lat' dir='ltr'>de</span> <span class='ocrx_word' id='word_1_1230' title='bbox 2068 2216 2142 2243; x_wconf 86' lang='lat' dir='ltr'>Orat.</span> <span class='ocrx_word' id='word_1_1231' title='bbox 2150 2225 2173 2249; x_wconf 80' lang='lat'>3,</span> 
     </span>
     <span class='ocr_line' id='line_1_129' title="bbox 1131 2246 2173 2285; baseline 0.001 -8"><span class='ocrx_word' id='word_1_1232' title='bbox 1131 2259 1179 2283; x_wconf 82' lang='lat'>104</span> <span class='ocrx_word' id='word_1_1233' title='bbox 1198 2250 1302 2276; x_wconf 82' lang='lat' dir='ltr'>Summa</span> <span class='ocrx_word' id='word_1_1234' title='bbox 1330 2257 1416 2275; x_wconf 79' lang='lat' dir='ltr'>autem</span> <span class='ocrx_word' id='word_1_1235' title='bbox 1437 2249 1492 2274; x_wconf 84' lang='lat' dir='ltr'>laus</span> <span class='ocrx_word' id='word_1_1236' title='bbox 1513 2247 1681 2282; x_wconf 84' lang='lat' dir='ltr'>eloquentiae</span> <span class='ocrx_word' id='word_1_1237' title='bbox 1703 2246 1755 2279; x_wconf 85' lang='lat' dir='ltr'>est,</span> <span class='ocrx_word' id='word_1_1238' title='bbox 1779 2247 1941 2281; x_wconf 84' lang='lat' dir='ltr'>amplificare</span> <span class='ocrx_word' id='word_1_1239' title='bbox 1962 2259 2019 2276; x_wconf 91' lang='lat' dir='ltr'>rem</span> <span class='ocrx_word' id='word_1_1240' title='bbox 2043 2253 2173 2285; x_wconf 83' lang='lat' dir='ltr'>ornando,</span> 
     </span>
     <span class='ocr_line' id='line_1_130' title="bbox 1131 2282 2175 2321; baseline 0.002 -9"><span class='ocrx_word' id='word_1_1241' title='bbox 1131 2284 1205 2321; x_wconf 86' lang='lat' dir='ltr'>quod</span> <span class='ocrx_word' id='word_1_1242' title='bbox 1217 2286 1286 2312; x_wconf 78' lang='lat' dir='ltr'>valet</span> <span class='ocrx_word' id='word_1_1243' title='bbox 1300 2294 1353 2310; x_wconf 90' lang='lat' dir='ltr'>non</span> <span class='ocrx_word' id='word_1_1244' title='bbox 1367 2284 1451 2310; x_wconf 87' lang='lat' dir='ltr'>solum</span> <span class='ocrx_word' id='word_1_1245' title='bbox 1464 2283 1495 2309; x_wconf 84' lang='lat' dir='ltr'>ad</span> <span class='ocrx_word' id='word_1_1246' title='bbox 1513 2283 1660 2317; x_wconf 77' lang='lat' dir='ltr'>augendum</span> <span class='ocrx_word' id='word_1_1247' title='bbox 1674 2282 1777 2317; x_wconf 85' lang='lat' dir='ltr'>aliquid</span> <span class='ocrx_word' id='word_1_1248' title='bbox 1791 2289 1817 2309; x_wconf 89' lang='lat' dir='ltr'>et</span> <span class='ocrx_word' id='word_1_1249' title='bbox 1829 2283 1976 2311; x_wconf 88' lang='lat' dir='ltr'>tollendum</span> <span class='ocrx_word' id='word_1_1250' title='bbox 1995 2286 2074 2312; x_wconf 84' lang='lat' dir='ltr'>altius</span> <span class='ocrx_word' id='word_1_1251' title='bbox 2086 2287 2175 2314; x_wconf 83' lang='lat' dir='ltr'>dicen-</span> 
     </span>
     <span class='ocr_line' id='line_1_131' title="bbox 1132 2317 2173 2353; baseline 0 -5"><span class='ocrx_word' id='word_1_1252' title='bbox 1132 2322 1182 2353; x_wconf 88' lang='lat' dir='ltr'>do,</span> <span class='ocrx_word' id='word_1_1253' title='bbox 1205 2322 1248 2348; x_wconf 84' lang='lat' dir='ltr'>sed</span> <span class='ocrx_word' id='word_1_1254' title='bbox 1267 2321 1347 2347; x_wconf 85' lang='lat' dir='ltr'>etiam</span> <span class='ocrx_word' id='word_1_1255' title='bbox 1368 2319 1399 2346; x_wconf 88' lang='lat' dir='ltr'>ad</span> <span class='ocrx_word' id='word_1_1256' title='bbox 1419 2319 1612 2347; x_wconf 83' lang='lat' dir='ltr'>extenuandum</span> <span class='ocrx_word' id='word_1_1257' title='bbox 1631 2324 1708 2353; x_wconf 80' lang='lat' dir='ltr'>atque</span> <span class='ocrx_word' id='word_1_1258' title='bbox 1722 2317 1910 2346; x_wconf 86' lang='lat' dir='ltr'>abiiciendum.</span> <span class='ocrx_word' id='word_1_1259' title='bbox 2017 2322 2072 2348; x_wconf 82' lang='lat' dir='ltr'>Cic.</span> <span class='ocrx_word' id='word_1_1260' title='bbox 2087 2322 2117 2349; x_wconf 72' lang='lat' dir='ltr'>dc</span> <span class='ocrx_word' id='word_1_1261' title='bbox 2131 2324 2173 2350; x_wconf 85' lang='lat' dir='ltr'>In-</span> 
     </span>
    </p>
   </div>
   <div class='ocr_carea' id='block_1_32' title="bbox 10 2353 2172 2395">
    <p class='ocr_par' dir='ltr' id='par_1_48' title="bbox 10 2353 2172 2395">
     <span class='ocr_line' id='line_1_132' title="bbox 10 2353 2172 2395; baseline 0.002 -14"><span class='ocrx_word' id='word_1_1262' title='bbox 10 2354 13 2395; x_wconf 50' lang='grc' dir='ltr'>ᾗ</span> <span class='ocrx_word' id='word_1_1263' title='bbox 31 2354 153 2382; x_wconf 81' lang='lat' dir='ltr'>Extabuit</span> <span class='ocrx_word' id='word_1_1264' title='bbox 164 2355 247 2383; x_wconf 87' lang='lat' dir='ltr'>macie</span> <span class='ocrx_word' id='word_1_1265' title='bbox 261 2365 355 2392; x_wconf 78' lang='lat' dir='ltr'>corpus</span> <span class='ocrx_word' id='word_1_1266' title='bbox 372 2356 425 2383; x_wconf 88' lang='lat' dir='ltr'>Cic.</span> <span class='ocrx_word' id='word_1_1267' title='bbox 441 2356 522 2382; x_wconf 55' lang='lat' dir='ltr'>Tisse.</span> <span class='ocrx_word' id='word_1_1268' title='bbox 536 2364 559 2388; x_wconf 83' lang='grc'>3,</span> <span class='ocrx_word' id='word_1_1269' title='bbox 572 2359 603 2383; x_wconf 88' lang='grc'>26</span> <span class='ocrx_word' id='word_1_1270' title='bbox 617 2365 639 2383; x_wconf 92' lang='lat' dir='ltr'>c.</span> <span class='ocrx_word' id='word_1_1271' title='bbox 654 2365 688 2384; x_wconf 86' lang='lat'>12.</span> <span class='ocrx_word' id='word_1_1272' title='bbox 724 2362 748 2384; x_wconf 81' lang='lat' dir='ltr'>et</span> <span class='ocrx_word' id='word_1_1273' title='bbox 768 2368 783 2385; x_wconf 82' lang='lat'><em>2</em></span> <span class='ocrx_word' id='word_1_1274' title='bbox 803 2367 832 2385; x_wconf 84' lang='lat' dir='ltr'>ex</span> <span class='ocrx_word' id='word_1_1275' title='bbox 846 2362 958 2395; x_wconf 83' lang='lat' dir='ltr'>antiquis</span> <span class='ocrx_word' id='word_1_1276' title='bbox 972 2361 1066 2392; x_wconf 61' lang='lat' dir='ltr'>Poetis,</span> <span class='ocrx_word' id='word_1_1277' title='bbox 1087 2362 1121 2387; x_wconf 88' lang='lat'>60</span> <span class='ocrx_word' id='word_1_1278' title='bbox 1132 2363 1203 2383; x_wconf 85' lang='lat' dir='ltr'>veut.</span> <span class='ocrx_word' id='word_1_1279' title='bbox 1218 2366 1238 2387; x_wconf 74' lang='lat'>2,</span> <span class='ocrx_word' id='word_1_1280' title='bbox 1251 2364 1282 2392; x_wconf 80' lang='lat'>73</span> <span class='ocrx_word' id='word_1_1281' title='bbox 1301 2357 1359 2382; x_wconf 85' lang='lat' dir='ltr'>Hoc</span> <span class='ocrx_word' id='word_1_1282' title='bbox 1374 2354 1558 2384; x_wconf 78' lang='lat' dir='ltr'>extenuando,</span> <span class='ocrx_word' id='word_1_1283' title='bbox 1576 2353 1700 2380; x_wconf 80' lang='lat' dir='ltr'>maleficii</span> <span class='ocrx_word' id='word_1_1284' title='bbox 1715 2354 1926 2388; x_wconf 83' lang='lat' dir='ltr'>magnitudinem</span> <span class='ocrx_word' id='word_1_1285' title='bbox 1940 2355 2015 2382; x_wconf 74' lang='lat' dir='ltr'>timul</span> <span class='ocrx_word' id='word_1_1286' title='bbox 2035 2359 2172 2393; x_wconf 76' lang='lat' dir='ltr'>adaugere.</span> 
     </span>
    </p>
   </div>
   <div class='ocr_carea' id='block_1_33' title="bbox 26 2391 1067 2425">
    <p class='ocr_par' dir='ltr' id='par_1_49' title="bbox 26 2391 1067 2425">
     <span class='ocr_line' id='line_1_133' title="bbox 26 2391 1067 2425; baseline 0.006 -9"><span class='ocrx_word' id='word_1_1287' title='bbox 26 2395 74 2425; x_wconf 75' lang='lat' dir='ltr'>per</span> <span class='ocrx_word' id='word_1_1288' title='bbox 85 2392 279 2418; x_wconf 82' lang='lat' dir='ltr'>translationem.</span> <span class='ocrx_word' id='word_1_1289' title='bbox 336 2392 391 2420; x_wconf 85' lang='lat' dir='ltr'>Cic.</span> <span class='ocrx_word' id='word_1_1290' title='bbox 404 2391 436 2418; x_wconf 89' lang='lat' dir='ltr'>de</span> <span class='ocrx_word' id='word_1_1291' title='bbox 450 2392 486 2418; x_wconf 90' lang='lat' dir='ltr'>N.</span> <span class='ocrx_word' id='word_1_1292' title='bbox 500 2392 532 2418; x_wconf 92' lang='lat' dir='ltr'>D.</span> <span class='ocrx_word' id='word_1_1293' title='bbox 544 2400 572 2425; x_wconf 83' lang='grc'>2,</span> <span class='ocrx_word' id='word_1_1294' title='bbox 586 2400 598 2425; x_wconf 91' lang='lat'>5</span> <span class='ocrx_word' id='word_1_1295' title='bbox 613 2402 635 2419; x_wconf 93' lang='lat' dir='ltr'>c.</span> <span class='ocrx_word' id='word_1_1296' title='bbox 653 2401 665 2419; x_wconf 82' lang='lat'><em>2</em></span> <span class='ocrx_word' id='word_1_1297' title='bbox 700 2393 804 2420; x_wconf 85' lang='lat' dir='ltr'>Etenim</span> <span class='ocrx_word' id='word_1_1298' title='bbox 818 2395 939 2421; x_wconf 85' lang='lat' dir='ltr'>videmus</span> <span class='ocrx_word' id='word_1_1299' title='bbox 953 2401 1067 2422; x_wconf 84' lang='lat' dir='ltr'>caeteras</span> 
     </span>
    </p>
   </div>
   <div class='ocr_carea' id='block_1_34' title="bbox 0 2441 22 2689">
    <p class='ocr_par' dir='ltr' id='par_1_50' title="bbox 0 2441 22 2689">
     <span class='ocr_line' id='line_1_134' title="bbox 0 2441 22 2689; baseline 0 -73"><span class='ocrx_word' id='word_1_1300' title='bbox 0 2441 22 2689; x_wconf 95' lang='lat' dir='ltr'>    </span> 
     </span>
    </p>
   </div>
   <div class='ocr_carea' id='block_1_35' title="bbox 27 2461 503 2594">
    <p class='ocr_par' dir='ltr' id='par_1_51' title="bbox 27 2461 311 2497">
     <span class='ocr_line' id='line_1_135' title="bbox 27 2461 311 2497; baseline 0 -9"><span class='ocrx_word' id='word_1_1301' title='bbox 27 2469 106 2488; x_wconf 77' lang='lat' dir='ltr'>vanas</span> <span class='ocrx_word' id='word_1_1302' title='bbox 118 2464 214 2488; x_wconf 82' lang='lat' dir='ltr'>omnino</span> <span class='ocrx_word' id='word_1_1303' title='bbox 222 2461 311 2497; x_wconf 75' lang='lat' dir='ltr'>suiffe.</span> 
     </span>
    </p>

    <p class='ocr_par' dir='ltr' id='par_1_52' title="bbox 30 2502 503 2594">
     <span class='ocr_line' id='line_1_136' title="bbox 63 2502 503 2528; baseline -0.002 -4"><span class='ocrx_word' id='word_1_1304' title='bbox 63 2503 137 2524; x_wconf 78' lang='grc' dir='ltr'>ΕΧΤ</span> <span class='ocrx_word' id='word_1_1305' title='bbox 148 2503 171 2524; x_wconf 79' lang='grc' dir='ltr'>Α</span> <span class='ocrx_word' id='word_1_1306' title='bbox 184 2503 230 2523; x_wconf 80' lang='lat' dir='ltr'>EN</span> <span class='ocrx_word' id='word_1_1307' title='bbox 241 2502 374 2528; x_wconf 83' lang='grc' dir='ltr'>1ΑΤν5,</span> <span class='ocrx_word' id='word_1_1308' title='bbox 394 2505 423 2528; x_wconf 85' lang='grc'>3,</span> <span class='ocrx_word' id='word_1_1309' title='bbox 449 2505 503 2523; x_wconf 89' lang='lat' dir='ltr'>um.</span> 
     </span>
     <span class='ocr_line' id='line_1_137' title="bbox 30 2533 217 2563; baseline -0.005 -5"><span class='ocrx_word' id='word_1_1310' title='bbox 30 2533 70 2563; x_wconf 75' lang='lat'>62.</span> <span class='ocrx_word' id='word_1_1311' title='bbox 105 2537 129 2558; x_wconf 80' lang='lat' dir='ltr'>et</span> <span class='ocrx_word' id='word_1_1312' title='bbox 140 2539 181 2561; x_wconf 77' lang='lat'>22,</span> <span class='ocrx_word' id='word_1_1313' title='bbox 197 2539 217 2557; x_wconf 86' lang='lat'>1.</span> 
     </span>
     <span class='ocr_line' id='line_1_138' title="bbox 33 2566 214 2594; baseline -0.006 0"><span class='ocrx_word' id='word_1_1314' title='bbox 33 2566 93 2594; x_wconf 82' lang='lat' dir='ltr'>Vid.</span> <span class='ocrx_word' id='word_1_1315' title='bbox 113 2572 126 2593; x_wconf 88' lang='lat' dir='ltr'>s</span> <span class='ocrx_word' id='word_1_1316' title='bbox 134 2572 154 2593; x_wconf 92' lang='lat' dir='ltr'>o</span> <span class='ocrx_word' id='word_1_1317' title='bbox 162 2572 182 2592; x_wconf 78' lang='lat' dir='ltr'>R</span> <span class='ocrx_word' id='word_1_1318' title='bbox 191 2573 214 2593; x_wconf 93' lang='lat' dir='ltr'>s.</span> 
     </span>
    </p>
   </div>
   <div class='ocr_carea' id='block_1_36' title="bbox 560 2498 1067 2536">
    <p class='ocr_par' dir='ltr' id='par_1_53' title="bbox 560 2498 1067 2536">
     <span class='ocr_line' id='line_1_139' title="bbox 560 2498 1067 2536; baseline 0.006 -12"><span class='ocrx_word' id='word_1_1319' title='bbox 560 2498 647 2525; x_wconf 84' lang='lat' dir='ltr'>Sortes</span> <span class='ocrx_word' id='word_1_1320' title='bbox 679 2499 855 2532; x_wconf 85' lang='lat' dir='ltr'>extaeniatae,</span> <span class='ocrx_word' id='word_1_1321' title='bbox 874 2506 915 2536; x_wconf 85' lang='lat' dir='ltr'>ap.</span> <span class='ocrx_word' id='word_1_1322' title='bbox 941 2500 1003 2527; x_wconf 91' lang='lat' dir='ltr'>Liu.</span> <span class='ocrx_word' id='word_1_1323' title='bbox 1027 2510 1067 2534; x_wconf 84' lang='lat'>21,</span> 
     </span>
    </p>
   </div>
   <div class='ocr_carea' id='block_1_37' title="bbox 5 2634 1067 3095">
    <p class='ocr_par' dir='ltr' id='par_1_54' title="bbox 23 2634 217 2671">
     <span class='ocr_line' id='line_1_140' title="bbox 23 2634 217 2671; baseline -0.01 -7"><span class='ocrx_word' id='word_1_1324' title='bbox 23 2634 103 2671; x_wconf 71' lang='lat' dir='ltr'>flium</span> <span class='ocrx_word' id='word_1_1325' title='bbox 117 2638 217 2671; x_wconf 77' lang='lat' dir='ltr'>eripere.</span> 
     </span>
    </p>

    <p class='ocr_par' dir='ltr' id='par_1_55' title="bbox 65 2673 438 2705">
     <span class='ocr_line' id='line_1_141' title="bbox 65 2673 438 2705; baseline 0.005 -5"><span class='ocrx_word' id='word_1_1326' title='bbox 65 2678 291 2705; x_wconf 73' lang='lat' dir='ltr'>EXTEMPLO,</span> <span class='ocrx_word' id='word_1_1327' title='bbox 310 2673 364 2700; x_wconf 80' lang='lat' dir='ltr'>vid.</span> <span class='ocrx_word' id='word_1_1328' title='bbox 382 2680 438 2702; x_wconf 70' lang='lat' dir='ltr'>ex.</span> 
     </span>
    </p>

    <p class='ocr_par' dir='ltr' id='par_1_56' title="bbox 22 2707 658 2885">
     <span class='ocr_line' id='line_1_142' title="bbox 68 2707 658 2743; baseline 0 -9"><span class='ocrx_word' id='word_1_1329' title='bbox 68 2713 86 2734; x_wconf 77' lang='grc' dir='ltr'><strong>ε</strong></span> <span class='ocrx_word' id='word_1_1330' title='bbox 97 2714 204 2734; x_wconf 76' lang='lat' dir='ltr'>x&#39;rEM</span> <span class='ocrx_word' id='word_1_1331' title='bbox 215 2709 400 2741; x_wconf 47' lang='lat' dir='ltr'>ponnus,</span> <span class='ocrx_word' id='word_1_1332' title='bbox 439 2718 462 2736; x_wconf 87' lang='lat' dir='ltr'>e.</span> <span class='ocrx_word' id='word_1_1333' title='bbox 517 2707 658 2743; x_wconf 73' lang='grc' dir='ltr'><strong><em>[αἰφνίδος]</em></strong></span> 
     </span>
     <span class='ocr_line' id='line_1_143' title="bbox 30 2779 405 2813; baseline -0.003 -7"><span class='ocrx_word' id='word_1_1334' title='bbox 30 2779 104 2806; x_wconf 84' lang='lat' dir='ltr'>Idem</span> <span class='ocrx_word' id='word_1_1335' title='bbox 119 2787 156 2811; x_wconf 91' lang='lat'>10,</span> <span class='ocrx_word' id='word_1_1336' title='bbox 173 2785 198 2813; x_wconf 89' lang='lat'>7.</span> <span class='ocrx_word' id='word_1_1337' title='bbox 268 2779 405 2805; x_wconf 69' lang='lat' dir='ltr'>Dietiones</span> 
     </span>
     <span class='ocr_line' id='line_1_144' title="bbox 22 2813 406 2849; baseline 0.003 -9"><span class='ocrx_word' id='word_1_1338' title='bbox 22 2813 179 2848; x_wconf 69' lang='lat' dir='ltr'>‘Garrulitas</span> <span class='ocrx_word' id='word_1_1339' title='bbox 199 2814 329 2847; x_wconf 63' lang='lat' dir='ltr'>Quinem.</span> <span class='ocrx_word' id='word_1_1340' title='bbox 344 2823 366 2847; x_wconf 85' lang='lat'>2,</span> <span class='ocrx_word' id='word_1_1341' title='bbox 380 2823 406 2849; x_wconf 86' lang='lat'>4.</span> 
     </span>
     <span class='ocr_line' id='line_1_145' title="bbox 27 2849 255 2885; baseline -0.004 -9"><span class='ocrx_word' id='word_1_1342' title='bbox 27 2849 162 2885; x_wconf 64' lang='lat' dir='ltr'>&#39;Qtinetih</span> <span class='ocrx_word' id='word_1_1343' title='bbox 178 2858 215 2881; x_wconf 88' lang='lat'>10,</span> <span class='ocrx_word' id='word_1_1344' title='bbox 229 2851 255 2875; x_wconf 90' lang='lat'>6.</span> 
     </span>
    </p>

    <p class='ocr_par' dir='ltr' id='par_1_57' title="bbox 68 2884 852 2919">
     <span class='ocr_line' id='line_1_146' title="bbox 68 2884 852 2919; baseline -0.001 -7"><span class='ocrx_word' id='word_1_1345' title='bbox 68 2892 112 2912; x_wconf 70' lang='lat' dir='ltr'>rx</span> <span class='ocrx_word' id='word_1_1346' title='bbox 123 2891 145 2911; x_wconf 79' lang='lat' dir='ltr'>&#39;r</span> <span class='ocrx_word' id='word_1_1347' title='bbox 155 2891 172 2912; x_wconf 81' lang='lat' dir='ltr'>E</span> <span class='ocrx_word' id='word_1_1348' title='bbox 182 2891 206 2910; x_wconf 87' lang='lat' dir='ltr'><em>M</em></span> <span class='ocrx_word' id='word_1_1349' title='bbox 217 2890 233 2910; x_wconf 80' lang='grc' dir='ltr'>Ρ</span> <span class='ocrx_word' id='word_1_1350' title='bbox 243 2891 342 2911; x_wconf 80' lang='lat' dir='ltr'>ORAL</span> <span class='ocrx_word' id='word_1_1351' title='bbox 354 2892 454 2912; x_wconf 59' lang='lat' dir='ltr'>Fran.</span> <span class='ocrx_word' id='word_1_1352' title='bbox 473 2884 541 2912; x_wconf 90' lang='lat' dir='ltr'>Adu.</span> <span class='ocrx_word' id='word_1_1353' title='bbox 578 2884 669 2912; x_wconf 81' lang='lat' dir='ltr'>Sidon.</span> <span class='ocrx_word' id='word_1_1354' title='bbox 682 2884 760 2919; x_wconf 83' lang='lat' dir='ltr'>Epist.</span> <span class='ocrx_word' id='word_1_1355' title='bbox 774 2892 798 2916; x_wconf 84' lang='lat'>9,</span> <span class='ocrx_word' id='word_1_1356' title='bbox 813 2893 852 2918; x_wconf 88' lang='lat'>14.</span> 
     </span>
    </p>

    <p class='ocr_par' dir='ltr' id='par_1_58' title="bbox 5 2917 1067 3062">
     <span class='ocr_line' id='line_1_147' title="bbox 69 2917 1067 2954; baseline -0.001 -6"><span class='ocrx_word' id='word_1_1357' title='bbox 69 2927 87 2948; x_wconf 73' lang='lat'>13</span> <span class='ocrx_word' id='word_1_1358' title='bbox 95 2927 114 2947; x_wconf 89' lang='lat' dir='ltr'>x</span> <span class='ocrx_word' id='word_1_1359' title='bbox 123 2928 143 2947; x_wconf 70' lang='lat' dir='ltr'>rr</span> <span class='ocrx_word' id='word_1_1360' title='bbox 152 2927 168 2947; x_wconf 79' lang='lat' dir='ltr'>E</span> <span class='ocrx_word' id='word_1_1361' title='bbox 177 2927 202 2946; x_wconf 88' lang='grc' dir='ltr'><strong>Μ</strong></span> <span class='ocrx_word' id='word_1_1362' title='bbox 211 2927 225 2946; x_wconf 80' lang='lat'>1&gt;</span> <span class='ocrx_word' id='word_1_1363' title='bbox 235 2927 254 2947; x_wconf 94' lang='lat' dir='ltr'>o</span> <span class='ocrx_word' id='word_1_1364' title='bbox 262 2927 282 2947; x_wconf 80' lang='lat' dir='ltr'>R</span> <span class='ocrx_word' id='word_1_1365' title='bbox 290 2927 312 2946; x_wconf 84' lang='lat' dir='ltr'><strong>A</strong></span> <span class='ocrx_word' id='word_1_1366' title='bbox 320 2927 335 2946; x_wconf 89' lang='lat' dir='ltr'>L</span> <span class='ocrx_word' id='word_1_1367' title='bbox 345 2921 355 2945; x_wconf 74' lang='lat'>&#39;1&#39;</span> <span class='ocrx_word' id='word_1_1368' title='bbox 362 2928 383 2947; x_wconf 88' lang='lat' dir='ltr'>T</span> <span class='ocrx_word' id='word_1_1369' title='bbox 391 2928 412 2947; x_wconf 81' lang='lat' dir='ltr'>A</span> <span class='ocrx_word' id='word_1_1370' title='bbox 425 2927 437 2947; x_wconf 85' lang='grc'>5</span> <span class='ocrx_word' id='word_1_1371' title='bbox 454 2940 463 2953; x_wconf 91' lang='grc'>,</span> <span class='ocrx_word' id='word_1_1372' title='bbox 501 2921 558 2947; x_wconf 76' lang='lat' dir='ltr'>atis.</span> <span class='ocrx_word' id='word_1_1373' title='bbox 598 2920 618 2946; x_wconf 87' lang='lat' dir='ltr'>f.</span> <span class='ocrx_word' id='word_1_1374' title='bbox 654 2921 667 2954; x_wconf 93' lang='lat'>[</span> <span class='ocrx_word' id='word_1_1375' title='bbox 679 2920 708 2946; x_wconf 75' lang='grc' dir='ltr'>τὸ</span> <span class='ocrx_word' id='word_1_1376' title='bbox 737 2917 867 2954; x_wconf 67' lang='grc' dir='ltr'><strong><em>αἰφνίδιον]</em></strong></span> <span class='ocrx_word' id='word_1_1377' title='bbox 903 2920 1067 2948; x_wconf 85' lang='lat' dir='ltr'>Promtitudo.</span> 
     </span>
     <span class='ocr_line' id='line_1_148' title="bbox 35 2954 1067 2991; baseline -0.001 -9"><span class='ocrx_word' id='word_1_1378' title='bbox 35 2956 106 2982; x_wconf 85' lang='lat' dir='ltr'>Suet.</span> <span class='ocrx_word' id='word_1_1379' title='bbox 119 2956 148 2982; x_wconf 90' lang='lat' dir='ltr'>in</span> <span class='ocrx_word' id='word_1_1380' title='bbox 159 2956 219 2982; x_wconf 86' lang='lat' dir='ltr'>Tit.</span> <span class='ocrx_word' id='word_1_1381' title='bbox 231 2965 253 2981; x_wconf 88' lang='lat' dir='ltr'>c.</span> <span class='ocrx_word' id='word_1_1382' title='bbox 261 2964 273 2987; x_wconf 89' lang='grc'>3</span> <span class='ocrx_word' id='word_1_1383' title='bbox 294 2955 402 2982; x_wconf 84' lang='lat' dir='ltr'>Latinae</span> <span class='ocrx_word' id='word_1_1384' title='bbox 415 2957 581 2991; x_wconf 87' lang='lat' dir='ltr'>Graecaeque</span> <span class='ocrx_word' id='word_1_1385' title='bbox 596 2956 701 2990; x_wconf 83' lang='lat' dir='ltr'>linguae</span> <span class='ocrx_word' id='word_1_1386' title='bbox 713 2956 756 2982; x_wconf 84' lang='lat' dir='ltr'>vel</span> <span class='ocrx_word' id='word_1_1387' title='bbox 770 2956 798 2981; x_wconf 87' lang='lat' dir='ltr'>in</span> <span class='ocrx_word' id='word_1_1388' title='bbox 812 2954 913 2982; x_wconf 87' lang='lat' dir='ltr'>orando</span> <span class='ocrx_word' id='word_1_1389' title='bbox 925 2956 967 2982; x_wconf 88' lang='lat' dir='ltr'>vel</span> <span class='ocrx_word' id='word_1_1390' title='bbox 981 2955 1008 2981; x_wconf 91' lang='lat' dir='ltr'>in</span> <span class='ocrx_word' id='word_1_1391' title='bbox 1021 2956 1067 2982; x_wconf 85' lang='lat' dir='ltr'>fin-</span> 
     </span>
     <span class='ocr_line' id='line_1_149' title="bbox 5 2989 1066 3027; baseline 0 -9"><span class='ocrx_word' id='word_1_1392' title='bbox 5 3015 11 3018; x_wconf 69' lang='grc'><strong><em>,</em></strong></span> <span class='ocrx_word' id='word_1_1393' title='bbox 36 2989 126 3025; x_wconf 66' lang='grc' dir='ltr'>’ςεηάἰε</span> <span class='ocrx_word' id='word_1_1394' title='bbox 137 2990 302 3025; x_wconf 78' lang='lat' dir='ltr'>po&#39;e&#39;matibus</span> <span class='ocrx_word' id='word_1_1395' title='bbox 314 2997 432 3025; x_wconf 88' lang='lat' dir='ltr'>promtus</span> <span class='ocrx_word' id='word_1_1396' title='bbox 443 2991 582 3027; x_wconf 89' lang='lat' dir='ltr'>facilisque</span> <span class='ocrx_word' id='word_1_1397' title='bbox 597 2992 639 3017; x_wconf 92' lang='lat' dir='ltr'>vel</span> <span class='ocrx_word' id='word_1_1398' title='bbox 654 2991 685 3017; x_wconf 88' lang='lat' dir='ltr'>ad</span> <span class='ocrx_word' id='word_1_1399' title='bbox 706 2991 959 3025; x_wconf 83' lang='lat' dir='ltr'>extemporalitatem</span> <span class='ocrx_word' id='word_1_1400' title='bbox 975 3001 1066 3027; x_wconf 82' lang='lat' dir='ltr'>vsque.</span> 
     </span>
     <span class='ocr_line' id='line_1_150' title="bbox 43 3025 893 3062; baseline 0 -9"><span class='ocrx_word' id='word_1_1401' title='bbox 43 3025 100 3053; x_wconf 81' lang='lat' dir='ltr'>Vid.</span> <span class='ocrx_word' id='word_1_1402' title='bbox 113 3027 195 3053; x_wconf 88' lang='lat' dir='ltr'>Burm.</span> <span class='ocrx_word' id='word_1_1403' title='bbox 209 3026 242 3052; x_wconf 89' lang='lat' dir='ltr'>ad</span> <span class='ocrx_word' id='word_1_1404' title='bbox 254 3027 357 3053; x_wconf 86' lang='lat' dir='ltr'>Petron.</span> <span class='ocrx_word' id='word_1_1405' title='bbox 369 3036 389 3053; x_wconf 90' lang='lat' dir='ltr'>c.</span> <span class='ocrx_word' id='word_1_1406' title='bbox 403 3029 420 3053; x_wconf 90' lang='lat'>6</span> <span class='ocrx_word' id='word_1_1407' title='bbox 433 3036 457 3062; x_wconf 90' lang='lat' dir='ltr'>p.</span> <span class='ocrx_word' id='word_1_1408' title='bbox 470 3032 509 3057; x_wconf 83' lang='lat'>28.</span> <span class='ocrx_word' id='word_1_1409' title='bbox 545 3034 568 3053; x_wconf 82' lang='lat' dir='ltr'>et</span> <span class='ocrx_word' id='word_1_1410' title='bbox 582 3026 712 3061; x_wconf 71' lang='lat' dir='ltr'>Qiin&amp;il.</span> <span class='ocrx_word' id='word_1_1411' title='bbox 727 3035 742 3053; x_wconf 87' lang='lat'>2</span> <span class='ocrx_word' id='word_1_1412' title='bbox 751 3046 759 3059; x_wconf 91' lang='lat'>,</span> <span class='ocrx_word' id='word_1_1413' title='bbox 772 3035 790 3059; x_wconf 90' lang='lat'>4</span> <span class='ocrx_word' id='word_1_1414' title='bbox 805 3036 828 3061; x_wconf 94' lang='lat' dir='ltr'>p.</span> <span class='ocrx_word' id='word_1_1415' title='bbox 842 3036 893 3058; x_wconf 71' lang='grc'>140.</span> 
     </span>
    </p>

    <p class='ocr_par' dir='ltr' id='par_1_59' title="bbox 75 3062 642 3095">
     <span class='ocr_line' id='line_1_151' title="bbox 75 3062 642 3095; baseline 0.007 -10"><span class='ocrx_word' id='word_1_1416' title='bbox 75 3065 433 3095; x_wconf 78' lang='lat' dir='ltr'>EXTEMPORANEVS,</span> <span class='ocrx_word' id='word_1_1417' title='bbox 451 3071 480 3094; x_wconf 84' lang='lat' dir='ltr'>a,</span> <span class='ocrx_word' id='word_1_1418' title='bbox 500 3072 555 3089; x_wconf 88' lang='lat' dir='ltr'>um.</span> <span class='ocrx_word' id='word_1_1419' title='bbox 582 3062 642 3089; x_wconf 85' lang='lat' dir='ltr'>Adi.</span> 
     </span>
    </p>
   </div>
   <div class='ocr_carea' id='block_1_38' title="bbox 425 2779 833 2848">
    <p class='ocr_par' dir='ltr' id='par_1_60' title="bbox 425 2779 833 2848">
     <span class='ocr_line' id='line_1_152' title="bbox 425 2779 636 2814; baseline 0 -9"><span class='ocrx_word' id='word_1_1420' title='bbox 425 2779 555 2814; x_wconf 70' lang='lat' dir='ltr'>Qinffil.</span> <span class='ocrx_word' id='word_1_1421' title='bbox 570 2787 599 2812; x_wconf 81' lang='lat'>2,</span> <span class='ocrx_word' id='word_1_1422' title='bbox 611 2788 636 2813; x_wconf 92' lang='lat'>4.</span> 
     </span>
     <span class='ocr_line' id='line_1_153' title="bbox 510 2814 833 2848; baseline -0.003 -7"><span class='ocrx_word' id='word_1_1423' title='bbox 510 2814 612 2841; x_wconf 81' lang='lat' dir='ltr'>Rhetor</span> <span class='ocrx_word' id='word_1_1424' title='bbox 628 2814 744 2841; x_wconf 91' lang='lat' dir='ltr'>Martial.</span> <span class='ocrx_word' id='word_1_1425' title='bbox 757 2823 780 2848; x_wconf 85' lang='lat'>5,</span> <span class='ocrx_word' id='word_1_1426' title='bbox 793 2823 833 2848; x_wconf 84' lang='lat'>54.</span> 
     </span>
    </p>
   </div>
   <div class='ocr_carea' id='block_1_39' title="bbox 0 3133 1066 3244">
    <p class='ocr_par' dir='ltr' id='par_1_61' title="bbox 0 3133 1066 3244">
     <span class='ocr_line' id='line_1_154' title="bbox 41 3133 308 3163; baseline 0.011 -8"><span class='ocrx_word' id='word_1_1427' title='bbox 41 3137 135 3162; x_wconf 82' lang='lat' dir='ltr'>neum,</span> <span class='ocrx_word' id='word_1_1428' title='bbox 154 3133 308 3163; x_wconf 69' lang='grc' dir='ltr'>αμελὲτητω.</span> 
     </span>
     <span class='ocr_line' id='line_1_155' title="bbox 76 3167 1066 3204; baseline 0.003 -13"><span class='ocrx_word' id='word_1_1429' title='bbox 76 3171 94 3191; x_wconf 84' lang='lat' dir='ltr'>E</span> <span class='ocrx_word' id='word_1_1430' title='bbox 103 3171 122 3190; x_wconf 88' lang='lat' dir='ltr'>X</span> <span class='ocrx_word' id='word_1_1431' title='bbox 132 3171 153 3191; x_wconf 83' lang='grc' dir='ltr'>Τ</span> <span class='ocrx_word' id='word_1_1432' title='bbox 164 3172 180 3192; x_wconf 87' lang='lat' dir='ltr'>E</span> <span class='ocrx_word' id='word_1_1433' title='bbox 189 3173 211 3192; x_wconf 90' lang='lat' dir='ltr'>N</span> <span class='ocrx_word' id='word_1_1434' title='bbox 222 3172 240 3193; x_wconf 84' lang='lat'>1&gt;</span> <span class='ocrx_word' id='word_1_1435' title='bbox 249 3173 267 3193; x_wconf 93' lang='lat' dir='ltr'>O</span> <span class='ocrx_word' id='word_1_1436' title='bbox 275 3186 282 3198; x_wconf 90' lang='lat'>,</span> <span class='ocrx_word' id='word_1_1437' title='bbox 298 3168 342 3201; x_wconf 83' lang='lat' dir='ltr'>di,</span> <span class='ocrx_word' id='word_1_1438' title='bbox 361 3174 418 3196; x_wconf 81' lang='lat' dir='ltr'>tum</span> <span class='ocrx_word' id='word_1_1439' title='bbox 430 3176 454 3196; x_wconf 83' lang='lat' dir='ltr'>et</span> <span class='ocrx_word' id='word_1_1440' title='bbox 466 3170 530 3200; x_wconf 84' lang='lat' dir='ltr'>sum,</span> <span class='ocrx_word' id='word_1_1441' title='bbox 538 3170 590 3195; x_wconf 62' lang='grc' dir='ltr'>ὅτε.</span> <span class='ocrx_word' id='word_1_1442' title='bbox 610 3167 724 3201; x_wconf 71' lang='grc' dir='ltr'>[ἔκτεῖνω,</span> <span class='ocrx_word' id='word_1_1443' title='bbox 731 3167 851 3201; x_wconf 67' lang='grc' dir='ltr'>α’ποτᾰνω,</span> <span class='ocrx_word' id='word_1_1444' title='bbox 868 3168 1066 3204; x_wconf 70' lang='grc' dir='ltr'><strong><em>οἷναπετοῖννυμι]</em></strong></span> 
     </span>
     <span class='ocr_line' id='line_1_156' title="bbox 0 3199 887 3244; baseline 0.001 -15"><span class='ocrx_word' id='word_1_1445' title='bbox 0 3213 1 3220; x_wconf 60' lang='lat'>¹</span> <span class='ocrx_word' id='word_1_1446' title='bbox 44 3199 177 3229; x_wconf 75' lang='lat' dir='ltr'>Tendendo</span> <span class='ocrx_word' id='word_1_1447' title='bbox 190 3202 299 3237; x_wconf 81' lang='lat' dir='ltr'>longius,</span> <span class='ocrx_word' id='word_1_1448' title='bbox 315 3205 405 3238; x_wconf 87' lang='lat' dir='ltr'>latius,</span> <span class='ocrx_word' id='word_1_1449' title='bbox 424 3204 516 3231; x_wconf 68' lang='lat' dir='ltr'>reflius</span> <span class='ocrx_word' id='word_1_1450' title='bbox 529 3205 624 3240; x_wconf 74' lang='lat' dir='ltr'>aliquid</span> <span class='ocrx_word' id='word_1_1451' title='bbox 630 3204 731 3240; x_wconf 81' lang='lat' dir='ltr'>facere,</span> <span class='ocrx_word' id='word_1_1452' title='bbox 751 3205 887 3244; x_wconf 69' lang='lat' dir='ltr'>EaprIcarc.</span> 
     </span>
    </p>
   </div>
   <div class='ocr_carea' id='block_1_40' title="bbox 30 2425 1069 2462">
    <p class='ocr_par' dir='ltr' id='par_1_62' title="bbox 30 2425 1069 2462">
     <span class='ocr_line' id='line_1_157' title="bbox 30 2425 1069 2462; baseline 0.006 -10"><span class='ocrx_word' id='word_1_1453' title='bbox 30 2425 168 2462; x_wconf 81' lang='lat' dir='ltr'>opiniones</span> <span class='ocrx_word' id='word_1_1454' title='bbox 186 2426 258 2453; x_wconf 66' lang='lat' dir='ltr'>ficitas</span> <span class='ocrx_word' id='word_1_1455' title='bbox 278 2432 357 2462; x_wconf 88' lang='lat' dir='ltr'>atque</span> <span class='ocrx_word' id='word_1_1456' title='bbox 372 2436 451 2455; x_wconf 83' lang='lat' dir='ltr'>vanas</span> <span class='ocrx_word' id='word_1_1457' title='bbox 470 2426 645 2455; x_wconf 84' lang='lat' dir='ltr'>diuturnitate</span> <span class='ocrx_word' id='word_1_1458' title='bbox 664 2429 816 2456; x_wconf 78' lang='lat' dir='ltr'>extabuiffe.</span> <span class='ocrx_word' id='word_1_1459' title='bbox 841 2431 865 2457; x_wconf 82' lang='lat' dir='ltr'>h.</span> <span class='ocrx_word' id='word_1_1460' title='bbox 880 2440 899 2457; x_wconf 75' lang='lat' dir='ltr'>e.</span> <span class='ocrx_word' id='word_1_1461' title='bbox 916 2432 1034 2457; x_wconf 76' lang='lat' dir='ltr'>Mortuos</span> <span class='ocrx_word' id='word_1_1462' title='bbox 1045 2437 1069 2458; x_wconf 77' lang='lat' dir='ltr'>et</span> 
     </span>
    </p>
   </div>
   <div class='ocr_carea' id='block_1_41' title="bbox 29 2531 1222 2814">
    <p class='ocr_par' dir='ltr' id='par_1_63' title="bbox 29 2531 1222 2814">
     <span class='ocr_line' id='line_1_158' title="bbox 259 2531 1222 2572; baseline 0.009 -14"><span class='ocrx_word' id='word_1_1463' title='bbox 259 2531 307 2559; x_wconf 82' lang='lat' dir='ltr'>Vbi</span> <span class='ocrx_word' id='word_1_1464' title='bbox 336 2532 383 2559; x_wconf 87' lang='lat' dir='ltr'>alii</span> <span class='ocrx_word' id='word_1_1465' title='bbox 412 2537 573 2565; x_wconf 84' lang='lat' dir='ltr'>attenuatae,</span> <span class='ocrx_word' id='word_1_1466' title='bbox 593 2535 643 2571; x_wconf 79' lang='lat' dir='ltr'>legi</span> <span class='ocrx_word' id='word_1_1467' title='bbox 673 2535 739 2562; x_wconf 79' lang='lat' dir='ltr'>iubet</span> <span class='ocrx_word' id='word_1_1468' title='bbox 769 2536 837 2572; x_wconf 63' lang='lat' dir='ltr'>Lipst</span> <span class='ocrx_word' id='word_1_1469' title='bbox 871 2534 948 2563; x_wconf 67' lang='grc' dir='ltr'>ΕΙεὲῖ.</span> <span class='ocrx_word' id='word_1_1470' title='bbox 981 2547 1012 2569; x_wconf 89' lang='lat'>2,</span> <span class='ocrx_word' id='word_1_1471' title='bbox 1031 2546 1067 2564; x_wconf 82' lang='grc'>12.</span> <span class='ocrx_word' id='word_1_1472' title='bbox 1086 2539 1117 2572; x_wconf 86' lang='lat'>65</span> <span class='ocrx_word' id='word_1_1473' title='bbox 1134 2540 1172 2565; x_wconf 81' lang='lat'>28·</span> <span class='ocrx_word' id='word_1_1474' title='bbox 1187 2542 1222 2567; x_wconf 68' lang='grc'>31·-</span> 
     </span>
     <span class='ocr_line' id='line_1_159' title="bbox 67 2603 1068 2643; baseline 0.007 -16"><span class='ocrx_word' id='word_1_1475' title='bbox 67 2607 240 2633; x_wconf 77' lang='lat' dir='ltr'>EXTELO,</span> <span class='ocrx_word' id='word_1_1476' title='bbox 277 2604 330 2629; x_wconf 67' lang='lat' dir='ltr'>are.</span> <span class='ocrx_word' id='word_1_1477' title='bbox 369 2603 505 2636; x_wconf 84' lang='lat' dir='ltr'>Extelare,</span> <span class='ocrx_word' id='word_1_1478' title='bbox 521 2604 682 2641; x_wconf 66' lang='grc' dir='ltr'>ἐλευθερῶσαι</span> <span class='ocrx_word' id='word_1_1479' title='bbox 712 2605 790 2633; x_wconf 81' lang='lat' dir='ltr'>Gloff.</span> <span class='ocrx_word' id='word_1_1480' title='bbox 802 2605 877 2643; x_wconf 77' lang='lat' dir='ltr'>forte</span> <span class='ocrx_word' id='word_1_1481' title='bbox 897 2616 926 2633; x_wconf 80' lang='lat' dir='ltr'>cx</span> <span class='ocrx_word' id='word_1_1482' title='bbox 944 2608 1002 2634; x_wconf 81' lang='lat' dir='ltr'>telis</span> <span class='ocrx_word' id='word_1_1483' title='bbox 1025 2607 1068 2635; x_wconf 85' lang='lat' dir='ltr'>ho-</span> 
     </span>
     <span class='ocr_line' id='line_1_160' title="bbox 701 2708 1202 2745; baseline -0.002 -10"><span class='ocrx_word' id='word_1_1484' title='bbox 701 2709 860 2739; x_wconf 74' lang='lat' dir='ltr'>Subitaneus‚</span> <span class='ocrx_word' id='word_1_1485' title='bbox 879 2709 908 2734; x_wconf 82' lang='lat' dir='ltr'>de</span> <span class='ocrx_word' id='word_1_1486' title='bbox 936 2717 982 2745; x_wconf 82' lang='lat' dir='ltr'>quo</span> <span class='ocrx_word' id='word_1_1487' title='bbox 1011 2715 1069 2735; x_wconf 79' lang='lat' dir='ltr'>ante</span> <span class='ocrx_word' id='word_1_1488' title='bbox 1083 2716 1119 2743; x_wconf 89' lang='lat'>70</span> <span class='ocrx_word' id='word_1_1489' title='bbox 1134 2708 1202 2741; x_wconf 71' lang='lat' dir='ltr'>sicae.</span> 
     </span>
     <span class='ocr_line' id='line_1_161' title="bbox 29 2742 1070 2780; baseline 0.001 -10"><span class='ocrx_word' id='word_1_1490' title='bbox 29 2742 281 2780; x_wconf 36' lang='lat' dir='ltr'>cogitandi-facultas</span> <span class='ocrx_word' id='word_1_1491' title='bbox 293 2744 412 2780; x_wconf 77' lang='lat' dir='ltr'>nonfuit.</span> <span class='ocrx_word' id='word_1_1492' title='bbox 447 2744 638 2777; x_wconf 83' lang='lat' dir='ltr'>Extemporalis</span> <span class='ocrx_word' id='word_1_1493' title='bbox 653 2744 740 2771; x_wconf 88' lang='lat' dir='ltr'>oratio</span> <span class='ocrx_word' id='word_1_1494' title='bbox 759 2744 890 2778; x_wconf 67' lang='lat' dir='ltr'>Quinctil.</span> <span class='ocrx_word' id='word_1_1495' title='bbox 898 2754 925 2778; x_wconf 91' lang='lat'>4,</span> <span class='ocrx_word' id='word_1_1496' title='bbox 935 2753 954 2770; x_wconf 91' lang='lat'>1.</span> <span class='ocrx_word' id='word_1_1497' title='bbox 991 2744 1070 2771; x_wconf 69' lang='lat' dir='ltr'>Aelio</span> 
     </span>
     <span class='ocr_line' id='line_1_162' title="bbox 709 2780 1069 2814; baseline 0.006 -9"><span class='ocrx_word' id='word_1_1498' title='bbox 709 2780 827 2806; x_wconf 87' lang='lat' dir='ltr'>Facultas</span> <span class='ocrx_word' id='word_1_1499' title='bbox 847 2780 916 2806; x_wconf 85' lang='lat' dir='ltr'>Suet.</span> <span class='ocrx_word' id='word_1_1500' title='bbox 925 2781 989 2814; x_wconf 87' lang='lat' dir='ltr'>Aug.</span> <span class='ocrx_word' id='word_1_1501' title='bbox 997 2789 1018 2806; x_wconf 88' lang='lat' dir='ltr'>c.</span> <span class='ocrx_word' id='word_1_1502' title='bbox 1028 2786 1069 2813; x_wconf 88' lang='lat'>84.</span> 
     </span>
    </p>
   </div>
   <div class='ocr_carea' id='block_1_42' title="bbox 917 2815 1070 2842">
    <p class='ocr_par' dir='ltr' id='par_1_64' title="bbox 917 2815 1070 2842">
     <span class='ocr_line' id='line_1_163' title="bbox 917 2815 1070 2842; baseline 0 0"><span class='ocrx_word' id='word_1_1503' title='bbox 917 2815 1070 2842; x_wconf 87' lang='lat' dir='ltr'>Temeritas</span> 
     </span>
    </p>
   </div>
   <div class='ocr_carea' id='block_1_43' title="bbox 1086 2882 1895 2919">
    <p class='ocr_par' dir='ltr' id='par_1_65' title="bbox 1086 2882 1895 2919">
     <span class='ocr_line' id='line_1_164' title="bbox 1086 2882 1895 2919; baseline 0.001 -9"><span class='ocrx_word' id='word_1_1504' title='bbox 1086 2890 1118 2919; x_wconf 91' lang='lat'>75</span> <span class='ocrx_word' id='word_1_1505' title='bbox 1134 2891 1221 2911; x_wconf 83' lang='lat' dir='ltr'>antem</span> <span class='ocrx_word' id='word_1_1506' title='bbox 1235 2890 1336 2910; x_wconf 85' lang='lat' dir='ltr'>caetera</span> <span class='ocrx_word' id='word_1_1507' title='bbox 1356 2883 1413 2909; x_wconf 82' lang='lat' dir='ltr'>Cic.</span> <span class='ocrx_word' id='word_1_1508' title='bbox 1426 2882 1508 2909; x_wconf 86' lang='lat' dir='ltr'>Tusc.</span> <span class='ocrx_word' id='word_1_1509' title='bbox 1523 2890 1535 2915; x_wconf 89' lang='lat'>5</span> <span class='ocrx_word' id='word_1_1510' title='bbox 1548 2891 1569 2908; x_wconf 90' lang='lat' dir='ltr'>c.</span> <span class='ocrx_word' id='word_1_1511' title='bbox 1583 2887 1607 2912; x_wconf 83' lang='lat'>18</span> <span class='ocrx_word' id='word_1_1512' title='bbox 1618 2883 1652 2908; x_wconf 89' lang='lat' dir='ltr'>al.</span> <span class='ocrx_word' id='word_1_1513' title='bbox 1667 2883 1895 2911; x_wconf 83' lang='lat' dir='ltr'>exterminantem.</span> 
     </span>
    </p>
   </div>
   <div class='ocr_carea' id='block_1_44' title="bbox 40 3059 1631 3139">
    <p class='ocr_par' dir='ltr' id='par_1_66' title="bbox 40 3059 1631 3139">
     <span class='ocr_line' id='line_1_165' title="bbox 675 3059 1631 3099; baseline -0.004 -10"><span class='ocrx_word' id='word_1_1514' title='bbox 675 3071 722 3097; x_wconf 87' lang='lat' dir='ltr'>pro</span> <span class='ocrx_word' id='word_1_1515' title='bbox 743 3063 922 3097; x_wconf 75' lang='lat' dir='ltr'>Extemporali,</span> <span class='ocrx_word' id='word_1_1516' title='bbox 938 3063 1069 3099; x_wconf 80' lang='lat' dir='ltr'>peruulga-</span> <span class='ocrx_word' id='word_1_1517' title='bbox 1079 3064 1111 3090; x_wconf 90' lang='lat'>80</span> <span class='ocrx_word' id='word_1_1518' title='bbox 1133 3068 1220 3089; x_wconf 87' lang='lat' dir='ltr'>autem</span> <span class='ocrx_word' id='word_1_1519' title='bbox 1233 3066 1368 3091; x_wconf 86' lang='lat' dir='ltr'>concretus</span> <span class='ocrx_word' id='word_1_1520' title='bbox 1382 3061 1408 3086; x_wconf 86' lang='lat' dir='ltr'>in</span> <span class='ocrx_word' id='word_1_1521' title='bbox 1422 3060 1504 3085; x_wconf 84' lang='lat' dir='ltr'>nubes</span> <span class='ocrx_word' id='word_1_1522' title='bbox 1519 3059 1631 3093; x_wconf 83' lang='lat' dir='ltr'>cogitur.</span> 
     </span>
     <span class='ocr_line' id='line_1_166' title="bbox 40 3096 1069 3139; baseline 0 -14"><span class='ocrx_word' id='word_1_1523' title='bbox 40 3100 106 3125; x_wconf 73' lang='lat' dir='ltr'>tum,</span> <span class='ocrx_word' id='word_1_1524' title='bbox 123 3097 239 3139; x_wconf 70' lang='lat' dir='ltr'>improbat</span> <span class='ocrx_word' id='word_1_1525' title='bbox 256 3096 318 3131; x_wconf 75' lang='lat' dir='ltr'>Voffl</span> <span class='ocrx_word' id='word_1_1526' title='bbox 332 3098 360 3124; x_wconf 74' lang='lat' dir='ltr'>de</span> <span class='ocrx_word' id='word_1_1527' title='bbox 380 3099 432 3125; x_wconf 87' lang='lat' dir='ltr'>Vit.</span> <span class='ocrx_word' id='word_1_1528' title='bbox 445 3099 475 3125; x_wconf 89' lang='lat' dir='ltr'>L.</span> <span class='ocrx_word' id='word_1_1529' title='bbox 487 3099 516 3124; x_wconf 89' lang='lat' dir='ltr'>L.</span> <span class='ocrx_word' id='word_1_1530' title='bbox 532 3108 559 3131; x_wconf 88' lang='lat'>1,</span> <span class='ocrx_word' id='word_1_1531' title='bbox 571 3108 608 3133; x_wconf 87' lang='lat'>19.</span> <span class='ocrx_word' id='word_1_1532' title='bbox 646 3098 723 3126; x_wconf 80' lang='lat' dir='ltr'>Gloff.</span> <span class='ocrx_word' id='word_1_1533' title='bbox 743 3098 800 3125; x_wconf 91' lang='lat' dir='ltr'>Lat.</span> <span class='ocrx_word' id='word_1_1534' title='bbox 817 3099 863 3125; x_wconf 91' lang='lat' dir='ltr'>Gr.</span> <span class='ocrx_word' id='word_1_1535' title='bbox 899 3099 1069 3133; x_wconf 81' lang='lat' dir='ltr'>Extempora-</span> 
     </span>
    </p>
   </div>
   <div class='ocr_carea' id='block_1_45' title="bbox 935 3205 1069 3231">
    <p class='ocr_par' dir='ltr' id='par_1_67' title="bbox 935 3205 1069 3231">
     <span class='ocr_line' id='line_1_167' title="bbox 935 3205 1069 3231; baseline -0.007 0"><span class='ocrx_word' id='word_1_1536' title='bbox 935 3205 1069 3231; x_wconf 88' lang='lat' dir='ltr'>Columel.</span> 
     </span>
    </p>
   </div>
   <div class='ocr_carea' id='block_1_46' title="bbox 1133 2388 2174 2705">
    <p class='ocr_par' dir='ltr' id='par_1_68' title="bbox 1133 2388 2174 2705">
     <span class='ocr_line' id='line_1_168' title="bbox 1134 2388 2174 2425; baseline -0.005 -6"><span class='ocrx_word' id='word_1_1537' title='bbox 1134 2393 1210 2419; x_wconf 74' lang='lat' dir='ltr'>Acies</span> <span class='ocrx_word' id='word_1_1538' title='bbox 1225 2397 1378 2423; x_wconf 85' lang='lat' dir='ltr'>extenuata,</span> <span class='ocrx_word' id='word_1_1539' title='bbox 1399 2394 1416 2416; x_wconf 80' lang='lat' dir='ltr'>i.</span> <span class='ocrx_word' id='word_1_1540' title='bbox 1431 2393 1529 2416; x_wconf 74' lang='lat' dir='ltr'>minime</span> <span class='ocrx_word' id='word_1_1541' title='bbox 1542 2390 1615 2425; x_wconf 79' lang='lat' dir='ltr'>densa</span> <span class='ocrx_word' id='word_1_1542' title='bbox 1640 2388 1699 2416; x_wconf 89' lang='lat' dir='ltr'>Sall.</span> <span class='ocrx_word' id='word_1_1543' title='bbox 1714 2390 1769 2424; x_wconf 81' lang='lat' dir='ltr'>Iug.</span> <span class='ocrx_word' id='word_1_1544' title='bbox 1785 2399 1830 2423; x_wconf 87' lang='lat'>49,</span> <span class='ocrx_word' id='word_1_1545' title='bbox 1845 2399 1864 2416; x_wconf 93' lang='lat'>1.</span> <span class='ocrx_word' id='word_1_1546' title='bbox 1971 2392 2080 2419; x_wconf 85' lang='lat' dir='ltr'>Causam</span> <span class='ocrx_word' id='word_1_1547' title='bbox 2098 2395 2174 2421; x_wconf 69' lang='lat' dir='ltr'>tehe-</span> 
     </span>
     <span class='ocr_line' id='line_1_169' title="bbox 1133 2426 2172 2459; baseline 0.001 -5"><span class='ocrx_word' id='word_1_1548' title='bbox 1133 2435 1236 2455; x_wconf 87' lang='lat' dir='ltr'>menter</span> <span class='ocrx_word' id='word_1_1549' title='bbox 1262 2427 1338 2453; x_wconf 60' lang='lat' dir='ltr'>Auci.</span> <span class='ocrx_word' id='word_1_1550' title='bbox 1352 2426 1383 2452; x_wconf 87' lang='lat' dir='ltr'>ad</span> <span class='ocrx_word' id='word_1_1551' title='bbox 1397 2427 1495 2452; x_wconf 75' lang='lat' dir='ltr'>Hei-en.</span> <span class='ocrx_word' id='word_1_1552' title='bbox 1510 2434 1534 2455; x_wconf 88' lang='grc'>2,</span> <span class='ocrx_word' id='word_1_1553' title='bbox 1550 2435 1576 2458; x_wconf 94' lang='grc'>4.</span> <span class='ocrx_word' id='word_1_1554' title='bbox 1648 2426 1745 2451; x_wconf 84' lang='lat' dir='ltr'>Census</span> <span class='ocrx_word' id='word_1_1555' title='bbox 1763 2426 1818 2452; x_wconf 87' lang='lat' dir='ltr'>Cic.</span> <span class='ocrx_word' id='word_1_1556' title='bbox 1835 2427 2001 2459; x_wconf 76' lang='lat' dir='ltr'>Verr.2,138.</span> <span class='ocrx_word' id='word_1_1557' title='bbox 2098 2429 2172 2457; x_wconf 83' lang='lat' dir='ltr'>Idem</span> 
     </span>
     <span class='ocr_line' id='line_1_170' title="bbox 1134 2460 2171 2498; baseline -0.001 -8"><span class='ocrx_word' id='word_1_1558' title='bbox 1134 2464 1165 2490; x_wconf 88' lang='lat' dir='ltr'>de</span> <span class='ocrx_word' id='word_1_1559' title='bbox 1181 2464 1216 2490; x_wconf 90' lang='lat' dir='ltr'>N.</span> <span class='ocrx_word' id='word_1_1560' title='bbox 1230 2464 1261 2490; x_wconf 87' lang='lat' dir='ltr'>D.</span> <span class='ocrx_word' id='word_1_1561' title='bbox 1276 2472 1302 2495; x_wconf 88' lang='grc'>2,</span> <span class='ocrx_word' id='word_1_1562' title='bbox 1316 2471 1360 2496; x_wconf 83' lang='grc'>134</span> <span class='ocrx_word' id='word_1_1563' title='bbox 1373 2471 1394 2489; x_wconf 83' lang='lat' dir='ltr'>c.</span> <span class='ocrx_word' id='word_1_1564' title='bbox 1409 2469 1440 2495; x_wconf 87' lang='lat'>54</span> <span class='ocrx_word' id='word_1_1565' title='bbox 1461 2460 1590 2487; x_wconf 80' lang='lat' dir='ltr'>Dentibus</span> <span class='ocrx_word' id='word_1_1566' title='bbox 1603 2461 1631 2486; x_wconf 91' lang='lat' dir='ltr'>in</span> <span class='ocrx_word' id='word_1_1567' title='bbox 1643 2469 1690 2487; x_wconf 90' lang='lat' dir='ltr'>ore</span> <span class='ocrx_word' id='word_1_1568' title='bbox 1704 2461 1858 2486; x_wconf 60' lang='lat' dir='ltr'>constructis</span> <span class='ocrx_word' id='word_1_1569' title='bbox 1872 2461 2021 2492; x_wconf 79' lang='lat' dir='ltr'>manditur,</span> <span class='ocrx_word' id='word_1_1570' title='bbox 2043 2467 2121 2498; x_wconf 88' lang='lat' dir='ltr'>atque</span> <span class='ocrx_word' id='word_1_1571' title='bbox 2137 2464 2171 2491; x_wconf 88' lang='lat' dir='ltr'>ab</span> 
     </span>
     <span class='ocr_line' id='line_1_171' title="bbox 1133 2496 2172 2527; baseline 0 -1"><span class='ocrx_word' id='word_1_1572' title='bbox 1133 2499 1174 2526; x_wconf 91' lang='lat' dir='ltr'>his</span> <span class='ocrx_word' id='word_1_1573' title='bbox 1189 2504 1345 2525; x_wconf 86' lang='lat' dir='ltr'>extenuatur</span> <span class='ocrx_word' id='word_1_1574' title='bbox 1358 2504 1385 2524; x_wconf 86' lang='lat' dir='ltr'>et</span> <span class='ocrx_word' id='word_1_1575' title='bbox 1397 2497 1517 2523; x_wconf 85' lang='lat' dir='ltr'>mollitur</span> <span class='ocrx_word' id='word_1_1576' title='bbox 1530 2496 1612 2522; x_wconf 86' lang='lat' dir='ltr'>cibus.</span> <span class='ocrx_word' id='word_1_1577' title='bbox 1685 2496 1824 2522; x_wconf 84' lang='lat' dir='ltr'>Cicatrices</span> <span class='ocrx_word' id='word_1_1578' title='bbox 1837 2501 1976 2522; x_wconf 81' lang='lat' dir='ltr'>extenuare</span> <span class='ocrx_word' id='word_1_1579' title='bbox 1999 2498 2117 2525; x_wconf 79' lang='lat' dir='ltr'>Scribon.</span> <span class='ocrx_word' id='word_1_1580' title='bbox 2131 2502 2172 2527; x_wconf 90' lang='lat'>26.</span> 
     </span>
     <span class='ocr_line' id='line_1_172' title="bbox 1329 2531 2172 2568; baseline 0.001 -8"><span class='ocrx_word' id='word_1_1581' title='bbox 1329 2534 1432 2566; x_wconf 87' lang='lat' dir='ltr'>Corpus</span> <span class='ocrx_word' id='word_1_1582' title='bbox 1458 2532 1522 2558; x_wconf 86' lang='lat' dir='ltr'>Plin.</span> <span class='ocrx_word' id='word_1_1583' title='bbox 1542 2539 1575 2563; x_wconf 84' lang='lat'>15,</span> <span class='ocrx_word' id='word_1_1584' title='bbox 1592 2540 1613 2562; x_wconf 83' lang='grc'>3.</span> <span class='ocrx_word' id='word_1_1585' title='bbox 1632 2531 1656 2557; x_wconf 81' lang='lat' dir='ltr'>h.</span> <span class='ocrx_word' id='word_1_1586' title='bbox 1674 2540 1693 2556; x_wconf 75' lang='lat' dir='ltr'>e.</span> <span class='ocrx_word' id='word_1_1587' title='bbox 1716 2531 1918 2565; x_wconf 46' lang='lat' dir='ltr'>marsosum&amp;</span> <span class='ocrx_word' id='word_1_1588' title='bbox 1990 2533 2044 2559; x_wconf 91' lang='lat' dir='ltr'>Cic.</span> <span class='ocrx_word' id='word_1_1589' title='bbox 2059 2535 2133 2561; x_wconf 85' lang='lat' dir='ltr'>Verr.</span> <span class='ocrx_word' id='word_1_1590' title='bbox 2149 2543 2172 2568; x_wconf 86' lang='lat'>5,</span> 
     </span>
     <span class='ocr_line' id='line_1_173' title="bbox 1134 2565 2173 2603; baseline 0 -6"><span class='ocrx_word' id='word_1_1591' title='bbox 1134 2576 1161 2602; x_wconf 81' lang='lat'>83</span> <span class='ocrx_word' id='word_1_1592' title='bbox 1178 2569 1272 2596; x_wconf 84' lang='lat' dir='ltr'>Statuit</span> <span class='ocrx_word' id='word_1_1593' title='bbox 1287 2568 1304 2595; x_wconf 85' lang='lat' dir='ltr'>fi</span> <span class='ocrx_word' id='word_1_1594' title='bbox 1320 2569 1370 2594; x_wconf 89' lang='lat' dir='ltr'>hoc</span> <span class='ocrx_word' id='word_1_1595' title='bbox 1378 2568 1488 2593; x_wconf 86' lang='lat' dir='ltr'>Crimen</span> <span class='ocrx_word' id='word_1_1596' title='bbox 1502 2573 1643 2592; x_wconf 80' lang='lat' dir='ltr'>extenuare</span> <span class='ocrx_word' id='word_1_1597' title='bbox 1656 2565 1744 2596; x_wconf 88' lang='lat' dir='ltr'>vellet,</span> <span class='ocrx_word' id='word_1_1598' title='bbox 1763 2569 1834 2596; x_wconf 86' lang='lat' dir='ltr'>(nam</span> <span class='ocrx_word' id='word_1_1599' title='bbox 1846 2566 1957 2592; x_wconf 85' lang='grc'>00101110</span> <span class='ocrx_word' id='word_1_1600' title='bbox 1969 2568 2027 2594; x_wconf 90' lang='lat' dir='ltr'>tolli</span> <span class='ocrx_word' id='word_1_1601' title='bbox 2041 2570 2109 2603; x_wconf 73' lang='lat' dir='ltr'>posse</span> <span class='ocrx_word' id='word_1_1602' title='bbox 2117 2579 2173 2598; x_wconf 90' lang='lat' dir='ltr'>non</span> 
     </span>
     <span class='ocr_line' id='line_1_174' title="bbox 1133 2600 2171 2638; baseline -0.005 -7"><span class='ocrx_word' id='word_1_1603' title='bbox 1133 2605 1328 2634; x_wconf 80' lang='lat' dir='ltr'>arbitrabatur)</span> <span class='ocrx_word' id='word_1_1604' title='bbox 1349 2602 1491 2628; x_wconf 84' lang='lat' dir='ltr'>nauarchos</span> <span class='ocrx_word' id='word_1_1605' title='bbox 1507 2609 1597 2626; x_wconf 88' lang='lat' dir='ltr'>omnes</span> <span class='ocrx_word' id='word_1_1606' title='bbox 1611 2600 1685 2626; x_wconf 85' lang='lat' dir='ltr'>testes</span> <span class='ocrx_word' id='word_1_1607' title='bbox 1700 2600 1738 2625; x_wconf 87' lang='lat' dir='ltr'>sui</span> <span class='ocrx_word' id='word_1_1608' title='bbox 1758 2601 1861 2627; x_wconf 86' lang='lat' dir='ltr'>sceleris</span> <span class='ocrx_word' id='word_1_1609' title='bbox 1879 2601 1935 2627; x_wconf 90' lang='lat' dir='ltr'>vita</span> <span class='ocrx_word' id='word_1_1610' title='bbox 1954 2603 2001 2629; x_wconf 79' lang='lat' dir='ltr'>effe</span> <span class='ocrx_word' id='word_1_1611' title='bbox 2019 2605 2171 2638; x_wconf 68' lang='lat' dir='ltr'>priuandos,</span> 
     </span>
     <span class='ocr_line' id='line_1_175' title="bbox 1134 2634 2172 2671; baseline -0.005 -6"><span class='ocrx_word' id='word_1_1612' title='bbox 1134 2642 1204 2666; x_wconf 86' lang='lat' dir='ltr'>Cura</span> <span class='ocrx_word' id='word_1_1613' title='bbox 1219 2639 1298 2671; x_wconf 86' lang='lat' dir='ltr'>longa</span> <span class='ocrx_word' id='word_1_1614' title='bbox 1310 2638 1346 2663; x_wconf 87' lang='lat' dir='ltr'>est</span> <span class='ocrx_word' id='word_1_1615' title='bbox 1358 2636 1520 2663; x_wconf 76' lang='lat' dir='ltr'>extenuanda</span> <span class='ocrx_word' id='word_1_1616' title='bbox 1533 2643 1608 2661; x_wconf 87' lang='lat' dir='ltr'>mora</span> <span class='ocrx_word' id='word_1_1617' title='bbox 1624 2634 1704 2661; x_wconf 89' lang='lat' dir='ltr'>Ouid.</span> <span class='ocrx_word' id='word_1_1618' title='bbox 1721 2643 1753 2661; x_wconf 86' lang='lat' dir='ltr'>ex</span> <span class='ocrx_word' id='word_1_1619' title='bbox 1768 2637 1841 2662; x_wconf 90' lang='lat' dir='ltr'>Pont.</span> <span class='ocrx_word' id='word_1_1620' title='bbox 1857 2644 1874 2666; x_wconf 88' lang='grc'>1,</span> <span class='ocrx_word' id='word_1_1621' title='bbox 1888 2644 1917 2669; x_wconf 82' lang='grc'>3,</span> <span class='ocrx_word' id='word_1_1622' title='bbox 1931 2639 1969 2663; x_wconf 77' lang='grc'>;6.</span> <span class='ocrx_word' id='word_1_1623' title='bbox 2065 2641 2172 2668; x_wconf 64' lang='lat' dir='ltr'>Famam</span> 
     </span>
     <span class='ocr_line' id='line_1_176' title="bbox 1134 2670 2172 2705; baseline 0.001 -6"><span class='ocrx_word' id='word_1_1624' title='bbox 1134 2674 1200 2700; x_wconf 86' lang='lat' dir='ltr'>belli</span> <span class='ocrx_word' id='word_1_1625' title='bbox 1216 2673 1275 2698; x_wconf 89' lang='lat' dir='ltr'>Liu.</span> <span class='ocrx_word' id='word_1_1626' title='bbox 1291 2681 1313 2704; x_wconf 89' lang='lat'>5,</span> <span class='ocrx_word' id='word_1_1627' title='bbox 1350 2691 1356 2697; x_wconf 91' lang='lat'>.</span> <span class='ocrx_word' id='word_1_1628' title='bbox 1394 2691 1400 2697; x_wconf 93' lang='lat'>.</span> <span class='ocrx_word' id='word_1_1629' title='bbox 1474 2670 1600 2705; x_wconf 84' lang='lat' dir='ltr'>Lapidem</span> <span class='ocrx_word' id='word_1_1630' title='bbox 1614 2677 1755 2697; x_wconf 88' lang='lat' dir='ltr'>extenuare</span> <span class='ocrx_word' id='word_1_1631' title='bbox 1781 2671 1900 2697; x_wconf 82' lang='lat' dir='ltr'>scribon.</span> <span class='ocrx_word' id='word_1_1632' title='bbox 1918 2680 1965 2704; x_wconf 77' lang='lat'>153.</span> <span class='ocrx_word' id='word_1_1633' title='bbox 1987 2672 2016 2700; x_wconf 82' lang='lat' dir='ltr'>de</span> <span class='ocrx_word' id='word_1_1634' title='bbox 2026 2677 2119 2703; x_wconf 79' lang='lat' dir='ltr'>calculo</span> <span class='ocrx_word' id='word_1_1635' title='bbox 2133 2687 2172 2704; x_wconf 78' lang='lat' dir='ltr'>ve.</span> 
     </span>
    </p>
   </div>
   <div class='ocr_carea' id='block_1_47' title="bbox 1127 2705 2174 2776">
    <p class='ocr_par' dir='ltr' id='par_1_69' title="bbox 1127 2705 2174 2776">
     <span class='ocr_line' id='line_1_177' title="bbox 1127 2705 2171 2742; baseline 0.001 -9"><span class='ocrx_word' id='word_1_1636' title='bbox 1127 2738 1132 2742; x_wconf 33' lang='grc' dir='ltr'>ι</span> <span class='ocrx_word' id='word_1_1637' title='bbox 1290 2706 1393 2733; x_wconf 86' lang='lat' dir='ltr'>Laudes</span> <span class='ocrx_word' id='word_1_1638' title='bbox 1411 2705 1518 2732; x_wconf 78' lang='lat' dir='ltr'>bellicas</span> <span class='ocrx_word' id='word_1_1639' title='bbox 1533 2705 1621 2732; x_wconf 86' lang='lat' dir='ltr'>verbis</span> <span class='ocrx_word' id='word_1_1640' title='bbox 1655 2706 1713 2732; x_wconf 90' lang='lat' dir='ltr'>Cic.</span> <span class='ocrx_word' id='word_1_1641' title='bbox 1728 2714 1776 2739; x_wconf 87' lang='lat' dir='ltr'>pro</span> <span class='ocrx_word' id='word_1_1642' title='bbox 1791 2706 1908 2733; x_wconf 85' lang='lat' dir='ltr'>Marcell.</span> <span class='ocrx_word' id='word_1_1643' title='bbox 1923 2709 1940 2733; x_wconf 92' lang='lat'>6</span> <span class='ocrx_word' id='word_1_1644' title='bbox 1954 2717 1974 2734; x_wconf 89' lang='lat' dir='ltr'>c.</span> <span class='ocrx_word' id='word_1_1645' title='bbox 1987 2716 2011 2734; x_wconf 88' lang='lat'>2.</span> <span class='ocrx_word' id='word_1_1646' title='bbox 2089 2712 2171 2740; x_wconf 72' lang='lat' dir='ltr'>Ouid,</span> 
     </span>
     <span class='ocr_line' id='line_1_178' title="bbox 1135 2741 2174 2776; baseline 0 -6"><span class='ocrx_word' id='word_1_1647' title='bbox 1135 2743 1221 2770; x_wconf 87' lang='lat' dir='ltr'>Trist.</span> <span class='ocrx_word' id='word_1_1648' title='bbox 1236 2751 1256 2774; x_wconf 85' lang='grc'>3,</span> <span class='ocrx_word' id='word_1_1649' title='bbox 1270 2752 1288 2773; x_wconf 80' lang='lat'>3,</span> <span class='ocrx_word' id='word_1_1650' title='bbox 1302 2750 1329 2775; x_wconf 90' lang='lat'>57</span> <span class='ocrx_word' id='word_1_1651' title='bbox 1346 2741 1425 2776; x_wconf 70' lang='lat' dir='ltr'>Qiod</span> <span class='ocrx_word' id='word_1_1652' title='bbox 1439 2747 1527 2776; x_wconf 83' lang='lat' dir='ltr'>potes,</span> <span class='ocrx_word' id='word_1_1653' title='bbox 1547 2747 1658 2768; x_wconf 82' lang='lat' dir='ltr'>extenua</span> <span class='ocrx_word' id='word_1_1654' title='bbox 1672 2741 1738 2767; x_wconf 88' lang='lat' dir='ltr'>forti</span> <span class='ocrx_word' id='word_1_1655' title='bbox 1753 2741 1821 2768; x_wconf 85' lang='lat' dir='ltr'>mala</span> <span class='ocrx_word' id='word_1_1656' title='bbox 1831 2742 1910 2769; x_wconf 88' lang='lat' dir='ltr'>corde</span> <span class='ocrx_word' id='word_1_1657' title='bbox 1923 2743 2042 2771; x_wconf 88' lang='lat' dir='ltr'>ferendo.</span> <span class='ocrx_word' id='word_1_1658' title='bbox 2114 2749 2174 2775; x_wconf 82' lang='lat' dir='ltr'>Mo.</span> 
     </span>
    </p>
   </div>
   <div class='ocr_carea' id='block_1_48' title="bbox 1133 2776 2174 3239">
    <p class='ocr_par' dir='ltr' id='par_1_70' title="bbox 1134 2776 2173 2849">
     <span class='ocr_line' id='line_1_179' title="bbox 1135 2776 2173 2811; baseline 0.003 -7"><span class='ocrx_word' id='word_1_1659' title='bbox 1135 2778 1219 2805; x_wconf 82' lang='lat' dir='ltr'>lcstias</span> <span class='ocrx_word' id='word_1_1660' title='bbox 1234 2784 1376 2804; x_wconf 75' lang='lat' dir='ltr'>extenuare</span> <span class='ocrx_word' id='word_1_1661' title='bbox 1390 2784 1416 2803; x_wconf 87' lang='lat' dir='ltr'>et</span> <span class='ocrx_word' id='word_1_1662' title='bbox 1430 2777 1531 2803; x_wconf 88' lang='lat' dir='ltr'>diluere</span> <span class='ocrx_word' id='word_1_1663' title='bbox 1551 2776 1607 2802; x_wconf 86' lang='lat' dir='ltr'>Cic.</span> <span class='ocrx_word' id='word_1_1664' title='bbox 1621 2776 1704 2802; x_wconf 85' lang='lat' dir='ltr'>Tusc.</span> <span class='ocrx_word' id='word_1_1665' title='bbox 1718 2784 1740 2808; x_wconf 84' lang='grc'>3,</span> <span class='ocrx_word' id='word_1_1666' title='bbox 1753 2784 1794 2809; x_wconf 78' lang='grc'>34.</span> <span class='ocrx_word' id='word_1_1667' title='bbox 1870 2778 1966 2804; x_wconf 86' lang='grc' dir='ltr'>Μ110115</span> <span class='ocrx_word' id='word_1_1668' title='bbox 1981 2780 2070 2808; x_wconf 86' lang='lat' dir='ltr'>verbis</span> <span class='ocrx_word' id='word_1_1669' title='bbox 2097 2783 2173 2811; x_wconf 80' lang='lat' dir='ltr'>Idem</span> 
     </span>
     <span class='ocr_line' id='line_1_180' title="bbox 1134 2812 2025 2849; baseline 0.002 -10"><span class='ocrx_word' id='word_1_1670' title='bbox 1134 2813 1186 2841; x_wconf 86' lang='lat' dir='ltr'>off.</span> <span class='ocrx_word' id='word_1_1671' title='bbox 1199 2823 1224 2846; x_wconf 88' lang='lat'>2,</span> <span class='ocrx_word' id='word_1_1672' title='bbox 1238 2821 1281 2848; x_wconf 89' lang='lat'>70.</span> <span class='ocrx_word' id='word_1_1673' title='bbox 1388 2812 1448 2846; x_wconf 86' lang='lat' dir='ltr'>Spes</span> <span class='ocrx_word' id='word_1_1674' title='bbox 1461 2817 1617 2837; x_wconf 85' lang='lat' dir='ltr'>extenuatur</span> <span class='ocrx_word' id='word_1_1675' title='bbox 1628 2817 1654 2837; x_wconf 88' lang='lat' dir='ltr'>et</span> <span class='ocrx_word' id='word_1_1676' title='bbox 1668 2812 1798 2838; x_wconf 83' lang='lat' dir='ltr'>euanescit</span> <span class='ocrx_word' id='word_1_1677' title='bbox 1815 2812 1870 2838; x_wconf 92' lang='lat' dir='ltr'>Cic.</span> <span class='ocrx_word' id='word_1_1678' title='bbox 1885 2814 1938 2840; x_wconf 88' lang='lat' dir='ltr'>Att.</span> <span class='ocrx_word' id='word_1_1679' title='bbox 1952 2823 1974 2846; x_wconf 84' lang='lat'>3,</span> <span class='ocrx_word' id='word_1_1680' title='bbox 1986 2824 2025 2849; x_wconf 87' lang='lat'>14.</span> 
     </span>
    </p>

    <p class='ocr_par' dir='ltr' id='par_1_71' title="bbox 1133 2846 2174 2950">
     <span class='ocr_line' id='line_1_181' title="bbox 1171 2846 2173 2882; baseline 0.002 -6"><span class='ocrx_word' id='word_1_1681' title='bbox 1171 2856 1188 2876; x_wconf 81' lang='lat' dir='ltr'>E</span> <span class='ocrx_word' id='word_1_1682' title='bbox 1198 2858 1214 2876; x_wconf 72' lang='lat' dir='ltr'>x</span> <span class='ocrx_word' id='word_1_1683' title='bbox 1222 2855 1243 2874; x_wconf 87' lang='lat' dir='ltr'>T</span> <span class='ocrx_word' id='word_1_1684' title='bbox 1252 2855 1268 2875; x_wconf 77' lang='grc' dir='ltr'><strong><em>Ε</em></strong></span> <span class='ocrx_word' id='word_1_1685' title='bbox 1279 2854 1301 2873; x_wconf 84' lang='grc' dir='ltr'>Ν</span> <span class='ocrx_word' id='word_1_1686' title='bbox 1311 2854 1333 2874; x_wconf 86' lang='grc' dir='ltr'><strong>ν</strong></span> <span class='ocrx_word' id='word_1_1687' title='bbox 1343 2855 1365 2874; x_wconf 87' lang='lat' dir='ltr'>A</span> <span class='ocrx_word' id='word_1_1688' title='bbox 1374 2855 1397 2873; x_wconf 94' lang='lat' dir='ltr'>N</span> <span class='ocrx_word' id='word_1_1689' title='bbox 1406 2854 1418 2873; x_wconf 88' lang='lat' dir='ltr'>s</span> <span class='ocrx_word' id='word_1_1690' title='bbox 1427 2867 1433 2877; x_wconf 93' lang='lat'>,</span> <span class='ocrx_word' id='word_1_1691' title='bbox 1454 2847 1529 2873; x_wconf 85' lang='lat' dir='ltr'>antis.</span> <span class='ocrx_word' id='word_1_1692' title='bbox 1555 2846 1648 2873; x_wconf 90' lang='lat' dir='ltr'>Partic.</span> <span class='ocrx_word' id='word_1_1693' title='bbox 1686 2847 1890 2881; x_wconf 82' lang='lat' dir='ltr'>Exaggerantem</span> <span class='ocrx_word' id='word_1_1694' title='bbox 1903 2849 2030 2876; x_wconf 83' lang='lat' dir='ltr'>virtutem</span> <span class='ocrx_word' id='word_1_1695' title='bbox 2040 2871 2046 2882; x_wconf 91' lang='lat'>,</span> <span class='ocrx_word' id='word_1_1696' title='bbox 2067 2858 2173 2881; x_wconf 86' lang='lat' dir='ltr'>extenu.</span> 
     </span>
     <span class='ocr_line' id='line_1_182' title="bbox 1344 2887 2174 2924; baseline 0.004 -13"><span class='ocrx_word' id='word_1_1697' title='bbox 1344 2918 1349 2923; x_wconf 36' lang='grc' dir='ltr'><em>Π</em></span> <span class='ocrx_word' id='word_1_1698' title='bbox 1984 2887 2082 2914; x_wconf 88' lang='lat' dir='ltr'>Omnia</span> <span class='ocrx_word' id='word_1_1699' title='bbox 2093 2890 2174 2924; x_wconf 82' lang='lat' dir='ltr'>pitui.</span> 
     </span>
     <span class='ocr_line' id='line_1_183' title="bbox 1133 2919 1571 2950; baseline -0.009 -3"><span class='ocrx_word' id='word_1_1700' title='bbox 1133 2928 1186 2947; x_wconf 87' lang='lat' dir='ltr'>tam</span> <span class='ocrx_word' id='word_1_1701' title='bbox 1200 2924 1368 2946; x_wconf 76' lang='lat' dir='ltr'>extenuantia</span> <span class='ocrx_word' id='word_1_1702' title='bbox 1385 2919 1450 2945; x_wconf 78' lang='lat' dir='ltr'>Cels.</span> <span class='ocrx_word' id='word_1_1703' title='bbox 1466 2920 1491 2950; x_wconf 90' lang='lat'>6,</span> <span class='ocrx_word' id='word_1_1704' title='bbox 1508 2920 1534 2950; x_wconf 91' lang='lat'>6,</span> <span class='ocrx_word' id='word_1_1705' title='bbox 1548 2923 1571 2946; x_wconf 85' lang='lat'>8.</span> 
     </span>
    </p>

    <p class='ocr_par' dir='ltr' id='par_1_72' title="bbox 1133 2952 2173 3239">
     <span class='ocr_line' id='line_1_184' title="bbox 1169 2952 2173 2993; baseline 0 -12"><span class='ocrx_word' id='word_1_1706' title='bbox 1169 2963 1186 2983; x_wconf 82' lang='lat' dir='ltr'><strong>E</strong></span> <span class='ocrx_word' id='word_1_1707' title='bbox 1195 2963 1211 2981; x_wconf 77' lang='lat' dir='ltr'>x</span> <span class='ocrx_word' id='word_1_1708' title='bbox 1224 2961 1245 2981; x_wconf 76' lang='lat' dir='ltr'>‘r</span> <span class='ocrx_word' id='word_1_1709' title='bbox 1256 2961 1273 2982; x_wconf 79' lang='lat' dir='ltr'>E</span> <span class='ocrx_word' id='word_1_1710' title='bbox 1285 2962 1303 2980; x_wconf 85' lang='lat' dir='ltr'>N</span> <span class='ocrx_word' id='word_1_1711' title='bbox 1318 2962 1339 2981; x_wconf 93' lang='lat' dir='ltr'>v</span> <span class='ocrx_word' id='word_1_1712' title='bbox 1352 2956 1401 2980; x_wconf 80' lang='grc' dir='ltr'>ᾸΤ</span> <span class='ocrx_word' id='word_1_1713' title='bbox 1410 2961 1430 2979; x_wconf 82' lang='lat' dir='ltr'>v</span> <span class='ocrx_word' id='word_1_1714' title='bbox 1441 2960 1453 2977; x_wconf 72' lang='lat' dir='ltr'>s</span> <span class='ocrx_word' id='word_1_1715' title='bbox 1462 2973 1468 2984; x_wconf 90' lang='lat'>‚</span> <span class='ocrx_word' id='word_1_1716' title='bbox 1488 2962 1502 2979; x_wconf 86' lang='lat' dir='ltr'>a</span> <span class='ocrx_word' id='word_1_1717' title='bbox 1511 2973 1518 2983; x_wconf 91' lang='lat'><strong>‚</strong></span> <span class='ocrx_word' id='word_1_1718' title='bbox 1536 2961 1589 2978; x_wconf 92' lang='lat' dir='ltr'>um.</span> <span class='ocrx_word' id='word_1_1719' title='bbox 1623 2952 1717 2980; x_wconf 84' lang='lat' dir='ltr'>Partic.</span> <span class='ocrx_word' id='word_1_1720' title='bbox 1751 2953 1932 2991; x_wconf 66' lang='grc' dir='ltr'>[λεπτυνθεὶς]</span> <span class='ocrx_word' id='word_1_1721' title='bbox 1967 2956 2015 2984; x_wconf 83' lang='lat' dir='ltr'>Cui</span> <span class='ocrx_word' id='word_1_1722' title='bbox 2042 2962 2173 2993; x_wconf 80' lang='lat' dir='ltr'>opponitur</span> 
     </span>
     <span class='ocr_line' id='line_1_185' title="bbox 1134 2989 2172 3022; baseline 0.004 -4"><span class='ocrx_word' id='word_1_1723' title='bbox 1134 2992 1288 3018; x_wconf 85' lang='lat' dir='ltr'>Concretus.</span> <span class='ocrx_word' id='word_1_1724' title='bbox 1325 2990 1380 3017; x_wconf 87' lang='lat' dir='ltr'>Cic.</span> <span class='ocrx_word' id='word_1_1725' title='bbox 1393 2989 1424 3015; x_wconf 82' lang='lat' dir='ltr'>de</span> <span class='ocrx_word' id='word_1_1726' title='bbox 1437 2989 1473 3015; x_wconf 91' lang='lat' dir='ltr'>N.</span> <span class='ocrx_word' id='word_1_1727' title='bbox 1491 2989 1522 3014; x_wconf 94' lang='lat' dir='ltr'>D.</span> <span class='ocrx_word' id='word_1_1728' title='bbox 1538 2996 1612 3020; x_wconf 86' lang='grc'>2,101</span> <span class='ocrx_word' id='word_1_1729' title='bbox 1626 2997 1648 3014; x_wconf 87' lang='lat' dir='ltr'>c.</span> <span class='ocrx_word' id='word_1_1730' title='bbox 1662 2997 1693 3021; x_wconf 81' lang='lat'>59</span> <span class='ocrx_word' id='word_1_1731' title='bbox 1712 2989 1779 3015; x_wconf 78' lang='lat' dir='ltr'>Exin</span> <span class='ocrx_word' id='word_1_1732' title='bbox 1793 2991 1860 3017; x_wconf 84' lang='lat' dir='ltr'>mari</span> <span class='ocrx_word' id='word_1_1733' title='bbox 1874 2990 2000 3018; x_wconf 82' lang='lat' dir='ltr'>finitimus</span> <span class='ocrx_word' id='word_1_1734' title='bbox 2017 2995 2063 3019; x_wconf 79' lang='lat' dir='ltr'>ae&#39;r</span> <span class='ocrx_word' id='word_1_1735' title='bbox 2080 2995 2124 3021; x_wconf 87' lang='lat' dir='ltr'>die</span> <span class='ocrx_word' id='word_1_1736' title='bbox 2147 3001 2172 3022; x_wconf 87' lang='lat' dir='ltr'>et</span> 
     </span>
     <span class='ocr_line' id='line_1_186' title="bbox 1133 3024 2172 3061; baseline 0.004 -8"><span class='ocrx_word' id='word_1_1737' title='bbox 1133 3027 1212 3054; x_wconf 68' lang='lat' dir='ltr'>nocte</span> <span class='ocrx_word' id='word_1_1738' title='bbox 1224 3025 1395 3059; x_wconf 82' lang='lat' dir='ltr'>distinguitur</span> <span class='ocrx_word' id='word_1_1739' title='bbox 1408 3035 1413 3050; x_wconf 93' lang='lat'><strong>:</strong></span> <span class='ocrx_word' id='word_1_1740' title='bbox 1433 3025 1508 3058; x_wconf 83' lang='lat' dir='ltr'>isque</span> <span class='ocrx_word' id='word_1_1741' title='bbox 1522 3029 1578 3050; x_wconf 90' lang='lat' dir='ltr'>tum</span> <span class='ocrx_word' id='word_1_1742' title='bbox 1591 3024 1664 3050; x_wconf 82' lang='lat' dir='ltr'>fusus</span> <span class='ocrx_word' id='word_1_1743' title='bbox 1679 3030 1705 3051; x_wconf 91' lang='lat' dir='ltr'>et</span> <span class='ocrx_word' id='word_1_1744' title='bbox 1717 3031 1870 3052; x_wconf 81' lang='lat' dir='ltr'>extenuatus</span> <span class='ocrx_word' id='word_1_1745' title='bbox 1883 3027 1994 3053; x_wconf 87' lang='lat' dir='ltr'>sublime</span> <span class='ocrx_word' id='word_1_1746' title='bbox 2008 3028 2102 3061; x_wconf 88' lang='lat' dir='ltr'>fertur,</span> <span class='ocrx_word' id='word_1_1747' title='bbox 2115 3035 2172 3057; x_wconf 81' lang='lat' dir='ltr'>turn</span> 
     </span>
     <span class='ocr_line' id='line_1_187' title="bbox 1704 3060 2172 3095; baseline 0.013 -9"><span class='ocrx_word' id='word_1_1748' title='bbox 1704 3060 1799 3086; x_wconf 92' lang='lat' dir='ltr'>Catull.</span> <span class='ocrx_word' id='word_1_1749' title='bbox 1816 3063 1848 3087; x_wconf 87' lang='lat'>62</span> <span class='ocrx_word' id='word_1_1750' title='bbox 1871 3064 1942 3094; x_wconf 86' lang='lat'>(64)</span> <span class='ocrx_word' id='word_1_1751' title='bbox 1962 3071 2004 3095; x_wconf 82' lang='lat'>295</span> <span class='ocrx_word' id='word_1_1752' title='bbox 2027 3064 2172 3092; x_wconf 85' lang='lat' dir='ltr'>Extenuata</span> 
     </span>
     <span class='ocr_line' id='line_1_188' title="bbox 1133 3095 2171 3133; baseline 0.003 -9"><span class='ocrx_word' id='word_1_1753' title='bbox 1133 3106 1225 3133; x_wconf 83' lang='lat' dir='ltr'>gerens</span> <span class='ocrx_word' id='word_1_1754' title='bbox 1238 3097 1335 3123; x_wconf 84' lang='lat' dir='ltr'>veteris</span> <span class='ocrx_word' id='word_1_1755' title='bbox 1348 3095 1458 3130; x_wconf 80' lang='lat' dir='ltr'>vestigia</span> <span class='ocrx_word' id='word_1_1756' title='bbox 1472 3103 1579 3129; x_wconf 87' lang='lat' dir='ltr'>poenae.</span> <span class='ocrx_word' id='word_1_1757' title='bbox 1599 3098 1618 3121; x_wconf 87' lang='lat' dir='ltr'>i.</span> <span class='ocrx_word' id='word_1_1758' title='bbox 1638 3096 1688 3122; x_wconf 80' lang='lat' dir='ltr'>Vix</span> <span class='ocrx_word' id='word_1_1759' title='bbox 1700 3096 1850 3130; x_wconf 75' lang='lat' dir='ltr'>apparebant</span> <span class='ocrx_word' id='word_1_1760' title='bbox 1864 3095 1968 3133; x_wconf 71' lang='lat' dir='ltr'>vestigia</span> <span class='ocrx_word' id='word_1_1761' title='bbox 1986 3105 2126 3126; x_wconf 85' lang='lat' dir='ltr'>catenarum</span> <span class='ocrx_word' id='word_1_1762' title='bbox 2143 3103 2171 3127; x_wconf 80' lang='lat' dir='ltr'>in</span> 
     </span>
     <span class='ocr_line' id='line_1_189' title="bbox 1133 3130 2170 3167; baseline 0.002 -8"><span class='ocrx_word' id='word_1_1763' title='bbox 1133 3133 1245 3160; x_wconf 81' lang='lat' dir='ltr'>manibus</span> <span class='ocrx_word' id='word_1_1764' title='bbox 1257 3131 1400 3167; x_wconf 82' lang='lat' dir='ltr'>etpedibus.</span> <span class='ocrx_word' id='word_1_1765' title='bbox 1436 3130 1465 3157; x_wconf 74' lang='lat' dir='ltr'>de</span> <span class='ocrx_word' id='word_1_1766' title='bbox 1488 3131 1637 3157; x_wconf 71' lang='lat' dir='ltr'>Prometheo.</span> <span class='ocrx_word' id='word_1_1767' title='bbox 1710 3131 1820 3160; x_wconf 88' lang='lat' dir='ltr'>Limites</span> <span class='ocrx_word' id='word_1_1768' title='bbox 1845 3133 1979 3158; x_wconf 81' lang='lat' dir='ltr'>extenuati</span> <span class='ocrx_word' id='word_1_1769' title='bbox 1998 3134 2116 3161; x_wconf 86' lang='lat' dir='ltr'>Frontin.</span> <span class='ocrx_word' id='word_1_1770' title='bbox 2138 3135 2170 3163; x_wconf 90' lang='lat' dir='ltr'>de</span> 
     </span>
     <span class='ocr_line' id='line_1_190' title="bbox 1135 3165 2170 3202; baseline -0.001 -7"><span class='ocrx_word' id='word_1_1771' title='bbox 1135 3169 1233 3196; x_wconf 90' lang='lat' dir='ltr'>Colon.</span> <span class='ocrx_word' id='word_1_1772' title='bbox 1253 3177 1278 3202; x_wconf 87' lang='lat' dir='ltr'>p.</span> <span class='ocrx_word' id='word_1_1773' title='bbox 1302 3176 1344 3200; x_wconf 88' lang='lat'>114</span> <span class='ocrx_word' id='word_1_1774' title='bbox 1370 3165 1438 3201; x_wconf 82' lang='lat' dir='ltr'>Goes.</span> <span class='ocrx_word' id='word_1_1775' title='bbox 1520 3166 1606 3192; x_wconf 88' lang='lat' dir='ltr'>Sortes</span> <span class='ocrx_word' id='word_1_1776' title='bbox 1628 3172 1795 3200; x_wconf 85' lang='lat' dir='ltr'>extenuatae,</span> <span class='ocrx_word' id='word_1_1777' title='bbox 1822 3167 1874 3192; x_wconf 85' lang='lat' dir='ltr'>vid.</span> <span class='ocrx_word' id='word_1_1778' title='bbox 1905 3173 1977 3194; x_wconf 55' lang='lat' dir='ltr'>SORS</span> <span class='ocrx_word' id='word_1_1779' title='bbox 1996 3170 2170 3197; x_wconf 72' lang='lat' dir='ltr'>Diuinatoria.</span> 
     </span>
     <span class='ocr_line' id='line_1_191' title="bbox 1134 3201 2171 3239; baseline 0.004 -10"><span class='ocrx_word' id='word_1_1780' title='bbox 1134 3206 1228 3239; x_wconf 74' lang='lat' dir='ltr'>Superi.</span> <span class='ocrx_word' id='word_1_1781' title='bbox 1266 3203 1339 3229; x_wconf 87' lang='lat' dir='ltr'>Brut.</span> <span class='ocrx_word' id='word_1_1782' title='bbox 1353 3202 1384 3229; x_wconf 88' lang='lat' dir='ltr'>ad</span> <span class='ocrx_word' id='word_1_1783' title='bbox 1399 3203 1454 3229; x_wconf 88' lang='lat' dir='ltr'>Cic.</span> <span class='ocrx_word' id='word_1_1784' title='bbox 1469 3202 1540 3228; x_wconf 85' lang='lat' dir='ltr'>Fam.</span> <span class='ocrx_word' id='word_1_1785' title='bbox 1555 3210 1588 3234; x_wconf 86' lang='lat'>11,</span> <span class='ocrx_word' id='word_1_1786' title='bbox 1603 3210 1627 3234; x_wconf 85' lang='lat'>13</span> <span class='ocrx_word' id='word_1_1787' title='bbox 1648 3202 1757 3228; x_wconf 75' lang='lat' dir='ltr'>Recurri</span> <span class='ocrx_word' id='word_1_1788' title='bbox 1770 3201 1801 3227; x_wconf 89' lang='lat' dir='ltr'>ad</span> <span class='ocrx_word' id='word_1_1789' title='bbox 1815 3210 1883 3228; x_wconf 82' lang='lat' dir='ltr'>meas</span> <span class='ocrx_word' id='word_1_1790' title='bbox 1899 3203 2015 3237; x_wconf 86' lang='lat' dir='ltr'>copiolas</span> <span class='ocrx_word' id='word_1_1791' title='bbox 2029 3215 2034 3229; x_wconf 71' lang='grc' dir='ltr'>ε</span> <span class='ocrx_word' id='word_1_1792' title='bbox 2053 3204 2085 3231; x_wconf 83' lang='lat' dir='ltr'>fic</span> <span class='ocrx_word' id='word_1_1793' title='bbox 2099 3206 2171 3233; x_wconf 85' lang='lat' dir='ltr'>enim</span> 
     </span>
    </p>
   </div>
   <div class='ocr_carea' id='block_1_49' title="bbox 0 3236 2171 3274">
    <p class='ocr_par' dir='ltr' id='par_1_73' title="bbox 0 3236 2171 3274">
     <span class='ocr_line' id='line_1_192' title="bbox 0 3236 2171 3274; baseline 0.003 -13"><span class='ocrx_word' id='word_1_1794' title='bbox 0 3247 4 3269; x_wconf 68' lang='lat' dir='ltr'>l</span> <span class='ocrx_word' id='word_1_1795' title='bbox 41 3245 70 3268; x_wconf 85' lang='lat'>4,</span> <span class='ocrx_word' id='word_1_1796' title='bbox 84 3243 125 3267; x_wconf 86' lang='grc'>20,</span> <span class='ocrx_word' id='word_1_1797' title='bbox 137 3244 150 3267; x_wconf 81' lang='lat'>3</span> <span class='ocrx_word' id='word_1_1798' title='bbox 170 3236 257 3269; x_wconf 77' lang='lat' dir='ltr'>Qiare</span> <span class='ocrx_word' id='word_1_1799' title='bbox 268 3246 347 3271; x_wconf 88' lang='lat' dir='ltr'>quum</span> <span class='ocrx_word' id='word_1_1800' title='bbox 358 3240 389 3267; x_wconf 90' lang='lat' dir='ltr'>ad</span> <span class='ocrx_word' id='word_1_1801' title='bbox 402 3241 531 3267; x_wconf 87' lang='lat' dir='ltr'>summum</span> <span class='ocrx_word' id='word_1_1802' title='bbox 546 3240 634 3274; x_wconf 82' lang='lat' dir='ltr'>palum</span> <span class='ocrx_word' id='word_1_1803' title='bbox 647 3239 717 3266; x_wconf 66' lang='lat' dir='ltr'>recta</span> <span class='ocrx_word' id='word_1_1804' title='bbox 731 3240 794 3267; x_wconf 84' lang='lat' dir='ltr'>vitis</span> <span class='ocrx_word' id='word_1_1805' title='bbox 808 3245 912 3266; x_wconf 87' lang='lat' dir='ltr'>extenta</span> <span class='ocrx_word' id='word_1_1806' title='bbox 930 3240 983 3272; x_wconf 84' lang='lat' dir='ltr'>est,</span> <span class='ocrx_word' id='word_1_1807' title='bbox 1001 3240 1070 3274; x_wconf 88' lang='lat' dir='ltr'>capi·</span> <span class='ocrx_word' id='word_1_1808' title='bbox 1088 3240 1117 3269; x_wconf 77' lang='lat'>85</span> <span class='ocrx_word' id='word_1_1809' title='bbox 1134 3248 1196 3266; x_wconf 89' lang='lat' dir='ltr'>vere</span> <span class='ocrx_word' id='word_1_1810' title='bbox 1210 3248 1252 3266; x_wconf 88' lang='lat' dir='ltr'>eas</span> <span class='ocrx_word' id='word_1_1811' title='bbox 1265 3238 1396 3273; x_wconf 87' lang='lat' dir='ltr'>appellare</span> <span class='ocrx_word' id='word_1_1812' title='bbox 1409 3238 1507 3272; x_wconf 77' lang='lat' dir='ltr'>pofl‘um</span> <span class='ocrx_word' id='word_1_1813' title='bbox 1521 3248 1527 3264; x_wconf 74' lang='grc' dir='ltr'>ε</span> <span class='ocrx_word' id='word_1_1814' title='bbox 1564 3237 1622 3263; x_wconf 85' lang='lat' dir='ltr'>sunt</span> <span class='ocrx_word' id='word_1_1815' title='bbox 1639 3237 1873 3270; x_wconf 83' lang='lat' dir='ltr'>extenuatissimae,</span> <span class='ocrx_word' id='word_1_1816' title='bbox 1893 3244 1919 3264; x_wconf 91' lang='lat' dir='ltr'>et</span> <span class='ocrx_word' id='word_1_1817' title='bbox 1938 3239 2029 3274; x_wconf 88' lang='lat' dir='ltr'>inopia</span> <span class='ocrx_word' id='word_1_1818' title='bbox 2049 3241 2171 3270; x_wconf 90' lang='lat' dir='ltr'>omnium</span> 
     </span>
    </p>
   </div>
   <div class='ocr_carea' id='block_1_50' title="bbox 37 3270 925 3383">
    <p class='ocr_par' dir='ltr' id='par_1_74' title="bbox 37 3270 925 3383">
     <span class='ocr_line' id='line_1_193' title="bbox 43 3270 300 3305; baseline 0.008 -8"><span class='ocrx_word' id='word_1_1819' title='bbox 43 3271 97 3298; x_wconf 85' lang='lat' dir='ltr'>stro</span> <span class='ocrx_word' id='word_1_1820' title='bbox 110 3270 300 3305; x_wconf 81' lang='lat' dir='ltr'>constringitur.</span> 
     </span>
     <span class='ocr_line' id='line_1_194' title="bbox 43 3315 120 3333; baseline -0.013 0"><span class='ocrx_word' id='word_1_1821' title='bbox 43 3316 66 3333; x_wconf 70' lang='lat' dir='ltr'>C.</span> <span class='ocrx_word' id='word_1_1822' title='bbox 82 3315 92 3332; x_wconf 86' lang='lat'>1</span> <span class='ocrx_word' id='word_1_1823' title='bbox 114 3326 120 3332; x_wconf 82' lang='lat'><em>-</em></span> 
     </span>
     <span class='ocr_line' id='line_1_195' title="bbox 37 3313 925 3383; baseline 0.005 -14"><span class='ocrx_word' id='word_1_1824' title='bbox 37 3313 158 3378; x_wconf 44' lang='lat' dir='ltr'>perpitua</span> <span class='ocrx_word' id='word_1_1825' title='bbox 171 3341 215 3367; x_wconf 80' lang='lat' dir='ltr'>illa</span> <span class='ocrx_word' id='word_1_1826' title='bbox 227 3344 293 3368; x_wconf 80' lang='lat' dir='ltr'>inter</span> <span class='ocrx_word' id='word_1_1827' title='bbox 300 3343 406 3378; x_wconf 79' lang='lat' dir='ltr'>spatium</span> <span class='ocrx_word' id='word_1_1828' title='bbox 421 3354 445 3374; x_wconf 84' lang='lat' dir='ltr'>et</span> <span class='ocrx_word' id='word_1_1829' title='bbox 456 3354 550 3383; x_wconf 77' lang='lat' dir='ltr'>tempus</span> <span class='ocrx_word' id='word_1_1830' title='bbox 563 3348 678 3383; x_wconf 75' lang='lat' dir='ltr'>analogia</span> <span class='ocrx_word' id='word_1_1831' title='bbox 696 3347 806 3378; x_wconf 76' lang='lat' dir='ltr'>Plin.18,</span> <span class='ocrx_word' id='word_1_1832' title='bbox 821 3355 853 3379; x_wconf 84' lang='grc'>34</span> <span class='ocrx_word' id='word_1_1833' title='bbox 861 3353 925 3373; x_wconf 82' lang='lat' dir='ltr'>extr.</span> 
     </span>
    </p>
   </div>
   <div class='ocr_carea' id='block_1_51' title="bbox 43 3376 922 3451">
    <p class='ocr_par' dir='ltr' id='par_1_75' title="bbox 43 3376 922 3451">
     <span class='ocr_line' id='line_1_196' title="bbox 43 3376 922 3415; baseline 0.035 -11"><span class='ocrx_word' id='word_1_1834' title='bbox 43 3377 184 3404; x_wconf 85' lang='lat' dir='ltr'>extendere</span> <span class='ocrx_word' id='word_1_1835' title='bbox 209 3376 336 3409; x_wconf 70' lang='lat' dir='ltr'>Qsfflffil·</span> <span class='ocrx_word' id='word_1_1836' title='bbox 348 3388 375 3412; x_wconf 78' lang='lat'>4,</span> <span class='ocrx_word' id='word_1_1837' title='bbox 387 3388 408 3414; x_wconf 78' lang='lat'>5-</span> <span class='ocrx_word' id='word_1_1838' title='bbox 479 3383 553 3410; x_wconf 62' lang='lat' dir='ltr'>Ades</span> <span class='ocrx_word' id='word_1_1839' title='bbox 566 3383 732 3415; x_wconf 77' lang='lat' dir='ltr'>extenditur,</span> <span class='ocrx_word' id='word_1_1840' title='bbox 752 3382 804 3408; x_wconf 85' lang='lat' dir='ltr'>vid.</span> <span class='ocrx_word' id='word_1_1841' title='bbox 824 3389 922 3409; x_wconf 78' lang='lat' dir='ltr'>ACIES-</span> 
     </span>
     <span class='ocr_line' id='line_1_197' title="bbox 43 3412 511 3451; baseline 0.017 -13"><span class='ocrx_word' id='word_1_1842' title='bbox 43 3418 98 3440; x_wconf 80' lang='lat' dir='ltr'>tem</span> <span class='ocrx_word' id='word_1_1843' title='bbox 110 3413 180 3439; x_wconf 87' lang='lat' dir='ltr'>suam</span> <span class='ocrx_word' id='word_1_1844' title='bbox 201 3412 283 3437; x_wconf 88' lang='lat' dir='ltr'>Plaut.</span> <span class='ocrx_word' id='word_1_1845' title='bbox 297 3413 384 3442; x_wconf 89' lang='lat' dir='ltr'>Bacch.</span> <span class='ocrx_word' id='word_1_1846' title='bbox 398 3425 421 3450; x_wconf 81' lang='lat'>3,</span> <span class='ocrx_word' id='word_1_1847' title='bbox 435 3426 457 3451; x_wconf 81' lang='lat'>3,</span> <span class='ocrx_word' id='word_1_1848' title='bbox 470 3420 511 3445; x_wconf 87' lang='grc'>26.</span> 
     </span>
    </p>
   </div>
   <div class='ocr_carea' id='block_1_52' title="bbox 22 3447 877 3582">
    <p class='ocr_par' dir='ltr' id='par_1_76' title="bbox 22 3447 877 3582">
     <span class='ocr_line' id='line_1_198' title="bbox 43 3447 390 3480; baseline 0.003 -5"><span class='ocrx_word' id='word_1_1849' title='bbox 43 3449 112 3475; x_wconf 85' lang='lat' dir='ltr'>Hor.</span> <span class='ocrx_word' id='word_1_1850' title='bbox 132 3447 160 3473; x_wconf 86' lang='lat' dir='ltr'>in</span> <span class='ocrx_word' id='word_1_1851' title='bbox 179 3447 241 3473; x_wconf 89' lang='lat' dir='ltr'>Arte</span> <span class='ocrx_word' id='word_1_1852' title='bbox 255 3447 324 3475; x_wconf 78' lang='lat' dir='ltr'>Poe&#39;t.</span> <span class='ocrx_word' id='word_1_1853' title='bbox 338 3455 390 3480; x_wconf 88' lang='lat'>208.</span> 
     </span>
     <span class='ocr_line' id='line_1_199' title="bbox 22 3483 217 3516; baseline -0.005 -6"><span class='ocrx_word' id='word_1_1854' title='bbox 22 3512 28 3514; x_wconf 27' lang='lat'>,</span> <span class='ocrx_word' id='word_1_1855' title='bbox 41 3483 111 3515; x_wconf 77' lang='lat' dir='ltr'>Plin.</span> <span class='ocrx_word' id='word_1_1856' title='bbox 124 3485 166 3516; x_wconf 83' lang='lat'>36,</span> <span class='ocrx_word' id='word_1_1857' title='bbox 179 3484 217 3515; x_wconf 88' lang='lat'>56.</span> 
     </span>
     <span class='ocr_line' id='line_1_200' title="bbox 44 3517 877 3582; baseline 0 -32"><span class='ocrx_word' id='word_1_1858' title='bbox 44 3517 77 3550; x_wconf 73' lang='lat' dir='ltr'>0st</span> <span class='ocrx_word' id='word_1_1859' title='bbox 89 3529 98 3545; x_wconf 57' lang='grc' dir='ltr'>ι’</span> <span class='ocrx_word' id='word_1_1860' title='bbox 133 3518 268 3551; x_wconf 77' lang='lat' dir='ltr'>Obruere,</span> <span class='ocrx_word' id='word_1_1861' title='bbox 288 3526 347 3553; x_wconf 83' lang='lat' dir='ltr'>quac</span> <span class='ocrx_word' id='word_1_1862' title='bbox 357 3522 430 3547; x_wconf 78' lang='lat' dir='ltr'>nimis</span> <span class='ocrx_word' id='word_1_1863' title='bbox 440 3525 524 3582; x_wconf 54' lang='lat' dir='ltr'>§apide</span> <span class='ocrx_word' id='word_1_1864' title='bbox 536 3526 646 3552; x_wconf 80' lang='lat' dir='ltr'>uoluitur</span> <span class='ocrx_word' id='word_1_1865' title='bbox 668 3525 725 3551; x_wconf 84' lang='lat' dir='ltr'>Sen.</span> <span class='ocrx_word' id='word_1_1866' title='bbox 740 3523 818 3558; x_wconf 88' lang='lat' dir='ltr'>Epist.</span> <span class='ocrx_word' id='word_1_1867' title='bbox 831 3533 877 3556; x_wconf 86' lang='lat'>40.</span> 
     </span>
    </p>
   </div>
   <div class='ocr_carea' id='block_1_53' title="bbox 492 3417 1068 3489">
    <p class='ocr_par' dir='ltr' id='par_1_77' title="bbox 492 3417 1068 3489">
     <span class='ocr_line' id='line_1_201' title="bbox 617 3417 869 3450; baseline 0 -6"><span class='ocrx_word' id='word_1_1868' title='bbox 617 3419 721 3445; x_wconf 81' lang='lat' dir='ltr'>Aenum</span> <span class='ocrx_word' id='word_1_1869' title='bbox 740 3417 785 3444; x_wconf 90' lang='lat' dir='ltr'>Sil.</span> <span class='ocrx_word' id='word_1_1870' title='bbox 803 3426 826 3450; x_wconf 85' lang='lat'>3,</span> <span class='ocrx_word' id='word_1_1871' title='bbox 862 3437 869 3444; x_wconf 93' lang='lat'>.</span> 
     </span>
     <span class='ocr_line' id='line_1_202' title="bbox 492 3452 1068 3489; baseline 0 -9"><span class='ocrx_word' id='word_1_1872' title='bbox 492 3453 702 3489; x_wconf 75' lang='lat' dir='ltr'>Amplitudinem</span> <span class='ocrx_word' id='word_1_1873' title='bbox 725 3452 864 3480; x_wconf 83' lang='lat' dir='ltr'>extendere</span> <span class='ocrx_word' id='word_1_1874' title='bbox 885 3452 978 3479; x_wconf 85' lang='lat' dir='ltr'>dicitur</span> <span class='ocrx_word' id='word_1_1875' title='bbox 998 3452 1068 3480; x_wconf 85' lang='lat' dir='ltr'>lacus</span> 
     </span>
    </p>
   </div>
   <div class='ocr_carea' id='block_1_54' title="bbox 4 3729 481 3828">
    <p class='ocr_par' dir='ltr' id='par_1_78' title="bbox 4 3729 481 3828">
     <span class='ocr_line' id='line_1_203' title="bbox 46 3729 481 3765; baseline -0.002 -9"><span class='ocrx_word' id='word_1_1876' title='bbox 46 3729 137 3757; x_wconf 75' lang='lat' dir='ltr'>stolam</span> <span class='ocrx_word' id='word_1_1877' title='bbox 153 3730 218 3757; x_wconf 91' lang='lat' dir='ltr'>Plin.</span> <span class='ocrx_word' id='word_1_1878' title='bbox 233 3730 311 3765; x_wconf 88' lang='lat' dir='ltr'>Epist.</span> <span class='ocrx_word' id='word_1_1879' title='bbox 325 3738 351 3764; x_wconf 89' lang='lat'>7,</span> <span class='ocrx_word' id='word_1_1880' title='bbox 365 3739 380 3761; x_wconf 89' lang='grc'>9</span> <span class='ocrx_word' id='word_1_1881' title='bbox 392 3730 481 3765; x_wconf 85' lang='lat' dir='ltr'>adfin.</span> 
     </span>
     <span class='ocr_line' id='line_1_204' title="bbox 4 3765 212 3795; baseline 0.005 -4"><span class='ocrx_word' id='word_1_1882' title='bbox 4 3785 7 3787; x_wconf 90' lang='lat'>.</span> <span class='ocrx_word' id='word_1_1883' title='bbox 46 3765 97 3795; x_wconf 66' lang='lat' dir='ltr'>eid.</span> <span class='ocrx_word' id='word_1_1884' title='bbox 121 3772 212 3792; x_wconf 81' lang='lat' dir='ltr'>OPVS.</span> 
     </span>
     <span class='ocr_line' id='line_1_205' title="bbox 44 3798 334 3828; baseline 0.003 -2"><span class='ocrx_word' id='word_1_1885' title='bbox 44 3798 170 3828; x_wconf 80' lang='lat' dir='ltr'>&#39;bonitatis</span> <span class='ocrx_word' id='word_1_1886' title='bbox 184 3801 334 3828; x_wconf 87' lang='lat' dir='ltr'>extenditur</span> 
     </span>
    </p>
   </div>
   <div class='ocr_carea' id='block_1_55' title="bbox 0 3293 28 3826">
    <p class='ocr_par' dir='ltr' id='par_1_79' title="bbox 0 3293 28 3826">
     <span class='ocr_line' id='line_1_206' title="bbox 0 3293 28 3826; baseline 0 399"><span class='ocrx_word' id='word_1_1887' title='bbox 0 3293 28 3826; x_wconf 95' lang='lat' dir='ltr'> </span> 
     </span>
    </p>
   </div>
   <div class='ocr_carea' id='block_1_56' title="bbox 354 3801 880 3843">
    <p class='ocr_par' dir='ltr' id='par_1_80' title="bbox 354 3801 880 3843">
     <span class='ocr_line' id='line_1_207' title="bbox 354 3801 880 3843; baseline 0.015 -18"><span class='ocrx_word' id='word_1_1888' title='bbox 354 3801 461 3834; x_wconf 67' lang='lat' dir='ltr'>Quinct.</span> <span class='ocrx_word' id='word_1_1889' title='bbox 476 3801 548 3827; x_wconf 84' lang='lat' dir='ltr'>Decl.</span> <span class='ocrx_word' id='word_1_1890' title='bbox 563 3810 588 3834; x_wconf 89' lang='lat'>9,</span> <span class='ocrx_word' id='word_1_1891' title='bbox 603 3808 637 3829; x_wconf 88' lang='lat'>16.</span> <span class='ocrx_word' id='word_1_1892' title='bbox 690 3807 763 3843; x_wconf 79' lang='lat' dir='ltr'>szf.</span> <span class='ocrx_word' id='word_1_1893' title='bbox 795 3809 880 3834; x_wconf 81' lang='lat' dir='ltr'>Burm.</span> 
     </span>
    </p>
   </div>
   <div class='ocr_carea' id='block_1_57' title="bbox 18 3869 716 3977">
    <p class='ocr_par' dir='ltr' id='par_1_81' title="bbox 18 3869 716 3977">
     <span class='ocr_line' id='line_1_208' title="bbox 18 3869 176 3903; baseline 0.013 -7"><span class='ocrx_word' id='word_1_1894' title='bbox 18 3877 21 3888; x_wconf 68' lang='lat'>*</span> <span class='ocrx_word' id='word_1_1895' title='bbox 50 3869 112 3903; x_wconf 78' lang='lat' dir='ltr'>Obſj.</span> <span class='ocrx_word' id='word_1_1896' title='bbox 122 3880 146 3903; x_wconf 81' lang='lat'>3,</span> <span class='ocrx_word' id='word_1_1897' title='bbox 158 3881 176 3898; x_wconf 89' lang='grc'>1.</span> 
     </span>
     <span class='ocr_line' id='line_1_209' title="bbox 47 3912 202 3940; baseline 0.013 -9"><span class='ocrx_word' id='word_1_1898' title='bbox 47 3912 202 3940; x_wconf 82' lang='lat' dir='ltr'>properaret.</span> 
     </span>
     <span class='ocr_line' id='line_1_210' title="bbox 45 3940 716 3977; baseline 0.003 -9"><span class='ocrx_word' id='word_1_1899' title='bbox 45 3940 138 3977; x_wconf 74' lang='lat' dir='ltr'>Aquila</span> <span class='ocrx_word' id='word_1_1900' title='bbox 148 3943 240 3971; x_wconf 86' lang='lat' dir='ltr'>Pinnas</span> <span class='ocrx_word' id='word_1_1901' title='bbox 253 3944 402 3972; x_wconf 84' lang='lat' dir='ltr'>extendenti</span> <span class='ocrx_word' id='word_1_1902' title='bbox 417 3943 508 3972; x_wconf 79' lang='lat' dir='ltr'>fimitis</span> <span class='ocrx_word' id='word_1_1903' title='bbox 527 3944 602 3970; x_wconf 85' lang='lat' dir='ltr'>Curt.</span> <span class='ocrx_word' id='word_1_1904' title='bbox 614 3950 665 3976; x_wconf 75' lang='lat'>3,3,</span> <span class='ocrx_word' id='word_1_1905' title='bbox 679 3945 716 3971; x_wconf 87' lang='lat'>16.</span> 
     </span>
    </p>
   </div>
   <div class='ocr_carea' id='block_1_58' title="bbox 265 3872 369 3899">
    <p class='ocr_par' dir='ltr' id='par_1_82' title="bbox 265 3872 369 3899">
     <span class='ocr_line' id='line_1_211' title="bbox 265 3872 369 3899; baseline 0.01 -1"><span class='ocrx_word' id='word_1_1906' title='bbox 265 3872 326 3899; x_wconf 86' lang='lat' dir='ltr'>Liu.</span> <span class='ocrx_word' id='word_1_1907' title='bbox 362 3892 369 3899; x_wconf 91' lang='lat'>.</span> 
     </span>
    </p>
   </div>
   <div class='ocr_carea' id='block_1_59' title="bbox 785 3947 1028 3982">
    <p class='ocr_par' dir='ltr' id='par_1_83' title="bbox 785 3947 1028 3982">
     <span class='ocr_line' id='line_1_212' title="bbox 785 3947 1028 3982; baseline 0.004 -8"><span class='ocrx_word' id='word_1_1908' title='bbox 785 3947 884 3975; x_wconf 86' lang='lat' dir='ltr'>Praelia</span> <span class='ocrx_word' id='word_1_1909' title='bbox 901 3948 947 3976; x_wconf 82' lang='lat' dir='ltr'>Sil.</span> <span class='ocrx_word' id='word_1_1910' title='bbox 961 3957 983 3982; x_wconf 84' lang='grc'>3,</span> <span class='ocrx_word' id='word_1_1911' title='bbox 1021 3968 1028 3975; x_wconf 94' lang='grc'>.</span> 
     </span>
    </p>
   </div>
   <div class='ocr_carea' id='block_1_60' title="bbox 213 3274 1721 3451">
    <p class='ocr_par' dir='ltr' id='par_1_84' title="bbox 213 3274 1721 3451">
     <span class='ocr_line' id='line_1_213' title="bbox 311 3274 1070 3313; baseline 0 -11"><span class='ocrx_word' id='word_1_1912' title='bbox 311 3308 317 3313; x_wconf 40' lang='grc'>1</span> <span class='ocrx_word' id='word_1_1913' title='bbox 381 3275 526 3302; x_wconf 86' lang='lat' dir='ltr'>Extendere</span> <span class='ocrx_word' id='word_1_1914' title='bbox 539 3277 566 3302; x_wconf 91' lang='lat' dir='ltr'>in</span> <span class='ocrx_word' id='word_1_1915' title='bbox 578 3276 761 3310; x_wconf 82' lang='lat' dir='ltr'>proceritatem</span> <span class='ocrx_word' id='word_1_1916' title='bbox 782 3275 912 3302; x_wconf 88' lang='lat' dir='ltr'>Columel.</span> <span class='ocrx_word' id='word_1_1917' title='bbox 928 3275 960 3302; x_wconf 90' lang='lat' dir='ltr'>de</span> <span class='ocrx_word' id='word_1_1918' title='bbox 973 3274 1070 3302; x_wconf 81' lang='lat' dir='ltr'>Arbor.</span> 
     </span>
     <span class='ocr_line' id='line_1_214' title="bbox 213 3306 1070 3346; baseline 0.005 -14"><span class='ocrx_word' id='word_1_1919' title='bbox 213 3306 362 3337; x_wconf 74' lang='lat' dir='ltr'>Extenditur</span> <span class='ocrx_word' id='word_1_1920' title='bbox 373 3310 401 3337; x_wconf 87' lang='lat' dir='ltr'>in</span> <span class='ocrx_word' id='word_1_1921' title='bbox 414 3312 542 3338; x_wconf 88' lang='lat' dir='ltr'>maiorem</span> <span class='ocrx_word' id='word_1_1922' title='bbox 555 3317 655 3346; x_wconf 89' lang='lat' dir='ltr'>partem</span> <span class='ocrx_word' id='word_1_1923' title='bbox 669 3311 754 3337; x_wconf 66' lang='grc'>006115</span> <span class='ocrx_word' id='word_1_1924' title='bbox 761 3311 917 3337; x_wconf 87' lang='lat' dir='ltr'>Subsolanus</span> <span class='ocrx_word' id='word_1_1925' title='bbox 926 3330 933 3342; x_wconf 94' lang='lat'>,</span> <span class='ocrx_word' id='word_1_1926' title='bbox 952 3314 970 3337; x_wconf 89' lang='lat' dir='ltr'>i.</span> <span class='ocrx_word' id='word_1_1927' title='bbox 986 3311 1070 3344; x_wconf 80' lang='lat' dir='ltr'>durat,</span> 
     </span>
     <span class='ocr_line' id='line_1_215' title="bbox 993 3346 1071 3372; baseline 0.013 -1"><span class='ocrx_word' id='word_1_1928' title='bbox 993 3346 1071 3372; x_wconf 91' lang='lat' dir='ltr'>Vltra</span> 
     </span>
     <span class='ocr_line' id='line_1_216' title="bbox 993 3382 1069 3408; baseline -0.013 0"><span class='ocrx_word' id='word_1_1929' title='bbox 993 3382 1069 3408; x_wconf 87' lang='lat' dir='ltr'>Aeta-</span> 
     </span>
     <span class='ocr_line' id='line_1_217' title="bbox 984 3414 1721 3451; baseline -0.005 -7"><span class='ocrx_word' id='word_1_1930' title='bbox 984 3417 1069 3451; x_wconf 80' lang='lat' dir='ltr'>Agros</span> <span class='ocrx_word' id='word_1_1931' title='bbox 1088 3426 1122 3450; x_wconf 90' lang='lat'>90</span> <span class='ocrx_word' id='word_1_1932' title='bbox 1133 3417 1227 3444; x_wconf 88' lang='lat' dir='ltr'>Virtus</span> <span class='ocrx_word' id='word_1_1933' title='bbox 1240 3416 1276 3443; x_wconf 88' lang='lat' dir='ltr'>est</span> <span class='ocrx_word' id='word_1_1934' title='bbox 1288 3416 1344 3443; x_wconf 88' lang='lat' dir='ltr'>eius</span> <span class='ocrx_word' id='word_1_1935' title='bbox 1354 3436 1362 3449; x_wconf 92' lang='lat'>,</span> <span class='ocrx_word' id='word_1_1936' title='bbox 1379 3421 1409 3442; x_wconf 89' lang='lat' dir='ltr'>vt</span> <span class='ocrx_word' id='word_1_1937' title='bbox 1425 3414 1531 3446; x_wconf 83' lang='lat' dir='ltr'>dicunt,</span> <span class='ocrx_word' id='word_1_1938' title='bbox 1548 3414 1721 3441; x_wconf 87' lang='lat' dir='ltr'>extenuatrix.</span> 
     </span>
    </p>
   </div>
   <div class='ocr_carea' id='block_1_61' title="bbox 320 3483 1070 3550">
    <p class='ocr_par' dir='ltr' id='par_1_85' title="bbox 320 3483 1070 3550">
     <span class='ocr_line' id='line_1_218' title="bbox 320 3483 1070 3550; baseline 0.007 -41"><span class='ocrx_word' id='word_1_1939' title='bbox 320 3483 400 3511; x_wconf 81' lang='lat' dir='ltr'>Aures</span> <span class='ocrx_word' id='word_1_1940' title='bbox 413 3488 549 3515; x_wconf 87' lang='lat' dir='ltr'>extendere</span> <span class='ocrx_word' id='word_1_1941' title='bbox 571 3489 682 3521; x_wconf 86' lang='lat' dir='ltr'>dicitur,</span> <span class='ocrx_word' id='word_1_1942' title='bbox 701 3488 805 3520; x_wconf 86' lang='lat' dir='ltr'>oratio,</span> <span class='ocrx_word' id='word_1_1943' title='bbox 825 3498 885 3524; x_wconf 83' lang='lat' dir='ltr'>quae</span> <span class='ocrx_word' id='word_1_1944' title='bbox 906 3491 986 3550; x_wconf 57' lang='lat' dir='ltr'>nimii·3</span> <span class='ocrx_word' id='word_1_1945' title='bbox 1002 3489 1070 3550; x_wconf 53' lang='lat' dir='ltr'>{el’nta</span> 
     </span>
     <span class='ocr_line' id='line_1_219' title="bbox 988 3533 1069 3550; baseline 0.012 -1"><span class='ocrx_word' id='word_1_1946' title='bbox 988 3533 1002 3549; x_wconf 89' lang='lat' dir='ltr'>e</span> <span class='ocrx_word' id='word_1_1947' title='bbox 1024 3533 1069 3550; x_wconf 89' lang='lat' dir='ltr'>um</span> 
     </span>
    </p>
   </div>
   <div class='ocr_carea' id='block_1_62' title="bbox 318 3736 2171 3806">
    <p class='ocr_par' dir='ltr' id='par_1_86' title="bbox 318 3736 2171 3806">
     <span class='ocr_line' id='line_1_220' title="bbox 364 3736 1071 3770; baseline 0.003 -11"><span class='ocrx_word' id='word_1_1948' title='bbox 364 3767 369 3770; x_wconf 29' lang='grc' dir='ltr'>ι</span> <span class='ocrx_word' id='word_1_1949' title='bbox 470 3766 474 3770; x_wconf 41' lang='grc'><strong>,</strong></span> <span class='ocrx_word' id='word_1_1950' title='bbox 583 3736 687 3762; x_wconf 86' lang='lat' dir='ltr'>Famam</span> <span class='ocrx_word' id='word_1_1951' title='bbox 699 3736 775 3762; x_wconf 63' lang='lat' dir='ltr'>facitis</span> <span class='ocrx_word' id='word_1_1952' title='bbox 794 3736 870 3770; x_wconf 88' lang='lat' dir='ltr'>Virg.</span> <span class='ocrx_word' id='word_1_1953' title='bbox 885 3737 948 3762; x_wconf 87' lang='lat' dir='ltr'>Aen.</span> <span class='ocrx_word' id='word_1_1954' title='bbox 962 3744 1000 3767; x_wconf 88' lang='lat'>10,</span> <span class='ocrx_word' id='word_1_1955' title='bbox 1012 3737 1071 3768; x_wconf 87' lang='lat'>468.</span> 
     </span>
     <span class='ocr_line' id='line_1_221' title="bbox 318 3763 2171 3806; baseline 0.002 -14"><span class='ocrx_word' id='word_1_1956' title='bbox 318 3766 371 3792; x_wconf 83' lang='lat' dir='ltr'>Vb1</span> <span class='ocrx_word' id='word_1_1957' title='bbox 385 3775 493 3800; x_wconf 81' lang='lat' dir='ltr'>pecunia</span> <span class='ocrx_word' id='word_1_1958' title='bbox 505 3766 597 3794; x_wconf 87' lang='lat' dir='ltr'>melius</span> <span class='ocrx_word' id='word_1_1959' title='bbox 610 3772 675 3803; x_wconf 88' lang='lat' dir='ltr'>poni</span> <span class='ocrx_word' id='word_1_1960' title='bbox 686 3772 783 3806; x_wconf 87' lang='lat' dir='ltr'>potest,</span> <span class='ocrx_word' id='word_1_1961' title='bbox 802 3780 880 3806; x_wconf 90' lang='lat' dir='ltr'>quam</span> <span class='ocrx_word' id='word_1_1962' title='bbox 898 3770 946 3798; x_wconf 91' lang='lat' dir='ltr'>vbi</span> <span class='ocrx_word' id='word_1_1963' title='bbox 967 3772 1069 3798; x_wconf 86' lang='lat' dir='ltr'>Foenus</span> <span class='ocrx_word' id='word_1_1964' title='bbox 1079 3782 1125 3800; x_wconf 85' lang='lat'>100</span> <span class='ocrx_word' id='word_1_1965' title='bbox 1136 3769 1183 3795; x_wconf 90' lang='lat' dir='ltr'>Sed</span> <span class='ocrx_word' id='word_1_1966' title='bbox 1199 3774 1224 3795; x_wconf 87' lang='lat' dir='ltr'>et</span> <span class='ocrx_word' id='word_1_1967' title='bbox 1237 3768 1255 3795; x_wconf 87' lang='lat' dir='ltr'><strong>fi</strong></span> <span class='ocrx_word' id='word_1_1968' title='bbox 1268 3769 1334 3803; x_wconf 90' lang='lat' dir='ltr'>quid</span> <span class='ocrx_word' id='word_1_1969' title='bbox 1348 3767 1555 3795; x_wconf 85' lang='lat' dir='ltr'>inaedificauerit</span> <span class='ocrx_word' id='word_1_1970' title='bbox 1567 3764 1614 3802; x_wconf 88' lang='lat'>§.1</span> <span class='ocrx_word' id='word_1_1971' title='bbox 1627 3765 1659 3791; x_wconf 93' lang='lat' dir='ltr'>D.</span> <span class='ocrx_word' id='word_1_1972' title='bbox 1672 3763 1704 3791; x_wconf 92' lang='lat' dir='ltr'>de</span> <span class='ocrx_word' id='word_1_1973' title='bbox 1721 3765 1848 3792; x_wconf 64' lang='lat' dir='ltr'>vsufru&amp;</span> <span class='ocrx_word' id='word_1_1974' title='bbox 1880 3767 1928 3793; x_wconf 90' lang='lat' dir='ltr'>Vel</span> <span class='ocrx_word' id='word_1_1975' title='bbox 1944 3767 1976 3794; x_wconf 90' lang='lat' dir='ltr'>de</span> <span class='ocrx_word' id='word_1_1976' title='bbox 1989 3769 2112 3795; x_wconf 80' lang='lat' dir='ltr'>Palaestra</span> <span class='ocrx_word' id='word_1_1977' title='bbox 2128 3778 2171 3796; x_wconf 80' lang='lat' dir='ltr'>cx-</span> 
     </span>
    </p>
   </div>
   <div class='ocr_carea' id='block_1_63' title="bbox 18 3806 1070 3874">
    <p class='ocr_par' dir='ltr' id='par_1_87' title="bbox 18 3806 1070 3874">
     <span class='ocr_line' id='line_1_222' title="bbox 18 3806 1070 3874; baseline 0.008 -14"><span class='ocrx_word' id='word_1_1978' title='bbox 18 3848 21 3872; x_wconf 62' lang='grc' dir='ltr'>Ι</span> <span class='ocrx_word' id='word_1_1979' title='bbox 49 3841 121 3862; x_wconf 86' lang='lat' dir='ltr'>orem</span> <span class='ocrx_word' id='word_1_1980' title='bbox 132 3836 246 3863; x_wconf 83' lang='lat' dir='ltr'>Gradum</span> <span class='ocrx_word' id='word_1_1981' title='bbox 259 3837 369 3863; x_wconf 89' lang='lat' dir='ltr'>honoris</span> <span class='ocrx_word' id='word_1_1982' title='bbox 383 3836 531 3863; x_wconf 84' lang='lat' dir='ltr'>extenditur</span> <span class='ocrx_word' id='word_1_1983' title='bbox 550 3837 656 3869; x_wconf 64' lang='lat' dir='ltr'>Quin&amp;</span> <span class='ocrx_word' id='word_1_1984' title='bbox 670 3841 740 3868; x_wconf 81' lang='lat' dir='ltr'>Decl.</span> <span class='ocrx_word' id='word_1_1985' title='bbox 755 3851 767 3874; x_wconf 82' lang='lat'>3</span> <span class='ocrx_word' id='word_1_1986' title='bbox 780 3851 801 3869; x_wconf 90' lang='lat' dir='ltr'>c.</span> <span class='ocrx_word' id='word_1_1987' title='bbox 824 3851 857 3874; x_wconf 87' lang='grc'>13.</span> <span class='ocrx_word' id='word_1_1988' title='bbox 893 3806 1070 3869; x_wconf 46' lang='grc' dir='ltr'>υἱάΑὲἰιὉᾶηιιξιιιῐ</span> 
     </span>
    </p>
   </div>
   <div class='ocr_carea' id='block_1_64' title="bbox 294 3873 1071 3947">
    <p class='ocr_par' dir='ltr' id='par_1_88' title="bbox 294 3873 1071 3947">
     <span class='ocr_line' id='line_1_223' title="bbox 491 3873 1071 3912; baseline 0.014 -16"><span class='ocrx_word' id='word_1_1989' title='bbox 491 3873 624 3911; x_wconf 32' lang='lat' dir='ltr'>Qum-tum</span> <span class='ocrx_word' id='word_1_1990' title='bbox 644 3877 780 3912; x_wconf 78' lang='lat' dir='ltr'>extendere</span> <span class='ocrx_word' id='word_1_1991' title='bbox 791 3879 845 3904; x_wconf 87' lang='lat' dir='ltr'>Iter</span> <span class='ocrx_word' id='word_1_1992' title='bbox 858 3878 936 3912; x_wconf 77' lang='lat' dir='ltr'>posset</span> <span class='ocrx_word' id='word_1_1993' title='bbox 950 3879 977 3904; x_wconf 91' lang='lat' dir='ltr'>in</span> <span class='ocrx_word' id='word_1_1994' title='bbox 991 3878 1071 3904; x_wconf 87' lang='lat' dir='ltr'>castra</span> 
     </span>
     <span class='ocr_line' id='line_1_224' title="bbox 294 3907 1071 3947; baseline 0.009 -14"><span class='ocrx_word' id='word_1_1995' title='bbox 294 3908 400 3935; x_wconf 89' lang='lat' dir='ltr'>Nomen</span> <span class='ocrx_word' id='word_1_1996' title='bbox 414 3908 487 3934; x_wconf 90' lang='lat' dir='ltr'>suum</span> <span class='ocrx_word' id='word_1_1997' title='bbox 500 3907 550 3934; x_wconf 87' lang='lat' dir='ltr'>late</span> <span class='ocrx_word' id='word_1_1998' title='bbox 563 3916 591 3932; x_wconf 88' lang='lat' dir='ltr'>m</span> <span class='ocrx_word' id='word_1_1999' title='bbox 603 3907 706 3935; x_wconf 80' lang='lat' dir='ltr'>vltimas</span> <span class='ocrx_word' id='word_1_2000' title='bbox 717 3919 775 3938; x_wconf 82' lang='lat' dir='ltr'>oras</span> <span class='ocrx_word' id='word_1_2001' title='bbox 795 3913 861 3939; x_wconf 82' lang='lat' dir='ltr'>Hor.</span> <span class='ocrx_word' id='word_1_2002' title='bbox 875 3914 961 3939; x_wconf 87' lang='lat' dir='ltr'>Carm.</span> <span class='ocrx_word' id='word_1_2003' title='bbox 970 3922 992 3945; x_wconf 80' lang='grc'>3,</span> <span class='ocrx_word' id='word_1_2004' title='bbox 1000 3920 1071 3947; x_wconf 77' lang='grc' dir='ltr'>3,4ς.</span> 
     </span>
    </p>
   </div>
   <div class='ocr_carea' id='block_1_65' title="bbox 1065 3944 1473 3984">
    <p class='ocr_par' dir='ltr' id='par_1_89' title="bbox 1065 3944 1473 3984">
     <span class='ocr_line' id='line_1_225' title="bbox 1065 3944 1473 3984; baseline -0.02 -6"><span class='ocrx_word' id='word_1_2005' title='bbox 1065 3963 1072 3972; x_wconf 93' lang='lat'><em>·</em></span> <span class='ocrx_word' id='word_1_2006' title='bbox 1081 3956 1125 3984; x_wconf 85' lang='lat'>105</span> <span class='ocrx_word' id='word_1_2007' title='bbox 1137 3947 1190 3975; x_wconf 86' lang='lat' dir='ltr'>lam</span> <span class='ocrx_word' id='word_1_2008' title='bbox 1207 3945 1302 3973; x_wconf 76' lang='lat' dir='ltr'>curass‘e</span> <span class='ocrx_word' id='word_1_2009' title='bbox 1319 3944 1473 3973; x_wconf 81' lang='lat' dir='ltr'>faciendam.</span> 
     </span>
    </p>
   </div>
   <div class='ocr_carea' id='block_1_66' title="bbox 1133 3273 2171 3555">
    <p class='ocr_par' dir='ltr' id='par_1_90' title="bbox 1133 3273 1500 3309">
     <span class='ocr_line' id='line_1_226' title="bbox 1133 3273 1500 3309; baseline -0.005 -7"><span class='ocrx_word' id='word_1_2010' title='bbox 1133 3284 1222 3302; x_wconf 77' lang='lat' dir='ltr'>reruni</span> <span class='ocrx_word' id='word_1_2011' title='bbox 1240 3273 1358 3309; x_wconf 83' lang='lat' dir='ltr'>pellimae</span> <span class='ocrx_word' id='word_1_2012' title='bbox 1373 3279 1500 3308; x_wconf 90' lang='lat' dir='ltr'>acceptae.</span> 
     </span>
    </p>

    <p class='ocr_par' dir='ltr' id='par_1_91' title="bbox 1135 3307 2170 3381">
     <span class='ocr_line' id='line_1_227' title="bbox 1169 3307 2170 3346; baseline 0.001 -9"><span class='ocrx_word' id='word_1_2013' title='bbox 1169 3317 1186 3337; x_wconf 86' lang='lat' dir='ltr'>E</span> <span class='ocrx_word' id='word_1_2014' title='bbox 1196 3318 1213 3336; x_wconf 91' lang='lat' dir='ltr'>x</span> <span class='ocrx_word' id='word_1_2015' title='bbox 1223 3317 1244 3337; x_wconf 88' lang='lat' dir='ltr'>T</span> <span class='ocrx_word' id='word_1_2016' title='bbox 1253 3316 1269 3336; x_wconf 78' lang='lat' dir='ltr'>E</span> <span class='ocrx_word' id='word_1_2017' title='bbox 1279 3317 1301 3336; x_wconf 89' lang='lat' dir='ltr'>N</span> <span class='ocrx_word' id='word_1_2018' title='bbox 1311 3316 1331 3334; x_wconf 91' lang='lat' dir='ltr'>v</span> <span class='ocrx_word' id='word_1_2019' title='bbox 1341 3316 1363 3336; x_wconf 87' lang='lat' dir='ltr'>A</span> <span class='ocrx_word' id='word_1_2020' title='bbox 1376 3315 1397 3335; x_wconf 74' lang='lat' dir='ltr'>&#39;r</span> <span class='ocrx_word' id='word_1_2021' title='bbox 1410 3316 1462 3341; x_wconf 88' lang='grc'>10,</span> <span class='ocrx_word' id='word_1_2022' title='bbox 1483 3308 1549 3334; x_wconf 66' lang='lat' dir='ltr'>nnis.</span> <span class='ocrx_word' id='word_1_2023' title='bbox 1569 3307 1589 3334; x_wconf 84' lang='lat' dir='ltr'>f.</span> <span class='ocrx_word' id='word_1_2024' title='bbox 1626 3307 1791 3344; x_wconf 70' lang='grc' dir='ltr'>[λέπτυνσις]</span> <span class='ocrx_word' id='word_1_2025' title='bbox 1826 3308 1882 3335; x_wconf 89' lang='lat' dir='ltr'>Cic.</span> <span class='ocrx_word' id='word_1_2026' title='bbox 1895 3308 1926 3334; x_wconf 87' lang='lat' dir='ltr'>de</span> <span class='ocrx_word' id='word_1_2027' title='bbox 1940 3310 2012 3336; x_wconf 73' lang='lat' dir='ltr'>Orat.</span> <span class='ocrx_word' id='word_1_2028' title='bbox 2024 3319 2105 3342; x_wconf 85' lang='lat'>3,200</span> <span class='ocrx_word' id='word_1_2029' title='bbox 2112 3321 2134 3338; x_wconf 88' lang='lat' dir='ltr'>c.</span> <span class='ocrx_word' id='word_1_2030' title='bbox 2143 3320 2170 3346; x_wconf 83' lang='lat'>53</span> 
     </span>
     <span class='ocr_line' id='line_1_228' title="bbox 1135 3342 1940 3381; baseline -0.002 -9"><span class='ocrx_word' id='word_1_2031' title='bbox 1135 3345 1288 3381; x_wconf 86' lang='lat' dir='ltr'>Sgnificatio</span> <span class='ocrx_word' id='word_1_2032' title='bbox 1301 3351 1327 3371; x_wconf 86' lang='lat' dir='ltr'>et</span> <span class='ocrx_word' id='word_1_2033' title='bbox 1338 3344 1459 3371; x_wconf 69' lang='lat' dir='ltr'>distinete</span> <span class='ocrx_word' id='word_1_2034' title='bbox 1471 3343 1572 3370; x_wconf 89' lang='lat' dir='ltr'>concisa</span> <span class='ocrx_word' id='word_1_2035' title='bbox 1585 3342 1718 3376; x_wconf 86' lang='lat' dir='ltr'>breuitas,</span> <span class='ocrx_word' id='word_1_2036' title='bbox 1738 3350 1764 3370; x_wconf 88' lang='lat' dir='ltr'>et</span> <span class='ocrx_word' id='word_1_2037' title='bbox 1783 3345 1940 3370; x_wconf 87' lang='lat' dir='ltr'>extenuatio.</span> 
     </span>
    </p>

    <p class='ocr_par' dir='ltr' id='par_1_92' title="bbox 1133 3378 2171 3517">
     <span class='ocr_line' id='line_1_229' title="bbox 1171 3378 2171 3417; baseline -0.004 -9"><span class='ocrx_word' id='word_1_2038' title='bbox 1171 3389 1187 3408; x_wconf 84' lang='lat' dir='ltr'>E</span> <span class='ocrx_word' id='word_1_2039' title='bbox 1198 3388 1215 3407; x_wconf 87' lang='lat' dir='ltr'>x</span> <span class='ocrx_word' id='word_1_2040' title='bbox 1224 3388 1301 3408; x_wconf 78' lang='lat' dir='ltr'>‘ri-:N</span> <span class='ocrx_word' id='word_1_2041' title='bbox 1313 3387 1332 3406; x_wconf 89' lang='lat' dir='ltr'>v</span> <span class='ocrx_word' id='word_1_2042' title='bbox 1345 3387 1366 3407; x_wconf 81' lang='grc' dir='ltr'>Α</span> <span class='ocrx_word' id='word_1_2043' title='bbox 1377 3386 1398 3407; x_wconf 81' lang='grc' dir='ltr'>Τ</span> <span class='ocrx_word' id='word_1_2044' title='bbox 1410 3387 1429 3406; x_wconf 82' lang='lat' dir='ltr'><strong>R</strong></span> <span class='ocrx_word' id='word_1_2045' title='bbox 1439 3387 1448 3406; x_wconf 88' lang='lat'>1</span> <span class='ocrx_word' id='word_1_2046' title='bbox 1457 3386 1475 3405; x_wconf 85' lang='lat' dir='ltr'>x</span> <span class='ocrx_word' id='word_1_2047' title='bbox 1484 3398 1493 3411; x_wconf 90' lang='lat'>,</span> <span class='ocrx_word' id='word_1_2048' title='bbox 1513 3379 1567 3404; x_wconf 77' lang='lat' dir='ltr'>icis.</span> <span class='ocrx_word' id='word_1_2049' title='bbox 1606 3379 1624 3404; x_wconf 85' lang='lat' dir='ltr'>f.</span> <span class='ocrx_word' id='word_1_2050' title='bbox 1661 3378 1801 3408; x_wconf 68' lang='lat' dir='ltr'>AdieHiue.</span> <span class='ocrx_word' id='word_1_2051' title='bbox 1835 3380 1931 3406; x_wconf 85' lang='lat' dir='ltr'>Macer.</span> <span class='ocrx_word' id='word_1_2052' title='bbox 1946 3379 1974 3405; x_wconf 80' lang='lat' dir='ltr'>de</span> <span class='ocrx_word' id='word_1_2053' title='bbox 1987 3379 2069 3415; x_wconf 80' lang='lat' dir='ltr'>Sulph.</span> <span class='ocrx_word' id='word_1_2054' title='bbox 2086 3391 2122 3416; x_wconf 84' lang='lat'>4,</span> <span class='ocrx_word' id='word_1_2055' title='bbox 2142 3391 2171 3417; x_wconf 83' lang='lat'>19</span> 
     </span>
     <span class='ocr_line' id='line_1_230' title="bbox 1169 3448 2171 3482; baseline 0.001 -3"><span class='ocrx_word' id='word_1_2056' title='bbox 1169 3460 1185 3479; x_wconf 81' lang='lat' dir='ltr'>E</span> <span class='ocrx_word' id='word_1_2057' title='bbox 1194 3460 1211 3479; x_wconf 85' lang='lat' dir='ltr'>x</span> <span class='ocrx_word' id='word_1_2058' title='bbox 1220 3460 1241 3479; x_wconf 88' lang='lat' dir='ltr'>T</span> <span class='ocrx_word' id='word_1_2059' title='bbox 1250 3459 1266 3479; x_wconf 82' lang='lat' dir='ltr'>E</span> <span class='ocrx_word' id='word_1_2060' title='bbox 1276 3459 1298 3478; x_wconf 87' lang='lat' dir='ltr'>N</span> <span class='ocrx_word' id='word_1_2061' title='bbox 1307 3457 1385 3478; x_wconf 82' lang='lat' dir='ltr'>VAT</span> <span class='ocrx_word' id='word_1_2062' title='bbox 1395 3458 1414 3477; x_wconf 90' lang='grc' dir='ltr'>ο</span> <span class='ocrx_word' id='word_1_2063' title='bbox 1424 3457 1489 3477; x_wconf 71' lang='lat' dir='ltr'>x1v</span> <span class='ocrx_word' id='word_1_2064' title='bbox 1499 3456 1512 3475; x_wconf 81' lang='lat' dir='ltr'>s</span> <span class='ocrx_word' id='word_1_2065' title='bbox 1521 3469 1529 3482; x_wconf 93' lang='lat'>,</span> <span class='ocrx_word' id='word_1_2066' title='bbox 1557 3458 1586 3481; x_wconf 90' lang='lat' dir='ltr'>a,</span> <span class='ocrx_word' id='word_1_2067' title='bbox 1609 3459 1663 3476; x_wconf 88' lang='lat' dir='ltr'>um.</span> <span class='ocrx_word' id='word_1_2068' title='bbox 1699 3448 1759 3476; x_wconf 88' lang='lat' dir='ltr'>Adi.</span> <span class='ocrx_word' id='word_1_2069' title='bbox 1802 3449 1851 3481; x_wconf 87' lang='lat' dir='ltr'>Vt,</span> <span class='ocrx_word' id='word_1_2070' title='bbox 1870 3448 1959 3475; x_wconf 87' lang='lat' dir='ltr'>Virtus</span> <span class='ocrx_word' id='word_1_2071' title='bbox 1988 3452 2171 3481; x_wconf 81' lang='lat' dir='ltr'>extenuatoria</span> 
     </span>
     <span class='ocr_line' id='line_1_231' title="bbox 1133 3486 1646 3517; baseline -0.01 -1"><span class='ocrx_word' id='word_1_2072' title='bbox 1133 3488 1243 3516; x_wconf 85' lang='lat' dir='ltr'>Theod.</span> <span class='ocrx_word' id='word_1_2073' title='bbox 1257 3487 1334 3515; x_wconf 88' lang='lat' dir='ltr'>Prisc.</span> <span class='ocrx_word' id='word_1_2074' title='bbox 1350 3487 1382 3513; x_wconf 89' lang='lat' dir='ltr'>de</span> <span class='ocrx_word' id='word_1_2075' title='bbox 1394 3486 1486 3513; x_wconf 89' lang='lat' dir='ltr'>Diaeta</span> <span class='ocrx_word' id='word_1_2076' title='bbox 1498 3495 1519 3512; x_wconf 91' lang='lat' dir='ltr'>c.</span> <span class='ocrx_word' id='word_1_2077' title='bbox 1534 3492 1558 3517; x_wconf 86' lang='lat'>15</span> <span class='ocrx_word' id='word_1_2078' title='bbox 1572 3491 1595 3511; x_wconf 76' lang='lat' dir='ltr'>et</span> <span class='ocrx_word' id='word_1_2079' title='bbox 1609 3493 1646 3511; x_wconf 88' lang='lat'>10.</span> 
     </span>
    </p>

    <p class='ocr_par' dir='ltr' id='par_1_93' title="bbox 1171 3519 2171 3555">
     <span class='ocr_line' id='line_1_232' title="bbox 1171 3519 2171 3555; baseline 0 -5"><span class='ocrx_word' id='word_1_2080' title='bbox 1171 3531 1188 3550; x_wconf 87' lang='lat' dir='ltr'>E</span> <span class='ocrx_word' id='word_1_2081' title='bbox 1197 3530 1243 3550; x_wconf 76' lang='grc' dir='ltr'>ΧΤ</span> <span class='ocrx_word' id='word_1_2082' title='bbox 1252 3530 1300 3550; x_wconf 82' lang='lat' dir='ltr'>EN</span> <span class='ocrx_word' id='word_1_2083' title='bbox 1309 3530 1330 3549; x_wconf 95' lang='lat' dir='ltr'>v</span> <span class='ocrx_word' id='word_1_2084' title='bbox 1339 3530 1348 3549; x_wconf 91' lang='lat'>1</span> <span class='ocrx_word' id='word_1_2085' title='bbox 1357 3530 1369 3549; x_wconf 88' lang='grc'>5</span> <span class='ocrx_word' id='word_1_2086' title='bbox 1380 3529 1393 3548; x_wconf 88' lang='grc'>5</span> <span class='ocrx_word' id='word_1_2087' title='bbox 1406 3528 1414 3547; x_wconf 90' lang='grc'>1</span> <span class='ocrx_word' id='word_1_2088' title='bbox 1428 3528 1452 3548; x_wconf 87' lang='grc' dir='ltr'><strong>Μ</strong></span> <span class='ocrx_word' id='word_1_2089' title='bbox 1464 3528 1490 3548; x_wconf 84' lang='lat' dir='ltr'>E.</span> <span class='ocrx_word' id='word_1_2090' title='bbox 1528 3520 1596 3546; x_wconf 84' lang='lat' dir='ltr'>Adu.</span> <span class='ocrx_word' id='word_1_2091' title='bbox 1631 3519 1710 3555; x_wconf 79' lang='lat' dir='ltr'>Apud</span> <span class='ocrx_word' id='word_1_2092' title='bbox 1720 3520 1774 3546; x_wconf 88' lang='lat' dir='ltr'>Sen.</span> <span class='ocrx_word' id='word_1_2093' title='bbox 1783 3519 1910 3545; x_wconf 90' lang='lat' dir='ltr'>Controu.</span> <span class='ocrx_word' id='word_1_2094' title='bbox 1925 3528 1944 3551; x_wconf 89' lang='lat'>1,</span> <span class='ocrx_word' id='word_1_2095' title='bbox 1957 3528 1983 3553; x_wconf 81' lang='lat'>4,</span> <span class='ocrx_word' id='word_1_2096' title='bbox 2001 3531 2049 3548; x_wconf 82' lang='lat' dir='ltr'>non</span> <span class='ocrx_word' id='word_1_2097' title='bbox 2062 3525 2171 3551; x_wconf 82' lang='lat' dir='ltr'>inuenio.</span> 
     </span>
    </p>
   </div>
   <div class='ocr_carea' id='block_1_67' title="bbox 0 3553 2172 3735">
    <p class='ocr_par' dir='ltr' id='par_1_94' title="bbox 44 3553 2171 3595">
     <span class='ocr_line' id='line_1_233' title="bbox 44 3553 2171 3595; baseline -0 -15"><span class='ocrx_word' id='word_1_2098' title='bbox 44 3553 90 3581; x_wconf 85' lang='lat' dir='ltr'>Sil.</span> <span class='ocrx_word' id='word_1_2099' title='bbox 103 3561 141 3588; x_wconf 86' lang='lat'>17,</span> <span class='ocrx_word' id='word_1_2100' title='bbox 179 3574 186 3580; x_wconf 96' lang='lat'>.</span> <span class='ocrx_word' id='word_1_2101' title='bbox 223 3573 230 3580; x_wconf 93' lang='lat'>.</span> <span class='ocrx_word' id='word_1_2102' title='bbox 266 3553 347 3580; x_wconf 87' lang='lat' dir='ltr'>Colos</span> <span class='ocrx_word' id='word_1_2103' title='bbox 366 3554 426 3581; x_wconf 87' lang='lat' dir='ltr'>Stat.</span> <span class='ocrx_word' id='word_1_2104' title='bbox 459 3558 503 3585; x_wconf 89' lang='lat' dir='ltr'>ilu.</span> <span class='ocrx_word' id='word_1_2105' title='bbox 520 3568 540 3591; x_wconf 86' lang='grc'>3,</span> <span class='ocrx_word' id='word_1_2106' title='bbox 555 3569 581 3592; x_wconf 86' lang='grc'>1,</span> <span class='ocrx_word' id='word_1_2107' title='bbox 594 3568 646 3595; x_wconf 88' lang='lat'><strong>¹7²·</strong></span> <span class='ocrx_word' id='word_1_2108' title='bbox 681 3559 734 3586; x_wconf 83' lang='lat' dir='ltr'>vid.</span> <span class='ocrx_word' id='word_1_2109' title='bbox 756 3565 866 3586; x_wconf 86' lang='lat' dir='ltr'>COLvs.</span> <span class='ocrx_word' id='word_1_2110' title='bbox 971 3560 1070 3585; x_wconf 87' lang='lat' dir='ltr'>Consu·</span> <span class='ocrx_word' id='word_1_2111' title='bbox 1172 3565 1317 3589; x_wconf 68' lang='grc' dir='ltr'>Εκτεκ,</span> <span class='ocrx_word' id='word_1_2112' title='bbox 1341 3560 1402 3589; x_wconf 76' lang='lat' dir='ltr'>era,</span> <span class='ocrx_word' id='word_1_2113' title='bbox 1420 3559 1504 3583; x_wconf 73' lang='lat' dir='ltr'>erum.</span> <span class='ocrx_word' id='word_1_2114' title='bbox 1521 3555 1580 3582; x_wconf 89' lang='lat' dir='ltr'>Adi.</span> <span class='ocrx_word' id='word_1_2115' title='bbox 1616 3554 1737 3588; x_wconf 59' lang='lat' dir='ltr'>[gemnis]</span> <span class='ocrx_word' id='word_1_2116' title='bbox 1773 3554 1838 3580; x_wconf 68' lang='lat' dir='ltr'>Idem</span> <span class='ocrx_word' id='word_1_2117' title='bbox 1852 3554 1916 3588; x_wconf 85' lang='lat' dir='ltr'>quod</span> <span class='ocrx_word' id='word_1_2118' title='bbox 1929 3556 2058 3583; x_wconf 80' lang='lat' dir='ltr'>Externus.</span> <span class='ocrx_word' id='word_1_2119' title='bbox 2101 3559 2171 3586; x_wconf 53' lang='lat' dir='ltr'>vnde</span> 
     </span>
    </p>

    <p class='ocr_par' dir='ltr' id='par_1_95' title="bbox 45 3588 2172 3632">
     <span class='ocr_line' id='line_1_234' title="bbox 45 3588 2172 3632; baseline 0 -17"><span class='ocrx_word' id='word_1_2120' title='bbox 45 3588 143 3622; x_wconf 86' lang='lat' dir='ltr'>latum,</span> <span class='ocrx_word' id='word_1_2121' title='bbox 161 3591 298 3624; x_wconf 78' lang='lat' dir='ltr'>Prorogare</span> <span class='ocrx_word' id='word_1_2122' title='bbox 314 3589 379 3615; x_wconf 87' lang='lat' dir='ltr'>Plin.</span> <span class='ocrx_word' id='word_1_2123' title='bbox 392 3589 421 3616; x_wconf 89' lang='lat' dir='ltr'>in</span> <span class='ocrx_word' id='word_1_2124' title='bbox 432 3592 520 3628; x_wconf 83' lang='lat' dir='ltr'>Paneg.</span> <span class='ocrx_word' id='word_1_2125' title='bbox 532 3604 553 3621; x_wconf 90' lang='lat' dir='ltr'>c.</span> <span class='ocrx_word' id='word_1_2126' title='bbox 568 3598 605 3621; x_wconf 89' lang='lat'>61.</span> <span class='ocrx_word' id='word_1_2127' title='bbox 712 3596 794 3622; x_wconf 87' lang='lat' dir='ltr'>Curas</span> <span class='ocrx_word' id='word_1_2128' title='bbox 807 3595 835 3620; x_wconf 91' lang='lat' dir='ltr'>in</span> <span class='ocrx_word' id='word_1_2129' title='bbox 847 3603 945 3622; x_wconf 88' lang='lat' dir='ltr'>annum</span> <span class='ocrx_word' id='word_1_2130' title='bbox 964 3595 1071 3621; x_wconf 87' lang='lat' dir='ltr'>venien·</span> <span class='ocrx_word' id='word_1_2131' title='bbox 1085 3606 1117 3632; x_wconf 77' lang='lat'>95</span> <span class='ocrx_word' id='word_1_2132' title='bbox 1136 3594 1198 3619; x_wconf 88' lang='lat' dir='ltr'>Stat.</span> <span class='ocrx_word' id='word_1_2133' title='bbox 1224 3593 1316 3620; x_wconf 91' lang='lat' dir='ltr'>Theb.</span> <span class='ocrx_word' id='word_1_2134' title='bbox 1334 3602 1365 3625; x_wconf 93' lang='lat'>11,</span> <span class='ocrx_word' id='word_1_2135' title='bbox 1379 3601 1433 3626; x_wconf 81' lang='lat'>429</span> <span class='ocrx_word' id='word_1_2136' title='bbox 1459 3593 1535 3618; x_wconf 90' lang='lat' dir='ltr'>Exter</span> <span class='ocrx_word' id='word_1_2137' title='bbox 1550 3591 1634 3617; x_wconf 89' lang='lat' dir='ltr'>honos</span> <span class='ocrx_word' id='word_1_2138' title='bbox 1644 3591 1725 3620; x_wconf 80' lang='lat' dir='ltr'>dixit,</span> <span class='ocrx_word' id='word_1_2139' title='bbox 1742 3595 1788 3623; x_wconf 82' lang='lat' dir='ltr'>pro</span> <span class='ocrx_word' id='word_1_2140' title='bbox 1802 3590 1938 3621; x_wconf 58' lang='lat' dir='ltr'>Extraneffi</span> <span class='ocrx_word' id='word_1_2141' title='bbox 1951 3590 2029 3624; x_wconf 75' lang='lat' dir='ltr'>ficati</span> <span class='ocrx_word' id='word_1_2142' title='bbox 2041 3594 2063 3619; x_wconf 77' lang='lat' dir='ltr'>Ie</span> <span class='ocrx_word' id='word_1_2143' title='bbox 2082 3596 2103 3619; x_wconf 81' lang='lat' dir='ltr'>it</span> <span class='ocrx_word' id='word_1_2144' title='bbox 2116 3595 2172 3621; x_wconf 71' lang='lat' dir='ltr'>Pri-</span> 
     </span>
    </p>

    <p class='ocr_par' dir='ltr' id='par_1_96' title="bbox 0 3603 2171 3735">
     <span class='ocr_line' id='line_1_235' title="bbox 46 3603 2171 3665; baseline 0 -9"><span class='ocrx_word' id='word_1_2145' title='bbox 46 3629 98 3665; x_wconf 63' lang='lat' dir='ltr'>}effl</span> <span class='ocrx_word' id='word_1_2146' title='bbox 116 3625 190 3665; x_wconf 65' lang='lat' dir='ltr'>Yirg-</span> <span class='ocrx_word' id='word_1_2147' title='bbox 205 3624 341 3665; x_wconf 54' lang='lat' dir='ltr'>(3¹:01ng</span> <span class='ocrx_word' id='word_1_2148' title='bbox 355 3633 414 3657; x_wconf 78' lang='lat'>403·</span> <span class='ocrx_word' id='word_1_2149' title='bbox 456 3659 462 3665; x_wconf 58' lang='grc'>,</span> <span class='ocrx_word' id='word_1_2150' title='bbox 515 3630 610 3657; x_wconf 87' lang='lat' dir='ltr'>Cursus</span> <span class='ocrx_word' id='word_1_2151' title='bbox 627 3630 701 3665; x_wconf 86' lang='lat' dir='ltr'>Virg.</span> <span class='ocrx_word' id='word_1_2152' title='bbox 716 3631 781 3657; x_wconf 85' lang='lat' dir='ltr'>Aen.</span> <span class='ocrx_word' id='word_1_2153' title='bbox 792 3639 829 3662; x_wconf 88' lang='lat'>12,</span> <span class='ocrx_word' id='word_1_2154' title='bbox 843 3639 904 3663; x_wconf 91' lang='grc'>909.</span> <span class='ocrx_word' id='word_1_2155' title='bbox 974 3631 1070 3657; x_wconf 87' lang='lat' dir='ltr'>Cutem</span> <span class='ocrx_word' id='word_1_2156' title='bbox 1137 3629 1214 3654; x_wconf 81' lang='lat' dir='ltr'>scian.</span> <span class='ocrx_word' id='word_1_2157' title='bbox 1229 3629 1245 3654; x_wconf 92' lang='grc'>1.</span> <span class='ocrx_word' id='word_1_2158' title='bbox 1260 3629 1326 3665; x_wconf 83' lang='lat' dir='ltr'>3sub</span> <span class='ocrx_word' id='word_1_2159' title='bbox 1338 3631 1396 3654; x_wconf 80' lang='lat' dir='ltr'>init.</span> <span class='ocrx_word' id='word_1_2160' title='bbox 1413 3628 1492 3654; x_wconf 91' lang='lat' dir='ltr'>Nunc</span> <span class='ocrx_word' id='word_1_2161' title='bbox 1509 3627 1555 3653; x_wconf 87' lang='lat' dir='ltr'>iste</span> <span class='ocrx_word' id='word_1_2162' title='bbox 1567 3626 1644 3653; x_wconf 82' lang='lat' dir='ltr'>vobis</span> <span class='ocrx_word' id='word_1_2163' title='bbox 1665 3631 1737 3650; x_wconf 85' lang='lat' dir='ltr'>exter</span> <span class='ocrx_word' id='word_1_2164' title='bbox 1754 3624 1880 3663; x_wconf 46' lang='lat' dir='ltr'>et-vester</span> <span class='ocrx_word' id='word_1_2165' title='bbox 1899 3633 1987 3654; x_wconf 80' lang='lat' dir='ltr'>manet</span> <span class='ocrx_word' id='word_1_2166' title='bbox 2009 3603 2118 3655; x_wconf 64' lang='lat' dir='ltr'>Pauliin.</span> <span class='ocrx_word' id='word_1_2167' title='bbox 2138 3630 2171 3657; x_wconf 84' lang='lat' dir='ltr'>ad</span> 
     </span>
     <span class='ocr_line' id='line_1_236' title="bbox 44 3659 2170 3700; baseline 0.004 -15.845"><span class='ocrx_word' id='word_1_2168' title='bbox 44 3666 75 3686; x_wconf 76' lang='lat' dir='ltr'>ln</span> <span class='ocrx_word' id='word_1_2169' title='bbox 85 3660 167 3693; x_wconf 80' lang='lat' dir='ltr'>facie,</span> <span class='ocrx_word' id='word_1_2170' title='bbox 182 3663 200 3686; x_wconf 91' lang='lat' dir='ltr'>i.</span> <span class='ocrx_word' id='word_1_2171' title='bbox 214 3663 284 3696; x_wconf 83' lang='lat' dir='ltr'>rugis</span> <span class='ocrx_word' id='word_1_2172' title='bbox 300 3660 403 3686; x_wconf 71' lang='lat' dir='ltr'>liberare</span> <span class='ocrx_word' id='word_1_2173' title='bbox 426 3659 490 3687; x_wconf 86' lang='grc' dir='ltr'>Ρ1111.</span> <span class='ocrx_word' id='word_1_2174' title='bbox 501 3671 540 3696; x_wconf 87' lang='lat'>24,</span> <span class='ocrx_word' id='word_1_2175' title='bbox 551 3672 568 3700; x_wconf 83' lang='lat'>7</span> <span class='ocrx_word' id='word_1_2176' title='bbox 580 3673 644 3692; x_wconf 59' lang='lat' dir='ltr'>extr,</span> <span class='ocrx_word' id='word_1_2177' title='bbox 681 3666 727 3692; x_wconf 66' lang='lat' dir='ltr'>Sfd</span> <span class='ocrx_word' id='word_1_2178' title='bbox 738 3667 771 3692; x_wconf 76' lang='lat' dir='ltr'>al,</span> <span class='ocrx_word' id='word_1_2179' title='bbox 796 3671 938 3700; x_wconf 76' lang='lat' dir='ltr'>extergere.</span> <span class='ocrx_word' id='word_1_2180' title='bbox 1008 3665 1072 3691; x_wconf 82' lang='lat' dir='ltr'>Dies</span> <span class='ocrx_word' id='word_1_2181' title='bbox 1138 3663 1293 3696; x_wconf 87' lang='lat' dir='ltr'>Cytherium</span> <span class='ocrx_word' id='word_1_2182' title='bbox 1306 3673 1332 3690; x_wconf 88' lang='lat' dir='ltr'>v.</span> <span class='ocrx_word' id='word_1_2183' title='bbox 1346 3671 1403 3698; x_wconf 85' lang='lat'>507.</span> <span class='ocrx_word' id='word_1_2184' title='bbox 1474 3662 1541 3689; x_wconf 83' lang='lat' dir='ltr'>Add.</span> <span class='ocrx_word' id='word_1_2185' title='bbox 1555 3662 1572 3688; x_wconf 93' lang='grc'>1.</span> <span class='ocrx_word' id='word_1_2186' title='bbox 1586 3666 1619 3694; x_wconf 83' lang='lat'>84</span> <span class='ocrx_word' id='word_1_2187' title='bbox 1632 3659 1658 3685; x_wconf 81' lang='lat' dir='ltr'>ff.</span> <span class='ocrx_word' id='word_1_2188' title='bbox 1671 3660 1703 3686; x_wconf 91' lang='lat' dir='ltr'>de</span> <span class='ocrx_word' id='word_1_2189' title='bbox 1715 3668 1815 3694; x_wconf 76' lang='lat' dir='ltr'>acquir.</span> <span class='ocrx_word' id='word_1_2190' title='bbox 1830 3660 1873 3686; x_wconf 91' lang='lat' dir='ltr'>vel</span> <span class='ocrx_word' id='word_1_2191' title='bbox 1885 3661 1972 3689; x_wconf 88' lang='lat' dir='ltr'>omitt.</span> <span class='ocrx_word' id='word_1_2192' title='bbox 2019 3663 2037 3690; x_wconf 93' lang='lat' dir='ltr'>l.</span> <span class='ocrx_word' id='word_1_2193' title='bbox 2052 3672 2075 3691; x_wconf 83' lang='lat'>11</span> <span class='ocrx_word' id='word_1_2194' title='bbox 2095 3665 2121 3691; x_wconf 85' lang='lat' dir='ltr'>ff.</span> <span class='ocrx_word' id='word_1_2195' title='bbox 2138 3665 2170 3693; x_wconf 87' lang='lat' dir='ltr'>de</span> 
     </span>
     <span class='ocr_line' id='line_1_237' title="bbox 0 3695 1671 3735; baseline -0.004 -8"><span class='ocrx_word' id='word_1_2196' title='bbox 0 3700 3 3702; x_wconf 76' lang='grc'><strong>’</strong></span> <span class='ocrx_word' id='word_1_2197' title='bbox 46 3695 183 3722; x_wconf 59' lang='grc' dir='ltr'>θὶΐθῐὶἆθῐὲ</span> <span class='ocrx_word' id='word_1_2198' title='bbox 194 3701 217 3721; x_wconf 67' lang='grc' dir='ltr'>θ’</span> <span class='ocrx_word' id='word_1_2199' title='bbox 228 3695 408 3727; x_wconf 76' lang='lat' dir='ltr'>contrahere,</span> <span class='ocrx_word' id='word_1_2200' title='bbox 427 3701 552 3731; x_wconf 69' lang='lat' dir='ltr'>cmm-aria</span> <span class='ocrx_word' id='word_1_2201' title='bbox 563 3701 628 3734; x_wconf 81' lang='lat' dir='ltr'>apud</span> <span class='ocrx_word' id='word_1_2202' title='bbox 638 3701 695 3727; x_wconf 89' lang='lat' dir='ltr'>Sen.</span> <span class='ocrx_word' id='word_1_2203' title='bbox 709 3701 740 3727; x_wconf 89' lang='lat' dir='ltr'>de</span> <span class='ocrx_word' id='word_1_2204' title='bbox 752 3701 842 3727; x_wconf 86' lang='lat' dir='ltr'>Benef.</span> <span class='ocrx_word' id='word_1_2205' title='bbox 855 3710 883 3734; x_wconf 92' lang='lat'>4,</span> <span class='ocrx_word' id='word_1_2206' title='bbox 896 3709 928 3732; x_wconf 86' lang='grc'>13.</span> <span class='ocrx_word' id='word_1_2207' title='bbox 1010 3700 1070 3735; x_wconf 78' lang='lat' dir='ltr'>Epi·</span> <span class='ocrx_word' id='word_1_2208' title='bbox 1138 3699 1207 3733; x_wconf 82' lang='lat' dir='ltr'>Lege</span> <span class='ocrx_word' id='word_1_2209' title='bbox 1221 3700 1241 3724; x_wconf 93' lang='lat' dir='ltr'>I.</span> <span class='ocrx_word' id='word_1_2210' title='bbox 1254 3698 1272 3725; x_wconf 86' lang='lat' dir='ltr'>l.</span> <span class='ocrx_word' id='word_1_2211' title='bbox 1285 3701 1319 3732; x_wconf 85' lang='lat'>69</span> <span class='ocrx_word' id='word_1_2212' title='bbox 1333 3697 1356 3735; x_wconf 54' lang='grc' dir='ltr'>ᾗ.</span> <span class='ocrx_word' id='word_1_2213' title='bbox 1370 3707 1386 3725; x_wconf 90' lang='grc'>2</span> <span class='ocrx_word' id='word_1_2214' title='bbox 1398 3705 1421 3724; x_wconf 87' lang='lat' dir='ltr'>et</span> <span class='ocrx_word' id='word_1_2215' title='bbox 1433 3707 1445 3731; x_wconf 82' lang='lat'>3</span> <span class='ocrx_word' id='word_1_2216' title='bbox 1459 3698 1485 3724; x_wconf 85' lang='lat' dir='ltr'>ff.</span> <span class='ocrx_word' id='word_1_2217' title='bbox 1498 3698 1530 3724; x_wconf 87' lang='lat' dir='ltr'>de</span> <span class='ocrx_word' id='word_1_2218' title='bbox 1544 3698 1631 3730; x_wconf 86' lang='lat' dir='ltr'>Legat.</span> <span class='ocrx_word' id='word_1_2219' title='bbox 1648 3703 1671 3721; x_wconf 91' lang='lat'>2.</span> 
     </span>
    </p>
   </div>
   <div class='ocr_carea' id='block_1_68' title="bbox 1134 3732 2172 4011">
    <p class='ocr_par' dir='ltr' id='par_1_97' title="bbox 1134 3732 2172 4011">
     <span class='ocr_line' id='line_1_238' title="bbox 1173 3732 2169 3768; baseline 0.001 -8"><span class='ocrx_word' id='word_1_2220' title='bbox 1173 3741 1246 3760; x_wconf 78' lang='lat' dir='ltr'>EXT</span> <span class='ocrx_word' id='word_1_2221' title='bbox 1259 3734 1412 3761; x_wconf 65' lang='grc'>1511136110</span> <span class='ocrx_word' id='word_1_2222' title='bbox 1423 3754 1431 3766; x_wconf 80' lang='grc'>,</span> <span class='ocrx_word' id='word_1_2223' title='bbox 1451 3735 1490 3759; x_wconf 75' lang='lat' dir='ltr'>uel</span> <span class='ocrx_word' id='word_1_2224' title='bbox 1506 3735 1778 3762; x_wconf 59' lang='lat' dir='ltr'>nxs‘rfinconm</span> <span class='ocrx_word' id='word_1_2225' title='bbox 1798 3734 1849 3756; x_wconf 68' lang='lat' dir='ltr'>are.</span> <span class='ocrx_word' id='word_1_2226' title='bbox 1887 3732 2006 3768; x_wconf 77' lang='lat' dir='ltr'>purgare.</span> <span class='ocrx_word' id='word_1_2227' title='bbox 2043 3735 2103 3768; x_wconf 84' lang='lat' dir='ltr'>le.</span> <span class='ocrx_word' id='word_1_2228' title='bbox 2117 3735 2169 3761; x_wconf 82' lang='lat' dir='ltr'>inl.</span> 
     </span>
     <span class='ocr_line' id='line_1_239' title="bbox 1135 3800 2172 3839; baseline 0.001 -9"><span class='ocrx_word' id='word_1_2229' title='bbox 1135 3804 1306 3831; x_wconf 88' lang='lat' dir='ltr'>stercorandis</span> <span class='ocrx_word' id='word_1_2230' title='bbox 1320 3805 1422 3835; x_wconf 83' lang='lat' dir='ltr'>latrinis</span> <span class='ocrx_word' id='word_1_2231' title='bbox 1435 3806 1583 3838; x_wconf 88' lang='lat' dir='ltr'>praeponat.</span> <span class='ocrx_word' id='word_1_2232' title='bbox 1623 3800 1671 3827; x_wconf 86' lang='lat' dir='ltr'>Vbi</span> <span class='ocrx_word' id='word_1_2233' title='bbox 1683 3802 1734 3827; x_wconf 85' lang='lat' dir='ltr'>alia</span> <span class='ocrx_word' id='word_1_2234' title='bbox 1742 3802 1889 3836; x_wconf 76' lang='lat' dir='ltr'>exemplaria</span> <span class='ocrx_word' id='word_1_2235' title='bbox 1902 3804 1987 3839; x_wconf 75' lang='lat' dir='ltr'>legunt</span> <span class='ocrx_word' id='word_1_2236' title='bbox 1994 3805 2172 3838; x_wconf 79' lang='lat' dir='ltr'>Extcrgendis,</span> 
     </span>
     <span class='ocr_line' id='line_1_240' title="bbox 1134 3840 1591 3867; baseline 0 0"><span class='ocrx_word' id='word_1_2237' title='bbox 1134 3842 1185 3867; x_wconf 88' lang='lat' dir='ltr'>alia</span> <span class='ocrx_word' id='word_1_2238' title='bbox 1198 3840 1385 3867; x_wconf 79' lang='lat' dir='ltr'>Stet-curandis.</span> <span class='ocrx_word' id='word_1_2239' title='bbox 1588 3856 1591 3858; x_wconf 92' lang='lat'><em>-</em></span> 
     </span>
     <span class='ocr_line' id='line_1_241' title="bbox 1174 3869 2171 3906; baseline 0.001 -7"><span class='ocrx_word' id='word_1_2240' title='bbox 1174 3882 1190 3901; x_wconf 80' lang='grc' dir='ltr'>Ε</span> <span class='ocrx_word' id='word_1_2241' title='bbox 1199 3880 1217 3900; x_wconf 89' lang='lat' dir='ltr'>x</span> <span class='ocrx_word' id='word_1_2242' title='bbox 1227 3881 1248 3901; x_wconf 87' lang='lat' dir='ltr'>T</span> <span class='ocrx_word' id='word_1_2243' title='bbox 1256 3881 1273 3900; x_wconf 86' lang='lat' dir='ltr'>E</span> <span class='ocrx_word' id='word_1_2244' title='bbox 1282 3882 1300 3901; x_wconf 81' lang='lat' dir='ltr'>R</span> <span class='ocrx_word' id='word_1_2245' title='bbox 1310 3873 1328 3902; x_wconf 72' lang='grc' dir='ltr'><strong><em>ἔ</em></strong></span> <span class='ocrx_word' id='word_1_2246' title='bbox 1336 3882 1352 3902; x_wconf 79' lang='grc' dir='ltr'>Β</span> <span class='ocrx_word' id='word_1_2247' title='bbox 1360 3883 1379 3902; x_wconf 81' lang='lat' dir='ltr'>R</span> <span class='ocrx_word' id='word_1_2248' title='bbox 1389 3881 1409 3901; x_wconf 91' lang='lat' dir='ltr'>o</span> <span class='ocrx_word' id='word_1_2249' title='bbox 1420 3894 1428 3906; x_wconf 92' lang='lat'><strong>‚</strong></span> <span class='ocrx_word' id='word_1_2250' title='bbox 1454 3876 1505 3899; x_wconf 69' lang='lat' dir='ltr'>are.</span> <span class='ocrx_word' id='word_1_2251' title='bbox 1540 3869 1699 3905; x_wconf 75' lang='grc' dir='ltr'><strong><em>[ἔκτρυποὲω]</em></strong></span> <span class='ocrx_word' id='word_1_2252' title='bbox 1740 3870 1896 3898; x_wconf 76' lang='lat' dir='ltr'>Terebrando</span> <span class='ocrx_word' id='word_1_2253' title='bbox 1916 3873 2020 3899; x_wconf 77' lang='lat' dir='ltr'>trabere.</span> <span class='ocrx_word' id='word_1_2254' title='bbox 2063 3874 2118 3900; x_wconf 88' lang='lat' dir='ltr'>Cic.</span> <span class='ocrx_word' id='word_1_2255' title='bbox 2139 3874 2171 3900; x_wconf 90' lang='lat' dir='ltr'>de</span> 
     </span>
     <span class='ocr_line' id='line_1_242' title="bbox 1137 3906 2171 3943; baseline -0.005 -7"><span class='ocrx_word' id='word_1_2256' title='bbox 1137 3911 1229 3938; x_wconf 90' lang='lat' dir='ltr'>Diuin.</span> <span class='ocrx_word' id='word_1_2257' title='bbox 1245 3918 1263 3942; x_wconf 88' lang='grc'>1,</span> <span class='ocrx_word' id='word_1_2258' title='bbox 1276 3915 1309 3942; x_wconf 86' lang='lat'>48</span> <span class='ocrx_word' id='word_1_2259' title='bbox 1322 3919 1344 3936; x_wconf 92' lang='lat' dir='ltr'>c.</span> <span class='ocrx_word' id='word_1_2260' title='bbox 1358 3919 1390 3943; x_wconf 81' lang='grc'>24</span> <span class='ocrx_word' id='word_1_2261' title='bbox 1410 3911 1500 3942; x_wconf 88' lang='lat' dir='ltr'>Itaque</span> <span class='ocrx_word' id='word_1_2262' title='bbox 1521 3915 1553 3933; x_wconf 90' lang='lat' dir='ltr'>ex</span> <span class='ocrx_word' id='word_1_2263' title='bbox 1572 3915 1604 3933; x_wconf 88' lang='lat' dir='ltr'>eo</span> <span class='ocrx_word' id='word_1_2264' title='bbox 1624 3915 1689 3933; x_wconf 90' lang='lat' dir='ltr'>auro</span> <span class='ocrx_word' id='word_1_2265' title='bbox 1704 3906 1776 3940; x_wconf 91' lang='lat' dir='ltr'>quod</span> <span class='ocrx_word' id='word_1_2266' title='bbox 1789 3907 1983 3934; x_wconf 82' lang='lat' dir='ltr'>exterebratum</span> <span class='ocrx_word' id='word_1_2267' title='bbox 1998 3908 2071 3940; x_wconf 75' lang='lat' dir='ltr'>esset,</span> <span class='ocrx_word' id='word_1_2268' title='bbox 2092 3908 2171 3935; x_wconf 72' lang='lat' dir='ltr'>bum..</span> 
     </span>
     <span class='ocr_line' id='line_1_243' title="bbox 1553 3942 2171 4010; baseline 0 -41"><span class='ocrx_word' id='word_1_2269' title='bbox 1553 3959 1558 3961; x_wconf 63' lang='lat'><em>&gt;</em></span> <span class='ocrx_word' id='word_1_2270' title='bbox 1579 3944 1627 3970; x_wconf 79' lang='lat' dir='ltr'>Per</span> <span class='ocrx_word' id='word_1_2271' title='bbox 1644 3944 1832 3970; x_wconf 80' lang='lat' dir='ltr'>translationem</span> <span class='ocrx_word' id='word_1_2272' title='bbox 1844 3942 1977 3980; x_wconf 81' lang='lat' dir='ltr'>secundum</span> <span class='ocrx_word' id='word_1_2273' title='bbox 1997 3943 2068 3969; x_wconf 85' lang='lat' dir='ltr'>Non.</span> <span class='ocrx_word' id='word_1_2274' title='bbox 2084 3952 2111 3975; x_wconf 87' lang='lat'>1,</span> <span class='ocrx_word' id='word_1_2275' title='bbox 2130 3951 2171 4010; x_wconf 52' lang='lat'>3¹5</span> 
     </span>
     <span class='ocr_line' id='line_1_244' title="bbox 1444 3979 2147 4011; baseline -0.001 -6"><span class='ocrx_word' id='word_1_2276' title='bbox 1444 3979 1465 4005; x_wconf 75' lang='lat' dir='ltr'>Y</span> <span class='ocrx_word' id='word_1_2277' title='bbox 1484 3987 1500 4011; x_wconf 82' lang='lat' dir='ltr'>y</span> <span class='ocrx_word' id='word_1_2278' title='bbox 1519 3987 1536 4011; x_wconf 81' lang='lat' dir='ltr'>y</span> <span class='ocrx_word' id='word_1_2279' title='bbox 1570 3986 1586 4005; x_wconf 73' lang='lat' dir='ltr'>a</span> <span class='ocrx_word' id='word_1_2280' title='bbox 2136 3988 2147 4004; x_wconf 76' lang='lat' dir='ltr'>e</span> 
     </span>
    </p>
   </div>
  </div>
 </body>
</html>
