2479 4225
24 232 83 263 221
405 211 660 254 DIS

54 311 119 336 .D1S
129 311 170 333 ΤΙ
179 311 202 332 N
212 309 230 332 C
241 310 262 331 Τ
273 308 293 330 Ο
306 309 325 330 1³
338 321 347 335 ‚
365 302 431 329 oris.
451 310 486 327 m.
523 301 616 335 [Gloss.
632 297 891 338 CyrilLDistinElor,
910 295 1060 331 διας-ἕκτης]

29 342 156 371 Ammian.
169 349 210 373 22,
223 349 235 372 3
265 337 366 366 Iudices
379 337 508 364 iustorum
527 337 738 369 iniustorumque
753 333 928 360 distinetores.
984 333 1056 361 Adde

27 377 123 404 eundem
137 381 172 409 18,
184 385 202 402 1.
219 381 242 401 ct
255 379 294 405 28,
309 382 335 407 4.
756 403 762 408 ·

61 417 198 441 Ὀ18Το,
215 414 270 436 are.
297 408 417 441 [oc’m'xom
435 405 564 442 διαλείκω]
597 403 689 437 Abesse.
723 403 789 429 le.
826 422 832 429 .
869 422 877 430 .
913 402 992 435 Qiod
1006 403 1056 430 cir.

28 447 95 474 citer
106 446 222 482 quinque
240 444 326 471 millia
341 444 453 478 pafl'uum
467 443 542 470 distat
557 441 588 468 ab
601 439 680 466 Vrbe.
695 474 700 478 ι
750 437 823 478 Idem
836 446 861 471 2,
875 440 907 468 68
936 440 969 478 {lt
983 445 1055 478 Cxxs.
1079 440 1094 467 5

29 489 66 510 Μ.
84 482 197 517 passuum
217 480 343 507 Arabicus
363 478 429 505 finus
448 478 523 504 distet
541 476 572 504 ab
593 476 721 509 Aegyptlo
742 482 819 500 marl.
885 474 1002 513 *Carinae
1016 482 1055 499 m-

29 518 113 545 mium
126 516 220 543 distant
234 517 295 543 foro
321 515 388 541 Hor.
401 514 479 548 Epist.
493 522 514 546 1,
527 519 553 546 7,
563 515 605 544 48.
675 509 759 535 Cursu
772 509 851 544 longe
865 509 959 535 distare
980 509 1054 543 Virg.

29 553 94 580 Aen.
114 560 135 584 3,
148 553 197 578 116.
268 551 337 578 Laxe
351 549 443 576 distare
452 569 461 581 ,
490 548 542 574 vid.
559 551 604 585 {A
613 552 631 571 x
640 550 661 570 v
670 551 692 571 s.

29 596 41 615 ι
55 597 76 613 c.
90 596 129 620 29.
198 587 269 613 Meta
282 591 392 619 vtraquc
406 585 499 611 distare
515 579 592 620 0¹¹.¹d·
607 580 670 606 Met.
686 588 707 611 3,
721 587 773 612 145·
794 579 823 605 de
834 580 895 606 Sole.

29 623 77 658 qui
90 623 182 649 nouies
196 621 270 648 distat
282 621 316 648 ab
328 621 393 646 vrbe
406 620 492 647 decem
509 614 589 642 Ouid.
603 614 688 655 Trist.
702 623 730 647 4,
744 623 781 645 10,
794 623 820 647 4.
964 649 968 654 ι

28 657 83 686 vid.
115 663 240 684 N11-111..
311 656 398 690 Spatio
417 654 471 690 pari
483 650 575 678 distare
588 656 728 684 vtrtnque,
750 652 769 676 i.
788 651 815 675 in
834 651 910 676 medio
930 649 972 683 iste
987 656 1054 676 vtro-

28 689 129 729 rumque'
147 691 227 719 Ouid,
241 691 304 718 Met,
318 700 356 723 10,
371 697 421 725 175.
441 689 468 714 de
480 688 539 716 Sole.
577 685 697 719 Dtff'erre.
720 685 775 711 Cic.
785 685 861 711 Acad.
874 695 903 719 4,
916 692 946 718 59
966 686 1055 718 Quun

29 737 46 754 a
58 728 128 755 veris
141 728 203 754 falsa
216 736 270 753 non
283 727 383 753 distent,
449 722 521 749 Idem
534 720 585 747 Off.
601 729 626 753 2,
638 729 662 754 ις
675 730 696 746 c.
709 729 728 753 4
747 720 851 755 Quibus
863 720 941 747 rebus
954 721 1055 747 exculta

31 763 169 790 hominum
183 764 238 789 vita
251 768 349 789 tantum
363 759 436 786 distat
449 766 463 784 a
478 756 551 796 vic'z'tu
569 762 594 782 ct
607 757 678 783 cultu
695 755 845 782 bestiarum.
916 756 1006 781 Mores
1018 755 1056 782 di-

30 799 96 827 stant
110 807 124 824 a
139 798 254 824 carmine
274 797 361 824 nostro
390 792 467 820 Ouid.
480 791 565 818 Trist.
587 800 608 823 2,
621 799 670 824 353·

31 843 70 868 44
90 842 112 860 c.
131 841 156 866 ις
193 833 274 860 Vides
299 830 373 861 Eruci
392 827 611 863 quantulisdistct
631 827 823 861 argumentatio
840 832 884 852 tua
904 825 937 852 ab
955 835 984 853 re
1004 826 1058 861 ipsa

28 875 108 903 atque
126 878 141 896 a
159 869 278 895 veritate.
341 865 413 892 Idem
426 863 509 889 Tusc.
532 870 553 895 ς,
574 864 608 895 69
637 862 778 896 Sideraque
795 861 892 887 viderit
907 861 1055 888 innumera-

31 904 97 931 bilia
117 904 190 931 caelo
205 900 361 930 inhaerentia
374 908 431 925 cum
446 899 503 924 eius
517 897 595 932 ipsius
609 904 683 924 motu
701 905 858 931 congruere,
879 898 955 923 certis
977 897 1056 923 infixa

30 939 150 972 sedibus,
176 940 271 974 septem
289 934 338 963 alia
355 935 412 960 suos
433 942 552 968 quaeque
571 939 659 959 tenere
678 934 782 964 cursus,
810 933 923 958 multum
945 933 1012 959 inter
1031 934 1056 958 se

31 975 171 1002 altitudine
181 980 225 1001 aut
241 971 385 1000 humilitate
402 969 530 995 distantia.

31 1017 89 1037 tum
103 1011 172 1038 inter
184 1011 209 1037 se
222 1007 312 1035 distant
331 1005 393 1032 istae
407 1005 558 1036 facultates,
578 1003 708 1038 longeque
727 1003 785 1029 sunt
798 1003 916 1029 diuersae
929 1009 1007 1037 atque
1021 1004 1057 1030 sc-

32 1046 145 1072 iun&ae.
198 1045 262 1072 Hor.
276 1042 355 1068 Serm.
371 1049 393 1072 2,
407 1049 429 1072 3,
442 1048 489 1066 210
507 1038 656 1066 Stultitiane
670 1044 747 1069 erret,
762 1038 888 1064 Nihilum
904 1038 1009 1064 distabit
1023 1048 1056 1065 an

33 1082 83 1108 ira.
151 1080 207 1107 Cum
224 1080 324 1105 Danao.
359 1076 434 1102 Idem
446 1076 534 1102 Carm.
553 1084 580 1107 4,
600 1083 624 1107 9,
643 1082 676 1106 29
712 1074 829 1100 Paullum
849 1074 961 1107 sepultae
981 1074 1057 1101 distat

33 1117 143 1143 inertiae
178 1113 279 1141 Caelata
296 1111 390 1138 virtus.
458 1112 494 1136 Vt
516 1117 635 1136 matrona
653 1109 788 1135 meretrici
807 1109 893 1143 dispar
911 1110 962 1135 erit
980 1116 1057 1144 atque

29 1152 169 1183 Discolor,
185 1148 266 1176 infido
284 1149 386 1173 scurrae
398 1145 504 1172 distabit
515 1146 613 1171 amicus
643 1145 710 1171 Hor.
727 1145 803 1178 Epist.
823 1153 841 1175 1,
854 1150 879 1174 18
896 1151 937 1179 pr.

32 1186 166 1222 Dtjliingui.
185 1184 248 1211 Plin.
263 1182 340 1217 Epist.
355 1190 377 1214 ς,
390 1191 413 1214 3,
427 1183 444 1207 6
463 1182 527 1208 Non
538 1181 567 1207 hi
579 1180 687 1215 quidem
702 1180 852 1207 Senatores:
880 1179 924 1206 sed
937 1180 1056 1207 san&itas

31 1231 134 1249 morum
147 1229 199 1246 non
212 1218 286 1245 distat
304 1217 451 1244 ordinibus.

70 1259 250 1286 DlS'rANS,
266 1254 342 1280 antis.
370 1253 462 1279 Partic.
499 1250 630 1284 [οἷσι-έχων]
655 1251 699 1284 Vt,
711 1251 776 1278 Loci
789 1250 910 1277 distantes
930 1252 985 1278 Cic.
998 1251 1058 1278 Phi-

234 1291 306 1316 Inter
320 1290 344 1314 se
352 1287 566 1314 distantes-ternis
579 1285 699 1320 pedibus,
717 1286 772 1313 vid.
794 1294 803 1312 1
815 1293 836 1312 N
849 1293 895 1313 ΤΕ
904 1293 932 1313 R.
968 1288 1058 1321 Longe

762 544 831 570 Loca
845 543 966 571 distantia
995 545 1054 571 Liu.

966 580 1004 606 Mi
1010 580 1054 605 llia

32 1292 96 1328 lipp.
107 1300 129 1324 ε,
140 1293 181 1326 67.

31 1327 150 1354 distantia
169 1327 271 1352 Lucret.
286 1333 308 1357 2,
321 1332 374 1357 334.

32 1363 96 1390 Met.
111 1370 133 1394 ε,
144 1369 199 1394 241.
270 1360 358 1394 Spatio
371 1358 473 1393 aequali
488 1357 608 1384 distantia
636 1356 708 1384 Idem
721 1358 786 1384 Met.
805 1363 827 1389 8,
842 1363 898 1391 248.

29 1394 153 1425 stantibus
165 1402 293 1423 terrarum
304 1395 391 1429 spatiis
403 1393 510 1420 consilia
522 1392 696 1419 afferebantur
713 1393 781 1420 Tac.
795 1393 829 1419 H.
844 1402 866 1425 3,
882 1398 906 1425 8,
922 1401 948 1427 7.
1004 1393 1060 1420 Stu.

30 1432 73 1459 dia
85 1432 219 1463 distantia,
237 1434 255 1457 i.
276 1431 381 1466 Diuersa
410 1429 491 1456 Ouid.
505 1428 590 1455 Trist.
603 1437 625 1460 3,
638 1437 674 1459 12,
688 1437 726 1460 23.
795 1428 884 1455 Tacit.
898 1430 965 1455 Ann.
985 1437 1008 1461 3,
1026 1437 1059 1463 34

30 1469 65 1494 At
77 1468 147 1494 enim
161 1466 230 1494 haud
243 1466 354 1492 multum
367 1465 473 1492 distanti
488 1465 625 1498 Tempore
639 1463 795 1498 Calphurnii
808 1465 944 1497 Pisonem,
966 1465 1060 1497 Aemy-

27 1502 60 1530 lii
79 1502 206 1537 Lepidum
224 1501 374 1529 amiserunt.

26 1545 50 1572 5,
63 1546 103 1572 54.
114 1538 153 1574 sc.
165 1539 226 1565 loca.
505 1569 506 1573 Ἰ

65 1580 84 1600 D
93 1581 102 1600 1
112 1581 124 1600 S
133 1580 154 1600 T
163 1580 185 1600 A
194 1579 243 1599 NT
254 1580 264 1599 1
272 1580 292 1600 A
301 1592 309 1604 ,
327 1580 367 1600 ae.
385 1572 405 1599 f.
441 1569 557 1605 [α’ποχῆ,
573 1569 707 1605 οἷπᾶςοισις]
741 1569 919 1604 Differentiam
930 1571 1060 1606 aliquando

20 1607 167 1645 fignificat,
183 1608 209 1644 s.
229 1607 403 1642 diuersitatem.
459 1606 514 1632 Cic.
532 1606 562 1631 de
574 1605 680 1631 Amicit.
701 1607 736 1639 76
752 1615 772 1631 c.
786 1614 820 1631 20
855 1606 913 1632 Nec
931 1606 966 1631 ob
979 1606 1059 1633 aliam

29 1645 129 1671 causam
143 1643 222 1670 vllam
239 1643 304 1670 boni
327 1641 474 1677 improbis,
493 1640 611 1674 improbi
630 1640 706 1666 bonis
725 1641 804 1666 amici
826 1641 873 1666 esse
887 1649 940 1666 non
952 1642 1062 1675 possunt,

969 1359 1006 1384 Ex
1019 1358 1057 1384 di-

742 792 799 818 Cic.
814 799 861 825 pro
877 791 952 817 Rosc.
966 791 1055 817 Amer.
1077 798 1101 824 13

1008 1147 1057 1171 Pro
1075 1146 1104 1173 25

446 1499 535 1527 laculo
553 1499 674 1526 distantia
691 1500 765 1527 misso
785 1499 865 1535 figere
900 1499 982 1527 Ouid.
995 1501 1060 1527 Met.
1076 1502 1106 1529 35·
1123 1503 1149 1524 et
1162 1498 1289 1532 populos,
1303 1504 1351 1532 pro
1365 1500 1433 1524 inter
1444 1503 1530 1532 gentes
1548 1497 1605 1522 Seu.
1619 1496 1652 1522 de
1666 1496 1757 1522 Benef.
1794 1516 1801 1522 -
1838 1515 1846 1521 ·

1511 208 1765 250 DIS

1117 296 1232 324 mediam
1247 296 1331 324 Aliam
1343 296 1452 324 Taurus
1466 307 1557 331 mons,
1576 297 1601 325 h.
1612 306 1632 325 e.
1647 298 1750 333 Separat
1769 298 1834 325 Plin.
1849 308 1871 332 ς,
1883 309 1923 335 27,
1997 301 2149 329 Distrahor:

1119 338 1174 359 tum
1188 333 1236 359 hoc
1250 333 1319 359 mihi
1331 332 1510 367 probabilius,
1529 339 1586 360 tum
1601 333 1666 360 illud
1679 333 1784 360 videtur
1809 335 1864 360 cic.
1877 337 1953 363 Acad.
1967 347 1994 371 4,
2010 346 2062 370 134.

1156 374 1425 400 nxs‘rnnc‘rvs‚
1447 377 1471 400 a,
1494 379 1547 395 um.
1585 369 1676 396 Partic.
1713 367 1885 401 [ὢασκαθείς,
1903 368 2039 406 διάσημος]
2076 371 2147 399 Vl&-

1119 400 1152 430 dc
1174 404 1244 429 Viris
1257 403 1337 430 Illust.
1351 412 1378 435 4,
1393 411 1415 435 ¹3
1445 404 1474 429 de
1492 406 1593 431 Mettio.
1648 404 1744 431 Anima
1762 403 1884 431 distraoa
1901 405 1929 430 in
1947 412 2003 432 toto
2022 416 2067 434 cor
2086 415 2148 439 ore,

1119 441 1137 464 i.
1160 439 1260 474 Drffiestz
1274 445 1321 474 per
1339 445 1416 465 totum
1430 445 1517 473 corpus
1554 440 1658 467 Lucret.
1685 449 1712 472 3,
1733 444 1792 469 800·
1894 441 2038 474 Imperium
2057 417 2149 469 distra-

1120 474 1191 500 &um
1206 475 1234 500 in
1254 475 1327 509 plura
1341 481 1420 507 regna
1450 474 1510 500 Liu.
1534 483 1581 506 45,
1600 483 1626 508 9.
1714 475 1769 502 Cic.
1791 483 1840 509 pro
1860 475 1949 502 Domo
1969 477 2013 502 sua
2037 479 2072 511 67
2091 487 2112 504 c.
2134 486 2148 503 2

1119 510 1155 535 Ex
1171 519 1223 544 quo
1238 509 1355 536 iudicare
1374 508 1495 543 potestis,
1514 517 1608 542 quanta
1628 511 1670 537 vis
1690 510 1736 536 illa
1755 511 1838 537 fucrit
1856 511 1944 537 oriens
1965 517 1990 537 et
2010 520 2148 547 congrega-

1119 551 1162 576 ta,
1191 554 1269 579 quam
1289 545 1351 571 haec
1370 545 1418 570 Cn.
1437 544 1591 577 Pompeium
1610 546 1737 578 terucrit,
1771 547 1824 572 iam
1843 545 1963 574 distracta
1980 551 2006 572 et
2024 548 2148 575 extinoa.

1118 580 1191 605 Idem
1204 581 1256 606 Λα.
1272 586 1295 612 8,
1310 587 1334 612 ις
1357 579 1473 606 Obsecro
1488 585 1512 605 te
1526 580 1635 612 Cicero,
1660 582 1758 615 suscipe
1772 590 1860 607 curam
1872 587 1898 607 et
1911 581 2096 616 cogitationem
2110 582 2149 608 di-

2083 226 2148 254 222

876 614 954 642 Nihil
970 614 1056 647 distat,
1073 624 1101 642 ιο
1119 615 1261 649 gnimmam
1282 615 1405 646 virtutis,
1425 620 1454 640 vt
1466 615 1602 640 Caesarem
1620 621 1646 641 et
1658 616 1811 650 Pompeium
1825 616 1935 651 perfidia
1955 617 2093 643 hominum
2110 617 2150 643 di-

1119 650 1241 682 strac‘tm,
1267 651 1354 676 rursus
1373 650 1402 675 in
1416 649 1552 683 pristinam
1574 652 1741 678 concordiam
1759 651 1876 678 reducas.
1946 654 1978 679 Et
1996 661 2044 686 pro
2059 652 2158 679 Deiot..

1118 695 1140 712 c.
1155 692 1168 718 ς
1193 686 1316 718 Qnonam
1335 684 1379 711 illc
1393 684 1474 710 modo
1487 694 1546 711 cum
1561 694 1659 720 regno,
1676 696 1736 712 cum
1753 686 1849 719 domo,
1869 696 1928 713 cum
1939 688 2069 722 coniuge,
2088 694 2151 713 cum

1118 720 1330 760 cariffimohfilio,
1350 720 1487 746 distraetus
1500 721 1568 752 effer,
1582 727 1655 748 tanto
1669 722 1763 748 scelere
1798 737 1842 742 —
1878 723 2011 757 cogitato?
2028 726 2045 750 i.
2060 723 2086 748 di
2099 732 2150 749 crr-

1114 763 1186 791 ptus,
1198 754 1335 795 dzffipatus.
1371 755 1483 790 Compar.
1504 756 1605 782 Lucret.
1618 763 1699 790 4958
1716 758 1748 784 Et
1761 757 1884 785 cliuofior
1900 758 1969 784 inter
1982 759 2007 784 se
2018 767 2048 784 ac
2060 758 2151 785 distra-

1120 791 1189 818 ‹ffior
1203 797 1282 816 intus.
1354 791 1448 851 Superi.
1461 791 1510 817 Per
1527 800 1606 817 omne
1620 792 1683 818 belli
1702 799 1803 826 tempus
1822 801 1900 819 nemo
1913 802 1927 820 e
1939 793 2017 820 nobis
2032 793 2151 821 imbecil—

1120 827 1159 853 lus
1178 826 1244 856 fuit,
1263 825 1337 851 cuius
1358 826 1381 851 sa
1394 835 1423 852 us
1441 834 1469 852 ac
1484 826 1606 853 valetudo
1625 827 1728 853 nonita
1742 828 1925 855 sustentaretur
1942 830 2059 856 Caesaris
2078 837 2151 861 cura,

1118 868 1240 896 tanquam
1256 860 1459 887 distraffiffinms
1478 861 1523 887 ille
1545 868 1679 889 tantorum
1694 871 1806 890 onerum
1823 864 1895 890 mole
1907 864 1969 891 huic
1982 865 2028 891 vni
2040 865 2153 900 negotio

1118 902 1222 924 vacaret
1233 896 1335 922 animus
1353 896 1421 922 Vell.
1435 905 1457 928 2,
1473 905 1525 930 114,
1538 906 1556 923 1.

1154 939 1173 960 D
1181 940 1191 959 1
1201 939 1213 959 S
1222 938 1243 958 T
1252 938 1271 957 R
1279 937 1301 957 Α
1311 936 1328 956 C
1340 938 1361 957 Τ
1372 937 1381 956 ῐ
1394 938 1413 958 0
1422 951 1430 964 ,
1448 932 1515 958 onis.
1533 933 1554 958 f.
1574 930 1737 965 [nolanum]
1757 931 1894 966 Separatio,
1909 933 2048 969 discidium,
2060 937 2152 963 aliena-

601 970 632 995 Et
646 968 677 994 de
689 969 763 994 Orat.
784 976 803 999 1,
823 975 864 1000 215
883 977 904 993 c.
920 976 956 1000 49
987 968 1057 994 Mul·
1075 976 1106 994 20
1119 971 1163 994 tio.
1200 967 1282 993 Plaut.
1302 965 1390 992 Pseud.
1411 975 1429 997 1,
1444 976 1464 999 1,
1479 970 1511 997 68
1544 968 1647 994 Η3111111
1666 966 1735 993 mihi
1752 967 1918 1000 voluptatum
1937 971 2057 996 omnimn
2074 977 2154 1006 atque

1119 1002 1213 1029 itidem
1226 1001 1278 1028 tibi
1294 1001 1444 1034 distraffio,
1465 1002 1610 1034 dmidium,
1631 1002 1746 1028 vastities
1758 1003 1839 1028 venit.
1888 1003 2005 1030 θὶς-,0111
2020 1014 2042 1037 3,
2056 1014 2085 1038 32
2099 1016 2121 1033 c.
2135 1009 2153 1033 6

1119 1038 1203 1066 Nulla
1214 1037 1285 1064 enim
1298 1037 1376 1063 nobis
1396 1046 1455 1063 cum
1469 1038 1584 1070 tyrannis
1597 1038 1704 1064 societas
1718 1036 1768 1067 est,
1791 1036 1834 1062 scd
1850 1038 1939 1070 potius
1954 1040 2051 1066 summa
2063 1041 2155 1069 distra-

1120 1073 1175 1100 ctio
1190 1073 1233 1099 est.
1248 1071 1316 1107 apud
1329 1073 1400 1098 ICros
1413 1073 1482 1099 modo
1504 1072 1619 1099 Venditio
1631 1071 1681 1105 est,
1706 1072 1774 1098 modo
1788 1073 1941 1100 Diuortium.
1983 1075 2040 1100 Vid.
2052 1075 2069 1100 1.
2082 1085 2115 1109 34
2125 1077 2155 1103 ffi

1118 1114 1138 1136 t.
1153 1117 1165 1141 3
1182 1109 1198 1134 Ι.
1215 1110 1253 1135 26.
1290 1107 1369 1134 Auth.
1385 1107 1416 1133 de
1431 1107 1540 1142 Nuptiis
1552 1117 1573 1133 c.
1587 1116 1610 1140 3.

1157 1148 1434 1174 Dls‘rRAcTOR,
1455 1144 1517 1170 aris.
1536 1152 1572 1169 m.
1609 1140 1774 1177 [διαπρᾶτης]
1811 1142 1890 1169 Gloff.
1908 1143 1954 1169 Gr.
1974 1143 2031 1169 Lat.
2049 1144 2156 1172 Noniue

1122 1188 1143 1212 1,
1163 1182 1214 1213 267
1237 1179 1330 1204 Seruus
1349 1178 1511 1205 venundatus
1525 1178 1562 1204 ob
1575 1177 1685 1212 aliquod
1707 1177 1805 1203 vitium
1818 1183 1862 1204 aut
1880 1178 2048 1206 malefac‘tum
2060 1180 2094 1205 ab
2107 1181 2157 1208 ali-

1120 1223 1174 1255 quo
1189 1213 1342 1275 1111111ᾶᾶ011-
1355 1214 1506 1276 recipiatlur.
1547 1214 1616 1241 Mate
1627 1213 1663 1240 ibi
1675 1212 1833 1240 Distrffloee
1844 1214 1939 1250 legitur
1955 1214 2044 1241 lustin.
2055 1215 2125 1242 eod.
2141 1221 2157 1247 8

1120 1256 1160 1277 tit.
1175 1258 1204 1284 14
1228 1269 1234 1275 .
1250 1256 1294 1283 27.
1312 1255 1335 1275 ct
1350 1258 1375 1275 12
1389 1255 1408 1275 t.
1425 1256 1453 1282 35
1475 1269 1481 1275 .
1496 1258 1518 1275 1.

1156 1291 1175 1311 D
1184 1293 1193 1311 1
1202 1290 1301 1310 STRA
1312 1290 1329 1311 C
1338 1290 1361 1310 Τ
1372 1291 1394 1310 v
1407 1291 1420 1310 s
1433 1304 1442 1317 ,
1471 1283 1510 1311 us.
1540 1293 1576 1310 m..
1621 1283 1698 1319 Ap‘ud
1717 1284 1789 1310 IOEos
1806 1282 1839 1316 est
1863 1284 1985 1320 Rtfialutio
2003 1284 2158 1314 comrat‘ius.

437 1322 533 1349 Sortita
548 1322 607 1348 loco
621 1321 742 1348 distantes
757 1322 866 1348 flumina
878 1322 957 1358 Ripas
976 1322 1058 1349 Ouid.
1075 1331 1107 1356 30
1121 1321 1212 1348 Iustin.
1228 1319 1311 1346 Instit.
1326 1328 1338 1352 3
1352 1325 1371 1346 t.
1386 1325 1417 1349 28
1441 1319 1473 1346 de
1488 1319 1698 1354 obligationibus
1711 1328 1778 1354 quae
1790 1319 1861 1354 quasi
1874 1328 1905 1346 ex
1917 1326 2002 1347 contr.
2019 1322 2085 1348 nasc.
2101 1321 2124 1359 ᾗ.
2139 1324 2159 1349 6

1125 1358 1158 1383 Vt
1177 1371 1221 1376 —-
1238 1355 1322 1390 magis
1335 1364 1366 1381 ex
1380 1355 1504 1382 distraetus
1518 1364 1596 1389 quam
1610 1363 1642 1381 ex
1656 1354 1791 1381 contractu
1805 1355 1878 1389 possit
1889 1355 1943 1381 dici
1956 1355 2087 1390 obligatus
2099 1358 2156 1385 esse.

1159 1397 1218 1418 DIS
1226 1398 1247 1418 T
1257 1398 1276 1417 R
1286 1399 1295 1417 1
1304 1397 1320 1417 B
1328 1397 1348 1417 V
1357 1397 1375 1417 Ο
1384 1410 1392 1423 ,
1410 1391 1449 1423 ui,
1470 1393 1553 1421 titum,
1569 1392 1622 1416 ere.
1644 1390 1772 1423 [α’πονέμω
1779 1413 1788 1425 ,
1805 1388 1905 1423 &ocrisiam
1912 1410 1920 1423 ,
1940 1389 2080 1426 dudldwm]
2116 1394 2159 1420 Se-

1119 1430 1230 1463 paratim
1242 1426 1384 1462 dtfiaonere,
1407 1432 1430 1452 et
1442 1426 1515 1462 suum
1532 1428 1617 1460 cuique
1635 1425 1750 1453 tribuere.
1791 1426 1858 1452 Ter.
1872 1425 1945 1453 Adel.
1958 1435 1980 1458 3,
1994 1435 2017 1459 3,
2028 1435 2058 1463 17
2075 1427 2106 1454 Id
2118 1428 2159 1455 di-

1123 1462 1264 1489 stributum
1282 1462 1342 1488 sane
1363 1461 1399 1487 est
1419 1470 1451 1489 ex
1470 1461 1603 1488 sententia.
1680 1460 1812 1487 Beneficia
1828 1460 1985 1488 distribuere
2003 1471 2050 1496 per
2069 1470 2159 1498 gentes

1916 1497 2054 1524 Concinne
2070 1499 2160 1525 distri-

1123 1534 1224 1565 buere,
1254 1532 1307 1558 vid.
1340 1539 1384 1558 CO
1394 1539 1414 1557 N
1423 1539 1440 1559 C
1450 1539 1458 1557 1
1468 1539 1519 1557 NN
1528 1539 1548 1557 v
1561 1537 1586 1556 s.
1658 1532 1768 1557 Causam
1781 1530 1953 1564 distribuere,
1979 1533 2004 1559 h.
2017 1543 2035 1559 e.
2049 1535 2160 1561 Partiri.

1124 1569 1180 1596 Cic.
1196 1577 1244 1602 pro
1256 1568 1330 1593 Rosc.
1343 1567 1431 1593 Amet.
1443 1574 1486 1592 122.
1507 1565 1666 1592 Meministis
1685 1575 1728 1592 me
1741 1566 1778 1592 ita
1792 1566 1948 1593 distribuisse
1962 1567 2043 1594 initio
2057 1570 2161 1596 causam

1123 1605 1152 1631 in
1166 1605 1282 1635 crimen⁷
1303 1602 1391 1633 cuius,
1411 1608 1456 1627 etc.
1527 1602 1599 1628 Caes.
1613 1602 1641 1628 Β.
1650 1602 1682 1627 G.
1696 1609 1719 1633 ς,
1730 1609 1766 1633 24
1786 1601 1913 1635 Legiones
1927 1602 1956 1627 in
1967 1602 2054 1636 plures
2067 1604 2162 1630 ciuita-

1125 1646 1162 1666 tes
1176 1637 1343 1665 distribuere.
1415 1636 1495 1664 Trai.
1508 1636 1540 1662 ad
1553 1636 1620 1662 Plin.
1632 1636 1710 1669 Epist.
1732 1643 1770 1667 10,
1785 1643 1814 1667 41
1849 1635 2044 1663 Distribuamus
2057 1638 2117 1667 illos
2131 1638 2161 1665 in

29 1679 77 1708 nisi
91 1678 162 1714 quod
173 1684 243 1705 tanta
255 1679 291 1705 est
305 1678 374 1705 inter
387 1686 431 1704 cos
440 1697 447 1708 ‚
468 1681 564 1710 quanta
581 1675 696 1701 maxima
708 1675 789 1709 potest
807 1676 871 1708 effe,
891 1684 996 1702 morum
1012 1676 1061 1702 stu·
1068 1688 1105 1714 40
1123 1684 1154 1702 ea
1167 1673 1323 1706 ministeria,
1337 1681 1404 1706 quae
1417 1681 1471 1697 non
1482 1672 1560 1704 longe
1573 1680 1587 1696 a
1599 1679 1683 1704 poena
1695 1670 1752 1695 sint.
1796 1669 1852 1696 Cic.
1861 1670 2020 1703 proCluent.
2035 1680 2072 1707 74
2089 1679 2110 1698 H
2119 1679 2161 1699 -s.

30 1714 188 1748 dior-umque
201 1713 330 1740 distantia.
399 1713 503 1738 Lucret.
522 1720 545 1741 2,
565 1718 610 1744 373
641 1710 766 1737 Inter-{um
782 1714 855 1736 etiam
873 1711 1061 1746 Longitudincm

32 1756 56 1775 ec
69 1750 178 1784 Spatium
190 1748 252 1774 illud
257 1747 395 1784 signficat,
408 1756 452 1782 quo
466 1748 556 1782 aliquis
572 1746 601 1770 ab
611 1746 660 1770 alio
675 1743 760 1777 distat.
802 1745 858 1771 Viti.
870 1744 935 1770 Plin.
954 1754 980 1775 2,
994 1752 1027 1776 15.

68 1789 86 1809 D
97 1791 105 1809 1
115 1790 128 1810 s
138 1791 159 1810 Τ
168 1782 210 1810 ἶΤ
221 1789 241 1809 0
250 1803 257 1815 ‚
276 1788 328 1809 are.
349 1784 486 1816 Frequent.
520 1778 648 1812 [διἰἓημι]
684 1779 812 1804 Laudatur
834 1779 963 1803 Columel.
976 1781 1059 1810 6,2,4

29 1818 155 1845 Distitent
166 1819 237 1843 inter
250 1819 276 1843 se
290 1818 427 1850 aliquanto
441 1815 540 1848 spatio,
556 1821 590 1838 ne
601 1813 630 1838 in
643 1813 829 1839 conuentione
843 1812 909 1838 alter
921 1812 999 1838 alteri
1012 1821 1059 1838 no-

29 1857 93 1879 ceat.
129 1853 167 1877 At
178 1854 205 1875 in
218 1851 292 1875 editis
303 1849 335 1882 est
348 1850 450 1874 distent.
1069 1854 1104 1880 45

63 1892 82 1912 D
93 1891 123 1912 rs
132 1891 171 1911 TI
182 1891 202 1910 Τ-
212 1892 221 1910 1
229 1891 298 1914 VM,
323 1884 353 1909 ii.
379 1891 405 1908 n.
438 1880 542 1915 Ioseph>
555 1881 635 1907 Iscan.
649 1879 681 1906 de
695 1880 759 1907 Bell.
772 1880 854 1908 Troi.
891 1899 900 1908 .
936 1900 943 1907 .
979 1880 1058 1908 Disti-

27 1922 73 1950 tiis
84 1920 151 1948 acies
162 1920 249 1945 vicina
263 1918 427 1953 propinquis.

61 1964 80 1985 D
88 1965 98 1985 1
107 1963 120 1985 S
128 1961 150 1983 Τ
161 1961 180 1982 0
190 1962 209 1981 R
218 1961 267 1992 QV
274 1961 291 1980 E
300 1960 319 1980 O
327 1974 336 1986 ,
362 1953 390 1985 fi,
410 1958 476 1984 tum,
501 1955 553 1978 ere.
589 1947 724 1984 [ὃιοεςρέφω
731 1970 739 1983 ,
755 1950 898 1985 στρείῗλᾶω]
936 1952 967 1977 In
979 1951 1059 1977 diuer-

21 1993 67 2032 [ξπ
75 2000 163 2029 partes
178 1997 291 2024 ,torquere
304 1991 375 2015 etita
390 1990 549 2023 corrumpere.
579 1986 652 2012 Ter.
661 1987 725 2012 Eun.
738 1995 819 2019 4‚4,3
840 1986 890 2018 Ah,
907 1985 973 2011 illud
988 1986 1060 2019 vide,

27 2039 56 2057 os
68 2036 96 2056 vt
108 2029 156 2056 fibi
172 2024 290 2055 carnifex
304 2023 425 2050 distorsit.

27 2066 82 2093 Ora
97 2061 259 2099 distorquere
278 2059 360 2088 Ouid.
374 2059 405 2084 de
420 2060 483 2085 Arte
495 2059 555 2084 Am.
569 2066 591 2090 3,
606 2061 661 2090 287·

63 2107 83 2127 D
92 2107 102 2126 1
110 2108 125 2127 ς
133 2107 154 2126 T
163 2106 181 2126 0
190 2107 208 2126 R
218 2106 239 2126 Τ
247 2106 268 2124 ν
276 2106 288 2125 s
297 2118 305 2130 ‚
324 2104 349 2130 a,
367 2104 420 2120 um.
456 2093 548 2120 Partic.
583 2089 745 2126 [dtis-fastan]
779 2093 835 2119 Cic.
843 2101 891 2127 pro
901 2093 1021 2119 Muraen.
1031 2095 1059 2119 61

30 2146 52 2163 e.
65 2144 99 2168 29
125 2135 198 2161 Solos
213 2134 353 2170 sapientes,
371 2129 391 2159 fi
404 2127 573 2155 distortiffimi
587 2127 650 2159 fint,
670 2127 816 2154 formosos:
837 2128 853 2153 si
869 2127 1059 2160 mendiciffimi,

30 2171 134 2198 diuites.
174 2169 233 2195 Vid.
251 2177 267 2196 P
276 2175 346 2196 VM1
359 2173 374 2193 L
384 2174 403 2192 v
413 2173 435 2193 s.
504 2162 628 2190 Manibus
639 2161 801 2197 pedibusque
814 2163 949 2189 articulari
963 2163 1060 2189 morbo

29 2204 211 2233 distortiffimis
229 2204 335 2230 Sueton.
347 2201 430 2229 Galba
442 2209 465 2227 c.
476 2208 512 2226 21.
537 2234 542 2238 ι
568 2198 636 2238 Cura
649 2197 756 2225 distorta
775 2199 842 2224 Hor.
856 2198 937 2224 Serm.
951 2207 970 2230 1,
984 2206 1058 2232 3,47.
1076 2202 1105 2229 35

27 2242 62 2269 Et
79 2241 201 2267 distortus
217 2240 320 2272 vultus,
345 2237 460 2273 gestusue
490 2233 695 2273 Qin&1l.'6,·3.
726 2241 750 2258 et
761 2233 838 2267 Apul.
860 2234 936 2267 Apol.
957 2243 981 2268 p.
999 2239 1058 2267 284.

28 2276 170 2311 Metaphor.
184 2275 296 2303 Nullum
316 2274 455 2308 estsgenus
471 2269 628 2297 enunciandi
645 2268 779 2295 distortius
805 2269 862 2295 Cic.
876 2269 908 2295 de
922 2270 986 2295 Fato
1001 2279 1022 2296 c.
1036 2274 1058 2299 8.

62 2317 120 2340 ms
130 2317 299 2344 TORT10‚
329 2308 393 2337 finis,
425 2308 446 2337 f,
480 2303 618 2344 [διας-ροφῆ
632 2305 645 2340 ]
686 2305 772 2332 Vticur
804 2304 860 2330 Cic.
874 2305 957 2331 Tusc.
981 2313 1009 2337 4,
1029 2314 1061 2337 29

28 2355 52 2374 c.
65 2355 98 2380 13.
116 2354 140 2374 et
152 2347 225 2374 Idem
242 2347 274 2373 de
286 2346 343 2374 Fin.
357 2355 380 2380 ς,
394 2354 421 2380 33
434 2356 454 2373 c.
470 2355 494 2372 11
524 2343 555 2373 In
570 2340 666 2381 quibus
680 2340 698 2370 fi
712 2348 833 2380 peccetur
843 2339 1015 2371 distortione,
1034 2345 1059 2367 et

29 2382 227 2418 deprauatione,
237 2388 281 2410 aut
288 2388 372 2415 motu,
382 2381 614 2411 statuuedefonni,
622 2388 667 2408 etc.
711 2380 773 2407 Oris
785 2377 908 2407 distortio
926 2376 994 2406 Cels·
1001 2384 1029 2411 4,
1037 2384 1059 2403 2·
1068 2384 1103 2410 60

66 2426 85 2446 D
94 2426 104 2445 1
114 2425 127 2445 S
137 2426 158 2445 T
166 2425 185 2445 R
193 2426 215 2445 A
225 2424 246 2444 H
256 2425 292 2451 0,
310 2419 346 2450 xi,
363 2417 445 2451 etum,
464 2419 517 2444 ere.
551 2415 669 2451 [ὃιιλκύω
677 2435 687 2451 ,
707 2413 775 2443 dammi
790 2428 821 2450 ω,
848 2414 971 2450 dictamini,
996 2425 1059 2449 περι-

26 2453 115 2489 ΐπᾶω]
146 2455 177 2480 In
191 2454 299 2489 diuersas
308 2460 396 2488 partes
412 2453 525 2484 trahere,
549 2452 621 2487 idque
633 2452 662 2477 de
674 2454 770 2487 corpori
786 2462 814 2477 us
820 2454 920 2486 pariter
934 2461 963 2477 oc
976 2452 1061 2477 volun-

27 2489 122 2516 tatibus
133 2488 260 2515 adhibetur
268 2508 276 2519 ‚
294 2495 317 2514 et
327 2490 387 2515 aliis
400 2487 601 2523 incorporalibus.
673 2487 732 2513 Liu.
746 2495 766 2519 1,
778 2492 809 2516 28
831 2488 866 2513 Vt
878 2487 962 2521 igitue
971 2485 1060 2521 paullo

30 2529 91 2550 ante
107 2524 230 2550 animum
243 2525 313 2550 inter
331 2522 483 2551 Fidenatem
502 2523 699 2557 Romanamque
719 2531 773 2549 rein
794 2522 935 2556 ancipitem
959 2521 1061 2556 gessisti,

30 2559 69 2585 ita
80 2558 133 2585 iam
145 2567 238 2593 corpus
250 2558 334 2593 passim
347 2558 541 2585 distrahendum
555 2558 644 2593 dabis,
666 2557 695 2584 de
702 2558 826 2593 stappc'icio
840 2559 928 2584 Mettii
948 2557 1060 2591 Fuffitii.
1073 2559 1105 2592 65

29 2594 87 2621 eie.
100 2594 242 2628 pro'Planc.
257 2603 299 2620 102
330 2594 418 2621 Nemo
432 2594 498 2626 erit,
523 2600 568 2620 etc.
588 2594 635 2628 qui
647 2602 663 2619 a
676 2602 717 2619 me
727 2593 781 2620 mei
794 2593 954 2620 senatorem
968 2593 1060 2626 capitis

32 2628 142 2655 diuellat
153 2638 181 2655 ac
193 2629 324 2656 distrahat.
383 2631 420 2663 Et*
427 2638 476 2663 pro
488 2629 558 2655 Sulla
574 2636 605 2661 59
634 2630 670 2655 Vt
681 2628 714 2655 ab
733 2628 774 2654 his
792 2629 912 2655 membra
926 2628 1017 2654 diuelli
1031 2637 1061 2653 ac

31 2663 140 2691 distrahi
152 2665 221 2698 posse
234 2664 341 2690 diceres.
412 2664 467 2690 Cic.
481 2673 529 2697 pro
536 2664 630 2696 Qint.
643 2672 673 2696 50
688 2663 715 2689 Si
727 2664 804 2689 funus
819 2664 847 2689 id
860 2663 1008 2689 habendum
1022 2662 1061 2693 fit,

31 2708 85 2733 quo
104 2708 158 2725 non
177 2699 255 2725 amic‘i
271 2699 429 2725 conueniunt
447 2698 479 2724 ad
497 2698 629 2731 exsequias
646 2697 858 2730 cohonestandas,
872 2697 915 2724 sed
929 2697 1061 2723 bonorum

29 2740 145 2762 emtores
156 2734 188 2760 ad
208 2734 332 2768 reliquias
344 2734 415 2759 vitae
433 2732 588 2764 lacerandas,
600 2739 625 2757 et
637 2732 821 2758 distrahendas.
890 2732 963 2758 Idem
975 2731 1026 2758 Off.
1040 2739 1106 2770 3,70

30 2777 54 2795 11
66 2778 88 2795 c.
103 2778 115 2801 3
135 2770 226 2803 Itaque
239 2769 383 2803 accepimus
404 2769 535 2794 Socratem
549 2767 675 2793 exsecrari
695 2767 819 2800 solitum,
843 2775 887 2793 eos
902 2767 950 2807 qui
961 2767 1061 2801 primus

28 2802 91 2831 haec
104 2809 196 2830 natura
214 2804 396 2836 cohaerentia,
417 2803 546 2837 opinione
563 2802 743 2829 distraxiffent.
822 2802 955 2829 Exercitus
971 2801 1062 2828 distra-

29 2839 93 2867 here
109 2840 139 2865 in
152 2839 331 2866 diuerfiffimas
343 2840 462 2873 regiones
494 2838 552 2863 Liu.
569 2839 609 2869 26,
647 2856 664 2869 ,ἶ
691 2856 697 2863 .
767 2838 878 2863 Hostem
906 2837 974 2863 Tac.
992 2837 1061 2863 Ann-

15 2902 17 2904 ,
31 2882 53 2907 1.,
65 2877 109 2907 60,
121 2882 147 2900 2..
195 2882 197 2885 ’
218 2876 248 2900 In
263 2880 346 2908 partes
359 2875 472 2900 minutas
485 2871 593 2900 distrahi
627 2872 730 2898 Lucret.
745 2880 768 2902 2,
783 2875 839 2902 826.
909 2872 1062 2899 Distrahun-

31 2910 221 2944 tui->pulmones
237 2910 318 2936 Plaut.
333 2910 410 2936 Curc.
428 2918 450 2941 2,
463 2910 483 2941 i,
495 2916 535 2935 22..
565 2907 594 2934 cie
605 2906 753 2941 conuulsione
766 2914 788 2933 et
801 2907 890 2934 dolore.
961 2907 1017 2933 Cic.
1032 2907 1061 2933 in
1074 2913 1106 2942 75

32 2945 105 2972 Orat.
117 2952 159 2977 ¹32
177 2945 226 2972 Sed
241 2945 335 2971 Graeci
346 2944 476 2971 viderint:
492 2943 586 2975 nobis,
604 2951 637 2968 ne
650 2942 667 2968 fi
682 2943 815 2977 cupiamus
829 2942 953 2977 quidem,
972 2942 1062 2969 distra-

33 2979 96 3008 here
108 2981 189 3007 Voces
203 2980 362 3006 conceditur.
435 2978 584 3005 Distrahere
598 2978 712 3013 aliquem
724 2978 757 3004 ab
771 2978 868 3010 altero,
887 2980 914 3006 Se.
932 2988 1020 3010 arare,
1040 2984 1064 3003 et

29 3016 172 3052 segregare,
192 3024 215 3042 et
231 3016 290 3051 fere
308 3017 430 3042 alienare.-
465 3015 534 3041 Ter.
550 3014 654 3041 Phorm.
674 3022 694 3045 1,
713 3023 740 3046 4,
759 3023 791 3047 24
812 3013 885 3047 Qiid
905 2985 930 3040 si)
945 3023 977 3040 eo
991 3022 1064 3040 meae

35 3050 154 3077 fortunae
171 3051 295 3083 redeunt,
318 3051 446 3077 Phanium
464 3049 510 3076 abs
532 3055 557 3075 te
570 3055 599 3075 vt
618 3049 761 3081 distrahar,
780 3055 825 3075 etc.
875 3050 922 3077 Vbi
933 3051 1063 3081 Donatus,

37 3084 104 3111 Vide
117 3086 228 3113 verbum
241 3086 295 3113 vim
307 3086 469 3113 cohaerentis
480 3085 624 3111 ostendere.
684 3084 757 3111 Idem
770 3082 833 3111 Hec.
848 3093 870 3118 3,
884 3093 907 3118 5,
920 3094 955 3118 42
975 3086 1062 3118 Qian-
1076 3091 1108 3117 80

0 3139 1 3147 1
38 3118 177 3154 doquidem
189 3122 260 3148 illam
272 3130 287 3148 a
301 3131 343 3149 me
357 3121 478 3148 distrahit
494 3120 630 3146 neceffitas.
701 3120 816 3147 Distrahi
836 3120 869 3146 ab
888 3121 980 3155 aliquo
1006 3121 1063 3147 Cic.

0 3159 1 3164 ¹
40 3154 118 3189 adQ
128 3156 194 3182 Erat.
211 3166 232 3189 1,
244 3166 265 3190 3.
333 3158 374 3184 Sic
389 3156 505 3183 Distrahi
516 3155 549 3182 ab
563 3156 681 3182 amicitia
707 3156 781 3183 Idem
797 3165 846 3190 pro
859 3157 946 3182 Domo
960 3156 1004 3181 sua
1023 3161 1063 3187 98.

40 3188 107 3229 Ter.
119 3190 219 3218 Phorm.
233 3201 255 3224 3,
267 3201 293 3224 2,
306 3200 332 3225 33
351 3193 426 3219 Τ11111
440 3197 572 3227 practerea
585 3191 682 3218 horum
693 3200 810 3218 amorem
825 3191 934 3218 distrahi
949 3191 1074 3225 poterin’.

42 3226 110 3257 pati}
160 3226 222 3253 Non
234 3228 306 3261 prius
318 3227 435 3255 distra&i
449 3229 507 3254 sunt
520 3237 598 3262 quam
617 3228 685 3262 Nep.
700 3232 735 3259 18,
747 3237 774 3261 4,
783 3236 807 3253 2.
827 3227 856 3253 de
868 3226 1064 3253 colluc‘iantihus.

1123 1710 1295 1744 quadraginta
1322 1708 1408 1735 millia
1431 1706 1541 1732 numsun
1566 1706 1594 1731 in
1613 1705 1725 1738 singulos
1749 1703 1849 1730 iudices
1875 1704 2023 1732 distributa.
2092 1708 2161 1735 Plin.

1123 1744 1203 1778 Epist.
1218 1753 1256 1775 ιο,
1270 1749 1298 1775 38
1313 1744 1370 1778 Ipse
1384 1742 1456 1770 enim
1469 1741 1563 1768 dubito
1575 1739 1611 1766 ob
1626 1740 1689 1766 haec
1702 1739 1832 1772 maxime,
1847 1740 1920 1774 quod
1933 1746 1961 1767 vt
1974 1741 2027 1769 iam
2039 1742 2162 1771 dixerant

1122 1779 1282 1803 sacramento
1301 1778 1429 1810 militari,
1448 1777 1565 1804 nondum
1588 1774 1722 1801 distributi
1741 1774 1770 1800 in
1791 1783 1914 1802 numeros
1928 1783 2009 1803 erant.
2078 1779 2162 1805 Parti-

1121 1812 1169 1838 bus
1182 1812 1339 1839 distribuere
1358 1814 1414 1840 Cic.
1428 1813 1460 1839 de
1475 1813 1549 1840 Orat.
1563 1820 1585 1845 1,
1598 1819 1653 1845 109.
1705 1810 1845 1845 Tempora
1856 1812 2076 1846 peregrinationis
2090 1822 2162 1842 com-

1121 1846 1201 1873 mode
1214 1846 1372 1874 distribuere
1388 1848 1460 1874 Idem
1473 1848 1527 1875 Att.
1542 1857 1566 1881 2,
1580 1856 1599 1874 1.

1119 1916 1148 1944 ld
1156 1888 1175 1908 D
1184 1890 1193 1908 1
1202 1888 1215 1908 s
1224 1888 1291 1943 {RK}
1301 1889 1317 1909 Β
1325 1889 1346 1907 ν
1356 1890 1372 1910 E
1381 1890 1403 1910 N
1412 1890 1425 1910 s
1433 1904 1442 1916 ‚
1460 1884 1536 1911 entis.
1554 1884 1622 1911 Part.
1639 1882 1696 1910 Cic.
1704 1882 1811 1909 inArat.
1821 1886 1871 1916 273
1904 1882 1985 1913 Arma
1999 1880 2161 1910 distribuens

1152 1937 1158 1943 .
1171 1926 1219 1951 pro
1256 1923 1297 1944 ab.
1310 1927 1331 1944 c.
1364 1939 1370 1945 .

1158 1960 1177 1979 D
1186 1961 1194 1978 1
1203 1960 1215 1979 s
1225 1959 1245 1978 'r
1253 1960 1273 1979 R
1281 1961 1290 1979 1
1300 1959 1316 1979 Β
1325 1925 1379 1981 ῡ7τ
1390 1961 1412 1979 v
1421 1961 1449 1987 s,
1482 1963 1507 1986 a,
1747 1948 1900 1987 [διαδοθεὶς]
1941 1953 1991 1985 Vt,
2015 1953 2162 1983 Causarum

1122 1986 1218 2013 diuifio
1230 1987 1259 2014 in
1272 1987 1335 2014 duas
1347 1995 1431 2022 partes
1447 1988 1589 2015 distributa
1617 1987 1718 2014 Auctor
1734 1986 1766 2013 ad
1779 1988 1878 2014 Heren.
1900 1995 1921 2019 1,
1935 1996 1963 2020 19
1981 1996 2002 2013 c.
2017 1996 2055 2014 10.
2110 1989 2163 2016 Or-

1529 1962 1585 1980 um.
1619 1952 1713 1979 Par-tic.

494 2021 591 2049 Oculos
602 2021 766 2056 distorquens
787 2023 852 2049 Hor.
862 2022 942 2048 Serrn.
952 2030 971 2054 1,
983 2030 1010 2054 9,
1019 2024 1058 2055 65.
1075 2031 1107 2058 50
1121 2022 1182 2049 bem
1194 2029 1321 2049 terrarum
1330 2023 1449 2058 imperiis
1457 2023 1603 2050 distributis
1614 2022 1707 2049 ardere
1718 2021 1791 2048 hello
1809 2021 1863 2048 Cic.
1872 2022 1978 2054 Farn.4,
1986 2025 2052 2057 2<1.)
2086 2023 2164 2053 Idem

1123 2059 1176 2084 Att.
1190 2066 1215 2093 7,
1228 2067 1257 2091 14
1284 2059 1449 2085 Gladiatores
1462 2059 1579 2086 Caesaris
1612 2072 1659 2077 ·—
1694 2056 1833 2090 Pompeius
1849 2056 2003 2091 distribuit,
2022 2057 2099 2084 binos
2112 2059 2162 2086 sin-

1123 2093 1191 2127 gulis
1206 2093 1322 2127 patribus
1335 2094 1507 2120 familiarum.
1575 2093 1609 2119 Et
1620 2092 1651 2117 in
1663 2092 1739 2118 Vei-r.
1754 2098 1777 2123 ς,
1789 2094 1827 2125 64
1841 2101 1863 2118 c.
1877 2099 1908 2125 25
1925 2092 2041 2120 Abducit
2054 2102 2164 2121 omnes:

1121 2129 1263 2154 nonnullos
1276 2128 1366 2154 scribis
1379 2129 1440 2160 suis,
1454 2128 1522 2161 filio,
1535 2127 1695 2161 cohortique
1717 2126 1861 2153 distribuit.
1896 2128 1953 2154 Cic.
1962 2128 1994 2154 de
2001 2129 2165 2163 N.D.3c.1;

1121 2164 1193 2190 Nam
1211 2163 1326 2194 iustitia,
1347 2172 1412 2198 quae
1432 2164 1507 2189 suum
1526 2163 1621 2198 cuique
1643 2161 1795 2195 distribuit,
1814 2161 1880 2197 quid
1894 2164 2008 2198 pertinet
2027 2164 2060 2191 ad
2073 2165 2166 2192 Deos}

1121 2199 1202 2262 l(girtae
1225 2199 1293 2233 leges
1311 2204 1337 2225 et
1356 2198 1511 2226 distributae
1527 2198 1561 2226 ab
1572 2197 1773 2226 Athenienfibus
1793 2199 1822 2225 in
1839 2207 1930 2225 omnes
1948 2205 2030 2227 terras
2042 2199 2098 2227 Cic.
2111 2209 2164 2235 pro

1152 2242 1203 2260 acc.
1219 2243 1240 2260 c.
1255 2236 1299 2261 26.

1157 2277 1176 2296 D
1186 2277 1195 2296 1
1205 2277 1218 2296 s
1228 2275 1348 2297 TR113v
1358 2276 1380 2296 Τ
1391 2277 1417 2297 Ε.
1454 2269 1524 2297 Adu.
1560 2267 1760 2304 [δικδεδομένως]
1794 2269 1851 2296 Cic.
1859 2269 1941 2296 Ture.
1955 2278 1981 2302 2,
1994 2277 2013 2304 7
2026 2279 2047 2297 c.
2059 2280 2072 2303 3
2111 2271 2165 2299 Sed

1122 2306 1184 2339 quia
1197 2305 1354 2338 profitentur
1370 2305 1417 2340 ipsi
1432 2305 1484 2338 illi,
1503 2306 1550 2340 qui
1565 2314 1608 2331 eos
1622 2304 1755 2337 scribunt,
1774 2304 1800 2330 se
1816 2313 1903 2340 neque
1923 2305 2060 2338 distinete,
2075 2315 2165 2341 neque

1122 2340 1279 2373 distribute,
1299 2341 1552 2375 nequeelegantcr,
1567 2349 1652 2376 neque
1669 2346 1762 2367 ornate
1781 2340 1905 2368 scribere.
1975 2340 2049 2368 Idem
2070 2341 2102 2368 de
2120 2343 2164 2369 In-

1122 2382 1193 2403 vent.
1215 2384 1238 2408 2,
1260 2383 1307 2411 177
1324 2385 1345 2402 c.
1361 2384 1390 2409 59
1428 2377 1473 2402 Sin
1493 2376 1659 2403 distributius
1678 2375 1790 2402 trac‘tare
1809 2377 1868 2412 quis
1886 2375 1974 2410 volet,
1999 2377 2115 2412 patiatur
2132 2378 2165 2405 in

1123 2413 1243 2441 animum
1256 2417 1282 2437 et
1292 2420 1401 2446 corpus,
1415 2418 1440 2437 et
1452 2417 1586 2438 extraneas
1599 2420 1653 2443 res,
1666 2411 1766 2438 licebit.

1158 2454 1177 2476 D
1188 2454 1219 2476 IS
1227 2454 1248 2476 T
1256 2454 1276 2474 R
1284 2455 1294 2473 1
1303 2454 1319 2474 Β
1328 2454 1348 2472 ν
1357 2454 1378 2473 T
1388 2454 1397 2472 1
1406 2454 1439 2473 M.
1461 2447 1530 2474 Adu.
1550 2447 1626 2475 Idem.
1645 2446 1722 2482 Apud
1732 2444 1857 2473 Orofium
1874 2445 1917 2480 ςθὲ
1935 2446 2037 2473 dicitur.

1158 2492 1218 2513 1318
1227 2491 1248 2512 T
1256 2490 1275 2511 R
1284 2489 1295 2511 Ι
1303 2484 1349 2511 BV
1358 2489 1379 2508 T
1387 2489 1405 2509 0
1415 2490 1434 2509 R
1443 2502 1452 2515 ,
1473 2483 1536 2509 bris.
1556 2492 1592 2509 m.
1629 2480 1805 2540 [μεταδότηςῖ
1841 2482 1897 2508 Cic.
1911 2481 1939 2506 in
1951 2481 2036 2507 Pison.
2051 2483 2084 2513 36
2093 2491 2119 2509 c.
2134 2490 2164 2515 ῖς

1121 2522 1181 2548 Hoc
1202 2527 1272 2547 certe
1289 2518 1379 2551 video,
1394 2518 1466 2552 quod
1487 2518 1603 2544 indicant
1621 2517 1725 2543 tabulae
1738 2516 1791 2550 pub
1804 2516 1874 2548 icae,
1893 2524 1940 2541 vos
1954 2522 2100 2550 rogatores,
2113 2527 2164 2544 vos

1121 2556 1316 2590 distributores,
1325 2564 1373 2582 vos
1381 2552 1498 2581 custodes
1506 2554 1581 2579 fuisse
1589 2551 1747 2578 tabularum.
1768 2549 1816 2577 Sed
1826 2550 1954 2576 Turnebus
1962 2559 2004 2584 20,
2011 2559 2036 2584 15
2043 2552 2084 2578 hic
2091 2554 2164 2588 legit,

1123 2592 1295 2619 Diribitores.
1332 2590 1399 2616 Illud
1409 2592 1515 2619 certius,
1526 2586 1720 2625 Distributores
1737 2585 1780 2612 hic
1795 2585 1888 2612 eosdem
1900 2584 1943 2619 ‘ff'
1951 2606 1960 2618 ,
1974 2590 2020 2622 qui
2029 2587 2165 2614 Diribito-

1123 2635 1163 2654 res
1180 2628 1244 2652 alias
1262 2632 1391 2651 vocantur.
1405 2634 1431 2650 υ.
1443 2633 1470 2650 υ.
1540 2622 1610 2649 Deus
1627 2620 1785 2647 distributor
1802 2619 2015 2656 dispensatorque
2030 2622 2066 2649 est
2078 2623 2165 2650 bono-

1123 2661 1281 2721 rumhApul.
1302 2659 1334 2686 ad
1357 2659 1455 2693 Asclep.
1476 2667 1500 2694 p.
1520 2666 1560 2691 92.
1614 2656 1684 2685 Add.
1702 2655 1813 2683 Paullin.
1830 2655 1896 2683 Nol.
1909 2656 1987 2690 Epist.
2001 2666 2026 2690 13
2045 2657 2078 2684 ad
2091 2659 2164 2686 Pam.

1123 2705 1178 2722 mac
1201 2715 1208 2723 .
1225 2705 1251 2722 n.
1271 2704 1280 2721 1
1304 2714 1309 2720 .

1160 2737 1178 2757 D
1190 2738 1198 2756 1
1209 2738 1221 2757 s
1231 2704 1300 2758 Tui
1310 2736 1384 2756 Bv'r
1394 2736 1404 2755 1
1414 2735 1434 2755 o
1447 2748 1454 2760 ,
1474 2727 1542 2754 onis.
1568 2727 1588 2753 f.
1624 2725 1733 2760 Quin&-
1747 2732 1775 2761 7,
1793 2733 1814 2759 1,
1833 2734 1849 2753 2
1881 2726 2023 2762 Dispositio
2034 2728 2073 2754 est
2087 2729 2164 2756 vtilis

1124 2775 1215 2793 rerum
1234 2775 1263 2792 ac
1281 2765 1394 2799 partium
1414 2764 1443 2790 in
1461 2763 1533 2789 locos
1551 2762 1714 2788 distributio.
1756 2762 1813 2788 Vid.
1832 2762 1933 2789 Marius
1956 2763 2088 2791 Vie‘fflrin.
2110 2765 2140 2791 in
2152 2773 2165 2791 1

1124 2801 1234 2828 Rhetor.
1248 2800 1304 2826 Cic.
1322 2809 1346 2834 p.
1367 2800 1418 2831 136.
1433 2806 1476 2833 137
1495 2798 1602 2825 pithoei.
1673 2798 1729 2824 Cic.
1749 2806 1798 2832 pro
1810 2797 1914 2824 cluent.
1935 2806 1946 2824 1
1985 2799 2076 2833 Itaque
2094 2800 2166 2827 mih-i

1124 2842 1224 2862 certum
1239 2835 1291 2867 est,
1308 2834 1374 2862 hanc
1393 2833 1504 2860 eandem
1522 2833 1752 2864 distributionem,
1768 2833 1886 2860 inuidiae
1901 2839 1927 2860 et
1946 2834 2098 2868 criminum,
2117 2842 2165 2863 etc.

1123 2872 1179 2899 Cic.
1194 2871 1225 2897 de
1237 2871 1311 2897 Petit.
1326 2870 1403 2896 Cons.
1417 2875 1430 2900 8
1459 2870 1494 2896 At
1507 2878 1540 2895 ne
1554 2868 1646 2895 videar
1657 2869 1784 2896 aberrasse
1796 2878 1811 2895 a
1825 2867 2014 2896 distributione
2031 2879 2104 2901 mea,
2115 2870 2166 2906 qui

1125 2907 1187 2933 haec
1202 2907 1230 2932 in
1242 2906 1288 2933 hac
1303 2906 1424 2939 populari
1439 2910 1511 2939 parte
1524 2904 1660 2939 petitionis
1675 2904 1820 2938 disputem,
1834 2903 1884 2931 hoc
1896 2905 2002 2939 sequor.
2043 2906 2117 2933 Idem
2131 2906 2165 2932 de

1126 2943 1183 2969 Fin.
1198 2950 1210 2975 ς
1224 2951 1244 2969 c.
1260 2950 1283 2968 11
1304 2941 1465 2967 Distributio
1481 2941 1610 2966 sensuum.
1681 2939 1841 2966 Distributio
1853 2939 1919 2975 apud
1929 2941 2056 2973 Rhetores,
2069 2941 2166 2968 dicitur

1125 2979 1220 3014 Figura
1239 2977 1321 3013 (quae
1339 2986 1354 3002 a
1375 2978 1475 3003 Graecis
1493 2974 1611 3010 μερισμός
1630 2976 1757 3009 vocatur)
1777 2984 1830 3002 cum
1845 2985 1922 3011 genus
1931 2982 1979 3011 per
1988 2976 2099 3011 species,
2110 2986 2165 3003 cor-

1122 3020 1169 3048 pus
1178 3019 1224 3048 per
1237 3012 1356 3042 membra,
1377 3017 1453 3037 totum
1463 3017 1510 3047 per
1519 3017 1608 3046 partes
1625 3010 1790 3041 declaramus,
1809 3020 1898 3046 magna
1910 3020 1964 3036 cum
1976 3014 2062 3046 gratia
2076 3018 2100 3037 et
2113 3015 2166 3038 vti-

1124 3051 1204 3075 litatc.
1242 3048 1289 3074 Sed
1299 3046 1404 3073 nondum
1417 3046 1543 3082 obseruaui
1554 3048 1683 3082 antiquum
1697 3045 1836 3072 auHorem:
1856 3046 1995 3073 Merismus
2010 3044 2044 3080 <st
2058 3047 2164 3074 Rutilio

1124 3085 1164 3110 Lu
1183 3092 1199 3109 o
1214 3093 1238 3117 p.
1253 3091 1265 3115 ς
1285 3083 1355 3109 Pith.

1162 3093 1371 3145 ngTRIGII-LO
1380 3136 1389 3149 ,
1417 3120 1469 3143 are.
1506 3116 1586 3144 Gloss‘.
1598 3117 1654 3143 Lat.
1670 3117 1716 3143 Gr.
1729 3115 1876 3150 Distrigil'la
1889 3124 1940 3146 me,
1952 3115 2073 3151 περίξυσὸν
2087 3127 2128 3149 με.

1162 3160 1181 3180 D
1191 3162 1200 3180 1
1209 3161 1220 3180 S
1230 3160 1251 3179 T
1260 3161 1278 3180 R
1290 3160 1299 3179 I
1311 3159 1333 3178 N
1341 3160 1362 3180 G
1371 3160 1390 3179 Ο
1399 3172 1408 3185 ,
1419 3153 1476 3178 inxi
1485 3172 1493 3185 ‚
1504 3152 1586 3179 iftum
1594 3172 1603 3185 ,
1619 3154 1672 3179 ἔκ.
1709 3153 1720 3184 [
1729 3153 1874 3186 περισφίγγω
1881 3171 1890 3184 ,
1904 3151 2022 3186 περισπάω
2029 3171 2037 3183 ,
2049 3152 2141 3183 οἶποξύω
2149 3151 2167 3186 J

1130 3189 1208 3217 Valde
1215 3187 1342 3225 stringere
1351 3209 1359 3221 ,
1371 3187 1425 3222 Jiue
1438 3187 1552 3221 Diuerfis
1563 3189 1625 3214 Iocis
1637 3188 1741 3224 alligare
1752 3194 1824 3221 atque
1836 3185 1876 3220 fic
1888 3186 2028 3217 extendere,
2041 3193 2069 3212 vt
2085 3185 2166 3219 Dzsti-

1124 3234 1191 3251 nere.
1248 3224 1359 3259 Metoph.
1380 3224 1435 3250 Cic.
1449 3223 1501 3250 Off.
1515 3231 1537 3255 3,
1552 3230 1589 3254 113
1611 3232 1633 3249 c.
1647 3232 1674 3255 32
1701 3223 1781 3249 Fraus
1794 3222 1864 3248 enim
1878 3221 2026 3256 distringit,
2039 3230 2093 3247 non
2112 3221 2165 3248 dis-

40 3258 193 3294 Excludere,
213 3262 369 3296 distrahere,
389 3269 414 3290 et
433 3264 566 3298 segregare
590 3263 706 3297 aliquem
724 3271 739 3289 a
750 3262 853 3297 Repub.
880 3263 936 3289 Cic.
950 3262 1063 3296 Philipp.
1081 3265 1110 3294 85
1126 3260 1207 3287 soluit
1220 3260 1375 3294 periurium.
1401 3258 1523 3294 Gafanius
1535 3261 1729 3293 interpretatur,
1741 3257 1838 3292 aliquid
1850 3258 1978 3292 resolutum
1989 3258 2063 3282 aliter
2075 3258 2165 3293 ligare.

41 3301 67 3327 ς,
84 3295 112 3320 16
125 3303 146 3320 c.
157 3303 187 3321 11.

41 3337 61 3360 1,
74 3337 98 3361 9.

176 3329 182 3335 ἡ
254 3298 343 3324 Animi
356 3298 533 3326 distrahuntur
547 3299 576 3324 in
595 3299 738 3325 contrarias
758 3297 895 3324 sententias
923 3297 998 3324 Idem
1011 3297 1064 3323 Off.

151 3329 272 3359 Distrahit
282 3334 397 3360 animum
412 3334 543 3361 librorum
557 3335 702 3361 multitudo
722 3334 779 3360 Sen.
793 3335 838 3368 Ep.
853 3342 878 3359 2.
949 3332 1065 3359 Distrahi

41 3373 57 3390 a
69 3363 205 3406 complexu
217 3367 318 3395 suorum
336 3370 392 3396 Cic.
407 3379 455 3404 pro
469 3370 556 3397 Domo
569 3371 613 3396 sua
625 3375 665 3403 98.
715 3370 735 3396 F
738 3370 821 3395 ilatim
833 3367 941 3395 distrahi
960 3369 1064 3395 Lucret-

40 3407 67 3431 2,
82 3405 136 3430 830·
153 3410 172 3425 1·
187 3400 282 3441 Perfila
295 3406 386 3431 minuta
405 3405 518 3442 defierpi.
570 3405 727 3432 Industriam
741 3404 885 3431 distrahere
903 3403 1019 3430 hominis
1039 3404 1067 3430 iu

41 3435 117 3470 plura
128 3433 211 3474 11υᾶῑὸ
237 3435 290 3463 Cle.
302 3437 331 3464 de
342 3440 415 3467 Orat.
432 3450 452 3473 1,
465 3449 504 3474 ις.
659 3437 683 3502 ἓ
698 3449 711 3466 2
747 3440 902 3467 Societatem
923 3439 1066 3466 distrahere
1074 3451 1109 3476 90

41 3470 222 3510 cunralxquo⁷
240 3468 272 3502 ²²st
284 3472 557 3512 Renuntiarefhcietati.
590 3477 648 3503 Scn.
684 3475 741 3510 pist.
754 3478 788 3502 66
801 3477 855 3508 (65)
876 3476 966 3508 Qlum
980 3476 1067 3501 visum

41 3506 141 3546 suerit,
160 3504 300 3545 distraham
311 3516 367 3546 cum
379 3511 427 3537 illo
440 3512 603 3539 societatem:
626 3518 651 3538 et
664 3520 732 3538 nunc
745 3520 826 3545 quum
838 3511 993 3543 haeremus,
1012 3519 1067 3536 non

41 3549 139 3581 erimus
157 3549 246 3580 aequis
264 3541 377 3574 partibus
396 3546 474 3573 socii?
545 3546 585 3580 Est
597 3547 691 3574 titulus
710 3547 736 3573 ff.
751 3547 782 3573 de
794 3546 867 3573 rutel.
881 3551 906 3573 et
918 3545 1068 3573 rationibus

42 3575 221 3602 distrahendis.
293 3577 427 3606 Curatores
439 3582 606 3609 distrahentes
634 3582 701 3609 Cod.
714 3591 729 3608 z
743 3588 761 3609 t.
775 3590 805 3615 23
820 3588 838 3608 t.
854 3590 874 3615 ς.
951 3581 1067 3608 Vendere.

2 3621 4 3648 Ξ
42 3611 149 3645 leian.
163 3610 194 3636 de
206 3610 345 3637 Transii&-
365 3613 392 3638 Si
403 3616 461 3647 vni,
478 3617 632 3651 pluribusue
643 3618 739 3644 fundus
752 3617 783 3644 ad
796 3618 920 3644 alimenta
933 3617 1014 3644 fuerit
1027 3625 1067 3643 re·
1080 3621 1112 3648 95
1130 3615 1169 3641 xit
1190 3615 1320 3641 summum
1335 3622 1428 3648 corpus
1449 3612 1531 3640 Ouid.
1546 3613 1609 3639 Met.
1623 3616 1646 3644 8,
1659 3615 1708 3642 383-

2 3651 4 3683 ]
40 3646 133 3687 lif-*¹¹⁵2
151 3646 286 3681 velintque
300 3655 360 3687 eum
372 3646 522 3685 distrahere,
539 3655 635 3680 necesse
647 3653 684 3680 est
701 3654 850 3680 Praetorem
862 3653 893 3679 de
905 3653 962 3679 eius
976 3652 1066 3678 distra-

3 3715 5 3722 .
42 3681 132 3708 &ione
150 3688 175 3708 et
188 3682 362 3708 transaehone
376 3683 504 3723 arbitrari.
572 3689 677 3715 Sueton.
691 3689 719 3715 in
732 3689 807 3723 Vesp.
821 3697 843 3715 c.
860 3690 888 3714 16
913 3686 1066 3714 Coemendo

3 3725 5 3736 r
41 3717 167 3752 quaedam
183 3722 283 3744 tantum
303 3724 331 3744 vt
351 3718 433 3752 plur1s
451 3721 535 3753 postea
552 3723 712 3751 distraheret.
775 3724 842 3750 Add.
863 3722 902 3749 Id.
923 3723 1007 3757 Calig.
1026 3730 1066 3754 39.

42 3753 120 3779 Attus
132 3753 219 3787 inopis
239 3753 368 3793 debitoris
387 3752 534 3782 breuissimo
552 3758 649 3786 laniatu
668 3759 896 3790 distrahebantur,
918 3758 980 3784 ficut
999 3766 1067 3783 nunc

41 3786 111 3814 bona
127 3797 223 3814 venum
249 3787 427 3816 distrahuntur
460 3789 526 3816 Gen.
544 3800 587 3825 20,
605 3803 625 3820 1,

3 3841 5 3858 1
41 3822 62 3847 i.
75 3823 229 3862 Cor-aporiae,
253 3826 293 3850 vel
312 3826 435 3850 Dirimerc
452 3825 508 3850 lites
537 3826 639 3855 Sueton.
655 3830 684 3856 in
697 3831 769 3857 Caes.
788 3839 809 3856 c.
830 3837 870 3864 73.
941 3830 996 3855 Cic.
1017 3837 1066 3863 pro

4 3871 5 3886 ι
42 3856 175 3897 (Σπειὼ-6
193 3858 424 3886 Distrahendarum
441 3862 673 3889 controuersiarum
685 3866 758 3892 causa
771 3865 869 3891 iudicia
886 3871 988 3899 reperta
1001 3865 1067 3891 sunt.

4 3922 5 3929 ἵ
44 3891 110 3917 Rem
121 3892 232 3926 aliquam
247 3894 398 3926 distrahere,
420 3894 538 3928 Dzfferre.
580 3897 650 3924 Caes.
664 3900 692 3925 B.
705 3901 734 3927 C.
750 3909 770 3933 1,
783 3909 808 3933 33
827 3900 973 3927 Subiicitur
987 3901 1067 3926 etiam

44 3926 75 3953 1..
89 3927 206 3955 Metellus
221 3929 302 3956 Trib.
314 3930 384 3965 pleb.
396 3930 429 3957 ab
441 3931 558 3958 inimicis
570 3931 700 3966 Caesaris,
718 3937 764 3970 qui
778 3936 842 3962 hanc
857 3945 915 3963 rem
933 3935 1067 3962 distrahat.

41 3962 210 3998 reliquasque
223 3973 264 3992 res
276 3974 441 4002 quascunque
459 3975 536 4002 agere
552 3966 713 4004 instituerat,
737 3970 871 4007 impediat.

940 3970 1068 4001 Distrahit
1082 3982 1123 4009 10,-
1131 3969 1197 3999 Plin.
1211 3975 1248 4001 19,
1260 3975 1277 4000 9
1309 3966 1402 3992 Semen
1417 3963 1474 3991 eius
1494 3972 1577 4000 quum
1589 3963 1626 3993 est
1639 3969 1788 3998 maturum,

1126 3296 1174 3323 Sed
1186 3294 1396 3330 obtemperandum
1409 3297 1495 3329 potius
1509 3294 1630 3324 Grutero,
1644 3302 1673 3319 ex
1685 3294 1760 3320 MSS.
1775 3292 1919 3328 proferenti
1931 3291 2075 3325 adstringit.

1128 3331 1233 3365 stringit
1252 3339 1314 3357 cura
1332 3329 1458 3362 rusticos,
1474 3329 1528 3355 vid.
1548 3335 1644 3355 CVRA.
1713 3328 1855 3362 Distringi,
1875 3327 2008 3361 lmpcdsrz,
2023 3334 2166 3363 occupatum

1129 3366 1186 3400 esti,
1202 3373 1225 3392 et
1243 3365 1358 3399 dfiineri
1373 3367 1488 3401 negotiis.
1538 3364 1606 3390 Plin.
1620 3363 1698 3398 Epist.
1718 3371 1739 3397 ς,
1753 3372 1766 3396 ς
1803 3363 1930 3395 Quamuis
1956 3361 2062 3395 agendis
2084 3362 2166 3389 causis

1128 3402 1336 3436 distringeretur.
1389 3401 1462 3428 Idem
1475 3398 1553 3434 Epist.
1568 3408 1588 3432 1,
1603 3406 1630 3425 ιο
1651 3399 1722 3426 Nam
1735 3398 1876 3432 distringor
1888 3395 1987 3429 officio,
1999 3402 2027 3424 vt
2040 3399 2166 3430 maximo,

1128 3438 1161 3464 fic
1175 3437 1359 3464 molestiffimo.
1429 3435 1555 3462 Neratius
1570 3435 1598 3460 in
1613 3435 1630 3461 1.
1644 3443 1675 3460 ex
1691 3434 1835 3461 iudicatum
1847 3432 1926 3458 solui.
1946 3432 1978 3458 Ι).
1991 3431 2073 3459 iudic.
2088 3433 2166 3465 solui,

1130 3474 1225 3508 Neque
1247 3473 1318 3499 enim
1335 3480 1449 3506 aequum
1468 3471 1504 3497 est
1522 3476 1566 3496 aut
1583 3470 1684 3497 iudicio
1704 3469 1837 3502 distringi,
1860 3472 1903 3493 aut
1922 3467 1954 3494 ad
1973 3467 2167 3496 inficiationem

1130 3509 1256 3543 compelli
1271 3517 1347 3538 eum,
1366 3507 1413 3542 qui
1434 3506 1486 3533 fine
1507 3505 1608 3532 iudicio
1628 3505 1689 3531 dare
1703 3510 1802 3539 partem
1815 3508 1918 3538 paratus
1936 3502 1981 3530 est.
2110 3503 2129 3540 q
2149 3513 2168 3534 α

1131 3542 1173 3577 Est
1189 3548 1262 3570 etiam
1268 3542 1432 3579 stringendo,
1444 3543 1485 3568 vel
1496 3540 1566 3567 taflu
1579 3541 1699 3577 asperiori
1709 3539 1801 3566 laedere
1813 3540 1975 3573 aliquantum.
2009 3538 2091 3565 Ouid.
2101 3540 2166 3566 Met.

1133 3588 1171 3612 10,
1183 3582 1231 3612 526
1249 3578 1366 3606 Tuscius
1378 3577 1476 3604 extanti
1489 3576 1624 3603 distrinxit
1636 3574 1763 3602 arundine
1776 3573 1874 3610 peditis.
1943 3573 2169 3602 Arundodistrin.

1779 3609 1903 3636 Carmine
1919 3609 2042 3636 ‘mordaci
2061 3609 2167 3638 distrin-

1131 3658 1192 3684 gere
1204 3650 1321 3684 aliquem
1338 3648 1411 3675 Idem
1423 3648 1508 3675 Trist.
1522 3656 1547 3679 2,
1561 3650 1614 3680 563.
1648 3645 1731 3672 Simili
1744 3647 1843 3671 ratione
1858 3644 2025 3679 Distringere
2045 3646 2098 3678 est,
2117 3648 2168 3672 De-

1124 3685 1242 3722 fricare,
1262 3685 1307 3721 seu
1326 3683 1442 3710 Radcndo
1460 3682 1549 3720 Jbrdes
1566 3681 1680 3716 detegere.
1725 3679 1841 3706 Martial.
1859 3689 1898 3713 14,
1917 3686 1944 3713 51*
1970 3680 1999 3706 de
2011 3679 2168 3717 strigilibus,

1132 3722 1270 3755 Pergamus
1283 3719 1327 3746 has
1340 3720 1410 3746 misit
1424 3727 1506 3745 curuo
1519 3716 1671 3749 distringere
1684 3715 1765 3741 ferro.
1784 3717 1828 3742 AI.
1843 3715 2012 3750 destringere.
2085 3717 2167 3742 Colu-

1131 3755 1192 3782 mel.
1206 3763 1234 3789 4,
1248 3764 1290 3788 24,
1303 3758 1320 3782 6
1345 3756 1400 3782 Iam
1413 3762 1479 3780 vero
1494 3752 1604 3783 muscus,
1626 3751 1672 3784 qui
1690 3760 1765 3777 more
1776 3751 1913 3785 compedis
1926 3760 2002 3777 crura
2013 3751 2111 3777 vitium
2124 3752 2168 3779 de-

695 3794 894 3822 Controuerfias
913 3792 1066 3825 distrahere,
1076 3802 1123 3820 100
1130 3791 1220 3818 vin&a
1232 3790 1394 3825 comprimit,
1412 3789 1511 3822 situque
1532 3792 1560 3812 et.
1577 3792 1688 3812 veterno
1701 3793 1829 3819 macerat,
1849 3787 1922 3813 ferro
1936 3786 2128 3820 distringendus
2141 3792 2169 3813 et

1130 3826 1274 3853 eradendus
1288 3826 1332 3852 est.
1369 3827 1449 3852 Etiam
1466 3824 1507 3848 hic
1517 3821 1685 3855 Dcstringere
1696 3823 1756 3848 aliis
1763 3824 1863 3857 placet,
1883 3829 1906 3848 et
1920 3825 2014 3857 quoties
2026 3830 2073 3847 non
2086 3821 2116 3847 de
2130 3821 2167 3847 di·

1123 3860 1264 3896 strae'h‘one
1276 3865 1303 3887 in
1311 3867 1399 3896 partes
1413 3857 1541 3893 diuersas,
1554 3857 1601 3892 fid
1614 3858 1642 3882 de
1659 3857 1780 3885 ablatione
1791 3858 1873 3893 firmo
1884 3855 1926 3890 tst-
1949 3869 1953 3871 >
1970 3858 2058 3882 Verum
2070 3859 2113 3891 qui
2125 3866 2167 3882 au-

1124 3898 1217 3934 ferunt
1232 3896 1342 3931 aliquid,
1363 3893 1409 3929 ipsi
1422 3902 1510 3931 quoque
1525 3895 1552 3918 in
1566 3892 1686 3928 diuersum
1697 3890 1831 3928 stringunt
1845 3898 1893 3919 etc.
1931 3891 2003 3930 Cous.
2016 3891 2167 3930 DestringO»

1132 3935 1173 3960 sic
1191 3931 1322 3958 Columel.
1338 3936 1374 3961 η,
1389 3936 1436 3962 47,
1448 3936 1465 3960 9
1502 3927 1599 3954 Sereno
1620 3928 1692 3954 caelo
1712 3928 1786 3955 oliua
1806 3937 1885 3954 manu
1903 3927 2076 3958 distringitur.
2126 3927 2168 3952 Si:

1797 3963 1834 3991 ab
1851 3960 2022 3997 aequinoeiio
2037 3960 2167 3987 Autunmi

1322 4001 1343 4030 Ε
1361 4009 1376 4028 e
1410 4007 1427 4029 2
2062 3992 2166 4024 distrin-

2117 3293 2166 3319 Di-
2204 3295 2205 3299 ’
