2479 4225
1728 142 1738 156 7

241 183 327 220 ,043
636 159 652 198 1
731 156 775 196 N
859 150 892 190 c
1237 191 1240 194 Α
1483 128 1486 129 ’
1727 152 1743 182 ι
1826 141 1868 180 Ν
1949 143 1984 183 c
2289 118 2443 208 ,044ζῖ

740 239 900 270 Iocularium
914 236 943 262 in
955 234 1056 261 Malum
1072 231 1183 258 insciens
1197 237 1280 265 paene
1335 230 1392 265 cili,
1411 233 1501 260 onmia
1512 232 1565 259 iam
1578 231 1750 259 adhaeserunt
1775 231 1888 258 Cael.ad
1897 231 1953 258 Cic.
1962 231 2064 266 Fam.8,
2073 241 2093 266 ς.
2134 233 2193 260 Vid.
2208 233 2296 260 Graeu.
2339 233 2381 261 Si'o
2442 210 2445 272 l

240 256 342 285 incidi*
411 251 478 279 'rer'
494 248 574 276 Andr'
587 255 615 281 4⁹
630 254 658 280 ς’
677 253 709 280 43
733 280 762 305 ln
776 277 865 302 Manus
878 280 971 298 eorum
984 269 1102 296 incidere
1125 276 1178 293 non
1191 266 1226 292 est
1242 266 1279 291 sa·
1336 267 1415 302 Apul.
1429 269 1493 295 Met.
1503 278 1519 302 9
1532 275 1662 303 p.221pr.
1699 267 1779 293 Viam
1791 267 1917 293 lacunolis
1931 267 2056 295 incilibus
2071 270 2256 304 voraginosam
2268 268 2389 304 appellat-f
2448 210 2479 382 »Ἰ

240 291 332 320 incidi.
399 288 454 314 Cic.
470 294 518 320 pro
531 285 636 311 Caecin.
658 303 665 309 .
691 301 697 308 .

254 328 259 333 .
281 328 290 344 2
325 323 393 359 (ons
412 324 459 349 Seu
484 322 502 347 E
522 320 561 346 ist.
569 330 597 354 4.
700 317 730 341 In
745 309 902 339 Memoriam
915 312 941 332 et
953 301 1278 342 recordationenialiqno-
1374 310 1414 330 IN
1424 310 1457 330 CI
1469 311 1574 335 LIAE,
1594 311 1600 329 1
1615 310 1636 329 N
1647 309 1663 329 c
1673 309 1682 328 i
1692 309 1707 328 L
1718 309 1734 328 i.
1744 309 1809 335 ΑΕ,
1829 313 1862 329 an
1884 310 1893 328 i
1904 310 1923 328 N
1935 305 2067 330 C1L1A3
2091 303 2237 340 [ἀπώμνυ]
2272 302 2381 331 Anao„
2448 289 2466 336 ξ

238 334 298 387 11ῗιὶι
326 343 372 386 Cic
391 343 426 384 'de
441 330 589 384 CiarPOrat
606 361 646 386 43-
714 348 743 374 T
746 356 781 373 er·
797 345 902 371 Phorm·
918 351 938 375 ι,
950 350 973 374 3,
989 349 1000 374 5
1032 339 1110 373 Q10d
1129 345 1229 379 ,νίψω
1244 345 1277 362 ¹³⁰
1337 337 1429 378 Festo,
1458 341 1545 366 Fossae
1559 338 1666 374 quaein
1680 338 1732 364 vus
1745 338 1810 364 fiunt
1825 338 1858 365 aa
1871 338 2050 365 deducendam
2063 348 2174 375 aquam,
2200 340 2253 367 flue
2273 339 2382 367 Denua-
2440 341 2469 375 '⁴4

239 371 275 424 {alh
303 405 307 409 .
339 395 345 421 ἰ
367 379 395 420 ni
411 393 437 419 id
452 376 559 419 suadere
581 377 608 416 ᾗῇ
621 388 735 414 Mentem
753 379 890 407 incidisset.
977 377 1033 403 Cic.
1052 376 1083 401 de
1106 375 1163 400 Fin.
1187 383 1222 406 4,
1244 381 1276 405 43
1299 377 1314 403 5
1337 378 1423 400 tiones
1434 374 1465 401 de
1478 376 1539 402 riuo
1553 376 1688 401 communi
1703 374 1796 400 factae.
2218 398 2221 401 .
2414 374 2426 407 y·
2450 378 2476 411 ξ’

240 404 435 465 Ωὲξέἑιιςῦυἰῳιί
448 429 476 455 in
489 428 604 454 Mentem
617 419 760 448 incideret,
783 421 808 441 et
822 414 998 449 quodcunque
1012 418 1136 450 tanquam
1157 416 1279 434 occurre-
1374 415 1384 434 1
1395 415 1443 436 NC
1453 412 1489 436 ῑι.
1499 417 1518 437 0
1528 431 1536 443 ,
1560 415 1612 437 are.
1646 410 1792 444 [ἐγκαλέω]
1838 411 1888 436 Pro
1903 410 2035 450 Ιφὲςνφαγε
2048 411 2089 437 „31
2102 411 2259 446 JmProbrare
2272 409 2413 439 dicebam-L=
2435 415 2440 420 .
2454 406 2476 446 -4

256 473 280 493 et
360 465 435 491 Idem
447 464 564 490 Diuinat.
579 459 654 484 Verr.
668 462 699 486 50
713 459 769 483 c.1;
794 451 835 477 Sic
849 449 984 481 breuiter,
1006 454 1132 482 quonlam
1147 454 1201 470 non
1216 452 1278 483 coll·
1336 451 1439 471 vetcres.
1495 447 1588 473 Accius
1600 446 1665 481 apud
1678 446 1750 472 Non.
1764 454 1790 477 2,
1803 453 1853 479 430
1879 445 1935 478 Qu
1948 454 1990 471 me
2002 445 2113 472 incilans
2125 446 2247 480 probris,
2262 447 2386 472 sermone
2402 471 2404 474 ⁴
2419 466 2433 470 .,
2444 459 2446 473 =.
2457 454 2475 478 =..²

240 477 308 529 sulio
345 501 387 527 sed
400 501 457 526 casu
470 500 497 525 in
510 503 601 523 eorum
617 489 782 518 Mentioneni
804 485 901 512 incidi:
937 483 1008 519 quali
1029 480 1188 517 praeteriens
1208 480 1280 505 satis·
1338 480 1494 507 indecorans
1513 483 1584 517 turpi
1602 483 1670 508 fania
1691 480 1802 507 differet.
1858 480 1920 507 Sum
1938 481 1974 507 ibi
1986 482 2073 516 plura.
2154 482 2261 509 Lucret.
2282 491 2312 516 3,
2335 485 2390 516 978¹
2405 479 2419 517 ,ᾖ
2455 486 2458 491 “

240 538 256 565 f
284 521 337 563 im}
354 534 480 562 vniuesfis
589 529 619 554 In
639 524 739 551 Milites
753 522 784 548 dc
799 520 947 556 improuiso
979 519 1016 546 Id.
1031 526 1079 552 pro
1099 517 1174 542 Rosc-
1188 518 1279 541 Amer-
1338 517 1401 543 Iure
1420 518 1465 548 (vt
1477 518 1593 552 opinor)
1612 523 1686 551 agat,
1706 518 1765 543 iure
1780 517 1914 550 increpet,
1934 516 2087 552 inciletque.
2383 526 2391 535 ε
2407 513 2419 539 ἦ

243 547 291 606 gi.
362 572 417 598 Cic.
436 570 467 596 de
480 554 576 594 sene&
591 564 626 596 67
656 559 729 593 Qstss
743 558 822 584 etiam
834 563 902 583 aetas
915 555 961 582 illa
974 554 1060 580 111111ῖο
1074 552 1176 587 Plures>
1199 559 1280 585 q¹¹³¹¹¹
1296 556 1326 576 ¹0
1375 557 1386 577 1
1396 557 1418 576 N
1428 558 1462 578 CI
1471 560 1494 578 N
1504 560 1521 580 Ε
1533 560 1578 579 ΡΑ
1588 559 1605 579 C
1618 560 1638 579 T
1649 560 1668 579 V
1678 560 1690 580 s
1699 572 1708 584 ,
1725 562 1754 585 a,
1772 561 1826 578 uin.
1873 552 2059 579 Commodian.
2072 551 2148 580 Instr.
2156 561 2195 586 41.
2401 551 2409 574 ἰ»
2428 558 2430 563 ·
2451 548 2464 588 ,ἱ

2445 606 2455 627 ,Ι

241 608 345 640 nostra,
364 605 455 633 mortis
468 602 536 628 casus
552 597 643 624 habet:
679 594 783 620 facilius
797 594 824 620 in
838 592 950 619 Morbos
962 589 1082 616 incidunt
1095 587 1282 617 adolescentes,
1376 593 1386 613 1
1396 593 1419 613 N
1431 592 1448 613 C
1461 594 1471 613 1
1480 595 1501 614 Ν
1510 596 1526 615 E
1535 596 1597 622 Ro,
1617 593 1670 615 are.
1712 589 1769 614 Sax.
1783 588 1902 614 Graium.
1916 596 1945 620 4,
1957 596 1979 615 2.

2435 672 2440 678 ,
2456 659 2461 678 ῐ

242 643 348 679 grauius
360 642 506 674 aegrotant,
522 633 621 661 tristius
638 636 770 657 curantur.
807 628 875 656 ΛΕΜ.
889 627 963 653 Idem
978 627 1049 653 Fani.
1061 633 1094 656 13,
1109 632 1151 655 29.
1223 622 1280 648 Cic.
1378 629 1388 648 1
1399 629 1574 651 NCINERA
1585 632 1603 651 1<
1613 631 1622 650 1
1632 630 1651 649 V
1663 630 1687 650 M
1698 643 1706 656 ,
1723 624 1743 650 i.
1775 633 1801 649 n.
1856 624 1893 649 Ex
1907 623 2008 650 Charis.
2019 623 2125 659 profert
2138 624 2228 650 Barth.
2242 625 2271 649 in
2281 620 2388 657 Aduerfi

261 689 291 706 ro
306 678 377 704 Rosc.
392 677 463 701 Com.
473 680 494 697 ii
523 670 622 697 Nonne
636 667 846 701 quotiescunque
859 665 886 689 in
900 663 974 689 causa
988 662 1017 688 in
1030 661 1137 687 Nomen
1151 657 1229 684 huius
1242 657 1282 683 in-
1341 668 1359 693 4
1370 677 1378 690 ,
1399 667 1434 684 21.
1489 661 1567 686 Locus
1580 658 1613 699 est
1625 669 1649 694 Ρ.
1664 664 1696 693 78
1715 659 1776 685 med·
1803 658 1903 694 Putsch.
1928 657 1985 693 post
1998 659 2095 686 cineris
2109 662 2263 685 mentionem.
2318 657 2388 684 Hinc

2456 674 2473 692 ‘n
2469 645 2474 663 -4

243 714 345 744 ddisti,
364 710 441 737 toties
455 708 522 733 hunc
536 711 561 732 et
572 704 661 731 virum
677 702 776 728 bonum
790 700 838 726 effe
850 698 957 730 dixisti,
984 703 1009 724 et
1023 695 1134 722 honoris
1149 693 1222 720 causa
1238 702 1280 726 ap·
1341 693 1472 723 muliebre
1484 695 1661 722 ministerium
1676 696 1830 721 Incinarium
1844 694 1950 720 dicitur.
2011 695 2082 721 Nam
2095 695 2162 721 Cato
2180 696 2209 721 in
2221 692 2390 727 originibus,

260 747 357 775 ellasti3
425 745 454 769 Iu
467 741 631 776 Opinionem
659 737 697 763 ld·
711 738 782 763 Fam·
796 744 826 768 9,
846 743 871 767 9-
979 731 1112 766 Qfinfffl·
1127 737 1159 765 72
1173 737 1185 761 3
1218 728 1282 755 Fue-
1299 731 1325 759 ¹5
1341 729 1484 763 Mulieres,
1503 731 1607 766 inquit,
1625 730 1728 757 nostrae
1741 730 1864 764 capillum
1877 730 1964 756 cinere
1979 729 2175 765 inungitabant,
2188 736 2217 757 vt
2225 729 2322 756 rutilus
2329 728 2390 754 esset
2410 753 2411 756 ,

241 759 302 812 i-’iint
315 786 398 807 autem
413 778 477 805 tales
497 776 591 803 nostris
610 774 689 800 etiam
708 770 874 805 temporibus
895 768 1101 795 controuersiae:
1137 771 1215 799 atque
1236 764 1282 790 ali·
1342 765 1433 791 crinis.
1489 767 1536 793 Sed
1556 767 1631 793 editio
1646 766 1741 793 lubrie.
1758 773 1818 798 1551.
1839 771 1862 796 8.
1889 765 2052 792 cinerarius.
2103 767 2174 793 Certe
2193 764 2390 793 Incinerarium
2412 784 2417 800 1
2436 789 2443 795 ,,

260 826 306 844 uae
320 816 347 841 in
360 823 448 840 meum
468 820 574 847 quoque
592 808 772 836 Patrocinium
794 805 953 832 inciderunt.
1048 803 1105 829 Cic.
1127 803 1180 827 Att.
1203 801 1247 832 16,
1265 808 1282 839 2..
1313 829 1319 835 χ
1340 799 1441 834 voluiffe
1452 801 1552 829 videtur
1565 802 1712 838 Putschius:
1749 801 1912 828 Incinarium
1928 798 1971 834 iffi
1985 812 2000 827 a
2013 802 2128 828 librario.
2366 798 2371 805 Χ
2441 803 2443 830 ’,
2468 825 2473 832 ,

239 829 292 886 {go
305 851 377 876 enim
391 850 420 875 in
438 849 527 875 varios
542 847 679 872 Sermones
693 841 852 870 incidebam.
959 840 991 865 In
1010 838 1186 873 suspicionem
1205 843 1283 870 regni
1381 842 1391 862 1
1402 843 1426 862 N
1438 842 1455 862 C
1467 843 1476 862 1
1489 843 1510 863 N
1522 843 1543 864 G
1554 845 1573 865 o
1582 859 1591 872 ,
1608 838 1670 869 nxi,
1691 837 1781 864 netum
1790 857 1798 869 ,
1818 839 1872 864 ere.
1913 837 1925 870 [
1937 836 2092 870 καταξωνγύω
2106 838 2119 871 ]
2176 835 2243 863 Idem
2255 834 2319 871 quod
2331 834 2390 860 Cin·
2414 833 2420 866 ᾗ
2436 840 2443 847 ”

238 885 377 922 appetendi
404 884 442 910 Id.
457 893 505 918 pro
519 882 614 908 Milon.
627 889 648 912 7.
732 879 763 904 In
782 886 812 904 ea
832 876 973 910 Tempora
992 874 1080 901 nostra
1099 879 1167 900 aetas
1189 870 1285 911 incidit
1342 879 1413 908 gere,
1428 873 1469 898 vel
1481 873 1666 911 Circumligare.
1722 873 1781 900 Liu.
1797 878 1810 903 8
1821 893 1829 905 ,
1842 881 1860 906 9
1892 873 1948 907 lpse
1961 873 2091 900 incinctus
2105 872 2193 898 cindtu
2208 872 2331 904 Gabino,
2350 878 2390 896 ar-

237 923 276 950 1d.
291 922 361 947 Fam.
376 928 388 952 5
412 927 445 952 ις.
516 918 572 944 Cic.
588 915 620 942 de
635 914 693 942 Fin.
706 922 735 947 4,
746 922 782 947 40
811 912 882 939 Nam
897 911 914 937 si
930 909 1042 936 omnino
1055 918 1102 935 nos
1114 908 1284 943 negligimus,
1292 915 1327 934 20
1344 912 1427 933 matus
1445 908 1474 934 in
1494 917 1590 943 equum
1609 909 1726 942 infiluit,
1753 918 1782 935 ac
1802 910 1827 934 se
1849 909 1878 935 in
1896 908 2000 935 medios
2017 907 2104 934 hostes
2126 907 2245 934 iinmifit.
2316 906 2392 932 Auro
2435 932 2445 943 ,⁴

237 959 266 985 in
279 941 415 983 Aristonis
435 954 510 980 Vitia
523 958 548 980 et
561 957 664 987 peccata
682 949 838 976 incidemus.
910 947 942 973 In
960 945 1159 979 Vituperatores
1171 943 1284 970 alicuius
1344 942 1461 969 incincta
1491 944 1571 972 Solin.
1587 955 1608 972 c.
1623 953 1658 978 ις.
1738 944 1872 971 Incine'tae
1891 945 1950 978 Igni
1971 944 2097 971 incedunt
2115 944 2144 969 de
2153 944 2240 979 furiis
2264 942 2329 968 Enn.
2350 947 2392 977 ap.
2418 947 2445 979 fig.

236 992 275 1020 ld.
287 993 359 1019 Fam.
373 998 404 1025 7,
423 998 444 1022 3.
641 983 662 1022 ἢ
690 994 702 1018 3
741 985 915 1011 Nominatiui:
958 980 1039 1007 Aliud
1059 989 1090 1007 ex
1105 980 1160 1007 alio
1174 978 1286 1019 incidit,
1345 978 1403 1018 Cic..
1417 979 1489 1012 Λςι4
1499 989 1521 1006 c.
1530 987 1568 1010 28.
1635 982 1724 1008 Lauro
1738 981 1839 1014 incingi
1864 979 1945 1007 Ouid.
1962 981 2026 1006 Met.
2041 984 2154 1012 14,.482.
2221 978 2303 1005 Mitra
2316 985 2394 1007 canoa
2433 987 2446 1009 s,

236 1027 316 1055 Aliud
327 1037 355 1053 cx
368 1028 417 1052 alio
432 1023 549 1060 dependet
563 1029 585 1049 et
596 1026 677 1049 euenit
710 1021 779 1047 Ter.
795 1020 891 1046 Heaut.
904 1026 927 1050 Ξ,
940 1025 962 1050 Ξ,
975 1021 1012 1048 38.
1130 1015 1168 1042 Id.
1183 1014 1250 1041 ibid.
1262 1023 1284 1046 2,
1345 1014 1461 1041 muncia
1473 1015 1580 1050 capillos
1605 1016 1677 1043 Idem
1691 1016 1756 1043 Fast.
1772 1025 1795 1048 3,
1808 1018 1870 1049 669.
1941 1015 2087 1042 Moenibus
2100 1015 2178 1041 vrbes
2191 1014 2328 1048 incingere
2354 1012 2394 1039 ld.
2419 1019 2435 1042 :7¹

238 1073 256 1097 4
287 1071 311 1096 ¹5
349 1062 408 1088 Hoc
430 1059 563 1087 beneficio
584 1058 691 1092 Vtrique
705 1056 739 1083 ab
755 1056 874 1089 Vtrisque
889 1061 954 1081 vcro
965 1051 1159 1084 deuinciinini,
1179 1056 1208 1077 vt
1220 1058 1286 1090 nun-
1347 1051 1439 1076 Amor·
1455 1059 1484 1083 3,
1502 1056 1531 1084 8,
1548 1060 1594 1087 47.
1683 1052 1798 1079 Pellibus
1810 1050 1942 1078 incinctae
1955 1050 2049 1077 ambae
2080 1051 2156 1085 Virg.
2172 1051 2270 1084 Georg.
2285 1058 2321 1082 4,
2333 1055 2395 1082 342..
2426 1041 2437 1074 i:

236 1083 316 1133 qiiam
329 1097 397 1129 vlla,
416 1096 504 1123 amori
519 1094 605 1122 vestro
619 1091 737 1120 incidere
749 1091 822 1127 poffit
836 1089 1002 1127 Calainitas3
1096 1087 1177 1113 Calor
1191 1085 1286 1112 incidit
1299 1091 1331 1119 23
1346 1086 1419 1112 Idem
1439 1087 1503 1112 Aen.
1521 1094 1553 1122 7,
1571 1089 1629 1121 396.
1736 1088 1853 1120 Corycos
1872 1086 2009 1122 Oppidum
2030 1087 2112 1113 Portu
2126 1086 2234 1121 saleque
2248 1085 2395 1119 incingitur
2419 1076 2446 1122 -Q

235 1134 338 1161 Pierius
352 1132 436 1159 menti
471 1132 533 1158 Stat.
547 1130 637 1156 Theb.
652 1137 679 1160 1,
701 1136 722 1160 3.
827 1126 927 1153 Causae
950 1122 1089 1155 incidunt,
1117 1122 1184 1158 quod
1204 1125 1286 1156 inepte
1346 1121 1417 1148 Mela
1431 1130 1441 1147 1
1460 1131 1482 1148 c.
1496 1122 1543 1149 vlt.
1593 1125 1635 1151 Sic
1652 1123 1716 1150 idem
1730 1124 1841 1160 saepius.
1927 1121 2077 1149 Incind'mni
2095 1122 2194 1148 habere
2212 1121 2395 1156 peucedanum
2422 1121 2445 1152 ’ἴῃ

236 1169 323 1196 dicum
338 1169 413 1204 Castis
424 1170 580 1202 contingunt.
650 1164 706 1190 Cic.
719 1162 772 1190 Off.
786 1170 814 1194 3,
827 1169 858 1196 75
894 1160 943 1187 Sed
956 1158 1076 1185 incidunt
1091 1158 1165 1192 saepe
1178 1158 1286 1197 causae,
1345 1156 1466 1183 Scribon.
1482 1161 1531 1190 163.
1566 1161 1584 1185 i.
1604 1159 1792 1187 circumdatum.
1865 1157 1973 1191 Philyra
1987 1157 2078 1192 capilli
2090 1157 2204 1184 incinfiti
2229 1157 2310 1184 Ouid.
2325 1155 2405 1186 Fast..
2430 1144 2440 1180 'l

236 1214 318 1240 quum
331 1210 474 1238 repugnare
488 1201 587 1228 Vtilitas
607 1199 736 1225 honestati
754 1197 886 1224 videatur.
982 1195 1064 1221 Error
1083 1203 1168 1220 nouus
1189 1193 1286 1219 incidit
1347 1201 1370 1226 5,
1385 1200 1439 1227 337.
1511 1194 1678 1228 Serpentibus
1690 1195 1743 1221 sese
1756 1193 1908 1228 incingebat
1932 1194 2019 1221 Catul.
2029 1196 2071 1227 65,
2079 1199 2134 1227 258,
2169 1191 2288 1220 Addqb·
2302 1196 2395 1224 v·303-
2419 1192 2429 1222 ιζ
2445 1197 2447 1203 .

235 1242 352 1274 Proper-t.
368 1248 394 1271 i,
408 1247 431 1270 13
441 1257 449 1269 ‚
469 1244 505 1270 35.
596 1236 713 1262 Flamma
728 1233 822 1260 incidit
836 1234 864 1259 in
879 1233 977 1266 segetes
1006 1230 1082 1264 Virg.
1096 1230 1160 1256 Aen.
1180 1238 1207 1260 2,
1230 1235 1285 1261 3ος.
1345 1229 1454 1255 Tunica
1467 1227 1596 1256 incinctus
1607 1235 1741 1258 mercator
1772 1230 1855 1257 Ouid.
1869 1229 1934 1256 Fast.
1948 1239 1975 1261 4,
1991 1232 2048 1264 675.
2139 1229 2272 1256 Verbenis
2288 1236 2344 1257 aras
2355 1227 2400 1254 im·
2439 1256 2442 1260 ,

236 1276 332 1309 Iugum
346 1274 494 1301 ceruicibus
507 1271 602 1299 incidit
633 1270 767 1297 Columel.
779 1278 811 1301 2,
829 1277 854 1295 2.
927 1265 1006 1294 Nihil
1019 1266 1088 1306 ‘mali
1103 1265 1208 1292 ciuitati
1221 1264 1285 1290 inci·
1301 1269 1334 1293 30
1346 1264 1430 1291 cinxit
1454 1264 1493 1290 Id.
1507 1265 1571 1305 Met.
1586 1273 1613 1300 7,
1626 1274 1686 1305 342.
1758 1265 1880 1292 Vestibus
1894 1266 1973 1300 pie'tis
1988 1265 2119 1292 incindtae
2132 1264 2215 1292 horae
2240 1263 2279 1291 Id.
2295 1263 2395 1299 Fast.5,
2436 1262 2445 1273 ·“

235 1311 289 1342 dit,
309 1310 381 1345 quod
394 1318 448 1336 non
461 1308 612 1342 impendere
626 1306 669 1332 illi
682 1311 755 1332 tanto
768 1311 828 1331 ante
842 1303 961 1331 viderint
993 1302 1050 1328 Cic.
1065 1302 1097 1327 de
1111 1302 1187 1328 Orat.
1203 1309 1224 1333 1,
1240 1301 1285 1326 26.
1345 1305 1409 1335 217.
1479 1300 1558 1327 Zonis
1576 1300 1766 1335 pretiofiffimis
1783 1301 1899 1328 incinfta
1937 1301 2015 1336 Apul.
2036 1302 2101 1327 Met.
2120 1308 2138 1335 7
2159 1310 2184 1335 p.
2205 1308 2261 1332 190.
2318 1297 2395 1334 Cous.
2430 1306 2434 1310 ·

233 1347 338 1374 Mentio
352 1344 448 1371 incidit
461 1344 494 1370 dc
507 1343 631 1377 Philippo
643 1348 667 1368 et
681 1341 808 1368 Romanis
832 1340 892 1366 Liu.
901 1347 939 1371 32,
950 1346 992 1364 20.
1064 1337 1137 1363 Idem
1152 1344 1196 1368 29,
1232 1355 1239 1361 .
1276 1355 1284 1361 .
1343 1337 1431 1363 Varro
1445 1341 1468 1361 et
1480 1336 1570 1362 Afran.
1584 1343 1624 1372 ap.
1637 1337 1711 1363 Non.
1725 1344 1748 1369 ς,
1761 1344 1806 1371 47.
1826 1343 1850 1363 et
1863 1345 1893 1370 14
1902 1356 1910 1369 ‚
1924 1344 1961 1370 23.
1998 1336 2086 1372 Heius:
2100 1337 2134 1362 ad
2147 1335 2229 1363 Ouid.
2238 1336 2303 1362 Met.
2310 1343 2335 1367 3,
2343 1336 2396 1360 162.
2424 1343 2447 1375 ἐκ,

233 1382 298 1409 Non
314 1387 386 1407 metu
400 1379 481 1406 modo
495 1379 587 1412 omni,
611 1378 658 1412 qui
677 1377 770 1404 tacitus
788 1375 916 1402 insidebat
933 1373 1046 1405 animis,
1076 1372 1205 1398 liberauit
1223 1380 1285 1402 eos,
1380 1378 1421 1398 ΙΝ
1433 1376 1450 1397 C
1462 1378 1471 1396 1
1483 1377 1506 1397 N
1517 1377 1592 1398 CTV
1602 1379 1631 1404 s,
1650 1371 1688 1397 sis.
1709 1381 1746 1399 m.
1782 1372 1912 1399 Laudatur
1921 1372 2065 1405 Plin.24,9
2086 1373 2199 1406 virgam
2213 1372 2260 1405 qui
2274 1371 2303 1396 in
2315 1377 2397 1396 manu
2429 1376 2444 1409 32

232 1416 276 1444 sed
289 1417 417 1444 laetitiam
432 1416 566 1450 ingentem
581 1414 660 1446 fecit,
685 1412 768 1448 quod,
785 1418 831 1438 etc.
925 1408 1087 1436 Morborum
1101 1416 1173 1434 noua
1187 1414 1284 1441 genera
1343 1406 1457 1434 habeant
1469 1412 1514 1433 aut
1528 1407 1660 1437 incine’tu,
1679 1412 1808 1441 negantur
1820 1408 2019 1441 intertriginem
2038 1407 2145 1434 sentire.
2204 1406 2253 1434 Sed
2261 1403 2344 1443 potest
2358 1404 2405 1435 di·-

234 1454 308 1487 saepe
326 1452 444 1478 incidere
470 1451 537 1477 Cels.
553 1459 563 1477 i
576 1449 657 1484 praef.
750 1445 900 1473 Pestilentia
913 1445 1001 1480 grauis
1015 1444 1110 1470 incidit
1124 1452 1170 1477 per
1189 1442 1284 1469 vrbem
1299 1448 1329 1475 35
1344 1441 1415 1476 vifim
1427 1442 1538 1480 intelligi
1551 1443 1579 1469 in
1593 1441 1692 1468 cindtu.
1747 1442 1854 1477 Quidam
1868 1448 1912 1468 aut
1928 1442 2026 1468 cinctu.

233 1488 295 1515 Liu.
309 1496 355 1523 27,
377 1497 403 1520 23
418 1493 483 1513 extr.
590 1484 679 1511 Rebus
699 1482 834 1515 incidere,
855 1489 902 1517 pro
928 1482 1027 1507 Temere
1043 1487 1066 1506 et
1080 1479 1211 1515 fortuito,
1234 1487 1284 1503 non
1380 1485 1424 1504 iN
1435 1485 1470 1505 ei
1482 1484 1532 1504 NG
1543 1477 1565 1504 ὕ
1575 1484 1672 1510 Lvm,
1690 1476 1710 1502 i.
1735 1485 1762 1503 n.
1805 1477 1879 1504 Noti.
1897 1486 1918 1510 1,
1932 1486 1984 1511 234
2009 1477 2155 1511 Cingulum
2166 1476 2332 1512 incingulum
2344 1474 2399 1510 ple·

233 1524 330 1557 confillo
347 1527 374 1549 in
386 1533 425 1550 res
433 1522 506 1558 ferri
528 1522 586 1548 Sen.
599 1520 677 1554 Epist.
693 1525 733 1554 87.
840 1517 945 1543 Ruinae
958 1515 1076 1541 incident
1090 1514 1221 1549 capitibus
1235 1522 1282 1539 no·
1343 1523 1456 1548 rumque
1470 1513 1578 1540 dicitur.
2121 1526 2124 1527 ν
2424 1529 2444 1552 >⁸

233 1560 292 1586 stris
317 1559 423 1589 Liu.2i,
437 1568 473 1584 io.
567 1557 662 1583 Saxum
677 1564 709 1581 ex
723 1554 842 1589 spelunca
857 1553 885 1579 in
898 1560 974 1578 crura
993 1552 1049 1577 eius
1064 1550 1160 1577 incidit
1186 1549 1242 1576 Cic.
1251 1548 1284 1574 de
1380 1556 1447 1576 INC
1457 1548 1466 1575 ἶ
1477 1556 1498 1575 Ν
1508 1556 1527 1575 O
1537 1570 1544 1582 ‚
1565 1548 1611 1580 ui,
1630 1552 1736 1578 entum,
1753 1548 1807 1573 ere.
1851 1547 2001 1581 [ἔπαυλὲω]
2043 1547 2169 1582 Incipere
2184 1555 2279 1574 canere.
2334 1545 2399 1572 Pro·
2441 1570 2448 1581 Α

235 1596 300 1621 Fato
319 1597 344 1621 6.
415 1596 550 1620 Sermones
565 1592 634 1618 varii
649 1591 766 1617 incidere
780 1589 858 1615 nobis
895 1587 991 1614 Catull.
1009 1596 1054 1619 ιο,
1074 1594 1096 1620 ς.
1190 1585 1283 1611 Sermo
1342 1590 1410 1620 pert.
1424 1593 1451 1618 2,
1466 1590 1502 1617 18,
1517 1587 1532 1611 6
1557 1584 1606 1610 Seu
1621 1583 1710 1609 varios
1724 1582 1822 1609 incinit
1835 1591 1883 1609 ore
1894 1583 1998 1609 modos.
2072 1582 2139 1609 Gell.
2150 1591 2168 1614 1,
2183 1591 2205 1609 11
2225 1583 2260 1609 Et
2273 1581 2404 1616 frequen-v
2445 1590 2447 1594 ¹

235 1629 330 1656 incidit
345 1628 376 1654 de
391 1629 485 1654 Catulo
511 1628 575 1653 Plin.
590 1627 668 1661 Epist.
684 1632 724 1660 87.
810 1625 880 1651 Ter.
896 1623 978 1650 Andr.
992 1631 1019 1655 3,
1033 1631 1064 1654 2,
1080 1631 1105 1648 ει
1137 1621 1282 1647 Renuntia-
1290 1627 1328 1652 40
1343 1626 1458 1648 tamenta
1473 1619 1602 1655 quaedam
1617 1618 1692 1646 varia
1705 1618 1806 1645 tibicen
1819 1618 1959 1645 incineret.
2031 1619 2063 1650 Et
2073 1627 2102 1652 4,
2115 1626 2140 1651 13
2164 1618 2192 1645 Si
2204 1617 2320 1644 modulis
2332 1617 2400 1643 leni-

235 1672 293 1692 tum
307 1664 357 1694 est,
377 1673 438 1689 nani
451 1664 497 1698 qui
512 1663 609 1688 isthaec
624 1662 675 1687 tibi
689 1660 782 1687 incidit
796 1659 943 1693 suspectio?
1036 1657 1111 1684 Idem
1127 1655 1239 1690 Adelph.
1254 1664 1284 1689 4,
1343 1657 1393 1684 bus
1406 1656 1508 1683 tibicen
1521 1656 1630 1682 incinat.
1890 1654 1891 1657 ’

236 1711 266 1734 4,
279 1703 294 1726 6
320 1700 398 1726 Nunc
414 1698 526 1733 suspicio
542 1697 573 1723 de
587 1705 629 1723 nie
643 1696 751 1726 incidit,
772 1704 857 1728 neque
871 1703 900 1720 ea
915 1694 1068 1719 immerito?
1104 1692 1217 1719 Sostrata
1230 1700 1285 1717 cre·
1379 1699 1389 1718 1
1400 1699 1422 1718 N
1432 1698 1449 1718 c
1462 1698 1478 1718 Ε
1487 1699 1510 1718 Ν
1519 1698 1540 1718 Τ
1550 1698 1559 1716 1
1570 1698 1605 1722 ο,
1626 1689 1694 1716 onis.
1734 1689 1756 1716 f.
1812 1688 1982 1724 [ἔπαύλησις]
2037 1688 2178 1724 Catztiofiu
2191 1689 2323 1715 cantilena
2332 1705 2340 1719 ,
2359 1686 2403 1716 vel
2443 1695 2448 1721 ,1

236 1737 276 1762 dit
289 1734 374 1767 milii,
402 1743 445 1759 ine
466 1733 599 1768 psaltriam
619 1731 685 1757 hanc
697 1730 796 1756 emisse.
888 1729 1028 1762 Tempora
1049 1729 1123 1761 saepe
1147 1726 1286 1758 incidunt,
1345 1729 1486 1754 Harmonia
1499 1736 1584 1753 vocum
1598 1736 1628 1752 ac
1639 1726 1769 1752 tibiarum.
1804 1748 1807 1750 .
1823 1725 1894 1752 Gell.
1907 1726 1989 1760 refert
2004 1734 2032 1759 4,
2046 1734 2069 1757 ι3
2103 1724 2290 1751 Democritum
2302 1722 2400 1749 docere

237 1780 318 1805 quum
333 1779 372 1801 ea,
380 1778 446 1803 quae
460 1769 574 1794 maxime
585 1767 710 1794 videntur
721 1765 799 1799 digna
812 1764 861 1790 effe
876 1763 944 1790 iusto
959 1763 1084 1794 homine,
1104 1770 1191 1795 eoque
1204 1770 1285 1795 quein
1346 1762 1471 1796 plurimis
1490 1761 1635 1788 hominum
1660 1761 1764 1788 morbis
1786 1760 1948 1787 medicinam
1973 1760 2051 1787 fuisse
2073 1760 2239 1787 incentiones
2262 1759 2406 1786 tibin-urm
2441 1784 2443 1787 .

235 1807 325 1832 virum
337 1805 436 1830 bonum
451 1804 579 1834 dicimus,
598 1809 645 1829 etc.
681 1802 738 1828 Cic.
755 1799 808 1826 Off.
824 1808 850 1831 1,
864 1807 900 1830 31.
976 1798 1086 1824 Terror
1101 1796 1197 1822 incidit
1212 1803 1326 1829 exer-43
1345 1798 1414 1822 Hinc
1427 1803 1525 1827 ortum,
1546 1803 1575 1823 ot
1588 1796 1706 1821 incentio
1721 1798 1796 1821 etiam
1808 1802 1918 1822 vocetur.
1994 1797 2148 1828 luminario,
2161 1805 2223 1831 qua(
2235 1797 2305 1824 vocis
2317 1792 2401 1820 modu·
2442 1791 2447 1809 ’-

236 1841 302 1867 citui
334 1840 406 1866 Caes.
420 1839 446 1864 B.
462 1839 493 1864 C.
506 1846 534 1870 3,
571 1857 579 1864 .
618 1856 625 1863 .
714 1836 837 1862 Tremor
851 1833 973 1860 inanibus
988 1832 1082 1859 incidit
1096 1831 1184 1858 vnclis
1216 1831 1285 1856 Hor.
1343 1830 1529 1865 lati'onefiebat.
1586 1830 1654 1856 Gell.
1668 1832 1697 1856 16
1707 1850 1715 1861 ,
1730 1838 1754 1856 11
1784 1830 1876 1856 Marsis
1888 1831 1916 1857 vi
1930 1831 2043 1864 quadam
2057 1831 2169 1864 genitali
2182 1831 2288 1865 datum,
2307 1836 2337 1856 vt
2348 1829 2400 1856 sei·-

236 1876 313 1910 Epist.
329 1883 398 1908 i,17‚
412 1882 450 1905 23.
647 1867 668 1905 Ἴ
689 1879 708 1902 4
744 1868 961 1903 luipo-sonaliter,
982 1870 1023 1894 vel
1036 1866 1161 1893 intellecto
1173 1870 1287 1897 nomme,
1344 1873 1451 1901 pentum
1466 1865 1664 1892 virulentorum
1683 1865 1830 1893 domitores
1848 1865 1912 1898 lint,
1936 1872 1962 1891 et
1982 1865 2182 1892 incentionibus
2201 1865 2401 1899 herbarumque
2414 1861 2442 1889 ’ἱ

236 1921 278 1939 res
289 1931 297 1944 ²
314 1909 465 1942 negotium,
484 1907 569 1937 casus,
581 1904 671 1939 fimili.
755 1903 853 1929 Incidit
867 1904 940 1936 saepe
955 1908 999 1932 vt,
1024 1903 1098 1936 Saepe
1112 1904 1208 1932 euenit,
1225 1900 1286 1935 fere
1345 1902 1428 1927 succis
1442 1901 1540 1926 faciant
1553 1901 1717 1926 medelarum
1730 1900 1867 1927 miracula.
2271 1914 2273 1916 ·

229 1947 276 1983 fit.
336 1942 389 1971 Cic.
405 1944 436 1970 de
451 1943 558 1969 Amicit.
586 1960 592 1967 .
620 1960 626 1966 .
664 1938 799 1969 Namvel,
812 1943 841 1963 vt
854 1945 908 1962 non
922 1935 993 1961 idem
1007 1936 1146 1969 expediret
1164 1935 1287 1967 vtrique‚
1382 1942 1422 1960 IN
1434 1940 1452 1960 c
1464 1942 1480 1960 E
1491 1942 1512 1960 N
1523 1938 1592 1961 ‘riv
1603 1941 1624 1960 v
1636 1942 1648 1960 s
1658 1953 1666 1964 ,
1683 1944 1715 1966 a,
1732 1943 1787 1960 um.
1824 1934 1885 1960 Adi.
1923 1934 2123 1969 [ἐπαυλητικὸς]
2165 1935 2254 1962 Tibia
2266 1934 2406 1962 incentiuav

237 1981 355 2010 incidere
367 1981 456 2014 saepe,
475 1978 531 2009 vel,
549 1982 578 2002 vt
591 1975 623 2001 de
637 1973 749 2008 Republ.
761 1981 815 1998 non
829 1972 899 1998 idem
914 1971 1049 1997 sentirent.
1156 1969 1228 1994 Raro
1247 1969 1287 1993 in·
1298 1977 1331 2003 50
1346 1977 1393 2003 qua
1407 1972 1549 2000 inanitur,
1572 1972 1590 1994 i.
1604 1971 1728 2002 incipitur
1739 1974 1836 1995 cantus.
1880 1969 1968 1995 Varro
1983 1969 2015 1995 de
2031 1970 2062 1996 R.
2071 1970 2102 1996 R.
2111 1979 2132 2002 1,
2140 1979 2165 2004 2,
2173 1978 2198 2003 15
2224 1971 2255 1997 Et
2267 1976 2297 1998 vt
2309 1971 2412 1997 dextrae
2428 1967 2447 1984 '³

238 2017 350 2048 cidebat,
362 2021 392 2042 vt
405 2013 529 2041 secundae
543 2011 620 2038 classis
634 2014 792 2036 vocarentur
819 2008 879 2033 Liu.
895 2016 919 2038 1,
933 2015 965 2039 43
979 2006 1027 2042 sub
1034 2004 1086 2041 firi.
1107 2039 1113 2044 Ι
1137 2039 1142 2044 .
1173 2039 1178 2044 .
1195 2004 1288 2043 Quini
1345 2003 1413 2030 tibia
1427 2003 1478 2029 alia
1492 2012 1572 2038 quam
1587 2002 1699 2035 sinistra,
1717 2002 1754 2029 ita
1767 2008 1891 2030 vttamen
1907 2004 1936 2030 lit
1949 2004 2149 2040 quodammodo
2161 2006 2313 2039 coniuncta,
2326 2004 2401 2041 quod

237 2052 371 2084 inciderit,
385 2056 413 2078 vt
426 2050 453 2076 id
468 2055 525 2084 apte
539 2048 597 2074 fieri
612 2045 685 2081 potiit
709 2044 868 2071 Cic.deFin.
878 2051 898 2075 1,
936 2062 943 2068 .
980 2061 987 2068 .
1059 2039 1156 2067 Incidit
1171 2039 1288 2080 infelici:
1346 2039 1383 2066 est
1404 2039 1488 2066 altera
1514 2038 1779 2074 eiusdemssarminis
1808 2038 1954 2068 modorum
1977 2041 2127 2074 incentiua,
2165 2042 2218 2069 alia
2240 2042 2400 2069 succentiua.
2419 2036 2422 2040 ⁸

237 2096 289 2122 ter,
303 2093 331 2115 vt
345 2087 422 2114 talem
434 2085 521 2111 ciuem
541 2083 720 2110 amitteremus
756 2080 816 2106 Liu.
836 2084 865 2111 38
874 2098 882 2109 ,
901 2086 942 2110 49.
1030 2077 1057 2102 Si
1072 2076 1132 2110 quis
1153 2076 1288 2101 einsinoni
1346 2075 1441 2102 Ibidem
1452 2075 1590 2114 ’pastorum
1603 2075 1686 2101 vitam
1698 2081 1771 2101 vocat
1783 2074 1944 2102 incentiuam
1953 2096 1962 2109 ,
1980 2079 2038 2112 quia
2050 2076 2171 2110 vetustior
2180 2087 2188 2102 :
2223 2077 2401 2111 agricolarum

237 2126 309 2153 forte
320 2124 389 2150 casus
403 2120 536 2152 inciderit,
551 2124 580 2145 vt
594 2118 621 2144 id
635 2114 787 2143 faciendum
801 2114 831 2141 fit
851 2114 908 2140 Cic.
922 2113 954 2139 de
965 2112 1024 2139 Fin.
1041 2121 1064 2144 3,
1101 2131 1108 2137 .
1145 2130 1152 2136 .
1208 2110 1288 2136 Forte
1346 2111 1539 2142 sticcentiuam‚
1565 2113 1625 2146 quia
1647 2113 1784 2142 recentior,
1811 2120 1883 2147 quam
1898 2120 1949 2138 rem
1963 2113 2104 2147 comprobat
2117 2111 2218 2140 auctore
2230 2112 2402 2145 Dicaearcho,
2444 2140 2447 2146 .

239 2162 278 2188 ita
296 2158 409 2190 incidit,
434 2163 462 2183 vt
483 2155 605 2182 comitiis
619 2152 744 2188 perfectis
763 2150 948 2180 nuntiaretur,
980 2154 1026 2174 etc.
1063 2146 1124 2186 Liu..
1139 2147 1189 2178 26,
1203 2153 1230 2177 23
1247 2152 1288 2180 pr.
1299 2155 1328 2181 55
1345 2146 1441 2173 bomine
1454 2144 1599 2179 doe‘tzffimo.
1671 2146 1740 2172 Lues
1754 2145 1890 2173 incentiua
1914 2147 2036 2175 Prudent.
2049 2148 2237 2181 Hamart.250.
2253 2156 2260 2160 ·
2308 2150 2400 2176 Incen-

239 2198 319 2224 Forte
333 2195 370 2221 ha
383 2191 526 2222 inciderat,
550 2200 583 2217 ne
597 2189 650 2216 duo
664 2187 783 2214 violenta
801 2186 908 2220 ingenia
922 2183 1098 2210 matrimonio
1113 2186 1289 2215 iungerentur
1346 2181 1433 2212 tiuus,
1451 2182 1619 2213 incitamus,
1636 2187 1771 2216 propterea
1785 2182 1850 2217 quod
1861 2186 2000 2210 incentione
2012 2183 2127 2210 tubarum
2134 2184 2235 2220 soleant
2255 2186 2348 2212 milites
2367 2182 2402 2210 ad

239 2232 314 2259 Idem
336 2239 345 2257 1
356 2251 364 2263 ,
387 2231 432 2262 46.
503 2228 545 2255 Sic
575 2224 695 2253 Incidere
704 2243 713 2257 ,
744 2222 851 2259 abelute
869 2228 920 2256 pro
931 2240 940 2252 ,
971 2220 1003 2245 In
1034 2218 1136 2244 malum
1169 2215 1289 2243 incidere
1341 2217 1467 2258 praelium
1481 2219 1596 2243 incitari.
1672 2217 1691 2242 F
1694 2216 1781 2244 irmic.
1794 2226 1814 2251 ι,
1827 2226 1840 2249 3
1866 2218 1939 2244 Hinc
1952 2219 2069 2253 intelligi
2083 2219 2177 2250 datur,
2195 2219 2329 2247 stellarum
2341 2219 2404 2255 quiq
2416 2211 2441 2253 τί),

240 2267 361 2294 §kq-ibon,
382 2273 436 2299 172.
760 2271 763 2278 =
1348 2252 1410 2278 dem
1424 2253 1488 2284 elie,
1512 2251 1585 2286 quod
1603 2252 1735 2286 patimur,
1760 2257 1787 2280 et
1807 2253 1879 2287 quod
1891 2262 1939 2279 nos
1953 2254 2094 2281 incentiuis
2108 2255 2269 2290 quibusdam
2283 2255 2406 2284 stimulat.
2423 2266 2426 2270 ·

276 2309 316 2329 ιΝ
327 2302 426 2329 ensi?
435 2305 522 2330 RVS,
543 2306 573 2329 a,
595 2305 649 2322 iun.
706 2293 801 2321 Partic.
856 2291 923 2318 Plin.
938 2298 970 2322 2,
984 2296 1018 2323 27
1049 2287 1098 2315 Sed
1118 2296 1147 2314 ea
1162 2286 1291 2319 accidisse,
1347 2287 1470 2323 ignibus:
1506 2287 1657 2314 diuinitatis
1671 2296 1736 2314 vero
1749 2289 1798 2314 effe
1811 2289 1912 2321 animi,
1934 2289 2006 2323 qnod
2025 2298 2209 2324 repugnamus,
2269 2292 2328 2319 Vid.
2339 2288 2399 2326 90st

239 2347 294 2366 non
307 2337 369 2372 quia
383 2336 445 2363 haec
459 2334 528 2361 faeta
541 2334 616 2366 sunt,
634 2330 764 2359 arbitror:
799 2336 894 2356 verum
908 2325 972 2353 haec
986 2325 1048 2353 ideo
1063 2323 1132 2351 facia
1144 2344 1151 2356 ,
1173 2323 1237 2359 quia
1252 2322 1291 2349 in·
1306 2324 1392 2350 601N
1402 2329 1444 2350 GE
1454 2329 1476 2348 N
1486 2328 1542 2350 Do.
1651 2357 1656 2362 ⁸
1697 2321 1718 2360 ff
1739 2331 1756 2349 2.
1792 2323 1916 2357 Sufflavit.
1952 2325 2130 2359 inventitium,
2147 2328 2269 2353 Incitaria
2279 2346 2288 2358 ,
2306 2327 2399 2353 Stimua

242 2375 330 2401 casum
345 2378 417 2399 erant
432 2371 486 2397 ma·
1348 2361 1395 2387 Ius.
1455 2359 1547 2393 Paneg.
1561 2357 1658 2384 Incerti
1673 2358 1848 2389 Constantino
1866 2358 1950 2391 dicti,
1986 2359 2052 2386 Cell.
2067 2365 2096 2393 8,
2109 2369 2136 2393 1,
2156 2369 2175 2393 4
2204 2361 2309 2387 Etenim
2328 2360 2347 2386 fi
2367 2360 2398 2386 in

278 2417 287 2435 1
300 2411 364 2436 Nc,-
377 2414 396 2434 D
408 2414 424 2433 E
434 2413 454 2433 N
466 2413 478 2433 ς
514 2404 590 2431 emis,
627 2402 688 2430 Adi,
724 2399 798 2436 de
810 2398 918 2431 incidit,
931 2396 985 2432 fiue
996 2396 1074 2423 cadit.
1129 2395 1196 2421 Plin.
1211 2402 1244 2426 ιι,
1258 2401 1289 2428 37
1347 2395 1428 2423 rebus
1441 2393 1544 2421 bellicis
1555 2393 1668 2428 ipsisque
1681 2394 1804 2429 praeliis,
1827 2404 1882 2421 non
1903 2395 1989 2421 solum
2007 2394 2087 2421 tubae
2105 2401 2132 2422 et
2149 2395 2228 2428 litui,
2252 2396 2296 2422 sed
2315 2396 2398 2422 etiam

240 2445 356 2480 Pupillae
370 2443 458 2470 obiter
472 2427 615 2468 ir'icidentia
629 2439 707 2466 facile
720 2436 861 2464 declinant.
951 2431 1071 2460 Incidens
1086 2431 1171 2466 portis
1189 2430 1289 2456 exerci-
1348 2431 1489 2465 Spartanae
1507 2429 1590 2456 tibiae
1610 2430 1775 2456 incentiuum
1793 2430 1910 2466 aliquod
1923 2431 2047 2457 feruntur
2066 2430 2195 2463 habuisse,
2217 2438 2263 2458 etc.
2333 2431 2396 2458 Am-

240 2488 298 2514 tus,
323 2484 341 2506 1'.
363 2482 495 2506 Incurrens
508 2480 535 2502 in
550 2486 602 2502 eum
614 2476 699 2506 locum,
718 2482 763 2509 quo
771 2478 862 2508 portae
875 2475 955 2497 erant.
991 2503 997 2509 .
1027 2467 1087 2494 Liu.
1103 2474 1125 2500 ς,
1141 2474 1163 2492 it
1182 2467 1289 2506 ‘ann
1348 2467 1428 2492 mian.
1443 2474 1482 2498 14,
1497 2473 1506 2491 1
1536 2466 1619 2491 Cuius
1632 2465 1771 2506 acerbitati
1784 2475 1854 2494 vxor
1866 2475 1948 2506 gra-ue
1963 2467 2097 2493 accesserat
2110 2466 2286 2492 incentiuum.
2312 2496 2315 2499 Ι
2356 2466 2397 2493 ld.

242 2517 303 2551 fuga
316 2515 465 2550 trepidum,
483 2513 588 2548 plenum
602 2511 760 2541 vulnerum,
789 2516 818 2534 ac
830 2515 930 2541 pauore
944 2503 1105 2545 incidentem
1119 2507 1201 2536 portis
1216 2509 1290 2540 exer-
1303 2500 1335 2532 65
1348 2510 1389 2534 29,
1406 2510 1418 2533 3
1442 2500 1583 2541 Ῥοεείῖᾱεε
1603 2500 1654 2540 [ατς
1666 2500 1769 2540 ,ἀιῆὶιίὶι
1788 2502 1895 2527 saeuum
1909 2502 2066 2542 imperatori
2077 2502 2213 2542 accesserat
2225 2500 2399 2542 incentiuum.

241 2554 323 2579 citum
336 2551 472 2581 viderint,
493 2555 538 2575 etc.
609 2546 682 2573 Idem
696 2553 724 2577 3,
746 2554 757 2576 3
788 2542 906 2577 Agrestes
922 2539 1014 2576 pauidi
1030 2537 1179 2572 incidentes
1197 2542 1290 2572 portis.
1347 2538 1514 2563 Incentiuum
1529 2543 1687 2570 peccaminis
1706 2535 1783 2563 Prud.
1794 2535 1890 2571 Apoth.
1900 2545 1960 2569 929.
2031 2539 2169 2564 Vitiorum
2195 2537 2309 2564 Hieron.
2319 2535 2400 2570 Epist.
2427 2563 2440 2571 ,Ι

241 2590 373 2623 Proprium
386 2585 532 2621 pauidorum
546 2582 647 2609 videtur
660 2580 793 2612 incidere,
811 2580 914 2606 irruere
930 2574 1042 2609 hostium.
1098 2574 1140 2601 Sic
1153 2581 1183 2613 ᾗ,
1203 2575 1246 2600 26.
1348 2581 1364 2599 2
1378 2572 1409 2599 ad
1422 2573 1571 2612 Nepotian.
1642 2571 1743 2598 Arnob.
1753 2581 1772 2605 4
1784 2581 1808 2606 p.
1818 2580 1861 2605 150
1887 2572 1968 2606 Qnod
1981 2573 2073 2607 poenis
2087 2572 2211 2600 omnibus
2224 2571 2401 2600 conueniebffg

278 2629 344 2649 lNC
354 2630 362 2648 i
372 2627 390 2647 D
399 2628 444 2648 ΕΝ
454 2628 475 2646 T
484 2627 500 2645 E
509 2626 537 2645 R.
572 2618 639 2644 Adu.
674 2615 769 2643 Sarisb.
783 2615 867 2649 praef.
893 2614 969 2647 Qiae
977 2610 1126 2638 incidenter
1139 2608 1210 2635 didita
1223 2609 1291 2638 sunt,
1349 2608 1428 2643 pledh
1439 2628 1447 2640 ‚
1472 2608 1610 2634 incentiuo
1625 2607 1756 2634 extollitis
1770 2608 1863 2634 laudis.

243 2662 261 2685 i.
280 2658 337 2694 casu
369 2655 488 2689 occasione
500 2660 619 2680 monente.
1384 2650 1394 2669 Ι
1405 2650 1426 2668 N
1435 2650 1451 2670 C
1460 2650 1476 2669 Ε
1486 2649 1507 2668 Ν
1517 2649 1538 2668 T
1547 2650 1565 2669 Ο
1576 2649 1593 2668 R
1604 2662 1612 2674 ,
1629 2643 1691 2670 aris.
1710 2652 1746 2669 in.
1783 2643 1841 2670 md.
1851 2643 1927 2677 Orig.
1935 2645 1962 2675 6,
1977 2651 2006 2676 19
2034 2643 2107 2670 Tres
2120 2642 2215 2678 gradus
2228 2644 2287 2671 sunt
2299 2642 2329 2669 in
2341 2651 2400 2670 can-

283 2701 292 2719 1
305 2677 399 2719 NC’IE
411 2698 447 2723 0,
469 2695 520 2716 cre.
543 2695 564 2714 et
582 2693 712 2718 1NClO,
730 2688 780 2712 ire.
822 2685 952 2715 Monere,
972 2682 1155 2717 impraegnare
1191 2679 1289 2713 Papias.
1301 2686 1338 2714 70
1348 2678 1444 2710 tando,
1470 2679 1572 2713 primus
1587 2678 1765 2710 succentoris,
1791 2678 1915 2705 secundus
1937 2679 2101 2712 incentoris,
2129 2680 2224 2707 tertius
2244 2678 2400 2706 accentoris.

244 2730 326 2755 Vetus
340 2727 458 2753 Diction.
472 2724 537 2760 apud
550 2725 660 2750 Mat-tin.
682 2721 799 2752 Inciere,
818 2728 925 2753 parcre,
943 2718 1026 2750 eniti,
1043 2726 1057 2743 a
1070 2715 1164 2743 ciendo
1176 2720 1202 2741 et
1215 2715 1291 2740 inuo-
1349 2714 1418 2743 Add.
1432 2724 1461 2747 7,
1476 2723 1510 2741 12.
1602 2715 1701 2740 Paulin.
1716 2714 1808 2741 Natali
1822 2715 1918 2741 Felicis
1932 2723 1951 2747 4
1986 2714 2120 2742 Carminis
2137 2715 2261 2742 incentor
2279 2713 2401 2741 Christus

245 2764 327 2791 cando
341 2762 487 2796 proximos.
559 2760 599 2785 Sic
613 2757 734 2792 thanius
747 2762 769 2781 ct
783 2756 874 2781 Parcus
887 2755 992 2780 Lucret.
1006 2762 1033 2785 ς,
1045 2755 1099 2786 960
1129 2750 1238 2780 edidere,
1259 2750 1292 2776 Et
1350 2750 1428 2778 mihi.
1494 2749 1533 2776 Id.
1547 2749 1676 2784 Epist.29,
1690 2755 1703 2780 8
1725 2751 1849 2776 Incentor
1862 2750 1950 2784 potius
1966 2758 2045 2785 quam
2058 2750 2209 2778 consolator
2220 2750 2400 2777 lacrimarum.

246 2802 337 2826 Venus
352 2799 380 2823 in
394 2797 466 2823 siluis
478 2793 593 2821 inciebat
608 2800 719 2826 corpora
732 2796 876 2816 amantum.
910 2790 953 2815 Al.
968 2787 1104 2822 Iungebat.
1150 2787 1248 2812 Certim
1258 2783 1292 2818 cst
1350 2785 1423 2822 Conf.
1437 2785 1583 2817 Synnnach.
1599 2793 1620 2819 ς,
1633 2794 1672 2818 32..
1708 2785 1830 2812 Ambros.
1846 2785 1926 2820 Epist.
1941 2793 1962 2819 ς,
1978 2793 2012 2819 35.
2067 2787 2146 2814 Oros,
2158 2794 2181 2820 ς,
2196 2795 2224 2820 19
2253 2785 2402 2818 Sertorius,
2430 2798 2433 2802 Δ

284 2843 293 2861 1
304 2841 326 2860 Ν
340 2840 355 2860 C
366 2840 373 2858 1
384 2839 430 2859 EN
441 2840 453 2858 s
464 2851 472 2863 ‚
489 2830 565 2856 entis.
601 2829 668 2854 Part.
724 2826 853 2857 Gramma,
873 2824 938 2860 quod
950 2831 1014 2850 certe
1029 2832 1142 2859 magnam
1157 2822 1228 2849 habet
1239 2819 1293 2855 affi·
1351 2823 1404 2848 iam
1418 2821 1481 2847 hinc
1495 2821 1584 2847 ciuilis
1598 2821 1661 2847 belli
1680 2821 1802 2848 incentor
1820 2828 1845 2848 et
1865 2821 2004 2857 particeps.
2075 2823 2107 2848 Et
2119 2829 2146 2855 ς,
2165 2831 2201 2850 20
2232 2821 2402 2856 Damafippm

246 2874 350 2896 nitatem
364 2878 417 2895 ciem
433 2869 580 2893 Graecorum
596 2865 676 2896 ἔγκυος
690 2869 713 2888 et
731 2860 850 2894 ἐγκύμων.
905 2859 993 2886 Festus
1013 2867 1071 2884 voce
1091 2858 1223 2889 Grauida,
1252 2859 1293 2883 In·
1306 2862 1338 2891 75
1350 2863 1456 2893 praetor
1466 2876 1474 2888 ,
1497 2856 1634 2883 incentore
1646 2857 1751 2889 Mario,
1770 2864 1817 2884 etc,

247 2906 318 2932 ciens
331 2904 479 2939 propinqua
493 2900 596 2936 partui,
621 2897 693 2933 quod
715 2897 837 2923 incitatus
851 2895 881 2922 sit
893 2895 1040 2935 fetus'eius.
1111 2894 1198 2920 Varro
1212 2894 1243 2919 R.
1259 2893 1291 2934 R.
1388 2900 1397 2918 1
1407 2899 1429 2917 N
1439 2898 1498 2919 CI?
1508 2899 1551 2918 ER
1563 2899 1601 2924 ο,
1620 2897 1674 2919 are.
1711 2894 1760 2933 Pro
1774 2894 1907 2929 Imperare.
1945 2893 2028 2920 Plaut.
2042 2892 2130 2920 Truc.
2144 2901 2167 2926 3,
2181 2901 2205 2924 2,
2221 2897 2243 2922 8.
2280 2891 2323 2918 sic
2334 2897 2400 2917 certe
2434 2891 2441 2906 ³⁴

248 2950 271 2972 2,
284 2949 309 2973 2,
325 2946 338 2970 8
363 2938 522 2966 Faciendum
537 2936 605 2969 septa
617 2935 714 2961 secreta
728 2932 760 2958 ab
773 2932 842 2963 aliis,
860 2940 913 2965 quo
921 2931 1047 2957 incientes
1063 2929 1196 2955 secludere
1209 2929 1294 2968 posim,
1351 2930 1443 2956 Parcus
1457 2936 1486 2952 ex
1505 2928 1579 2954 MSS.
1593 2929 1657 2968 rau.
1690 2928 1748 2954 Inci
1784 2937 1812 2955 ro
1832 2930 1864 2955 In
1883 2930 1940 2955 olim
1960 2927 2055 2955 digium
2075 2927 2117 2961 effi
2136 2926 2242 2960 qstendie
2259 2926 2354 2962 Scalig.
2367 2925 2403 2953 ad
2443 2961 2446 2963 .

248 2977 312 3003 item
327 2984 382 3010 quo
395 2982 507 3008 corpore
522 2979 611 3006 aegro.
714 2967 846 2993 Columel.
862 2970 886 2997 6,
900 2975 918 2997 1,
930 2975 942 2998 3
963 2973 1012 3001 pro
1024 2966 1091 3001 vulg.
1106 2972 1230 3000 tanquam
1245 2972 1294 2990 lm·
1352 2963 1418 2991 Fest.
1432 2966 1459 2989 in
1473 2972 1530 2989 voce
1544 2964 1668 2997 Incitega.
1725 2965 1753 2992 Se
1785 2964 1866 2990 editur
1879 2965 1984 2998 Impera
1997 2964 2027 2989 ab
2039 2965 2106 2988 aliis.
2433 2968 2439 2971 “

248 3013 336 3047 plente
350 3017 426 3037 vtero
445 3008 548 3042 lsifinus
563 3007 633 3032 malit
648 3004 771 3030 inciente.
825 3002 870 3029 Sed
882 3002 948 3028 mhi!
958 3005 1045 3028 iuuant
1064 3001 1139 3028 MSS.
1212 3001 1293 3026 Etiam
1387 3006 1396 3025 1
1408 3005 1428 3023 Ν
1440 3004 1457 3024 C
1470 2999 1504 3024 '1⁴12
1514 3006 1523 3024 1
1534 3005 1552 3024 O
1562 3019 1570 3030 ,
1591 3000 1664 3033 cepi,
1682 3005 1803 3034 ceptum,
1823 3002 1877 3026 ere.
1922 2998 2070 3038 [ἄρχομαῃ
2090 2998 2217 3033 instem]
2273 2998 2302 3024 A
2313 2997 2399 3032 Capio
2431 3014 2433 3017 ,
2446 3015 2450 3019 ,

249 3047 380 3074 edumei·
390 3053 416 3080 72
430 3054 452 3077 3>
465 3046 493 3071 ¹5
519 3044 609 3069 Partus
623 3049 688 3067 Vero
701 3038 853 3073 ineipienffi
866 3038 982 3077 pecoris}
1014 3072 1019 3077 ,
1038 3038 1068 3077 ξῑ
1082 3039 1109 3069 6,
1124 3045 1154 3067 1¹,
1169 3041 1182 3066 8
1202 3037 1293 3070 Itaque
1314 3035 1496 3076 Sedena-atur:
1532 3043 1598 3074 nou,
1615 3043 1645 3060 vt
1664 3037 1724 3062 aliis
1738 3037 1838 3075 plac-rt,
1861 3044 1876 3060 a
1889 3034 1973 3068 Coepi
1987 3032 2128 3069 dffeffiuo:
2155 3042 2208 3073 ’ντες
2221 3032 2401 3073 diphthongum

249 3081 420 3110 includendae
436 3081 494 3107 sunt
506 3079 651 3109 enitentes,
671 3075 714 3101 vbi
726 3077 820 3110 primae
832 3073 950 3099 editiones
968 3080 1123 3106 incipientes
1138 3072 1243 3101 habent,
1263 3072 1295 3096 le·
1352 3070 1473 3097 admittit.
1529 3069 1650 3103 Incipere
1662 3070 1694 3103 ²1st
1713 3072 1780 3097 velut
1795 3079 1823 3096 in
1842 3079 1926 3096 manus
1946 3078 2053 3105 capere,
2079 3074 2108 3094 vt
2122 3077 2282 3102 principium
2294 3067 2328 3101 est
2345 3077 2401 3098 cum

249 3119 353 3155 gendum
366 3116 498 3144 videbatur
517 3112 605 3147 Vrstno
619 3119 641 3138 et
655 3111 717 3138 mihi
731 3110 866 3136 incientes.
920 3106 1038 3140 Restituit
1051 3109 1107 3134 olim
1122 3108 1209 3134 Plinio
1225 3114 1295 3140 11237
1352 3107 1469 3141 primum
1481 3105 1607 3138 capimus.
1678 3105 1762 3132 Plaut.
1777 3107 1855 3132 Poen.
1871 3113 1900 3138 ς,
1921 3114 1952 3138 2,
1972 3114 2002 3139 ¹4
2034 3104 2155 3138 Incipere
2170 3105 2256 3131 multo
2269 3104 2306 3131 est
2319 3113 2401 3139 quam
2418 3131 2421 3134 ,

250 3156 268 3180 s.
283 3159 316 3187 84
352 3151 480 3179 Turnebus
492 3150 557 3177 Adu.
572 3158 615 3180 20,
629 3157 665 3179 25.
721 3147 750 3173 Et
764 3148 801 3171 ita
814 3143 894 3170 edidit
906 3142 988 3169 Hard.
1001 3153 1016 3168 α
1029 3144 1085 3169 MS.
1099 3143 1215 3174 adiutus,
1243 3143 1295 3168 An·
1354 3144 1495 3176 impetrare
1510 3140 1623 3166 facilius.
1689 3141 1757 3167 Ter.
1773 3141 1883 3176 Adelph.
1900 3150 1923 3173 2,
1938 3150 1963 3173 2,
1978 3149 2006 3174 ¹9
2030 3140 2099 3166 Perii
2115 3139 2219 3172 hercle,
2238 3139 2286 3167 hac
2300 3141 2343 3174 spe
2356 3139 2400 3166 illi

252 3189 320 3224 tiqui
335 3188 465 3215 abdomen
476 3184 605 3212 vocabant
624 3182 719 3219 (suis)
738 3182 892 3216 priusquam
906 3178 1020 3210 calleret,
1034 3179 1161 3204 incientes
1174 3177 1296 3204 occidere
1354 3177 1405 3204 hoc
1427 3176 1590 3210 inceperunt.
1681 3176 1790 3211 Incipe:
1827 3176 1971 3203 dimidium
2003 3172 2068 3201 fac‘ti
2093 3175 2129 3201 est
2151 3176 2263 3210 coepisse
2299 3176 2398 3202 Auson.
2443 3176 2448 3197 -'

252 3234 306 3251 non
318 3224 416 3250 assueti.
520 3218 623 3246 Arnob.
638 3228 655 3253 7
674 3228 698 3252 p.
718 3225 766 3249 223
798 3217 849 3242 Hic
874 3215 965 3248 (Deus
977 3214 1135 3246 honoratur)
1161 3212 1296 3239 sterilibus
1311 3215 1341 3245 85
1355 3213 1443 3246 Epigr.
1457 3218 1492 3241 81.
1581 3211 1616 3237 Vt
1637 3211 1784 3245 incipiendi
1804 3213 1874 3239 ratio
1895 3211 1961 3243 suit,
1980 3210 2016 3237 ita
2029 3210 2058 3237 lit
2071 3210 2204 3238 detinendi
2216 3211 2311 3238 modiis
2343 3212 2400 3238 Cic.

253 3260 381 3292 vacculis,
407 3264 433 3285 at
445 3257 491 3284 ille
503 3255 664 3282 incientibus
678 3252 776 3280 scrofis.
849 3252 879 3278 Et
899 3259 924 3284 p.
939 3258 980 3282 227
993 3256 1058 3275 extr.
1092 3248 1204 3275 Telluri
1217 3249 1297 3275 matri
1355 3248 1408 3276 Off.
1424 3257 1432 3274 i
1454 3257 1475 3273 c.
1491 3255 1530 3282 37.
1604 3247 1690 3273 Aestas
1705 3249 1790 3281 prima
1804 3249 1935 3282 inceperat
1966 3247 2041 3280 Virg.
2057 3247 2120 3272 Aen.
2135 3255 2164 3280 3,
2186 3252 2208 3277 8.
2315 3247 2401 3274 Amor

254 3295 338 3322 scrofa
353 3295 451 3321 inciens
471 3291 626 3319 immolatur
645 3297 671 3316 et
685 3289 755 3320 feta3
791 3292 817 3314 at
836 3286 975 3314 Mineruae
995 3283 1095 3319 virgini
1115 3284 1193 3318 virgo
1213 3283 1297 3310 caedi·
1355 3284 1484 3318 incipiens
1515 3281 1596 3309 Ouid.
1611 3282 1642 3307 de
1656 3283 1718 3309 Arte
1732 3284 1790 3310 Am.
1806 3292 1838 3316 2,
1853 3285 1911 3314 648.
1983 3282 2063 3308 Plaut.
2079 3283 2154 3316 Capt.
2168 3290 2198 3316 5,
2211 3290 2240 3314 3,
2261 3290 2273 3314 3
2310 3283 2400 3316 Quam
2415 3280 2421 3288 *

254 3337 298 3358 tur
318 3330 411 3357 vitula.
1355 3320 1401 3346 diu
1417 3318 1444 3345 id
1459 3318 1559 3344 fastum
1572 3317 1624 3343 est?
1660 3324 1672 3343 S
1682 3325 1713 3344 T.
1732 3318 1774 3345 hic
1788 3327 1869 3345 annus
1884 3317 1977 3350 incipit
1991 3317 2134 3344 vicetimus.
2206 3319 2297 3344 Annus
2305 3317 2402 3352 incipit

292 3373 302 3392 1
312 3372 332 3390 N
344 3373 360 3393 C
370 3367 381 3392 ἱ
392 3373 407 3391 L
417 3371 450 3397 E,
472 3364 503 3390 is.
530 3372 556 3388 n.
593 3357 736 3394 [διωρυχῆ]
788 3358 874 3384 Locus
887 3355 1031 3390 depressus,
1049 3361 1079 3381 vt
1091 3357 1129 3381 ait
1143 3353 1250 3388 leian.
1265 3354 1298 3380 D.
1355 3364 1370 3381 a
1383 3353 1531 3388 frigoribus
1567 3352 1647 3380 Ouid.
1661 3354 1725 3380 Fan.
1740 3363 1749 3381 1
1759 3374 1767 3387 ,
1783 3363 1838 3388 149·
1917 3352 2000 3379 Barba
2013 3360 2068 3380 erat
2082 3352 2211 3388 incipiens
2246 3353 2319 3380 Idem
2333 3355 2401 3380 Met.

258 3400 289 3426 de
302 3401 367 3427 riuis
387 3401 404 3426 l.
420 3409 428 3426 i
449 3400 480 3426 ad
501 3399 567 3425 latus
587 3392 739 3422 fluminum:
773 3403 802 3420 ex
820 3403 845 3419 eo
857 3390 955 3423 ditius,
981 3391 1044 3427 quod
1062 3389 1213 3429 inciditur..
1257 3390 1298 3416 Sic
1309 3401 1345 3426 90
1357 3399 1401 3422 12,
1417 3397 1468 3422 393.
1541 3389 1596 3415 Cic.
1610 3389 1663 3415 Att.
1678 3397 1705 3423 7,
1719 3394 1731 3419 8
1757 3391 1833 3416 Diem
1849 3394 1924 3414 tuum
1938 3397 1986 3422 ego
2000 3397 2106 3423 quoque
2114 3398 2145 3415 ex
2160 3388 2269 3423 epistola
2278 3389 2401 3425 quadam,

259 3436 349 3461 Ancilc
361 3437 390 3462 ab
401 3433 547 3462 ancidendo
559 3433 671 3459 deriuari
686 3430 821 3456 monuimus
835 3438 863 3455 ex
881 3429 1002 3455 Varrone.
1056 3426 1139 3453 Addit
1154 3425 1297 3459 leianus‚
1356 3434 1433 3460 quain
1454 3425 1597 3459 incipiente
1612 3424 1750 3451 Febricula
1766 3425 1909 3458 scripseras,
1928 3424 1996 3451 mihi
2012 3431 2178 3455 notaueram.
2251 3424 2307 3451 Cic.
2321 3426 2400 3451 Verr.

262 3470 388 3497 Inciditur
403 3471 473 3496 enim
491 3470 532 3497 vel
553 3468 617 3502 lapis
630 3466 672 3493 vel
685 3471 772 3498 terra,
796 3464 865 3491 vnde
877 3464 992 3498 primum
1007 3471 1074 3496 aqua
1087 3471 1118 3488 ex
1133 3461 1242 3487 flumine
1256 3461 1299 3494 agi
1358 3470 1371 3494 ς
1383 3470 1441 3487 mio
1467 3463 1558 3494 Quum
1571 3460 1654 3486 rosam
1668 3460 1785 3491 viderat,
1802 3466 1863 3486 tnnc
1878 3459 1993 3494 incipere
2007 3461 2061 3487 Ver
2072 3460 2259 3487 arbitrabatur.
2329 3461 2400 3487 Vere
2437 3463 2455 3479 Ψ

262 3504 343 3538 potiit.
401 3505 504 3532 Videtur
521 3511 613 3531 natura
626 3499 786 3529 Adiefliuum
798 3498 848 3533 effi?-
920 3499 987 3524 Cato
1005 3498 1035 3524 R.
1049 3499 1080 3524 R.
1096 3505 1133 3530 153
1159 3498 1191 3523 In
1209 3503 1298 3522 monte
1357 3497 1499 3531 incipiente
1513 3496 1616 3531 pariunt
1645 3496 1710 3522 Plin.
1727 3506 1761 3528 ιο,
1776 3503 1810 3527 32.
1894 3494 1914 3531 fl
1933 3505 1949 3522 2
1986 3497 2127 3523 Formulae:
2163 3496 2298 3529 Incipiunt
2312 3496 2401 3522 Postu-

262 3540 336 3566 soss'as
351 3539 438 3565 inciles
453 3549 526 3573 puras
539 3539 636 3566 habere
644 3542 757 3572 oportet.
811 3534 905 3562 Inciles
912 3534 1011 3560 canales
1017 3533 1091 3569 forte
1104 3531 1248 3566 restituendi
1259 3533 1299 3558 Fe·
1358 3533 1419 3563 lare,
1433 3533 1550 3564 Poscere,
1563 3531 1663 3558 Minari
1690 3532 1744 3558 Cic.
1759 3531 1837 3557 Vei-r.
1849 3539 1869 3563 3,
1883 3538 1922 3565 73.
2029 3531 2106 3558 Tum
2119 3530 2189 3558 bella
2202 3532 2302 3558 Gerere
2315 3531 2401 3558 nostri
2441 3545 2444 3549 ·

255 3573 307 3607 sto,
325 3574 368 3599 obi
385 3584 446 3599 nunc
458 3577 478 3600 [ι’
504 3582 571 3601 antur
583 3574 685 3601 Inlices.
752 3572 820 3598 Cato
834 3575 923 3597 iterum
933 3577 972 3603 155
995 3570 1063 3596 Cum
1078 3569 1169 3603 pluere
1182 3567 1301 3601 incipiet,
1314 3577 1345 3603 95
1358 3569 1433 3595 duces
1448 3568 1576 3602 incipiunt
1602 3566 1658 3592 Cic.
1674 3566 1705 3592 de
1719 3567 1753 3593 N.
1768 3566 1799 3592 D.
1814 3575 1829 3592 2
1847 3576 1868 3592 c.
1883 3575 1903 3598 3.
1976 3567 2067 3600 Quum
2081 3567 2134 3593 iam
2147 3573 2253 3600 pontem
2272 3575 2333 3593 cuni
2345 3575 2400 3593 ma·

263 3609 392 3636 familiam
406 3617 465 3634 cuin
490 3610 569 3636 erreis
583 3609 741 3643 sarculisque
755 3607 829 3633 exire
842 3611 962 3640 oportet,
982 3605 1073 3631 incilia
1088 3605 1192 3638 aperire
1204 3612 1300 3637 aquam
1359 3613 1411 3638 gno
1426 3604 1551 3630 comitatu
1566 3601 1644 3635 legati
1659 3602 1832 3635 Allobrogum
1848 3601 1954 3636 Ingrcdi
1971 3602 2119 3637 inciperent
2143 3602 2182 3629 Id.
2197 3603 2225 3629 in
2240 3601 2319 3628 Catil.
2332 3611 2356 3635 3,
2374 3604 2400 3629 6.

265 3644 390 3671 diducere
404 3644 430 3669 in
444 3644 507 3675 νίας,
523 3651 565 3670 etc.
601 3645 705 3678 Repetit
718 3652 749 3670 ex
761 3642 814 3669 h.l.
828 3643 939 3673 Plin.i8,
952 3643 1032 3676 26pr.
1051 3641 1069 3666 s.
1079 3641 1121 3666 62.
1194 3638 1300 3665 Colum.
1359 3640 1431 3666 Huic
1444 3639 1545 3673 incipio
1560 3637 1700 3664 sentcntiae
1715 3637 1841 3664 Diffidere
1872 3639 1910 3664 ld.
1925 3638 2006 3665 Tusc.
2025 3647 2054 3671 ς,
2073 3646 2094 3669 3.
2152 3639 2184 3665 Et
2202 3638 2269 3673 apud
2287 3638 2402 3671 eundem,

266 3690 289 3711 ς,
302 3689 328 3712 9,
344 3688 367 3709 13
400 3679 426 3704 Si
441 3678 497 3704 olea
514 3678 541 3703 in
554 3679 623 3705 cliuo
637 3680 665 3706 sit
675 3700 682 3711 ,
702 3679 794 3705 incilia
807 3678 969 3707 excitentur,
989 3684 1056 3710 quae
1069 3669 1190 3701 limosam
1204 3683 1301 3709 aquam
1358 3675 1462 3710 Incipio
1477 3676 1588 3710 sperare.
1675 3672 1741 3699 Plin.
1757 3681 1787 3706 14
1806 3674 1833 3699 in
1848 3682 1968 3708 prooem.
1999 3674 2074 3700 Vnde
2086 3678 2174 3699 autem
2189 3673 2277 3707 potius
2290 3674 2401 3708 incipie-

268 3716 298 3742 ad
313 3714 430 3741 codicem
443 3713 577 3740 deducant.
680 3715 785 3748 leia-nn,
801 3715 831 3741 D.
847 3722 879 3739 ne
893 3711 959 3747 quid
972 3711 1000 3737 in
1014 3710 1117 3737 flumin.
1138 3709 1233 3744 public.
1255 3717 1300 3736 ete.
1360 3720 1433 3742 mus,
1457 3719 1536 3745 quam
1555 3717 1569 3735 a
1586 3707 1703 3735 vitibus?
1788 3710 1906 3744 Abrupte
1923 3708 2025 3744 aliquid
2039 3709 2158 3743 incipere
2191 3708 2324 3742 Quinftil.
2338 3718 2361 3741 3,
2377 3715 2402 3740 8.

269 3751 286 3776 l.
303 3751 370 3776 vnic.
391 3748 412 3785 6.
429 3757 444 3775 2.
476 3748 563 3773 Simili
574 3749 653 3774 modo
665 3757 690 3775 et
702 3750 719 3775 si
737 3749 816 3776 incile
829 3749 918 3780 ducat,
943 3746 1053 3781 autUalio
1067 3747 1127 3772 loco
1140 3745 1200 3777 fiat,
1225 3752 1269 3772 aut
1283 3745 1431 3773 firooTer.
1445 3745 1526 3772 Andr.
1541 3754 1559 3776 3,
1571 3752 1598 3776 3,
1613 3751 1629 3778 7
1661 3744 1708 3769 Pcr
1721 3752 1769 3778 ego
1785 3751 1809 3771 te
1822 3744 1884 3771 deos
1898 3753 1965 3777 oro,
1985 3751 2011 3772 et
2025 3744 2139 3770 nostram
2152 3745 2306 3771 Amicitiam
2318 3744 2402 3771 Chre·
2444 3743 2454 3779 ᾗ,

268 3786 372 3812 alueum
387 3790 469 3810 mutet
485 3783 616 3814 fluminis,
639 3784 687 3810 hoc
708 3784 852 3811 interdicto
865 3783 1005 3810 tenebitur.
1077 3781 1149 3808 Idem
1165 3782 1193 3807 in
1207 3781 1224 3808 l.
1241 3790 1250 3808 ι
1269 3782 1301 3809 D.
1361 3791 1420 3814 me,
1437 3789 1503 3816 quae
1517 3781 1619 3813 incepta
1632 3787 1646 3804 a
1659 3780 1760 3812 parnis,
1783 3790 1842 3807 cum
1856 3786 1939 3807 aetate
1951 3779 2069 3806 adcreuit
2083 3779 2167 3806 simul.
2228 3780 2402 3807 Plaut.Trin.
2442 3779 2456 3799 7'

269 3821 300 3847 dc
313 3829 379 3854 aqua
392 3819 547 3853 quotidiana
560 3824 585 3843 et
597 3818 708 3850 aestiua,
730 3822 815 3854 Caput
833 3829 914 3854 aquae
933 3818 1000 3845 illud
1014 3817 1066 3850 est,
1093 3817 1162 3843 vnde
1179 3826 1246 3852 aqua
1258 3826 1303 3843 na·
1361 3826 1396 3850 4,
1419 3825 1432 3842 2
1443 3836 1451 3848 ‚
1473 3819 1520 3849 164
1558 3813 1606 3840 Sed
1622 3815 1682 3848 quis
1696 3815 1737 3840 hic
1757 3816 1807 3847 est,
1837 3817 1883 3851 qui
1903 3815 1953 3842 huc
1968 3816 1995 3842 in
2008 3816 2119 3850 plateam
2134 3816 2275 3843 Cursuram
2287 3815 2402 3849 incipit?

270 3856 362 3881 scitur:
385 3855 401 3881 si
416 3863 446 3880 cx
458 3855 531 3880 fonte
544 3854 676 3884 nascatur,
695 3855 748 3887 ipsc
763 3857 836 3882 fons:
872 3855 889 3881 si
902 3864 934 3881 ex
950 3854 1058 3880 flumine
1071 3853 1113 3879 vel
1128 3853 1195 3884 lacu,
1216 3853 1302 3887 prima
1360 3853 1433 3879 Ideni
1445 3850 1513 3877 Ibid.
1528 3859 1555 3882 4,
1568 3858 1591 3882 2,
1605 3858 1641 3882 42
1665 3851 1789 3884 Magnum
1803 3852 1913 3878 Facinus
1927 3851 2023 3886 incipis
2038 3851 2071 3877 fic
2083 3856 2182 3884 petere.
2252 3848 2326 3877 Idem
2339 3851 2400 3882 Mil.
2446 3872 2453 3885 ,,

270 3891 376 3922 incilia,
393 3890 435 3916 vel
449 3889 577 3924 principia
591 3889 730 3920 foliarum,
755 3891 903 3925 quibusque
924 3899 955 3916 ex
974 3889 1083 3915 flumine
1096 3887 1138 3914 vel
1154 3897 1184 3914 ex
1199 3889 1257 3915 lacu
1273 3888 1302 3914 in
1362 3896 1393 3919 2,
1408 3895 1437 3920 2,
1458 3893 1488 3919 73
1522 3886 1649 3919 Magnum
1669 3885 1724 3913 illic
1747 3888 1884 3914 Honorem
1901 3887 2010 3922 incipis,
2030 3886 2049 3913 si
2067 3894 2161 3920 magna
2179 3887 2267 3913 munis
2286 3887 2401 3913 moenia.
2425 3895 2449 3919 'k'

270 3927 385 3959 primum
398 3925 487 3952 riuum
501 3923 623 3959 compelli
636 3924 742 3958 poffent.
859 3926 924 3952 Sane
943 3931 1068 3960 tanquam
1086 3925 1115 3950 in
1135 3923 1251 3959 quodam
1265 3924 1353 3956 iri-105
1361 3922 1435 3949 Idem
1451 3921 1509 3948 Cas.
1529 3930 1564 3954 4,
1581 3930 1617 3954 4,
1637 3930 1647 3948 1
1689 3922 1779 3958 Sospes
1797 3924 1850 3951 Iter
1867 3923 1955 3957 incipe
1973 3923 2040 3956 hoc,
2065 3927 2093 3948 vt
2113 3922 2174 3950 viro
2195 3928 2242 3949 tuo
2255 3922 2402 3985 simpeitffi
2438 3926 2451 3960 ἦ

2279 3966 2342 3993 uper
2367 3966 2401 3984 ec.
2440 3961 2445 3978 ἵ
