2479 4225
1387 279 1440 307 tibi
1452 280 1526 307 causa
1537 279 1665 307 videndi?
1743 276 1923 315 Indignatiua,
1931 286 1961 306 vt
1974 279 2043 316 apati
2056 281 2159 308 Graecos
2178 276 2239 306 εἶτα.
2275 280 2351 314 Virg.
2359 280 2425 308 Aen.

1389 323 1409 347 1,
1423 323 1452 348 52
1486 316 1516 342 Et
1539 316 1679 351 quisquam
1702 323 1800 341 numen
1815 314 1924 340 Iunonis
1945 315 2036 342 adoret
2054 317 2206 342 Praeterea?
2242 318 2259 341 i.
2280 318 2322 341 An
2338 314 2426 348 iustum
2446 346 2447 350 Ἰ

291 361 362 387 Caes.
376 360 403 385 B.
419 359 450 384 G.
466 367 483 391 4
506 367 531 391 33
551 363 593 394 qui
607 366 706 393 pugnae
718 365 748 382 ex
762 354 848 381 effedis
862 361 941 387 genus
955 352 1058 386 pulchre
1072 349 1195 386 describit.
1230 354 1253 374 et
1264 349 1321 375 Ta-
1386 350 1523 382 videretur,
1538 358 1583 378 etc.
1619 351 1660 379 Sic
1673 350 1728 376 Cic.
1743 350 1839 376 Milon.
1855 358 1890 382 92
1919 350 1949 377 Et
1962 351 2035 384 sunt,
2047 352 2094 386 qui
2110 352 2142 377 de
2157 351 2242 385 Appia
2259 351 2303 377 via
2317 351 2426 385 loquan-

291 396 334 422 εἰς,
350 395 436 428 Agl-jc,
450 403 470 419 ς,
486 378 523 420 22,
559 395 615 421 Cic,
630 394 682 418 Att.
697 394 721 421 6,
737 399 745 416 1
775 390 825 415 Hic
836 387 935 413 Vedius
958 387 1031 413 venit
1050 386 1118 413 mihi
1137 384 1245 411 obuiam
1261 393 1321 410 cum
1390 391 1451 417 tur,
1467 391 1566 413 taceant
1579 386 1611 412 de
1623 386 1713 412 curia?
1783 384 1968 420 Confirmatiua,
2003 388 2078 420 Virg.
2092 389 2155 412 Aen.
2170 389 2195 418 6,
2208 388 2256 416 806
2281 387 2311 412 Et
2324 386 2426 417 dubita-

292 429 395 457 duobus
414 428 502 455 effedis
520 435 546 455 et
564 428 643 455 rheda
662 426 735 459 equis
754 423 858 454 iniusta,
882 428 907 448 et
927 422 1035 454 lectica,
1055 428 1080 448 ct
1100 420 1203 447 familia
1220 428 1320 454 magna.
1349 426 1363 452 5
1390 430 1447 447 mus
1464 420 1547 448 adhuc
1562 423 1691 448 virtutem
1704 420 1843 447 extendere
1862 419 1956 447 factis?
1990 423 2047 448 Cic.
2060 423 2114 448 Att.
2127 431 2164 452 10,
2201 441 2208 448 .
2245 441 2251 447 .
2289 422 2320 447 Et
2333 421 2425 448 dubita

291 467 354 493 Item
371 457 484 499 Philipp.¹
504 473 516 490 2
541 469 568 497 58
598 461 749 488 Vehcbatur
765 459 793 483 in
812 457 896 484 essedo
909 458 991 484 Trib.
1010 457 1080 492 pleb.
1099 456 1174 490 Virg.
1189 456 1285 488 Georg.
1301 463 1323 487 3,
1390 455 1408 482 fi
1422 461 1505 490 potes,
1513 457 1578 491 quin
1592 457 1654 489 ille,
1668 458 1711 483 seu
1725 456 1825 487 vietus,
1839 456 1882 481 seu
1894 455 1985 482 vietor
1997 457 2117 490 redierit,
2129 456 2234 484 caedem
2249 455 2366 486 faeturus
2379 456 2426 483 fit}

292 509 346 533 204
366 501 469 534 Belgica
484 485 526 525 vel
541 497 615 524 molli
633 495 725 522 melius
739 494 806 519 feret
823 493 905 519 esseda
926 494 1004 520 collo.
1028 493 1055 518 de
1074 501 1139 527 equo.
1176 490 1248 525 Conf.
1263 490 1323 516 Phi·
1390 491 1457 518 Add.
1481 491 1520 517 Id.
1533 501 1581 526 pro
1596 493 1625 518 L.
1638 494 1710 519 Man.
1736 502 1757 519 c.
1774 502 1804 526 14
1817 498 1840 517 et
1855 500 1888 523 ις.
1920 499 1969 525 pro
1989 492 2092 520 Cluent.
2106 503 2127 519 c.
2142 501 2179 519 10.
2212 492 2325 526 Philipp.
2339 501 2349 518 1
2368 501 2390 518 c.
2402 497 2424 521 8.

292 536 357 570 larg.
413 536 535 562 Britanna
555 531 634 558 eiseda
653 531 769 563 Propert.
788 537 810 561 2,
832 538 852 561 1,
871 530 914 563 76.
985 528 1163 554 Multisonora
1183 525 1276 552 Claud.
1290 524 1323 551 de
1389 526 1518 553 Laudatur
1532 537 1560 553 ex
1574 527 1665 554 Plauto
1690 547 1696 554 .
1720 547 1728 553 .
1749 548 1755 554 .
1774 529 1863 554 Annos
1877 534 1952 553 natus
1965 527 2104 561 sexaginta,
2118 534 2143 555 et
2156 529 2242 560 senex,
2256 528 2298 554 vbi
2312 525 2426 560 idemest,

290 570 413 598 mulabus
427 571 493 596 (3311,
509 573 542 597 18-
614 564 701 591 Sidon.
714 563 792 598 Epist.
809 573 835 597 2,
851 573 878 590 10
906 563 1066 590 Stridentum
1087 563 1149 590 hinc
1169 561 1324 588 moderator
1390 562 1537 596 quodatque
1548 562 1623 589 adeo.
1661 563 1701 595 Et,
1711 570 1760 598 pro
1768 565 1844 595 Nam,
1851 563 1891 588 vel
1900 563 1974 597 Qiia.
2010 563 2085 597 Virg.
2098 564 2150 591 Ecl.
2164 572 2189 597 9,
2203 572 2225 589 ιι
2248 562 2385 594 Audieras,
2399 568 2425 589 et
2462 577 2466 588 ι

291 606 451 637 essedorum,
469 605 617 630 Curuorum
639 599 700 626 hinc
719 599 814 625 chorus
833 599 1030 626 helciariorum.
1101 598 1157 624 Cic.
1179 598 1250 623 Fam.
1264 605 1291 631 7,
1304 604 1322 630 7
1341 603 1372 621 ιο
1390 597 1459 623 fama
1471 597 1532 624 fuit.
1603 598 1734 630 Qinctii.
1749 607 1769 631 1,
1782 607 1791 624 1
1822 599 1875 624 Has
1896 599 2012 632 primum
2031 598 2120 626 audiet
2137 608 2217 634 puer,
2237 597 2330 624 harum
2344 597 2425 625 verba

291 641 407 669 Ess'edum
427 636 548 672 aliquod,
563 635 658 662 suadeo
669 655 676 667 ‚
689 635 773 669 capias
783 654 791 667 ‚
804 640 830 661 et
849 636 881 662 ad
897 643 944 661 nos
963 644 1041 669 quam
1060 635 1176 668 primum
1196 641 1323 659 recurras.
1389 632 1511 667 effingere
1524 633 1654 659 imitando
1669 633 1820 660 conabitur:
1840 639 1865 659 et
1877 640 1969 660 natura
1983 633 2134 661 tenaciffimi
2146 636 2232 661 sumus
2244 642 2347 666 eorum,
2360 642 2426 668 quae
2449 659 2455 665 ,
2476 654 2479 666 3

291 679 392 705 locatur
413 683 463 700 cum
479 672 597 698 Trebacio
615 674 641 696 in
657 670 737 696 Gallia
759 670 880 706 versante.
952 672 1018 696 Hor.
1043 669 1120 704 Epist.
1146 678 1169 701 2,
1190 677 1210 701 1,
1233 677 1274 700 192
1295 667 1323 693 de
1388 668 1498 694 rudibus
1512 668 1586 694 annis
1599 668 1769 702 percepimus.
1826 669 1894 696 Ter.
1909 670 1973 695 Eun.
1986 677 2012 701 2,
2026 677 2052 700 2,
2065 671 2099 694 60
2131 670 2195 697 Non
2209 676 2308 696 temere
2328 669 2380 701 est,
2400 673 2426 695 et

309 719 376 746 ompa
387 712 494 739 ciri-1⁷,et
507 706 582 737 ludis,
593 705 679 732 Esseda
691 705 829 738 festinant,
841 705 939 740 pilenta
953 706 1090 740 petorrita,
1104 714 1191 732 naues.
1252 704 1323 729 Tra·
1391 713 1534 738 properans
1553 704 1634 730 venit.
1830 702 1851 740 ff
1872 713 1890 738 4
1927 705 1958 730 Et
1975 704 2158 740 sententiarum
2187 709 2272 732 initiis
2301 707 2425 739 competit.
2450 736 2452 738 Ι
2476 728 2478 733 ¹

285 719 332 774 hit
342 753 421 779 equus
436 741 516 768 esseda
529 741 573 767 Sil.
588 750 610 773 3,
647 761 652 766 .
690 761 697 766 .
775 740 920 777 Vsosfuiffi’
934 742 978 767 hoc
992 741 1098 767 vehiculi
1116 749 1203 776 genere
1216 740 1324 774 impera·
1391 740 1521 772 Quinem.
1537 748 1555 770 1,
1570 748 1586 771 9
1598 747 1638 774 pr.
1654 737 1682 763 de
1697 736 1784 771 Officio
1801 740 1982 772 (immutanti,
2007 740 2038 766 Et
2051 739 2141 766 finitae
2152 741 2258 775 quidem
2270 741 2328 766 sunt
2342 746 2428 774 partes
2451 745 2458 761 ι

289 789 354 809 tores
364 781 431 805 Rom.
451 775 555 810 ostendit
574 777 642 803 Suet.
657 775 742 810 Calig.
755 785 777 802 c.
793 778 831 802 26.
853 777 928 803 Galb.
944 778 990 802 c.6
1002 783 1025 802 ct
1038 782 1071 806 18.
1109 775 1181 811 Cous.
1202 774 1323 801 Brouchk.
1344 781 1370 807 ι,-
1391 774 1468 801 duae:
1489 783 1552 810 quas
1564 775 1626 801 haec
1641 773 1763 807 professio
1776 775 1925 808 pollicetur.
1980 775 2048 802 Ter.
2061 775 2167 802 Phorm.
2181 785 2201 808 1,
2214 785 2236 809 3,
2251 785 2278 808 19
2298 776 2329 801 Et
2342 775 2360 801 si
2373 774 2427 801 tibi

287 816 322 843 ad
333 816 447 847 Propert.
463 821 484 844 2,
498 821 517 845 1,
532 813 571 841 86.
641 811 741 842 Elseda,
753 815 826 838 etiam
838 819 893 848 gen.
907 812 971 847 fem.
986 814 1078 848 legitur
1090 813 1156 847 apud
1173 812 1231 837 Sen.
1244 809 1323 844 Epist.
1389 819 1430 837 res
1444 810 1474 837 sit
1488 820 1548 836 cum
1563 819 1595 836 eo
1609 810 1720 841 lenone,
1736 817 1852 843 quocum
1870 811 1940 837 mihi
1956 811 2006 843 est,
2021 817 2077 837 tum
2096 811 2199 837 senties.
2239 812 2287 839 Vbi
2300 812 2428 842 Donatus,
2450 837 2454 841 ,

288 859 319 884 57
334 850 377 880 (al.
394 850 435 880 56)
474 849 503 873 In
517 847 560 879 iis,
574 855 640 881 quae
654 855 696 873 me
718 846 770 873 fine
791 847 949 873 auocatione
969 847 1201 882 circumstrepunt,
1231 845 1325 872 essedas
1389 846 1433 876 Et,
1447 846 1528 872 modo
1545 855 1599 872 nou
1619 844 1779 875 connexiua,
1791 845 1834 871 sed
1854 846 1987 881 inceptiua
2006 846 2160 872 coniuntfflo
2174 846 2219 872 est.
2270 847 2317 874 Sed
2335 846 2428 878 editur,

288 885 487 911 transcurrentes
502 891 581 916 pono.
1379 882 1480 914 'Qnid3
1500 882 1540 907 vel
1550 881 1631 914 Qiod
1649 879 1668 906 si
1682 879 1733 906 tibi
1748 888 1788 905 res
1800 879 1837 906 sit.
1872 882 1945 918 Conf.
1959 882 2033 917 Virg.
2047 881 2099 908 Ecl.
2115 891 2135 914 1,
2149 889 2192 916 27.
2228 882 2258 908 Et
2272 891 2338 916 quae
2356 884 2439 908 tanta*
2451 894 2458 914 χ

321 926 359 946 Es
370 926 434 946 SED
445 925 492 944 AR
503 926 578 949 ινδ,
599 918 629 944 ii.
649 927 685 944 m.
721 914 915 950 [ἐπεδηλσέτης]
952 918 1005 953 Qi
1019 917 1120 951 effivdum
1134 921 1215 953 regit,
1230 916 1270 942 vel
1278 922 1324 951 pu·
1390 916 1442 942 fuit
1455 917 1568 943 Romam
1586 916 1638 942 tibi
1657 916 1731 941 causa
1749 914 1877 942 videndi}
1915 919 2007 953 Nempe
2023 920 2152 944 continuat
2164 917 2298 953 sermonem
2317 923 2341 944 et
2356 917 2430 943 collo·
2449 923 2462 942 ·.

312 961 346 980 iat
359 963 389 980 ex
405 952 489 987 effide.
525 954 581 980 Cic.
597 954 667 980 Fam.
680 961 707 987 7,
720 955 736 979 6
765 954 821 984 Tu,
835 952 882 987 qui
903 953 1011 979 caeteris
1031 962 1124 980 cauere
1143 952 1274 983 didicisti,
1294 952 1323 977 in
1339 962 1374 980 20
1406 955 1480 979 uium.
1552 953 1601 978 Pro
1614 951 1708 978 Deinde
1718 970 1726 983 ,
1738 951 1873 977 ordinandi
1879 953 1945 979 Adu.
1981 954 2054 988 Virg.
2069 954 2135 979 Aen.
2155 956 2181 985 6,
2194 961 2240 985 2¹9
2271 953 2428 987 Corpusque
2451 953 2456 976 ἰ

284 964 420 1017 ἷιίηιηιιίᾱ
435 998 467 1015 ne
488 988 521 1015 ab
536 987 666 1015 essedariis
683 988 809 1023 capiaris,
822 994 924 1014 caueto.
955 989 1013 1015 Vid.
1028 990 1128 1015 Manut.
1141 992 1168 1015 in
1183 990 1227 1015 loc.
1250 988 1323 1013 Caes.
1389 960 1477 1014 sanant
1496 988 1635 1022 frigentis,
1649 993 1674 1013 et
1693 992 1802 1020 vngunt.
1822 990 1841 1013 i.
1860 988 1955 1014 Deinde
1975 996 2081 1025 ungunt.
2153 990 2202 1014 Pro
2221 988 2429 1026 Quamuiszpom'
2453 1010 2462 1020 .,

286 1026 314 1052 Β.
327 1026 358 1051 G.
373 1034 394 1058 5,
411 1033 438 1057 19
458 1025 565 1059 Equites
578 1023 884 1057 hostimn,effedariique
904 1024 1000 1051 acriter
1014 1025 1114 1058 praelio
1129 1033 1187 1050 cum
1203 1023 1324 1058 equitatu
1388 1022 1502 1055 videtur,
1515 1030 1578 1050 certi²
1592 1032 1644 1049 cum
1656 1023 1701 1049 illa
1709 1024 1837 1057 particula
1850 1027 1995 1050 commutari
2001 1022 2082 1060 potest
2095 1027 2122 1050 in
2135 1024 2191 1056 his,
2202 1033 2261 1059 quae
2266 1023 2328 1060 fiant
2334 1023 2432 1057 similia
2451 1024 2457 1038 ·'

285 1060 375 1087 nostro
390 1061 417 1086 in
437 1059 533 1087 itinere
553 1060 736 1086 conflixerunt.
807 1059 946 1091 Effedarii,
962 1060 1133 1087 Gladiatorum
1148 1069 1233 1096 genus.
1263 1058 1323 1085 Vici.
1389 1059 1429 1084 illi
1442 1059 1497 1085 Cic.
1511 1058 1543 1085 de
1556 1059 1614 1084 Sen.
1628 1062 1659 1088 28
1681 1067 1703 1084 c.
1719 1067 1740 1084 11
1781 1058 1900 1084 Omnino
1914 1067 2039 1086 canorum
2058 1060 2125 1086 illud
2144 1060 2173 1086 in
2191 1068 2256 1085 voce
2276 1059 2432 1093 splendescit

285 1097 354 1123 Suet.
366 1095 452 1129 Calig.
466 1105 485 1121 c.
502 1104 539 1127 33.
574 1095 642 1139 Lips.
656 1096 757 1121 Saturn.
772 1103 792 1126 2,
805 1104 840 1121 ιι.
860 1102 884 1121 et
898 1095 1010 1130 Philarg.
1028 1096 1059 1122 ad
1070 1096 1167 1130 Georg.
1181 1104 1203 1127 3,
1216 1103 1278 1127 204.
1393 1094 1474 1120 etiam
1487 1094 1575 1120 nescio
1588 1103 1643 1128 quo
1656 1092 1732 1127 pa&o
1746 1094 1774 1119 in
1790 1094 1939 1125 senectum
1959 1095 2031 1129 quod
2042 1095 2164 1130 equidem
2179 1095 2262 1121 adhuc
2275 1103 2328 1120 non
2342 1093 2429 1120 amisi:

321 1138 339 1158 Ε
349 1139 362 1158 s
372 1138 384 1157 s
394 1138 409 1157 E
420 1137 457 1157 Νι
468 1151 476 1163 ,
495 1131 627 1164 [Ἐσσηνοι,
648 1129 771 1165 Ἐσσαῖοι]
807 1137 837 1156 vt
852 1133 891 1156 ait
906 1130 972 1157 Plin.
989 1139 1012 1164 ς,
1024 1139 1053 1165 ι7
1072 1134 1099 1157 in
1112 1131 1274 1167 descriptione
1284 1131 1324 1156 Iu-
1344 1141 1372 1167 25
1392 1135 1418 1155 et
1433 1129 1528 1156 videtis
1542 1138 1632 1156 annos.
1668 1128 1746 1163 Poffis
1758 1129 1852 1161 dicere,
1866 1130 1910 1156 etsi
1928 1130 2026 1156 videtis
2045 1139 2136 1157 annos.
2173 1131 2265 1157 Contra
2280 1140 2306 1156 ea
2319 1130 2362 1161 Et,
2369 1128 2430 1165 suh-
2446 1156 2449 1159 ,

285 1166 375 1199 dacae,
396 1167 465 1192 Gens
480 1166 548 1197 sola,
568 1171 593 1191 et
608 1165 636 1191 in
650 1171 707 1192 toto
726 1166 792 1192 orbe
806 1172 910 1200 praeter
925 1173 1038 1193 caeteras
1052 1167 1136 1199 mira,
1150 1167 1201 1193 fine
1221 1166 1273 1192 vlla
1286 1166 1324 1191 fe·
1391 1165 1494 1191 auditur
1505 1171 1562 1191 ante
1574 1165 1609 1191 Si.
1646 1164 1716 1190 Ter.
1731 1164 1797 1190 Eun.
1811 1173 1834 1197 ς,
1849 1173 1874 1197 2,
1885 1168 1919 1191 26
1943 1166 2013 1192 Nam
2025 1166 2043 1192 si
2057 1175 2105 1201 ego
2119 1166 2197 1201 digna
2210 1165 2258 1191 hac
2269 1165 2430 1192 contumelia
2446 1193 2448 1196 .

286 1202 374 1234 mina,
399 1202 474 1228 omni
501 1202 602 1227 Venere
624 1200 757 1232 abdicata,
785 1201 837 1228 fine
860 1202 986 1235 pecunia,
1009 1202 1079 1228 socia
1101 1203 1254 1237 palmarum.
1292 1202 1323 1227 In
1391 1201 1448 1226 sum
1468 1201 1598 1232 maxime,
1616 1206 1641 1226 at
1664 1205 1691 1225 tu
1715 1199 1839 1234 indignus
1862 1202 1907 1235 qui
1926 1201 2026 1227 faceres
2048 1208 2143 1227 tamen.
2166 1205 2184 1228 i.
2212 1200 2262 1234 Etsi
2283 1210 2325 1236 ego
2343 1201 2429 1237 digna.

285 1237 357 1263 diem
370 1246 401 1263 ex
419 1245 503 1270 aequo
522 1244 703 1262 conuenarum
723 1236 800 1263 turba
820 1238 979 1270 renascitur,
1000 1238 1071 1272 large
1084 1236 1324 1273 frequentantibus,
1391 1237 1433 1268 Et,
1440 1243 1490 1270 pro
1506 1236 1554 1262 Sed
1564 1239 1646 1261 etiam.
1682 1234 1755 1261 Idem
1769 1235 1843 1261 Adel.
1857 1245 1878 1269 ς,
1892 1244 1914 1269 ς,
1929 1245 1941 1269 5
1966 1237 2076 1263 Seruum
2097 1237 2166 1263 haud
2185 1237 2342 1263 illiberalem
2357 1244 2430 1270 prae-

286 1281 353 1307 quos
367 1273 421 1299 vita
435 1272 510 1297 fessos
522 1272 553 1297 ad
572 1280 660 1297 mores
683 1281 776 1298 eorum
790 1273 913 1299 fortunae
928 1274 1022 1299 fluctus
1036 1274 1125 1308 agitat.
1159 1275 1198 1300 Ita
1214 1282 1260 1306 per
1274 1273 1325 1298 saca
1391 1271 1437 1298 bes
1458 1279 1500 1303 te,
1518 1278 1544 1297 et
1562 1271 1613 1297 tibi
1632 1269 1723 1296 lubens
1742 1270 1809 1297 hene
1829 1272 1921 1298 faxim.
1974 1273 2107 1304 Donatus,
2122 1273 2166 1303 Et,
2179 1272 2311 1299 adieEtum
2330 1272 2381 1303 est,
2401 1276 2432 1298 vt

284 1308 405 1334 culorum
419 1307 504 1332 millia
518 1307 693 1337 (incredibile
707 1307 799 1339 dictu)
814 1318 876 1343 gens
890 1315 995 1335 aeterna
1009 1309 1060 1341 est,
1080 1309 1108 1335 in
1120 1318 1172 1343 qua
1188 1317 1267 1334 nemo
1280 1316 1324 1333 na·
1344 1321 1376 1345 30
1391 1307 1509 1333 ostendat
1525 1306 1591 1333 hanc
1611 1307 1659 1332 esse
1673 1307 1844 1340 sententiam,
1862 1308 1927 1334 Non
1940 1308 2024 1334 solum
2043 1315 2069 1334 te
2081 1309 2175 1340 laudo,
2194 1307 2236 1333 sed
2257 1309 2337 1334 etiam
2352 1308 2434 1339 iuuoq

283 1343 371 1368 scitur.
407 1342 479 1368 Tam
498 1342 608 1368 fecunda
626 1343 679 1369 illis
697 1344 814 1370 aliorum
832 1344 902 1370 vitae
916 1345 1079 1379 poenitentia
1097 1345 1141 1371 est.
1175 1345 1280 1379 Reliqua
1293 1352 1322 1369 ex
1390 1343 1458 1370 illud
1472 1342 1594 1374 dicendo,
1606 1341 1656 1368 hoc
1670 1342 1803 1368 faciendo.
1874 1343 1914 1375 Et,
1944 1353 1972 1369 ro
1984 1345 2114 1371 Similiter.
2150 1345 2218 1370 Hor.
2233 1344 2322 1370 Carm.
2337 1351 2362 1375 2,
2376 1350 2430 1375 13,1
2472 1356 2474 1369 ι

282 1378 383 1413 Ιο]ὲρ1,ιο
396 1384 420 1403 et
439 1378 541 1403 Philone
559 1380 613 1404 viri
627 1376 709 1410 docti,
726 1388 785 1414 quae
800 1380 846 1406 huc
863 1389 910 1405 non
918 1383 1056 1414 pertinent.
1545 1378 1594 1404 Ille
1613 1383 1638 1403 et
1652 1377 1753 1404 nefasto
1774 1384 1799 1404 te
1818 1379 1906 1412 posuit
1944 1379 1968 1405 ie
2474 1377 2475 1385 ¹

319 1420 357 1439 Es
367 1419 402 1439 SE
413 1419 433 1438 N
444 1420 512 1439 ΤΙΑ
522 1432 529 1443 ,
552 1421 591 1439 ae.
618 1413 638 1440 f.
675 1414 686 1447 [
699 1413 754 1441 ἐσίω
767 1416 779 1449 ]
817 1415 949 1448 Quinctil.
966 1421 988 1447 8,
1010 1425 1031 1448 3,
1047 1424 1073 1448 33
1112 1417 1235 1449 Qiorum
1256 1413 1323 1441 dura
1545 1414 1706 1448 Qiclinque
1720 1414 1852 1447 primum,
1867 1421 1891 1440 et
1907 1415 2032 1449 sacrilega
2043 1423 2139 1447 manu,
2151 1421 2198 1441 etc.

282 1448 410 1482 quaedam
422 1447 564 1474 admodum
582 1448 722 1480 videntur,
743 1457 770 1475 vt
785 1458 846 1481 ens,
864 1456 889 1476 et
902 1451 1022 1483 essentia,
1040 1460 1106 1485 quae
1124 1460 1171 1476 cur
1184 1456 1321 1484 tantopere
1542 1449 1621 1476 Illum
1638 1455 1664 1475 et
1683 1449 1798 1483 parentis
1815 1449 1975 1477 crediderim
1995 1450 2038 1476 sui

280 1484 448 1518 aspernemur
463 1492 516 1509 nou
530 1483 626 1509 video:
648 1483 695 1509 nisi
709 1484 780 1518 quod
799 1485 888 1519 iniqui
906 1486 1004 1511 iudices
1017 1486 1141 1513 aduersus
1155 1495 1202 1512 nos
1217 1486 1321 1515 sumus;
1340 1495 1369 1521 35
1542 1485 1654 1520 Fregiss'e
1676 1485 1822 1517 ceruicem,
1841 1492 1886 1511 etc.

282 1519 397 1553 ideoque
411 1525 562 1553 paupertate
580 1519 708 1545 sermonis
723 1517 883 1546 laboramus.
928 1520 1002 1547 Idem
1017 1530 1041 1551 2,
1058 1530 1097 1554 14,
1111 1531 1126 1547 z
1157 1523 1188 1547 Et
1206 1521 1269 1547 haec
1282 1522 1321 1546 in·
1388 1517 1409 1556 fl
1431 1527 1444 1552 ς
1478 1520 1552 1546 Atiae
1570 1520 1748 1556 obfirimtiones
1765 1520 1793 1546 de
1813 1524 1885 1547 vario
1904 1521 1948 1555 vsu
1962 1527 1985 1547 et
2005 1518 2133 1547 iunHione
2151 1520 2226 1547 huius
2238 1516 2428 1545 conuine'lionis.

281 1555 436 1588 terpretatio
455 1562 509 1580 non
521 1555 607 1580 minus
621 1554 686 1581 dura
700 1554 751 1586 est,
771 1564 850 1589 quam
865 1555 912 1581 illa
925 1555 1011 1582 Flauii
1026 1557 1130 1582 essentia
1148 1562 1227 1590 atque
1241 1556 1321 1582 entia.
1388 1557 1429 1586 Et,
1444 1555 1602 1587 redundans,
1627 1556 1701 1588 Virg.
1717 1556 1781 1581 Aen.
1797 1564 1817 1587 1,
1831 1564 1848 1588 9
1881 1556 1966 1582 Multa
1981 1565 2089 1590 quoque
2109 1562 2135 1582 et
2148 1555 2220 1581 bello
2233 1554 2324 1588 passus.
2396 1554 2428 1580 Et

282 1589 351 1617 Add.
370 1598 394 1621 3,
413 1591 439 1620 6,
455 1597 493 1620 23.
512 1596 535 1615 et
548 1589 604 1615 Cic.
617 1597 657 1624 ap.
670 1590 726 1616 Scn.
741 1591 819 1624 Epist.
834 1596 871 1623 58.
891 1598 915 1616 ft
933 1592 1010 1625 Apul.
1032 1591 1063 1617 de
1077 1591 1168 1618 Mund.
1188 1600 1212 1625 p.
1224 1593 1263 1621 68.
1283 1591 1321 1617 Si·
1388 1590 1449 1624 ille,
1462 1596 1511 1624 pro
1528 1591 1618 1622 Tunc,
1641 1591 1718 1616 Varr.
1734 1590 1765 1616 de
1781 1591 1811 1617 R.
1826 1591 1857 1617 R.
1871 1600 1891 1623 1,
1904 1600 1940 1624 49
1957 1592 2017 1623 Dic,
2031 1591 2119 1625 inquit
2133 1590 2239 1624 Agrius,
2251 1588 2283 1615 de
2296 1588 2427 1616 fructibus

265 1646 267 1648 ,
284 1623 346 1650 don.
361 1624 440 1658 Epist.
456 1623 511 1658 post
522 1624 609 1658 Epith.
622 1625 677 1651 Pol.
692 1626 780 1651 Carm.
795 1635 832 1658 14.
850 1633 874 1652 ct
888 1627 1000 1660 Epithal.
1014 1628 1103 1654 Carm.
1118 1634 1152 1660 ις,
1167 1635 1219 1654 102.
1247 1626 1321 1663 Conf.
1387 1625 1499 1651 maturis
1513 1625 1656 1659 capiendis.
1691 1626 1721 1651 Et
1734 1625 1795 1658 ille,
1808 1626 1924 1660 primum
1940 1626 1971 1652 de
1985 1627 2066 1661 pratis
2079 1625 2224 1658 summiffis,
2237 1631 2282 1651 etc.
2342 1623 2426 1662 Quin·

290 1661 316 1687 V
314 1658 355 1692 affl
370 1657 429 1692 hfi-
445 1661 517 1686 Orat.
532 1670 549 1694 4
563 1667 592 1694 p.
606 1668 643 1693 19.
676 1667 699 1685 et
719 1662 791 1686 Parei
805 1662 864 1687 Lex.
878 1663 940 1688 Crit.
951 1669 977 1696 p.
993 1673 1050 1697 427.
1331 1670 1369 1695 40
1389 1660 1444 1687 elil.
1458 1670 1486 1694 4,
1500 1669 1519 1693 ι,
1528 1663 1563 1687 66
1583 1661 1613 1687 Et
1619 1660 1807 1687 Demosthenes
1820 1667 1907 1688 autem
1920 1662 1952 1688 ad
1964 1661 2118 1688 Aeschinem
2125 1661 2279 1687 Orationem
2292 1660 2321 1686 in
2332 1667 2424 1694 prooe-

319 1700 380 1721 Ess
391 1700 436 1720 EN
446 1701 600 1725 TIALls,
619 1704 641 1720 e.
663 1695 723 1720 Adi.
760 1696 848 1730 Paffim
865 1697 932 1731 apud
944 1698 1108 1733 philosophos.
1388 1696 1446 1722 mio
1465 1696 1607 1722 conuertit.
1629 1698 1757 1723 Ominum
1770 1702 1859 1723 autem
1877 1699 2032 1723 recentiores.
2068 1698 2110 1724 Sic
2128 1697 2186 1723 Nec
2205 1695 2278 1731 quod
2295 1695 2370 1722 inane
2382 1703 2427 1720 au·
2470 1700 2475 1718 ἃ

318 1737 336 1757 Ε
345 1736 379 1757 ss
391 1735 408 1756 E
419 1737 440 1756 N
450 1736 471 1756 T
482 1736 522 1757 IA
531 1735 548 1756 Ι..
558 1737 567 1756 1
577 1737 598 1756 T
607 1736 623 1756 Ε
633 1736 661 1756 R.
689 1730 826 1764 Augustin.
838 1730 870 1757 de
884 1731 988 1760 Trinit.
1001 1741 1027 1767 7,
1041 1742 1066 1759 z.
1389 1736 1442 1756 tem
1464 1731 1499 1756 est
1517 1732 1621 1757 Lueret.
1637 1741 1656 1763 1,
1670 1737 1741 1765 1078.
1776 1732 1844 1759 Add.
1864 1732 1934 1759 Suet.
1950 1733 2015 1767 Aug.
2028 1741 2049 1758 c.
2063 1741 2100 1765 73.
2135 1733 2165 1758 Et
2180 1731 2242 1758 haec
2259 1736 2346 1757 autem
2361 1729 2429 1756 Scri-

1389 1764 1452 1791 bon.
1467 1772 1525 1798 207.
1561 1767 1591 1791 Et
1604 1766 1653 1792 hoc
1666 1773 1754 1792 autem
1767 1775 1810 1801 70.
1825 1776 1884 1800 ²40·
1941 1768 2009 1794 Ter.
2023 1769 2088 1795 Eun.
2103 1775 2126 1801 ς,
2139 1770 2165 1800 6,
2178 1777 2197 1800 4
2227 1767 2276 1793 Sed
2298 1765 2367 1792 estne
2381 1764 2429 1791 ille

538 1803 564 1832 Ε
614 1803 633 1833 S
683 1803 717 1834 T
790 1812 819 1835 et
892 1805 918 1836 Ε
967 1805 986 1836 S
1036 1805 1064 1834 V
1388 1799 1478 1825 noster
1490 1800 1637 1826 Parmeno?
1660 1806 1686 1826 et
1699 1807 1770 1827 certe
1784 1802 1852 1834 ipsus
1867 1802 1912 1828 est.
1960 1803 2016 1828 Cic.
2030 1812 2078 1835 pro
2092 1803 2211 1829 Marcell.
2224 1805 2241 1828 6
2276 1802 2308 1828 Et
2320 1806 2389 1827 certe
2400 1800 2430 1826 in

318 1873 473 1894 ESTRIX.
516 1867 574 1894 isid.
612 1875 702 1900 EDO,
727 1880 761 1896 es.

1339 1844 1372 1871 45
1391 1834 1489 1866 armis,
1507 1835 1626 1860 militum
1649 1835 1751 1867 virtus,
1765 1835 1885 1862 locorum
1906 1837 2103 1870 opportunitaS,
2121 1843 2167 1862 etc.
2193 1836 2306 1862 multum
2327 1836 2430 1862 iuuant.

1390 1870 1464 1904 Virg.
1477 1871 1541 1896 Aen.
1557 1878 1578 1903 ς,
1592 1872 1639 1904 167
1677 1871 1708 1896 Et
1725 1879 1782 1897 ecce
1793 1870 1954 1897 Cloanthum
1974 1872 2089 1905 Respicit
2109 1871 2246 1897 instantem
2259 1877 2342 1904 tergo.
2398 1871 2429 1896 Et

316 1910 334 1930 E
344 1911 356 1930 s
365 1910 385 1930 V
394 1909 409 1929 Β
418 1910 427 1929 1
437 1910 458 1929 Α
467 1909 488 1928 Ν
499 1909 525 1934 1,
545 1903 653 1938 Populi,
673 1904 743 1930 inter
756 1905 866 1938 Alpinos
877 1915 892 1932 a
905 1907 1031 1933 Romanis
1045 1908 1178 1940 superatos
1195 1914 1323 1932 numeran-
1496 1905 1502 1909 “

280 1945 323 1966 rur
335 1948 350 1964 a
363 1938 427 1964 Plin.
441 1948 462 1970 3,
476 1947 518 1964 20.
1387 1943 1460 1963 mant
1478 1938 1567 1969 oculi,
1581 1945 1626 1963 etc.
1698 1939 1771 1965 Idem
1785 1949 1812 1971 2,
1825 1947 1872 1973 575
1911 1942 1942 1966 Et
1955 1942 2111 1974 superantur
2128 1948 2202 1967 item.
2272 1941 2348 1974 Vtrg.
2363 1941 2427 1967 Aen.

318 1980 334 2000 E
343 1981 355 2000 s
364 1980 384 1999 v
394 1980 435 2000 Bo
444 1981 458 2000 r
468 1979 484 1999 E
493 1981 515 2003 s,
529 1973 559 1999 is.
575 1982 610 1999 ni.
631 1971 788 2008 [Ἑσκέῖὁπης]
807 1974 861 1999 Rex
873 1973 1015 1999 Colchorum
1021 1974 1091 2007 fuit,
1102 1973 1149 2008 qui
1158 1980 1253 1999 terram
1267 1973 1323 1998 vir·
1388 1980 1407 2002 1,
1420 1979 1471 2005 227
1494 1972 1525 1997 Et
1540 1972 1592 1998 iam
1612 1972 1672 1997 finis
1691 1979 1755 2002 erat,
1768 1982 1865 2007 quum,
1878 1980 1924 2000 etc.
1958 1975 2031 2000 Idem
2046 1976 2110 2001 Aen.
2123 1984 2152 2008 4,
2166 1981 2213 2009 584
2233 1976 2264 2002 Et
2276 1976 2330 2002 iam
2343 1976 2427 2010 prima

281 2009 370 2044 ginem
382 2008 482 2041 nactus,
495 2008 638 2042 plurimum
650 2010 709 2035 auri
723 2014 749 2035 et
763 2009 864 2043 argenti
877 2009 970 2035 eruisse
983 2009 1083 2035 dicitur
1095 2009 1124 2035 in
1135 2014 1211 2043 gente
1225 2008 1321 2034 Suano-
1340 2019 1372 2045 50
1387 2015 1460 2032 nouo
1474 2006 1610 2041 spargebat
1624 2007 1725 2033 lumine
1739 2013 1829 2034 terras.
1899 2009 1930 2034 Et
1942 2009 2036 2035 etiam:
2057 2011 2088 2036 In
2100 2011 2141 2036 his
2154 2010 2244 2036 duobus
2256 2011 2355 2038 videtur
2365 2020 2427 2038 com·
2466 2042 2467 2045 Ἴ

281 2053 357 2076 rum,
373 2051 398 2070 et
411 2044 532 2078 alioquin
546 2043 690 2070 velleribus
705 2045 790 2070 aureis
804 2044 898 2070 inclito
913 2053 1005 2078 regno.
1042 2043 1092 2071 Sed
1104 2050 1130 2071 et
1144 2044 1215 2070 illius
1227 2052 1321 2070 aureae
1379 2042 1515 2077 positionis
1535 2043 1651 2079 quaedam
1669 2045 1870 2070 inconcinnitas:
1892 2043 1990 2079 ideoque
2009 2045 2106 2080 aliquid
2117 2045 2182 2081 solet
2200 2049 2334 2082 interponi.
2368 2047 2423 2074 Cic.
2465 2057 2467 2061 ¹

281 2088 413 2111 camerae,
436 2086 461 2106 et
474 2085 609 2113 argenteae
623 2079 709 2105 trabes
722 2086 875 2112 narrantur,
893 2086 919 2106 et
931 2080 1067 2106 columnae
1081 2086 1158 2115 atque
1171 2079 1322 2114 parastatae,
1387 2079 1460 2104 Fam.
1476 2087 1503 2110 9,
1518 2086 1547 2110 23
1573 2079 1607 2104 Vt
1627 2084 1653 2104 et
1671 2084 1696 2106 te
1715 2079 1838 2113 viserim‚
1851 2085 1877 2105 et
1897 2088 2035 2106 coenarem
2053 2082 2142 2108 etiam.
2214 2082 2261 2109 sed
2273 2083 2361 2110 aliter:
2380 2081 2420 2109 Mi
2465 2107 2469 2110 ,

282 2115 356 2141 victo
371 2115 476 2141 Sesostri
491 2115 601 2150 Aegypti
614 2124 690 2149 rege,
705 2121 757 2141 tam
770 2114 891 2149 superbe,
906 2120 934 2142 vt
946 2115 1072 2150 prodatur
1083 2116 1157 2142 annis
1169 2115 1320 2150 quibusque
1386 2113 1478 2139 Plance
1487 2133 1495 2145 ,
1508 2122 1575 2147 rogo
1589 2120 1630 2146 te,
1646 2119 1672 2140 et
1687 2115 1768 2140 etiam
1781 2123 1831 2141 oro
1843 2114 1916 2141 Idem
1929 2116 1981 2142 Att.
1996 2118 2034 2148 16,
2049 2119 2085 2143 16.
2141 2117 2221 2143 Prisci
2234 2118 2338 2150 Latini,
2348 2123 2373 2144 et
2385 2123 2422 2144 et·

283 2151 353 2176 sorte
367 2159 439 2185 reges
448 2150 558 2184 singulos
572 2159 586 2176 e
600 2150 723 2177 subiectis
732 2151 842 2185 iungere
855 2149 887 2177 ad
900 2159 1007 2178 currum
1021 2151 1122 2183 solitus,
1131 2151 1216 2186 sicque
1228 2151 1322 2177 trium·
1364 2185 1367 2186 .
1387 2148 1441 2175 iam
1455 2149 1549 2188 Graeci
1563 2150 1637 2175 Varr.
1654 2150 1685 2176 R.
1699 2150 1730 2176 R.
1747 2159 1773 2183 2,
1788 2160 1815 2184 4.
1871 2152 1947 2184 Oua,
1962 2160 2028 2186 quae
2045 2158 2105 2179 ante
2123 2158 2167 2179 aut
2179 2152 2267 2187 postea
2285 2159 2345 2180 nata
2357 2153 2425 2185 sunt,

282 2185 370 2221 phare.
409 2186 475 2212 Haec
488 2186 554 2212 Plin.
571 2195 604 2219 33,
617 2194 628 2217 3
644 2187 662 2212 s.
677 2194 709 2218 ις.
1339 2189 1368 2217 55
1388 2190 1414 2210 et
1427 2190 1506 2210 etiam
1522 2184 1607 2219 prima
1623 2184 1697 2211 Idem
1712 2194 1735 2218 3,
1749 2194 1775 2218 9.
1846 2187 1902 2213 Cic.
1917 2187 1990 2214 Fam.
2003 2196 2031 2220 9,
2044 2195 2075 2220 ις
2108 2188 2273 2215 Αιιὸὶοπίίᾱῑε
2291 2195 2335 2215 tua
2348 2188 2426 2215 nobit«

320 2226 338 2247 Β
349 2228 362 2248 s
372 2218 417 2247 »τι
428 2227 465 2252 A,
483 2229 521 2248 ac.
550 2221 569 2247 f.
605 2221 728 2256 Oppidum
749 2224 815 2248 inter
832 2221 914 2249 Tibur
930 2227 954 2248 et
972 2220 1108 2256 Praeneste.
1144 2223 1211 2249 Hor.
1232 2222 1319 2249 Carm.
1385 2228 1452 2254 opus
1465 2219 1501 2245 est
1515 2226 1540 2246 et
1552 2220 1678 2253 consilio,
1690 2226 1716 2247 et
1729 2222 1810 2248 etiam
1824 2223 1916 2256 gratia.
1970 2223 2002 2249 Et
2015 2222 2117 2250 hercle:
2143 2223 2216 2250 Idem
2229 2223 2261 2249 de
2273 2224 2380 2250 Amicit.
2392 2231 2426 2258 37
2465 2230 2470 2239 '

283 2264 307 2289 3,
324 2264 357 2288 29
366 2277 373 2288 ,
394 2258 419 2281 6.
1386 2255 1417 2281 Ε(
1430 2255 1519 2282 hercle
1532 2256 1569 2282 ita
1580 2255 1657 2282 fecit:
1678 2256 1719 2282 vel
1731 2256 1788 2291 plus
1802 2258 1883 2284 etiam
1898 2266 1977 2293 quam
1989 2258 2065 2284 dixit.
2135 2259 2167 2284 Et
2180 2264 2304 2292 nompro
2318 2260 2371 2284 Nec
2383 2259 2426 2285 vel

319 2298 355 2318 Es
366 2298 385 2317 V
396 2298 411 2317 L
420 2297 441 2316 Α
450 2310 458 2322 ,
478 2288 512 2323 est
527 2289 689 2325 Officium-um
708 2302 791 2317 nomen
804 2312 812 2323 ,
824 2301 869 2328 quo
895 2302 962 2318 omne
976 2292 1164 2327 tithymalorum
1184 2302 1262 2329 genui·
1278 2302 1320 2320 vo·
1388 2292 1427 2317 Ne
1438 2291 1543 2326 quidem·
1580 2292 1636 2318 Cic·
1652 2292 1680 2317 in
1693 2292 1792 2327 Topic-
1806 2300 1833 2326 53
1861 2294 1926 2320 Non
1944 2299 1970 2319 et
1983 2294 2097 2328 legatum
2109 2299 2247 2327 argentum
2261 2293 2296 2318 est
2305 2312 2313 2324 5
2331 2298 2355 2319 et
2367 2302 2424 2320 ”0¹¹

280 2333 349 2353 cant.
386 2327 525 2352 penultima
537 2333 624 2353 contra
644 2328 769 2363 vulgarem
782 2327 850 2363 vfiim
862 2329 936 2364 longa
948 2326 989 2361 cst.
1021 2329 1079 2356 Vid.
1095 2330 1211 2357 Eorrich.
1227 2331 1319 2366 Lingu.
1385 2326 1421 2353 est
1435 2326 1518 2360 legata
1532 2333 1667 2353 numerata
1686 2329 1805 2361 pecunia.
1847 2329 1907 2355 Liu.
1921 2336 1960 2360 21,
1972 2336 2002 2361 41
2030 2329 2138 2355 Vtinam
2151 2337 2199 2363 pro
2212 2328 2307 2354 decore
2320 2333 2422 2356 tantum
2476 2345 2479 2358 ι

281 2362 443 2396 Pharmacop.
1334 2364 1370 2389 60
1385 2368 1411 2388 et
1428 2371 1482 2388 non
1501 2371 1550 2396 pro
1567 2363 1647 2389 salute
1672 2364 1731 2390 esset
1745 2370 1886 2390 certamen.
1921 2363 1988 2390 Add.
2003 2363 2041 2390 Id.
2055 2372 2093 2396 10,
2107 2369 2129 2393 8.
2143 2371 2166 2389 et
2180 2371 2221 2396 45,
2235 2368 2262 2395 38
2275 2363 2323 2389 bis.
2349 2363 2418 2392 Vici.
2476 2366 2479 2387 l

315 2402 333 2422 E
343 2403 411 2422 sva
421 2403 429 2421 1
439 2403 473 2428 o,
492 2403 671 2429 ESVRiTxo,
690 2403 864 2424 Esvnt'ron.
1385 2398 1461 2424 Varr.
1476 2397 1508 2424 de
1518 2399 1552 2424 R.
1569 2399 1599 2424 R.
1614 2407 1637 2430 3,
1652 2407 1689 2432 14.
1726 2399 1822 2426 Pallad.
1836 2402 1861 2431 6,
1875 2407 1900 2434 7.
1918 2406 1942 2425 ει
1954 2399 2009 2425 Cic.
2023 2399 2186 2435 frequenter,
2203 2405 2232 2424 vt
2246 2397 2278 2424 de
2292 2398 2388 2433 Inuent.
2400 2406 2415 2424 ε

1386 2442 1408 2459 e.
1423 2440 1468 2467 47.
1497 2443 1546 2468 pro
1568 2434 1656 2460 Domo
1674 2444 1695 2460 c.
1709 2444 1748 2462 20.
1785 2437 1862 2462 Verr.
1877 2443 1889 2467 ς
1910 2444 1931 2461 c.
1945 2443 1970 2466 9.
1997 2433 2028 2460 de
2048 2435 2139 2468 Arusp.
2155 2434 2228 2468 Resp.
2246 2442 2268 2459 c.
2285 2441 2320 2459 12.
2381 2433 2412 2463 Et

1386 2469 1509 2503 quidem:
1529 2469 1584 2496 Cic.
1598 2469 1630 2495 de
1646 2470 1754 2496 Amicit.
1768 2473 1800 2503 65
1821 2471 1921 2496 Rarum
1934 2478 2031 2504 genus,
2044 2475 2070 2496 et
2083 2469 2189 2504 quidem
2205 2469 2294 2495 omnia
2310 2468 2416 2502 praeela-

326 297 343 317 Ε
353 297 364 317 s
374 297 386 316 s
396 286 439 315 12³1>
450 294 517 319 VM,
538 286 557 314 i.
581 297 607 314 n.
649 287 662 321 [
675 285 760 315 ἒὶνσιδον
774 288 786 320 ]
827 282 938 310 l'ehiculi
955 289 1033 317 genus
1049 278 1189 314 velociffrmi
1207 278 1237 304 ab
1256 280 1325 320 equis

289 322 412 355 traHum,
433 323 557 350 Gallorum
572 325 804 356 Britaizrzoriiiiique,
824 318 889 353 apud
901 317 990 352 Belgas
1003 319 1087 351 primo
1106 321 1235 349 repertum.
1263 313 1320 340 Vzd.

1389 1905 1440 1930 hoc
1460 1912 1531 1929 enim
1550 1905 1650 1930 adiicio
1673 1905 1793 1931 Scribon.
1815 1915 1851 1932 22.
1905 1907 2009 1932 Lucret.
2025 1915 2051 1938 2,
2065 1907 2252 1946 5471Q1ippe
2272 1905 2371 1945 etenim
2389 1905 2429 1932 su-

906 2397 964 2424 Vid.
1117 2419 1123 2426 .

316 2438 332 2457 E
343 2437 424 2462 svs,
446 2432 462 2457 i.
489 2441 524 2458 m.
563 2432 685 2458 Gallorum
701 2434 785 2464 Deus,
810 2433 923 2459 victimis
946 2405 1164 2461 hiinliiiigdcicltus.
1200 2434 1318 2461 Laelant.

281 2466 340 2492 inst.
360 2467 451 2492 Diuin.
468 2473 487 2498 ι,
504 2475 538 2498 2¹,
552 2476 564 2499 3
596 2467 664 2493 Galli
678 2468 754 2493 Esum
773 2473 852 2503 atque
865 2469 1009 2495 Teutateni
1030 2470 1145 2497 humano
1158 2479 1252 2496 cruore
1266 2470 1319 2504 pla-

280 2502 379 2528 cabant.
434 2502 529 2528 Lucan.
546 2511 565 2534 ι,
581 2510 633 2535 44,-
660 2503 813 2540 (Teutates,
828 2504 992 2540 horrensque
1014 2506 1079 2533 feris
1100 2505 1228 2533 altaribus
1246 2506 1317 2532 Esus.

286 2537 344 2564 Vici.
364 2537 480 2564 Bocbart.
496 2537 554 2564 Can.
569 2547 590 2569 ι,
606 2547 646 2572 4²-
722 2576 748 2606 E
868 2578 902 2610 T

315 2652 331 2671 ε
340 2652 370 2671 Τ.
392 2644 474 2679 [ignei]
494 2644 656 2671 Coniunffio
663 2645 810 2680 copulatiua.
845 2647 990 2676 Enimuero
1004 2654 1111 2684 oportet
1124 2648 1277 2683 praegnanti
1289 2653 1316 2675 et

282 2681 379 2707 malum
386 2687 410 2706 et
421 2681 518 2706 malum
529 2680 587 2706 dari
599 2680 679 2707 Plaut.
689 2679 782 2714 Amph.
791 2690 814 2711 2,
823 2690 888 2714 2‚91.
900 2687 917 2709 i.
932 2684 978 2710 duo
990 2687 1064 2712 mala.
1089 2685 1144 2712 Cic.
1153 2693 1201 2719 pro
1209 2684 1315 2711 Cluent.

281 2718 314 2746 86
332 2716 411 2749 ond
421 2721 475 2742 tum
490 2716 624 2750 explosum
639 2722 665 2743 et
676 2715 790 2742 eiee‘mm
806 2717 931 2747 est‚nunc
943 2720 1058 2746 retuliss'e
1065 2721 1193 2747 demiror.
1231 2722 1263 2746 Eo
1274 2730 1316 2746 au·
1332 2732 1367 2759 70
1384 2723 1410 2743 et
1425 2719 1472 2747 (vt
1486 2717 1614 2743 Gitonem
1633 2716 1722 2743 dicere
1741 2716 1852 2747 audiui)
1866 2715 2011 2742 diffinendae
2031 2716 2129 2750 magis,
2141 2725 2220 2750 quam
2239 2716 2423 2743 discindendae
2438 2734 2439 2737 ¹

280 2758 328 2777 tem
347 2753 398 2787 ipso
418 2751 481 2787 quod
498 2753 638 2786 copulatiua
654 2752 765 2783 dicitur,
782 2753 954 2788 intelligimus,
973 2764 1009 2785 ea,
1022 2764 1082 2790 quac
1094 2757 1253 2790 copulantur,
1273 2754 1315 2787 i‘ſj}

282 2786 386 2823 diuersa.
424 2789 507 2822 ltaque
520 2787 661 2823 disiungere
674 2786 781 2817 uidetur,
801 2797 853 2812 cum
866 2788 979 2822 copulat,
1016 2799 1058 2815 uae
1071 2797 1128 2815 ante
1141 2796 1213 2815 erant
1225 2800 1299 2816 vnum
1308 2800 1315 2814 :

282 2828 305 2848 et
326 2821 348 2847 ἓν
364 2820 402 2847 lix·
424 2820 496 2852 δυοῖν,
509 2823 582 2858 vulgo
601 2822 753 2855 Hendiadys
772 2828 892 2855 uocatur,
909 2833 962 2849 cum
981 2798 1014 2856 cst
1033 2824 1099 2858 apud
1110 2825 1184 2858 Virg.
1205 2826 1269 2850 Aen.
1285 2833 1318 2856 ιι,

282 2862 326 2890 418
348 2857 499 2892 Aurumque
512 2865 537 2884 et
549 2860 624 2885 frena
635 2858 781 2885 momordit
793 2865 842 2893 pro
855 2858 930 2885 frena
942 2867 1033 2885 aurea:
1054 2865 1077 2885 rt
1089 2859 1189 2886 Molem
1202 2866 1227 2886 et
1242 2868 1315 2885 mon·

281 2898 335 2924 tes,
352 2899 398 2928 pro
418 2895 507 2920 Molem
526 2897 627 2920 montis.
663 2895 738 2928 Virg.
753 2895 817 2919 Aen.
833 2903 851 2926 1,
865 2896 904 2927 63.
940 2895 982 2921 Sic
999 2894 1059 2920 ibid.
1081 2902 1117 2927 ¹15
1147 2896 1177 2921 In
1199 2895 1265 2921 vada
1290 2901 1315 2921 et
1332 2903 1364 2930 75·
1383 2892 1423 2917 sae
1442 2900 1549 2926 quoque
1570 2892 1716 2919 aestimatio
1737 2894 1810 2927 saepe
1832 2893 1955 2920 morbum
1972 2894 2054 2919 soluit
2079 2893 2145 2918 Cels.
2165 2893 2246 2926 praef.

282 2929 377 2960 syrtes,
391 2935 450 2963 pro,
472 2931 501 2955 In
514 2929 579 2956 vada
592 2931 713 2965 ijrtium.
749 2930 790 2956 Sic
809 2930 932 2956 interdum
946 2936 993 2964 per
1006 2930 1036 2956 Et
1056 2929 1245 2966 disiunguntur,
1261 2940 1317 2966 quo-

280 2973 334 2990 rum
348 2974 419 2989 imum
434 2965 541 2991 includit
555 2967 668 2992 alterum.
705 2965 844 2999 Virginius
861 2965 933 3001 <ipse
947 2965 1083 2999 tribunus)
1095 2967 1209 2992 maxime
1228 2972 1253 2992 et
1270 2966 1316 2992 tri-

281 2999 346 3025 buni
360 2999 390 3025 de
410 3000 466 3034 lege
487 3000 597 3034 agebant
616 3001 676 3027 Liu.
692 3010 714 3033 3,
727 3010 754 3032 23
763 3007 807 3035 pr.
843 3002 903 3026 Ioui
925 3000 1034 3035 Diisque
1054 3010 1104 3035 ago
1122 3002 1217 3036 gratias
1234 3002 1316 3028 Plaut-

281 3035 354 3069 Capt.
375 3042 397 3067 ς,
415 3044 433 3068 ι,
449 3044 467 3062 ι.
521 3037 561 3063 Sic
575 3046 603 3068 4,
618 3045 640 3068 ε,
653 3041 682 3066 88
709 3036 810 3070 Iupiter
828 3041 853 3062 te
876 3036 975 3070 Diique
998 3036 1114 3070 perdant.
1170 3039 1201 3064 Et
1218 3048 1246 3071 4,
1262 3046 1281 3069 1,
1298 3046 1316 3070 4

280 3070 413 3104 Diespiter
432 3077 457 3097 te
470 3072 560 3106 DIque
572 3071 691 3106 perdant.

280 3108 422 3140 corripietiua
436 3104 468 3139 cst
483 3110 508 3132 in
523 3107 624 3141 diuersis
635 3107 706 3133 rebur
715 3118 722 3132 :
740 3113 779 3139 vt,
792 3107 837 3133 Te
850 3107 1014 3134 admirantur
1026 3113 1051 3134 et
1070 3108 1140 3134 ciues
1153 3115 1178 3135 et
1191 3108 1315 3143 hospites.

281 3141 354 3175 Virg.
367 3142 431 3167 Aen.
445 3150 464 3172 ι,
478 3149 494 3175 7
520 3143 633 3169 Multum
648 3143 731 3173 illeret
743 3143 821 3169 terris
835 3142 959 3174 iactatus,
973 3149 999 3169 et
1012 3143 1074 3169 alto.
1130 3144 1198 3170 Ter.
1212 3145 1276 3170 Eun.
1294 3153 1315 3176 1,

284 3184 304 3207 1,
318 3185 349 3209 24
386 3177 410 3203 O
425 3176 563 3210 indignum
581 3178 697 3211 facinus,
716 3187 784 3204 nunc
803 3187 852 3212 ego
871 3184 896 3204 et
914 3178 987 3204 illam
1008 3178 1136 3205 scelestam
1154 3181 1217 3212 esse,
1234 3186 1258 3206 et
1272 3189 1315 3205 me

282 3212 405 3238 miserum
422 3212 519 3237 sentio:
545 3217 570 3238 et
587 3213 686 3245 taedet,
700 3220 726 3240 et
745 3222 835 3240 amore
854 3213 942 3240 ardeo.
1000 3215 1055 3240 Cic.
1070 3224 1118 3248 pro
1131 3216 1224 3248 Qiint.
1235 3224 1247 3247 3
1268 3224 1289 3241 c.
1306 3224 1315 3241 1

283 3247 370 3273 Homo
386 3253 411 3273 et
426 3247 453 3273 in
467 3247 526 3273 aliis
540 3248 618 3273 causis
633 3249 804 3279 exercitatus,
825 3255 851 3275 et
865 3250 893 3276 in
911 3249 957 3275 hac
971 3250 1084 3275 multum
1099 3257 1124 3276 et
1144 3252 1218 3286 saepe
1232 3252 1316 3277 versa·
1331 3254 1360 3282 85

283 3286 330 3321 tus.
400 3283 430 3308 Et
450 3283 555 3316 copiose
577 3289 602 3309 et
622 3285 738 3318 grauiter
757 3285 845 3311 dicere
877 3285 950 3312 Idem
968 3294 1018 3319 pro
1034 3285 1103 3311 Cael.
1123 3295 1159 3318 33.
1248 3287 1316 3313 Hor.

284 3316 358 3350 EP1st·
380 3327 399 3349 Ι,
413 3325 439 3351 7,
459 3325 490 3352 57

396 3353 425 3378 Et
442 3362 582 3387 properare
595 3353 654 3380 loco
664 3374 671 3386 ,
688 3360 712 3380 ct
726 3355 833 3386 cellare,
851 3361 876 3382 et
887 3365 1029 3391 quaerere,
1042 3363 1068 3382 et
1081 3355 1122 3382 vti

394 3388 555 3450 (gauldedntem
570 3390 710 3424 paruisque
723 3390 871 3423 sodalibus,
891 3397 917 3418 et
934 3392 987 3418 lare
1002 3398 1075 3418 certo

310 3453 315 3458 .
412 3427 427 3448 vt
457 3433 472 3449 ιι
493 3425 529 3456 is,
549 3433 595 3451 etc.

285 3453 339 3491 Cic.
354 3455 405 3481 Off.
421 3466 440 3496 i,
453 3468 497 3490 109
526 3461 605 3493 Quod
623 3460 651 3486 in
664 3461 776 3493 Catulo,
789 3466 814 3486 et
835 3461 863 3487 in
881 3469 969 3495 patre,
984 3468 1010 3489 et
1028 3462 1056 3488 in
1073 3462 1145 3494 filio,
1159 3460 1275 3495 itemque
1288 3466 1313 3486 et

286 3496 313 3512 ¹¹¹
327 3490 360 3529 Q
375 3491 461 3517 Muuo
476 3495 597 3521 Mancino
615 3496 742 3522 vidimus.
778 3496 850 3531 Cons-
866 3497 933 3523 Ter.
948 3498 1028 3523 Andr.
1050 3506 1069 3529 1,
1086 3507 1103 3527 1,
1117 3506 1157 3523 22.
1195 3497 1234 3523 Sic
1255 3498 1315 3529 Qlc

286 3529 309 3547 et
330 3524 359 3548 ht
383 3529 524 3561 iunguntur.
577 3532 631 3557 Cic.
648 3532 729 3558 'I'ustn
751 3539 773 3563 ς,
788 3539 819 3565 73
858 3531 1007 3559 Academici
1030 3532 1164 3559 balbutire
1188 3532 1314 3564 defluant,

284 3564 423 3617 Ezes‘eslue
437 3568 460 3587 et
474 3562 540 3589 clara
556 3575 620 3592 voce
640 3567 768 3598 audeant,
780 3567 878 3598 dicere,
893 3574 937 3594 etc.
1008 3569 1093 3594 Omne
1111 3568 1207 3594 animal
1230 3568 1313 3601 ipsum

326 3596 570 3630 tcmmncndatum,
589 3609 615 3626 vt
629 3603 652 3626 se
668 3608 692 3628 et
707 3603 805 3629 saluum
816 3603 844 3628 in
864 3603 909 3629 suo
923 3612 1017 3637 genere
1031 3603 1214 3637 incolumeque
1235 3604 1313 3629 vellet
1328 3608 1360 3635 95

285 3628 341 3654 Cle·
358 3629 413 3654 1‘111.
427 3640 444 3662 4
458 3641 478 3656 c.
492 3637 511 3660 8.
581 3634 673 3664 Officia
692 3645 778 3664 autem
799 3644 824 3664 ct
844 3638 943 3665 seruata
956 3639 1199 3674 practermiflaque,
1225 3639 1313 3665 media

286 3663 391 3696 putabat
404 3664 531 3708 Id·!.³“³d.·
547 3675 555 3692 ι
574 3677 594 3693 c.
608 3677 644 3695 ιο.
678 3673 717 3698 Sic
731 3677 835 3706 ponitur
847 3672 903 3708 P‘fi
916 3674 1004 3709 NecJI
1021 3675 1123 3708 Neque.
1159 3675 1215 3700 Nec
1229 3675 1314 3701 miror

285 3704 310 3724 et
323 3699 424 3741 gaudeq
437 3702 492 3742 (¹¹42
508 3701 631 3742 ΡῡῐΠχΙξ-ι,
646 3713 662 3729 ¹·
707 3707 811 3745 *Neque
832 3715 890 3735 nata
902 3716 927 3736 ct
945 3716 1050 3736 aeterna
1064 3710 1099 3735 cst
1119 3710 1190 3736 Idem
1203 3710 1286 3736 Tusc.
1303 3718 1311 3735 1

285 3743 306 3759 c.
322 3742 361 3766 23.
397 3736 480 3762 Simile·
497 3734 529 3768 est
549 3737 659 3763 Minime
677 3741 744 3767 mihi
762 3743 894 3776 miranda,
914 3751 940 3771 et
959 3746 1074 3771 maxime
1088 3745 1200 3771 iucunda
1214 3744 1312 3771 accide-

284 3776 345 3795 runt
358 3769 412 3796 Cic·
426 3771 497 3797 Fam‘
511 3779 532 3802 Ξι»
549 3780 585 3796 ¹0·
753 3774 778 3837 <³
800 3786 810 3806 3
849 3780 911 3806 Sulrt
923 3780 1008 3815 Jiibire
1021 3782 1097 3807 locum
1110 3782 1215 3807 aliarum
1230 3783 1311 3815 parti·
1323 3784 1368 3801 100
1379 3788 1411 3805 ro
1428 3779 1468 3804 hic
1483 3779 1570 3812 Scipio
1583 3778 1682 3812 collega
1697 3788 1767 3805 meus
1782 3779 1848 3805 mihi
1862 3782 1920 3806 sane
1933 3781 1999 3807 bene
2012 3787 2037 3806 et
2051 3777 2125 3812 loqui
2145 3778 2264 3811 videtur,
2278 3785 2303 3805 et
2316 3779 2411 3806 dicere.

1378 3811 1402 3876 E
1421 3821 1437 3848 7
1473 3815 1575 3850 Obstru.
1597 3815 1627 3839 Et
1645 3824 1696 3839 cum
1712 3815 1733 3840 It
1752 3822 1907 3849 permutatur
1926 3820 1953 3842 in
1967 3816 2040 3841 MSS.
2054 3816 2115 3840 Item
2129 3824 2182 3839 cum
2199 3816 2218 3841 E
2233 3816 2319 3849 Praep.
2353 3813 2410 3841 Vid.

283 3805 407 3846 cularum,
425 3813 448 3831 et
462 3800 542 3832 videri
554 3806 718 3848 {ssllss'ffl'ssf‘ss-
781 3812 902 3840 uidisset.
915 3826 942 3849 4,
956 3818 1007 3847 613,
1043 3816 1091 3843 Sed
1102 3817 1186 3842 Burm.
1200 3822 1223 3841 et
1236 3815 1309 3848 Virg-

283 3839 333 3866 1ch.
346 3849 369 3873 3,
382 3843 419 3867 61.
455 3841 527 3876 Conf.
548 3843 608 3867 stat.
623 3842 715 3868 Aclnll.
735 3852 752 3873 ι,
774 3854 828 3877 529.
863 3850 1047 3886 Canffiffivprf,
1064 3853 1150 3877 Etiam.
1184 3852 1217 3877 Vt
1236 3851 1310 3884 virg.

282 3876 345 3901 Aen.
360 3884 385 3907 2,
399 3883 446 3908 423
468 3878 589 3916 Quorum
606 3877 705 3910 Iphitus
719 3887 783 3905 aeno
809 3882 861 3907 lam
876 3886 991 3916 grauior,
1006 3887 1087 3913 Pelias
1102 3893 1125 3913 ct
1139 3887 1248 3913 vulnere
1260 3893 1309 3912 tar.

281 3909 327 3937 dus
341 3911 425 3943 Vlyffi.
481 3913 554 3946 Virg.
568 3913 632 3938 Aen.
647 3915 672 3944 6,
687 3922 719 3943 90
740 3914 822 3941 Natus
835 3922 859 3941 ct
880 3918 930 3951 ipsc¹
943 3920 998 3947 dea.
1018 3932 1045 3948 cx
1072 3923 1143 3948 Valla
1158 3932 1181 3948 2.
1229 3923 1308 3948 Inter-

277 3950 408 3981 rogatiuiz,
420 3947 463 3982 stu
481 3949 610 3983 expletiua.

1337 2546 1368 2577 65
1385 2539 1498 2574 Philipp.
1514 2548 1527 2565 2
1549 2549 1570 2565 c.
1584 2549 1618 2571 3ι.

1376 3034 1540 3070 frequenter,
1553 3040 1582 3059 ut
1600 3034 1632 3060 de
1652 3035 1753 3061 Inuent.
1768 3044 1776 3061 ι
1798 3045 1819 3061 c.
1832 3043 1856 3067 9.
1876 3043 1924 3069 pro
1938 3034 2011 3060 Rosc.
2027 3035 2085 3059 Am.
2104 3043 2125 3060 c.
2141 3039 2177 3064 28.
2198 3034 2229 3060 de
2243 3034 2294 3061 Off.
2311 3044 2322 3067 3
2342 3045 2363 3062 c.
2382 3044 2420 3063 ιο.

846 3069 867 3108 ff
889 3081 904 3098 2
940 3073 970 3098 Et
982 3072 1123 3107 duplicatur
1135 3073 1258 3099 interdum
1267 3093 1274 3105 ,
1288 3082 1316 3099 ac
1335 3074 1367 3099 80
1383 3069 1414 3095 de
1429 3071 1486 3095 Sen·
1499 3078 1521 3095 c·
1535 3078 1571 3095 10-

763 3950 769 3954 .
1376 3884 1443 3945 2⁹1¹:ss
1453 3892 1633 3954 ¹)D7ecieijiwies
1646 3924 1789 3954 repetitum:
1810 3929 1853 3956 27,
1868 3930 1895 3947 10
1914 3920 2014 3955 Signini
2026 3920 2116 3951 suere,
2130 3927 2155 3946 et
2169 3921 2301 3953 Norbani,
2315 3920 2409 3946 Saticu-

666 3948 737 3974 Idcm
752 3950 802 3975 hcl.
817 3960 835 3982 1,
851 3960 879 3984 27
910 3954 939 3980 Et
959 3965 1024 3989 quae
1042 3963 1111 3984 tanta
1130 3958 1181 3984 fuit
1196 3958 1308 3984 Romam
1322 3954 1500 3990 toslanique,
1521 3961 1547 3981 et
1561 3955 1723 3988 Brundilini,
1745 3963 1771 3983 et
1791 3956 1955 3991 Fregellani,
1980 3961 2005 3982 et
2024 3955 2165 3988 Lucerini,
2187 3962 2213 3982 et
2226 3955 2366 3987 Venusini,
2383 3957 2410 3983 et

1385 2513 1414 2531 ra
1427 2513 1494 2530 rara.
1564 2505 1597 2530 At
1613 2506 1684 2530 enim
1698 2506 1807 2539 adspicis
1822 2515 1880 2538 me,
1893 2512 1918 2531 et
1933 2505 2057 2540 quidem,
2070 2511 2099 2531 vt
2115 2505 2229 2536 videris,
2242 2505 2323 2531 iratus
2349 2502 2418 2531 Idem

1689 2541 1720 2565 Et
1734 2541 1812 2566 Acad.
1829 2549 1849 2572 ι,
1886 2560 1892 2566 .
1930 2559 1936 2566 .
1973 2541 2003 2566 Et
2023 2549 2080 2566 eam
2094 2540 2202 2574 quidem
2220 2540 2322 2574 plenam
2335 2548 2364 2566 ac
2381 2547 2420 2566 re-

1385 2576 1491 2602 sertam.
1560 2576 1591 2601 Et
1614 2573 1641 2601 id
1664 2575 1791 2609 quidem,
1815 2578 1842 2601 in
1868 2577 1995 2610 principio
2024 2575 2135 2609 periodi.
2169 2576 2225 2601 Cic.
2240 2575 2292 2601 Off.
2313 2583 2334 2606 ι,
2371 2594 2377 2601 .
2412 2586 2433 2601 .ι

1385 2612 1415 2637 Et
1435 2611 1463 2637 id
1481 2609 1589 2645 quidem
1607 2611 1708 2636 nemini
1722 2611 1885 2637 Graecorum
1906 2610 1987 2636 video
2005 2609 2089 2636 adhuc
2101 2610 2244 2644 contigisse.
2282 2609 2354 2646 Conf.
2369 2610 2422 2638 Atta

1385 2655 1425 2679 14,
1443 2654 1474 2672 11.
1493 2652 1516 2671 ct
1536 2654 1569 2678 ις,
1583 2651 1617 2675 ι8.
1654 2646 1720 2672 Cels.
1734 2655 1757 2678 3,
1770 2655 1813 2679 24.
1885 2645 2076 2680 Et,parentht3]i
2089 2646 2205 2680 sequente
2217 2655 2270 2671 cum
2283 2647 2326 2672 Vt.
2363 2645 2433 2672 Cic..

1383 2681 1416 2708 de
1428 2681 1535 2707 Amicit.
1550 2686 1581 2715 78
1616 2681 1700 2707 Tales
1717 2682 1799 2715 igitur
1817 2680 1950 2706 amicitiae
1968 2681 2027 2706 sunt
2046 2680 2193 2707 remissione
2207 2681 2265 2707 vsus
2285 2680 2434 2707 leuandaez.

1385 2753 1452 2779 sunt.
1509 2752 1576 2780 Ter.
1586 2752 1650 2778 Eun.
1665 2761 1685 2784 1,
1701 2761 1721 2784 1,
1737 2760 1765 2783 ¹9
1784 2753 1815 2778 Et
1826 2751 1898 2785 quod
1911 2760 1980 2777 nunc
1993 2757 2047 2778 tute
2060 2758 2147 2778 tecum
2162 2752 2243 2778 iratus
2257 2752 2364 2787 cogitas,
2376 2758 2423 2778 etc.

1383 2789 1415 2814 Et
1429 2786 1500 2820 quod
1513 2787 1655 2813 dicendum
1668 2796 1738 2813 nunc
1750 2787 1796 2813 siet
1805 2807 1813 2818 ,
1827 2790 1845 2812 i.
1868 2788 1898 2812 Et
1914 2794 1943 2813 vt
1956 2796 2040 2813 verum
2053 2786 2132 2813 dicam
2142 2798 2149 2812 :
2167 2789 2207 2814 uel
2219 2788 2299 2823 ‚Qium
2316 2790 2366 2814 iam
2385 2787 2424 2814 di-

1383 2821 1527 2855 cendumfit
1542 2822 1585 2853 id,
1594 2822 1658 2857 quod
1668 2832 1709 2848 res
1722 2821 1830 2854 estTer.
1846 2822 1925 2848 Andr.
1940 2831 1965 2854 2,
1978 2824 2002 2853 6,
2016 2831 2052 2854 23.
2123 2823 2153 2849 Et
2165 2832 2287 2857 quoque:
2308 2823 2367 2849 Liu.
2380 2831 2423 2856 41,
2432 2830 2441 2846 υ

1384 2865 1419 2889 24
1440 2857 1482 2883 Ne
1495 2857 1684 2883 interdictione
1697 2857 1790 2882 finium
1804 2863 1829 2883 et
1843 2867 1890 2883 nos
1903 2867 2010 2892 quoque
2024 2867 2106 2892 regno
2119 2867 2260 2884 arceamus.
2312 2859 2343 2883 Et
2361 2866 2421 2884 cau·
2432 2852 2441 2890 il
2454 2881 2455 2888 ,

2317 2893 2372 2919 Cic.
2387 2893 2421 2920 de
2436 2907 2439 2916 ε
2454 2898 2455 2922 Ξ

1383 2927 1457 2953 Orat.
1473 2935 1491 2957 ι,
1505 2932 1532 2960 58
1571 2929 1695 2960 Qiorum
1709 2934 1782 2962 pater
1802 2929 1883 2955 homo
1902 2928 2028 2962 prudens,
2051 2933 2077 2953 et
2096 2929 2198 2961 grauis,
2215 2927 2438 2964 haudquaquam¹
2476 2937 2477 2941 ¹

1384 2962 1524 2996 eloquens,
1543 2969 1568 2988 et
1591 2964 1664 2998 saepe
1686 2964 1750 2990 alia's
1775 2970 1800 2990 et
1819 2964 1933 2990 maxime
1948 2964 2047 2990 Censor
2070 2963 2145 2988 saluti
2165 2963 2335 2997 Reipublicae
2355 2965 2418 2992 fuit.

1383 2998 1487 3024 Lucret.
1498 3007 1523 3029 2,
1538 3007 1575 3030 331
1596 2999 1626 3024 Et
1640 3005 1725 3025 tamen
1739 2999 1773 3025 est
1787 2999 1894 3034 quidam
1908 2999 1979 3025 locus
1993 2999 2052 3024 altis
2066 2997 2210 3030 montibus,
2224 3005 2269 3024 etc.
2306 3001 2348 3026 Ita
2362 3000 2419 3028 Cic.
2431 2999 2438 3023 ἱ
2474 3012 2476 3019 ⁸

1746 3068 1766 3106 ff
1787 3072 1804 3096 6
1841 3070 1956 3096 Notabile
1970 3069 2117 3105 praefirtim
2137 3070 2280 3096 connubium
2294 3071 2325 3097 Et
2343 3079 2418 3098 vero.

1383 3105 1438 3130 Cic.
1454 3106 1507 3130 Att.
1524 3107 1550 3130 16
1557 3103 1605 3140 fiib
1617 3106 1645 3130 16
1662 3105 1740 3139 Saepe
1754 3106 1871 3139 praesens
1885 3111 1910 3131 et
1923 3105 1964 3131 illi
1976 3104 2121 3137 ostendisti,
2131 3111 2156 3131 ct
2169 3114 2233 3132 vcro
2247 3106 2326 3132 etiam
2340 3106 2427 3134 mihix
2441 3115 2453 3129 -’

1382 3140 1455 3166 Idem
1468 3149 1516 3175 pro
1530 3141 1649 3167 Muraen.
1664 3148 1697 3174 45
1726 3142 1852 3175 Magnum
1876 3140 1911 3167 est
1936 3141 2008 3166 enim
2033 3146 2058 3166 te
2081 3149 2232 3175 comparare
2255 3151 2300 3173 ea,
2319 3137 2438 3176 quibus-⁸

1382 3176 1455 3210 pollis
1468 3176 1605 3202 hominem
1619 3184 1633 3201 e
1647 3176 1771 3208 ciuitate,
1791 3176 1943 3210 praesertim
1963 3184 2017 3202 uon
2037 3176 2159 3209 inopem,
2177 3186 2263 3212 neque
2280 3177 2418 3205 infirmum

1383 3211 1539 3244 exturbare,
1559 3211 1605 3246 qui
1624 3216 1649 3236 et
1670 3220 1715 3245 per
1733 3213 1774 3243 se,
1787 3218 1812 3238 et
1831 3221 1878 3246 per
1894 3212 1970 3243 suos,
1984 3217 2009 3237 et
2022 3221 2088 3237 vcro
2106 3212 2185 3238 ctiam
2200 3222 2245 3246 per
2264 3213 2363 3239 alienos
2375 3213 2419 3240 de-

1382 3246 1514 3274 fendatur.
1584 3247 1615 3272 Et
1628 3255 1691 3272 vero
1700 3266 1707 3278 ‚
1722 3256 1747 3272 co
1759 3247 1820 3282 fere
1833 3247 1922 3283 fi’flst‘,
1935 3253 1965 3273 vt
1978 3248 2008 3273 Et
2021 3247 2093 3277 sanc,
2108 3248 2339 3283 initio-sententiae:
2360 3249 2418 3276 Cic.

1382 3283 1411 3308 in
1426 3284 1499 3309 Brut.
1515 3290 1560 3317 107
1585 3282 1676 3308 Vester
1688 3282 1768 3308 etiam
1781 3283 1812 3308 D.
1828 3284 1922 3309 Brutus
1935 3289 1961 3308 et
1974 3282 2061 3309 dicere
2074 3292 2127 3309 non
2143 3284 2240 3310 inculte
2253 3283 2364 3316 solebat,
2391 3289 2419 3310 et
2435 3298 2437 3302 v

1382 3325 1438 3344 erat
1452 3327 1510 3345 cum
1525 3318 1608 3344 literis
1622 3317 1732 3349 Latinis,
1752 3324 1807 3343 tum
1822 3319 1902 3344 etiam
1916 3318 2035 3348 Graecis,
2047 3319 2104 3345 satis
2117 3319 2244 3347 eruditus.
2280 3320 2355 3353 Qiae
2370 3319 2436 3346 tri-·=

1381 3353 1475 3380 buerat
1489 3354 1583 3380 Accius
1596 3354 1675 3379 etiam
1689 3354 1855 3387 QMaximo
1870 3353 1900 3380 L.
1912 3353 1994 3379 Paulli
2008 3355 2107 3388 nepoti.
2143 3356 2173 3381 Et
2185 3364 2250 3380 vero
2264 3362 2323 3381 ante
2334 3355 2418 3381 maxi·

1381 3397 1453 3414 nunu
1467 3389 1542 3416 illum
1556 3389 1722 3423 Scipionem,
1758 3403 1802 3408 —-
1835 3398 1921 3415 acrem
1934 3389 2019 3416 aiebat
2034 3390 2060 3416 in
2073 3390 2184 3416 dicendo
2197 3391 2280 3417 fuisse.
2321 3390 2418 3426 Rursus
2428 3385 2450 3418 ι’(

1381 3424 1422 3450 lib.
1435 3425 1485 3451 eod.
1503 3428 1549 3457 164
1576 3424 1631 3458 lpsa
1651 3423 1697 3450 illa
1712 3423 1828 3450 censoria
1841 3432 1931 3450 contra
1945 3426 1992 3451 Cn.
2009 3426 2157 3452 Domitium
2169 3426 2296 3460 collegam
2310 3435 2363 3451 non
2377 3425 2414 3452 est
2428 3423 2434 3449 l
2447 3419 2450 3443 l

1381 3460 1484 3491 oratio,
1502 3460 1543 3485 sed
1565 3459 1635 3494 quasi
1658 3460 1742 3493 capita
1762 3469 1866 3491 rerum,
1892 3467 1917 3486 et
1940 3461 2068 3487 orationis
2085 3462 2304 3488 commentarium
2325 3461 2414 3495 paullo
2436 3463 2449 3481 ν’

1381 3494 1482 3529 plenius
1491 3514 1499 3527 ,
1510 3495 1581 3521 nulla
1600 3494 1635 3520 est
1655 3495 1724 3520 enim
1739 3494 1874 3521 altercatio
1890 3495 2009 3523 clamoris
2022 3506 2137 3531 vnquarn
2158 3496 2247 3522 habita
2260 3497 2416 3523 maioribus.
2425 3507 2439 3531 ,ι

1382 3531 1412 3556 Ε(
1426 3539 1490 3556 vero
1504 3531 1555 3556 fuit
1569 3531 1595 3556 in
1609 3530 1658 3556 hoc
1672 3536 1697 3556 et
1711 3530 1843 3564 popularis
1862 3531 1946 3557 dictio
1959 3533 2093 3559 excellens.
2149 3532 2219 3558 Idem
2236 3532 2263 3556 in
2277 3533 2350 3558 Orat.
2366 3540 2415 3565 140
2430 3551 2433 3555 -

1380 3565 1429 3592 Sed
1444 3566 1629 3592 sententiarum
1643 3572 1795 3591 ornamenta
1810 3567 1909 3592 maiora
1924 3569 1996 3600 sunt,
2016 3568 2112 3602 quibus
2124 3568 2185 3602 quia
2199 3567 2351 3601 frequenter
2365 3568 2415 3594 De-

1380 3601 1526 3628 molthenes
1540 3601 1637 3632 vtitur,
1659 3602 1716 3627 sunt
1736 3601 1782 3635 qui
1803 3608 1893 3635 putent
1911 3603 2009 3630 idcirco
2029 3604 2085 3630 eius
2104 3603 2280 3637 eloquentiam
2299 3603 2429 3629 maxime>

1380 3638 1428 3663 esse
1441 3637 1607 3663 laudabilem.
1644 3637 1674 3663 Et
1688 3645 1752 3663 vero
1765 3638 1851 3662 nullus
1865 3639 1918 3663 sere
1932 3639 1964 3665 ab
1981 3648 2013 3665 co
2032 3639 2103 3665 locus
2116 3638 2167 3664 fine
2180 3638 2290 3671 quadam
2306 3639 2411 3665 confor-

1380 3674 1497 3699 matione
1511 3671 1651 3698 sententiae
1664 3672 1770 3699 dicitur.
1826 3675 1930 3709 Rurjiim
1944 3678 1970 3700 in
1984 3675 2055 3701 Brut.
2070 3682 2115 3700 212
2143 3673 2215 3705 Qiid
2229 3675 2343 3699 Cralsum
2353 3694 2359 3704 ‚
2374 3674 2412 3699 in-
2446 3688 2447 3691 =

1380 3718 1474 3743 quam,
1490 3708 1565 3734 illum
1585 3708 1669 3733 censes
1690 3708 1762 3734 istius
1775 3708 1893 3735 Liciniae
1906 3709 2008 3744 fllium,
2030 3709 2106 3736 Craffi
2127 3708 2281 3735 tellamcnto
2295 3708 2340 3743 qui
2361 3708 2411 3735 fuit

1379 3744 1530 3778 adoptatus?
1558 3744 1665 3769 Summo
1678 3743 1723 3769 iste
1738 3744 1843 3777 quidem
1856 3745 1953 3772 dicitur
1967 3745 2074 3779 ingenio
2088 3743 2178 3775 fuisse,
2194 3744 2289 3779 iuquit.
2326 3745 2355 3770 Et
2369 3753 2412 3771 νεα

1404 3848 1502 3875 ralecnb.
1516 3849 1549 3874 ad
1562 3849 1606 3874 Sil.
1623 3858 1643 3880 3,
1658 3857 1696 3882 57.
1733 3850 1792 3876 Cum
1807 3852 1856 3881 Vt,
1870 3852 1921 3877 uid.
1936 3851 1998 3877 idem
2010 3849 2044 3875 ad
2056 3857 2077 3880 3,
2092 3854 2132 3883 78.
2152 3859 2204 3876 cuin
2219 3850 2267 3881 Est,
2283 3849 2336 3876 vid.
2349 3849 2410 3876 idem

1559 3885 1597 3915 Et,
1610 3888 1637 3909 iu
1651 3884 1730 3910 eadem
1739 3886 1841 3920 periodo
1855 3887 1979 3912 duodecies
1990 3887 2127 3919 repetitum.
2149 3885 2208 3911 Liu.
2222 3894 2251 3911 22
2264 3885 2348 3921 paullo
2356 3881 2412 3919 P‘fi

2290 3988 2407 4020 Adriani,
