2479 4225
512 86 518 98 Χ

43 184 172 252 ”¹157
472 196 491 239 Ι
581 195 627 238 Ν
710 195 739 238 S
1583 201 1603 243 1
1679 203 1724 244 Ν
1803 205 1829 245 S
2150 219 2230 263 ¹158

89 290 180 328 petati
192 289 250 318 sunt
259 287 341 317 euHer'.
418 286 588 323 Qaestionis
602 286 724 315 instantia
753 283 873 314 Tertull.
887 283 920 311 de
933 283 1049 325 Spee'tae.
1060 294 1082 312 c.
1098 293 1134 326 19.
1189 287 1345 316 fabricando
1370 289 1477 324 leian.
1490 290 1518 317 in
1531 290 1573 318 [2
1584 289 1608 328 ς’
1625 292 1701 318 Diem
1709 298 1795 319 autem
1808 295 1839 320 D.
1853 297 1982 330 Qoemad¹
1994 299 2093 327 gemm,
2102 301 2229 336 ,perium

92 326 162 356 Idem
176 324 210 360 esi
221 334 250 353 ac
267 326 445 363 Propinquitas
459 324 525 361 apud
543 323 610 349 Gell.
623 332 654 356 9,
670 331 698 349 12
729 322 851 350 [nstantia
873 326 951 360 atque
969 328 1135 359 muumenua
1190 325 1291 351 Mensas
1305 325 1389 359 epulis
1416 325 1496 352 Ouid.
1511 328 1574 353 Met.
1589 335 1612 359 ις,
1626 332 1678 360 561.
1749 329 1848 355 Milites
1863 333 1992 366 stipanti&
2018 336 2108 362 lustin.
2124 345 2135 369 ς
2158 346 2174 370 9
2201 346 2227 371 9.

94 361 211 394 fraudis,
229 367 277 396 qua
290 363 346 396 quis
353 358 464 396 festinat
475 359 509 386 ad
519 358 666 391 nocendum,
683 364 728 385 etc.
799 359 837 385 De
844 355 979 388 lulianus,
991 359 1043 390 stuc
1054 359 1134 383 Exem·
1191 360 1323 386 Columel.
1337 370 1368 392 4,
1392 369 1402 389 3
1436 361 1567 388 Nonnulli
1586 363 1689 389 strenue
1703 363 1832 389 fabricant
1845 368 1963 401 nauigia.
1984 378 2031 395 nce
2049 357 2230 400 ωηωῆωζᾶω

87 398 136 434 plo
146 398 287 427 contrario,
305 404 350 432 quo
365 398 474 422 vitiatur
485 397 623 421 enunciatio
637 393 796 429 uniuersalis.
816 398 822 401 “
848 390 905 419 Viti.
920 390 1079 418 Diakria-os.
1191 395 1299 428 perinde
1313 396 1443 422 inlt'ruunt
1457 399 1642 431 armamentis,
1663 398 1849 433 ministrisque.
1934 395 1993 429 qu,
2008 415 2047 437 34,
2062 408 2089 432 51
2098 414 2142 442 Pr⁴
2167 409 2229 436 Ari,

130 438 141 457 1
150 436 338 458 NSTANTE
347 436 377 457 R.
411 429 480 457 Adu.
514 430 690 463 [ἔνιςοιμένως]
730 429 755 455 h.
768 437 789 455 e.
810 426 1009 466 Perfiueranter,
1029 431 1133 467 cutnin-
1161 436 1175 461 ς
1192 430 1292 456 tionem
1306 431 1422 458 Annibal
1435 432 1621 465 carthaginem
1641 443 1699 460 cum
1720 435 1849 461 mandatis
1863 435 1959 463 minin
1994 440 2049 466 edit
2063 443 2171 470 nomina
2182 452 2229 471 eo-

84 462 203 502 staneia,
233 468 252 492 i.
272 466 424 493 vehementia
432 464 558 498 ctstudio.
628 463 759 498 Qninffil.
771 472 805 496 9,
817 471 837 495 4
866 460 1024 497 Vbicunque
1040 471 1134 490 acriter
1190 475 1266 498 rum,
1287 466 1383 500 quibus
1397 469 1532 493 conuentis
1545 478 1610 502 opus
1623 470 1690 496 ess‘et.
1742 470 1849 497 Instruit
1861 471 1943 497 etiam
1960 473 2062 501 secretis
2076 478 2162 510 notis,
2181 488 2228 513 per

92 501 146 529 erit
165 507 191 528 et
208 501 347 535 instanter,
375 501 580 536 pugnaciterque
598 499 755 532 dicendum,
780 496 964 538 membratim³
990 499 1134 534 caesimque
1167 521 1170 525 .
1190 510 1253 535 quas
1271 501 1340 528 haud
1359 502 1439 528 dubie
1456 504 1623 537 agnoscerent
1643 505 1686 531 sna
1706 505 1825 532 mandata
1844 507 1900 532 else.
2002 511 2076 542 Opus
2090 512 2231 542 iusti-uitur

94 537 221 565 dicemus.
292 537 358 564 Plin.
373 535 452 572 Epist.
465 544 492 572 7,
505 545 532 563 22
558 536 648 564 Minus
660 533 816 565 miraberis,
835 538 940 559 metam
954 533 1077 574 instanter
1091 544 1133 569 pc·
1189 537 1270 563 Ouid.
1286 538 1353 571 Fast.
1366 547 1394 570 4,
1410 541 1471 571 690.
1559 539 1640 567 Plaut.
1654 540 1712 566 Mil·
1727 550 1760 574 4⁷
1775 549 1801 573 1,
1814 549 1846 574 34
1875 543 1992 575 Aurum,
2011 551 2217 584 ornamentaque

92 572 166 606 titre,
184 578 213 600 vt
225 572 254 600 in
265 573 380 600 amicum
393 581 482 599 meum
496 572 629 598 conferres
642 569 846 608 Tribunatum,⁴
862 576 943 608 quum
956 569 1058 602 scieris,
1073 571 1133 605 quis
1190 581 1256 605 quae
1273 573 1312 598 illi
1326 572 1486 605 instruxisti,
1507 573 1582 600 ferat.
1668 576 1742 602 Vcsse
1758 583 1782 602 et
1795 576 1922 604 comitatu
1945 578 2036 604 instrui
2052 578 2128 608 debet
2135 569 2229 620 ,χροιῇ

91 607 157 640 illc,
177 609 324 644 qualisque.
375 608 449 644 Cons-
467 607 486 634 l.
498 616 542 635 vn.
562 605 586 645 ᾗ.
599 615 615 634 2
633 607 664 635 D.
679 606 711 632 de
722 603 805 631 libell.
821 603 914 666 guinis.
1020 605 1133 640 Compar.
1149 611 1177 629 10
1189 608 1328 634 secundum
1343 607 1522 635 conditionem
1538 609 1626 636 mariti
1662 611 1726 637 Pliu.
1741 612 1819 646 Epist.
1839 614 1872 643 6,
1893 621 1931 645 32.
2024 615 2121 641 Vrbem
2157 621 2228 648 Suet.

93 644 226 678 Quinetil.
238 653 266 679 9,
279 653 290 676 3
315 644 455 671 Instantius
468 642 565 670 dicere.
636 639 773 669 Instantius
783 639 818 680 fle
839 644 874 666 ita
889 639 1020 673 poscentes
1040 642 1131 668 lustin.
1189 643 1236 668 Iul.
1251 652 1271 668 c.
1283 653 1327 677 44,
1345 652 1364 670 ι.
1519 642 1539 680 fl
1561 654 1577 671 2
1611 646 1702 673 Docere
1708 646 1847 683 significat.
1884 648 1942 675 Sen.
1955 648 2031 683 Epist.
2047 654 2073 680 5ss
2101 652 2146 678 Illa
2160 663 2228 688 quae

92 681 120 712 6,
134 688 156 712 2,
171 688 201 706 11.
251 679 326 715 Conf.
338 680 428 707 Tacit.
441 679 508 706 Ann.
522 681 549 712 6,
561 685 598 711 33,
611 687 638 712 4.
672 683 695 703 et
708 674 832 715 Martlal.⁴
841 683 878 705 12,
894 682 948 703 100.
1038 677 1132 711 sapt-rt.
1190 679 1347 705 medocetet
1360 678 1564 710 instruitfacies.
1579 689 1593 706 a
1608 689 1657 714 qua
1672 681 1769 715 petitur
1781 683 1908 715 imitatio,
1928 684 1989 711 Idea
2002 684 2048 711 est.
2071 686 2127 712 Vici.
2141 694 2229 716 ιυεΑ,

90 713 271 742 Instantissime
286 715 444 750 compellere
472 714 548 749 Apul.
561 714 625 741 Met.
637 721 650 745 3
670 721 696 747 P·
712 720 757 743 133·
793 709 860 737 Ibld·
875 719 904 742 4,
920 718 965 743 133-
1036 713 1133 739 Instan-
1189 715 1229 740 Ad
1243 723 1322 740 omne
1337 712 1420 740 officii
1436 723 1527 740 munus
1544 716 1599 742 Cic.
1614 716 1645 742 de
1660 717 1759 743 Scucd'l.
1774 720 1814 744 26.
1877 719 2000 746 Consiliis
2015 720 2108 748 instrui
2125 722 2229 752 idonei·

89 749 186 777 ciffime
200 750 345 778 desiderare
372 750 440 777 Gell.
455 760 482 785 4,
496 755 530 779 18.
1189 750 1220 775 ad
1234 750 1370 784 negotium
1399 749 1436 789 ld.
1451 751 1502 776 Art.
1520 759 1542 783 ς,
1557 755 1583 779 6.
1691 752 1821 786 Qtinffil.
1841 761 1872 784 2,
1894 763 1907 786 ‚-
1938 754 2098 782 orationum
2113 757 2230 786 leffione

131 792 142 812 1
157 792 180 812 N
191 792 233 813 ST
241 792 287 813 ΑΒ
297 784 389 818 ἴῃς,
408 795 432 813 e.
467 784 528 812 Adi.
562 781 689 818 [oc’roefbiss
703 780 842 822 oc'G’s'G’ouosl
872 781 993 821 Θρᾳξί-[ιω
1006 782 1132 816 Iocostare
1152 791 1175 816 15
1188 786 1316 819 susceptos
1330 794 1343 810 a
1360 786 1384 811 sc
1397 785 1538 819 discipulos
1553 786 1714 813 instruxerit.
1783 789 1846 814 Arte
1859 789 1976 824 aliquem
2000 791 2082 817 Ouid.
2095 793 2176 827 Epist.
2191 797 2231 829 16,

62 836 65 842 .
89 819 238 856 nonpotest.
291 821 358 848 Plin.
372 824 412 854 36,
427 829 456 854 14
479 820 576 847 Rursus
587 820 615 846 in
629 819 733 845 lubrico
745 823 822 851 atque
834 816 948 843 instabili
962 818 1132 845 fundamenta
1188 823 1245 853 344.
1323 819 1445 846 Cultibus
1458 821 1574 856 aliquem
1612 822 1684 848 Idem
1704 822 1768 849 Fast.
1790 832 1821 856 2,
1840 829 1887 855 318.
1981 825 2093 854 Scientia
2112 829 2230 864 aliquem

88 860 178 883 flnffie
191 857 270 884 mous
281 857 448 888 locarentur,
467 863 512 883 m*-
569 855 661 882 Animi
685 854 761 888 Virg·
771 853 867 886 Geor&
881 861 907 885 4,
929 861 975 885 Ως·
1030 854 1130 887 Homo,
1187 855 1319 889 Qinffil.
1333 856 1360 881 in
1375 864 1493 890 prooem.
1507 867 1523 883 l.
1593 857 1726 885 Studiosos
1741 859 1847 885 scicntia
1860 859 1971 886 alicuius
1985 862 2025 887 rei
2057 864 2187 896 Qtino'til,
2201 866 2230 893 in

87 891 255 925 Irzconstarts,
272 893 342 919 leuis.
412 891 474 919 Liu.
494 899 535 922 21,
555 898 569 924 ς
602 890 706 925 Qiippe
727 888 773 916 vbi
793 887 869 923 pedes
889 888 1013 915 instabilis
1034 898 1062 915 ac
1085 891 1129 916 vix
1186 900 1305 925 prooem.
1322 900 1340 918 1.
1377 891 1618 927 nonproculafine.
1691 894 1868 928 Ignorantiam
1883 895 1995 922 alicuius
2023 897 2090 924 Plin.
2103 899 2229 934 Epist‚10‚

90 928 161 954 vado
174 927 274 960 fidens,
304 927 348 955 vel
368 927 467 954 inermi
491 926 582 962 equite
604 935 674 961 equo
699 930 797 952 temere
817 923 877 950 aeto
901 924 1016 958 peruerti
1041 927 1129 959 pollet.
1185 935 1229 961 97,
1246 936 1265 953 1.
1336 927 1492 958 Oratorem,
1513 930 1605 954 Docere
1617 932 1738 955 orationis
1751 929 1935 964 conscribendae
1946 936 2083 959 rationem:
2119 936 2229 969 Qiin&

87 963 180 990 Hostis
194 963 323 990 instabilis
337 962 370 990 ad
384 963 504 990 cominus
518 960 686 989 conserendas
699 969 790 987 manus
819 958 892 985 Idem
906 968 954 993 27,
968 966 1001 990 18.
1078 962 1128 988 Lo·
1141 969 1224 994 2010,
1239 972 1246 988 ι
1273 962 1431 988 Instruamus
1445 971 1496 996 qua
1511 963 1538 989 in
1553 963 1690 996 oratione,
1713 973 1779 998 quae
1787 965 1874 991 dicere
1884 985 1892 997 ,
1910 966 2009 998 facere,
2026 977 2103 1002 quam
2118 971 2228 1004 opgfime,

89 1007 134 1025 cun
157 998 239 1026 Ouid.
253 999 318 1026 Met.
333 1001 366 1031 6,
379 1007 430 1031 ¹91·
502 998 622 1032 Regnum
647 994 823 1027 Sen.Thyest.
838 1003 850 1026 3
863 1003 943 1027 v.:15.
1013 995 1128 1029 Tellus,
1184 1007 1263 1032 quam
1278 998 1402 1024 facillime
1418 998 1498 1032 poffit.
1568 999 1641 1025 Idem
1656 1009 1689 1033 4,
1711 1008 1725 1026 2
1755 1000 1837 1026 Iudex
1850 1001 1946 1028 notitia
1959 1011 2048 1030 rerum
2061 1004 2228 1035 instruendus

86 1036 110 1060 ι’.
130 1034 256 1070 Irgsblida:
292 1033 373 1061 Ouid.
386 1034 452 1061 Met.
464 1042 522 1067 1‚20
541 1033 582 1060 Sic
595 1038 650 1060 erat
664 1030 793 1059 instabilis
805 1030 898 1062 tellus,
915 1030 1039 1058 innabilis
1052 1033 1129 1060 vnda.
1183 1033 1297 1060 videtur.
1335 1037 1352 1058 ι’.
1372 1034 1511 1060 Doccndus.

86 1069 202 1105 Compar.
239 1069 323 1103 Qieis
336 1068 415 1096 rebus
429 1068 580 1097 instabilior
601 1069 664 1095 Aur.
678 1067 782 1094 Victor.
796 1065 824 1092 in
837 1066 919 1092 Galba
932 1075 953 1092 c.
968 1069 993 1093 6.
1224 1075 1262 1094 ιΝ
1275 1076 1287 1095 s
1301 1075 1321 1094 T
1335 1076 1352 1095 R
1362 1076 1382 1095 v
1393 1076 1408 1095 Ε
1419 1077 1439 1095 Ν
1451 1075 1462 1094 s
1473 1089 1481 1102 ,
1510 1068 1586 1094 entis.
1628 1068 1722 1095 Partic.
1761 1069 1868 1097 Vitruu.
1883 1079 1906 1103 2,
1919 1077 1934 1102 8
1968 1073 2175 1108 Longitudinem
2197 1078 2228 1107 in

125 1110 136 1130 1
146 1110 190 1131 Ns
199 1110 292 1132 ΤΑΒι
302 1102 368 1132 Li'r
377 1111 432 1132 ER.
467 1103 536 1132 Adu.
587 1103 724 1139 Augustin.
737 1101 851 1129 eonfeff.
864 1109 897 1134 13,
909 1110 942 1128 20
968 1101 1128 1130 instabiliter
1183 1103 1359 1132 craffitudines
1373 1105 1536 1131 instruentes.
1572 1103 1659 1130 Catul.
1673 1112 1711 1135 ιι,
1722 1111 1748 1138 7.
1776 1105 1833 1130 Vici.
1848 1106 1955 1133 infidias
1966 1108 2049 1142 supra.

85 1138 209 1166 fluidum.
1140 1146 1172 1172 25
1223 1145 1232 1164 ι
1244 1146 1262 1163 Ν
1275 1147 1287 1166 s
1296 1145 1317 1165 ‘r
1326 1147 1345 1165 R
1355 1146 1375 1165 v
1384 1148 1400 1166 r„
1412 1147 1431 1165 N
1446 1147 1463 1166 D
1472 1148 1490 1166 V
1501 1147 1513 1166 s
1523 1159 1531 1172 ‚
1550 1147 1565 1164 a
1574 1159 1583 1171 ,
1604 1147 1658 1166 um.
1689 1140 1757 1166 Part.
1794 1140 1925 1174 Qinffil.
1941 1151 1970 1175 4,
1990 1152 2003 1169 2
2032 1145 2116 1172 Iudex
2127 1148 2227 1177 notitia

124 1181 134 1200 1
144 1181 166 1201 N
175 1182 188 1202 s
196 1181 217 1202 Τ
227 1180 249 1201 Α
258 1180 275 1201 Β
285 1182 295 1201 1
303 1181 319 1201 1.
330 1172 374 1202 ἴΤ
382 1182 404 1203 Α
413 1182 441 1207 s,
456 1174 512 1203 atis.
528 1174 549 1202 f.
583 1172 633 1209 [τδ
645 1173 757 1208 ἐξαὲές]
794 1170 971 1206 Incwzstantia.
1006 1172 1073 1199 Plin.
1082 1182 1127 1208 24,
1182 1183 1271 1201 rerum
1289 1175 1452 1202 instruendus
1466 1175 1581 1202 videtur.

84 1216 116 1244 17
141 1211 216 1237 Hanc
230 1215 318 1237 autem
330 1219 345 1236 a
357 1210 462 1245 regibus
475 1211 608 1237 Persarum
619 1208 723 1236 comedi
736 1212 782 1235 aut
792 1207 852 1235 bibi
865 1214 954 1235 contra
968 1209 1058 1235 onmia
1072 1217 1128 1236 cor·
1219 1217 1228 1236 1
1239 1218 1260 1236 N
1270 1217 1283 1237 s
1294 1217 1315 1236 Τ
1325 1218 1343 1237 R
1354 1218 1373 1236 v
1384 1218 1400 1238 c
1410 1218 1429 1235 ‘r
1439 1217 1460 1237 v
1470 1218 1482 1237 s
1492 1230 1500 1242 ,
1520 1218 1551 1243 a,
1572 1218 1627 1236 um.
1645 1210 1712 1237 Part.
1748 1207 1970 1270 ςπεπαιέευμὲνος]
2006 1213 2150 1243 Ῑηίὶι-ιιὸἲιιε
2164 1219 2227 1245 arti.

82 1254 181 1281 porum
194 1245 364 1272 incommoda
378 1245 628 1280 instabilitatemque
647 1244 752 1272 mentis.
787 1244 813 1273 h.
826 1253 847 1271 e.
877 1244 1068 1277 Turbattomm,
1088 1246 1129 1272 vel
1183 1245 1232 1272 bus
1247 1246 1376 1280 ingenuis.
1396 1246 1421 1272 h.
1436 1255 1456 1272 e.
1479 1248 1540 1272 Bene
1560 1244 1660 1272 edom.
1672 1253 1696 1271 et
1714 1248 1752 1278 in]
1765 1248 1844 1272 nutus
1857 1248 1913 1273 Cic.
1926 1247 1959 1274 de
1972 1248 2045 1277 orat.
2061 1259 2079 1282 1,
2092 1260 2126 1283 ¹3·
2185 1254 2228 1280 In.

84 1283 257 1308 alienationem
270 1283 369 1308 mentis.
406 1280 507 1308 Arnob.
520 1283 538 1307 6
549 1289 574 1315 p.
586 1282 642 1313 196.
1182 1281 1295 1308 strut‘stus
1307 1288 1333 1307 et
1345 1287 1453 1307 ornatus
1468 1281 1590 1313 plurimis
1611 1286 1636 1306 et
1654 1280 1807 1315 grauillinus
1826 1282 1927 1309 artibus
1940 1283 2013 1310 Idem
2027 1285 2059 1311 de
2073 1287 2131 1314 Fin.
2145 1297 2168 1321 2,
2181 1297 2228 1317 112.

122 1322 134 1342 1
146 1323 168 1342 N
180 1323 222 1343 sT
231 1318 281 1344 Rp:
290 1323 312 1343 T
321 1323 342 1343 v
352 1323 378 1343 Μ
388 1335 397 1349 ,
431 1316 555 1352 [effipia]
591 1316 645 1343 vid.
665 1323 675 1343 1
686 1322 708 1345 N
718 1321 844 1343 STERN
853 1322 883 1343 0.
925 1314 1036 1342 instrato
1048 1323 1127 1342 omne
1140 1326 1172 1350 3ο
1184 1318 1215 1343 Et
1228 1317 1300 1343 Fam.
1316 1326 1350 1349 15,
1370 1325 1379 1343 1
1410 1317 1468 1342 Nos
1493 1316 1717 1350 quemadmodum
1743 1317 1900 1350 intimem,
1924 1324 1950 1345 et
1972 1320 2069 1354 quibus
2091 1323 2229 1356 praesidii.

83 1351 273 1379 vestimentum
291 1351 433 1383 contineri,
453 1350 525 1386 quod
542 1351 680 1385 inficitur,
702 1350 793 1378 Labeo
805 1351 844 1378 ait
878 1351 981 1386 leian.
1000 1351 1029 1378 in
1047 1350 1067 1377 l.
1085 1351 1127 1377 In·
1183 1352 1301 1380 munitos
1315 1352 1347 1378 ad
1361 1352 1428 1378 tanti
1440 1351 1505 1378 belli
1519 1351 1676 1385 opinionem
1692 1351 1833 1384 miseritis,
1846 1362 1900 1379 non
1915 1353 1975 1380 estis
1993 1356 2088 1390 ignari.
2158 1359 2228 1387 Ter.

83 1387 165 1416 strato
177 1388 209 1414 D.
223 1386 255 1414 de
269 1387 350 1413 Verb.
362 1392 389 1413 et
401 1395 492 1414 rerum
505 1386 593 1421 fignif.
1184 1389 1280 1415 Heaut.
1296 1396 1317 1420 3,
1332 1397 1350 1420 1,
1361 1396 1392 1422 41
1414 1388 1484 1414 Nam
1497 1393 1526 1413 vt
1539 1394 1567 1413 tu
1582 1387 1652 1421 scias,
1661 1396 1739 1422 quam
1754 1396 1782 1413 ea
1790 1397 1859 1415 nunc
1872 1388 1995 1416 instruEta
2004 1392 2112 1425 pulchre
2124 1394 2156 1420 ad
2170 1403 2227 1429 per.

118 1429 128 1448 1
139 1430 161 1450 N
171 1429 184 1450 s
195 1427 268 1449 TRE
278 1429 397 1454 vas,
413 1431 445 1455 a,
465 1431 520 1449 um.
553 1421 614 1449 Adi.
651 1421 793 1457 [aimarus]
836 1422 946 1449 Strenuo
957 1424 1126 1449 contrarium.-
1183 1423 1281 1450 niciem
1297 1423 1353 1456 sict,
1368 1429 1413 1449 etc.
1471 1423 1511 1449 Ad
1527 1421 1633 1448 caedent
1648 1423 1708 1449 Liu.
1724 1432 1766 1456 24,
1780 1432 1824 1457 24.
1877 1424 1917 1451 Ad
1931 1431 2043 1453 mortem
2059 1435 2230 1458 contemnen.

80 1457 149 1494 quast
161 1458 268 1485 Minime
280 1458 424 1493 generosus,
443 1457 576 1493 ignobilis,
594 1456 749 1492 indiligens,
767 1464 790 1483 et
802 1457 886 1485 adres
896 1457 1017 1494 gerendas
1029 1460 1128 1484 minime
1184 1458 1243 1485 dam
1257 1459 1313 1485 Cic.
1328 1459 1359 1485 de
1375 1459 1433 1484 Fin.
1448 1467 1469 1489 2,
1482 1466 1513 1492 57
1531 1467 1553 1484 c.
1569 1465 1605 1492 17.
1673 1458 1804 1492 Qiinffil.
1820 1467 1842 1492 ς,
1853 1466 1882 1494 71
1912 1461 1949 1486 Ex
1968 1464 2182 1492 antecedentibus
2201 1472 2229 1494 et

99 1500 201 1521 romtus.
272 1493 353 1519 Plaut.
368 1492 447 1520 Most.
461 1501 488 1523 1,
504 1500 536 1527 2,
550 1500 585 1525 24
618 1493 704 1526 Atque
724 1492 771 1519 vbi
786 1492 837 1519 illo
860 1493 995 1526 inunigrat
1014 1501 1127 1527 nequam
1144 1494 1280 1526 35i=1n6iis
1296 1501 1321 1520 et
1342 1494 1538 1528 insequentibus
1558 1492 1682 1520 trahenda
1697 1494 1744 1519 csse
1763 1502 1915 1528 argumenta
1928 1497 1975 1530 qui
1987 1500 2131 1532 acceperit,
2146 1502 2230 1534 proti.

74 1500 181 1562 gomo,
202 1527 361 1563 indiligens,
380 1537 441 1554 cum
455 1528 530 1563 pigra
544 1527 648 1554 familia
660 1527 825 1560 immundus,
843 1528 1001 1562 instrenuus,
1022 1527 1126 1554 hiciam
1183 1539 1231 1556 nus
1247 1530 1274 1556 iu
1294 1529 1344 1556 hoc
1358 1529 1388 1556 fit
1410 1529 1566 1559 instrtie‘tns,
1587 1535 1615 1555 vt
1629 1529 1694 1563 quid
1716 1529 1745 1555 in
1763 1538 1867 1564 quaque
1887 1532 1960 1557 causa
1973 1532 2112 1561 dicendum
2134 1536 2180 1569 sit,
2195 1545 2229 1564 ex

79 1564 191 1592 aedibus
204 1564 304 1591 vitium
323 1563 440 1593 additur.
518 1563 588 1590 Ter.
603 1563 698 1589 Heaut.
713 1571 740 1595 ι,
758 1570 783 1596 ι,
802 1566 838 1597 67
870 1564 958 1591 Ambo
976 1564 1128 1590 accusandi:
1184 1564 1224 1593 his
1239 1565 1310 1592 sciat.
1383 1566 1465 1592 Ferro
1482 1564 1603 1591 instrtie’ti
1623 1565 1697 1600 Virg.
1713 1566 1776 1591 Aen.
1798 1574 1833 1598 ιε,
1855 1575 1910 1599 ¹24-
1981 1569 2066 1603 Eques
2085 1570 2228 1599 instruehss

79 1600 129 1631 etsi
138 1599 205 1627 illud
219 1600 354 1634 inceptum
366 1605 454 1625 tamen
468 1598 553 1625 animi
566 1598 602 1624 est
614 1597 735 1633 pudentis
749 1598 864 1634 lignum,
882 1605 909 1626 et
921 1608 976 1626 non
989 1599 1127 1626 instrenui.
1185 1602 1289 1636 spiculis
1308 1601 1390 1628 Ouid.
1403 1610 1433 1627 ex
1449 1601 1522 1627 Pone.
1540 1609 1556 1631 1,
1573 1611 1590 1633 ι,
1605 1609 1641 1633 19,
1713 1601 1848 1627 Exercitus
1872 1603 2013 1629 insti-uelus
2032 1604 2091 1631 telis
2112 1607 2184 1633 Caes.
2198 1608 2229 1635 B.

80 1635 153 1662 Suet.
167 1635 244 1669 Vesp.
257 1643 307 1668 c.4
330 1634 396 1661 Non
409 1633 545 1661 instrenuo
558 1634 632 1660 duce.
1183 1639 1214 1664 C.
1230 1647 1252 1670 3,
1265 1640 1304 1668 56.
1394 1636 1554 1664 Instrud‘tum
1575 1643 1599 1662 ct
1620 1641 1738 1670 paratum
1757 1637 1911 1664 conuiuium
1931 1638 2055 1665 omnibus
2069 1640 2149 1667 rebus
2171 1643 2229 1669 Cic.

116 1677 261 1698 1NSTRE
271 1677 292 1696 Ν
303 1675 360 1697 VE-
415 1668 483 1697 Adu.
538 1669 631 1697 lustin.
645 1675 682 1704 17,
693 1677 724 1703 2,
742 1676 753 1696 1
785 1668 954 1703 Lysimachus
967 1679 1022 1697 non
1036 1670 1125 1698 instre-
1137 1682 1174 1708 40
1182 1675 1258 1700 Verr.
1274 1683 1301 1706 4,
1316 1676 1350 1700 62
1365 1683 1384 1699 c.
1398 1682 1440 1708 27.
1514 1671 1699 1698 Instruc‘tiores
1713 1671 1832 1706 peditum
1845 1674 1937 1707 copiae
1951 1674 2012 1700 Liu.
2028 1682 2068 1708 27,
2083 1683 2125 1708 45.
2187 1678 2230 1703 111.

77 1713 133 1733 nue
152 1705 279 1733 moriens.
1183 1709 1308 1735 struFtior
1328 1709 1458 1735 doeh-inis
1482 1709 1538 1735 Cic.
1554 1708 1585 1733 de
1597 1707 1655 1734 Fin.
1672 1716 1692 1740 ι,
1707 1709 1738 1734 26
1750 1716 1773 1734 c.
1788 1715 1814 1741 7.
1887 1708 1993 1741 leian.
2006 1710 2038 1734 D.
2052 1718 2080 1741 33
2095 1711 2174 1738 titulo
2188 1713 2229 1739 De

119 1739 342 1776 ΙΝΒΤΚΙΞΡΟ,
360 1741 407 1774 ui,
424 1741 509 1774 i'tum,
529 1741 583 1767 erc.
638 1737 795 1775 [ἓπιῷοφίω]
849 1740 917 1768 Idem
938 1741 1002 1777 quod
1015 1742 1127 1778 Strepere
1181 1744 1268 1771 fundo
1290 1745 1432 1775 insti-ufto,
1450 1744 1586 1776 Supellex,
1604 1748 1759 1775 caeteraque
1779 1742 1796 1767 fi
1817 1750 1870 1775 qua
1888 1750 1952 1776 agro
1973 1744 2096 1778 fuerunt,
2117 1755 2171 1781 quo
2188 1748 2230 1774 in.

78 1779 198 1813 incipere.
233 1777 294 1804 Liu.
309 1788 332 1810 4,
345 1786 378 1811 34
404 1777 478 1804 Vnde
491 1777 509 1803 si
522 1776 589 1812 quid
601 1775 726 1810 instrepat
739 1776 865 1808 terroris,
885 1777 937 1802 fine
951 1778 1066 1804 Patricio
1074 1787 1126 1803 rua-
1183 1780 1308 1805 struffim·
1321 1780 1380 1804 ess'et
1396 1778 1600 1812 paterfamilias,
1611 1776 1788 1802 instrumento
1800 1776 1878 1802 fundi
1891 1786 1944 1804 non
1957 1779 2133 1808 continentur.
2151 1808 2155 1812 ,
2171 1784 2229 1811 Cic.

63 1836 68 1839 .
99 1812 189 1839 istratu
197 1812 300 1846 placere
311 1813 538 1847 Remp-opprimi.
583 1812 660 1838 Vetus
673 1812 795 1845 exemplar
807 1811 880 1837 habet
893 1812 1022 1845 Increpet.
1085 1813 1127 1837 In·
1184 1814 1217 1839 de
1231 1812 1301 1839 Clar.
1315 1814 1389 1838 Orat.
1404 1821 1445 1844 233
1482 1813 1583 1838 Crass‘us
1611 1811 1694 1845 igitur
1718 1811 1892 1840 mediocriter
1908 1821 1923 1839 a
1941 1813 2061 1841 doeirina
2079 1816 2230 1850 instruftus,

102 1848 171 1881 repit
191 1848 263 1880 axis,
289 1854 339 1883 pro
352 1847 456 1875 Stridet.
527 1845 604 1880 Virg.
617 1846 714 1879 Georg.
729 1853 759 1877 3,
773 1852 819 1879 172
849 1846 908 1871 Post
930 1845 1019 1871 valido
1039 1846 1126 1872 nitens
1140 1854 1173 1879 45
1184 1848 1316 1881 angustius
1333 1849 1412 1873 etiam
1426 1856 1441 1873 a
1454 1853 1563 1878 natura,
1581 1846 1674 1873 labore
1692 1853 1719 1873 et
1736 1847 1882 1879 industria,
1900 1854 1926 1874 et
1948 1850 2018 1883 quod
2037 1849 2179 1879 adhibebat
2195 1853 2228 1880 ad

79 1881 129 1909 sub
142 1882 259 1915 pondere
273 1882 393 1908 fraxinus
407 1882 462 1907 axis
498 1880 629 1914 Instrepit.
713 1879 843 1905 Dentibus
856 1879 1019 1906 horrendum
1034 1880 1127 1906 instre-
1182 1882 1340 1909 obtinendas
1362 1884 1446 1909 causas
1470 1891 1559 1909 cusam
1579 1882 1658 1908 etjam
1678 1888 1703 1907 et
1722 1882 1849 1915 gratiam,
1875 1883 1903 1909 jn
1924 1884 2087 1919 principibus
2110 1890 2229 1921 patronis

77 1917 119 1952 Pit
142 1916 234 1943 Clfflld·
250 1917 282 1943 de
296 1917 374 1944 cons·
388 1916 451 1943 Mal·
463 1914 574 1942 Themi·
590 1923 645 1946 223.
682 1915 726 1940 Al·
738 1915 867 1948 Increpet.
939 1915 1019 1949 Apul.
1032 1915 1097 1944 Met.
1113 1924 1127 1943 2
1183 1919 1287 1952 aliquot
1302 1926 1384 1944 annos
1398 1918 1458 1944 fuit.
1517 1917 1691 1947 Liberaliter,
1706 1917 1758 1942 vid.
1773 1918 1797 1943 h.
1813 1926 1837 1943 υ.
1909 1918 2022 1954 Compar.
2041 1921 2201 1952 Instrudfior
2212 1934 2229 1952 a

76 1961 103 1989 P·
117 1955 163 1980 ¹2⁶
193 1951 387 1979 Lameflfflbfles
406 1951 510 1986 questu‘
522 1950 657 1984 fingffltim
669 1949 836 1983 instrepebat.
1182 1953 1368 1987 philosophia,
1389 1962 1403 1979 a
1422 1953 1481 1978 iure
1500 1952 1593 1983 ciuili,
1614 1951 1646 1978 ab
1665 1951 1775 1977 historia
1806 1952 1862 1979 Cic.
1879 1951 1911 1979 tie
1923 1954 1994 1981 Clar.
2010 1955 2084 1983 Orat.
2100 1960 2139 1984 161
2154 1968 2174 1985 c.
2187 1968 2229 1992 43.

116 1994 127 2013 1
137 1993 288 2014 NSTREP
298 1987 310 2014 i
317 1995 339 2014 T
349 1993 386 2019 ο,
405 1990 459 2013 are.
513 1987 580 2013 Ven.
595 1986 731 2012 Fortunat.
744 1992 766 2016 3,
779 1991 796 2019 7
823 1983 946 2012 Floribus
959 1984 1128 2020 instrepitans
1182 1988 1263 2014 Vitiis
1285 1988 1373 2013 decem
1394 1987 1550 2014 insti-uelim·
1576 1987 1644 2013 Hor.
1658 1986 1736 2021 Epist.
1753 1996 1771 2018 1,
1788 1996 1826 2020 19,
1841 1996 1880 2017 25.
1953 1993 2045 2025 superi.
2065 1992 2229 2021 Instruffiffi.

77 2022 180 2058 POPffle
193 2023 271 2050 mella
283 2022 361 2056 sapit·
1143 2030 1175 2056 50
1182 2032 1240 2049 mus
1253 2023 1296 2049 vir
1316 2023 1369 2049 Cic.
1385 2022 1417 2048 de
1430 2023 1504 2050 Orat.
1524 2031 1542 2051 i,
1554 2026 1611 2055 256.
1686 2023 1864 2049 Humanitatis
1883 2023 2004 2051 laudibus
2022 2026 2229 2057 mstmfflffimus

117 2065 126 2083 1
143 2065 165 2084 N
181 2066 194 2085 s
211 2064 232 2086 T
246 2065 265 2084 R
280 2060 289 2084 i
302 2065 321 2085 D
336 2065 353 2086 Ε
367 2064 390 2084 N
403 2064 433 2089 S,
458 2055 535 2082 entis.
605 2053 652 2081 Sil.
667 2061 712 2087 ¹4,
724 2060 775 2088 437
802 2054 855 2081 Fax
869 2053 965 2081 nidere
978 2055 1054 2088 graui
1068 2055 1125 2081 foe·
1180 2058 1237 2084 Val.
1250 2059 1320 2084 MaX.
1334 2067 1360 2090 2,
1372 2061 1398 2091 6,
1412 2063 1433 2088 8.
1501 2057 1711 2084 Instruetiffimus
1731 2057 1833 2084 artibus
1851 2058 1924 2085 Brut.
1944 2059 1975 2086 ad
1989 2062 2041 2087 Att.
2051 2062 2103 2098 sub
2120 2064 2178 2091 Cic.
2193 2065 2227 2094 ad

78 2093 155 2120 dauit
169 2093 288 2120 cominus
300 2101 376 2120 auras
410 2091 539 2119 Ambusto
553 2089 692 2116 instridens
704 2089 807 2124 pelago,
842 2092 862 2116 i.
878 2091 911 2117 In
922 2093 988 2119 mari
993 2089 1124 2124 stridens.-
1180 2094 1254 2120 Brut.
1275 2101 1313 2127 17-
2113 2122 2120 2133 ι

77 2128 200 2156 ardebant
212 2131 276 2156 enim
290 2129 469 2164 naucspraclio
481 2125 712 2162 naualificccensae.
1095 2139 1097 2141 -
1217 2136 1227 2155 1
1240 2135 1259 2153 N
1272 2135 1284 2154 s
1296 2134 1317 2154 Τ
1326 2135 1346 2154 R
1355 2134 1376 2153 v
1389 2133 1406 2154 C
1417 2135 1438 2154 T
1447 2135 1473 2155 Ε,
1495 2127 1564 2154 Adu,
1606 2127 1717 2162 Compar,
1746 2127 1807 2155 Liu⁴
1821 2137 1841 2161 χ,
1855 2136 1880 2162 35
1906 2130 1993 2157 Ludos
2013 2133 2164 2167 opffiemius
2187 2136 2228 2164 iffi

115 2171 157 2191 1N
167 2171 238 2192 STR
248 2171 257 2190 1
269 2172 290 2190 N
301 2169 323 2191 G
336 2170 354 2191 0
365 2184 373 2196 ‚
392 2163 466 2194 initi,
480 2161 581 2194 iCtum,
600 2163 654 2187 e're.
689 2159 862 2193 [ἒπισφῖγγω]
898 2159 1029 2186 Laudatur
1037 2160 1125 2187 Catul.
1181 2163 1361 2196 strufflusque
1379 2171 1461 2196 quam
1479 2163 1583 2197 priores
1602 2171 1674 2197 reges
1696 2163 1769 2190 fecit.
1823 2164 1901 2199 Apul.
1916 2166 1992 2200 Apol.
2010 2177 2034 2201 p.
2049 2171 2096 2201 296
2129 2170 2227 2199 Instru.

78 2207 126 2235 75,
147 2209 170 2227 11
201 2200 276 2233 Qlin
288 2205 314 2226 te
329 2200 421 2226 animo
434 2197 566 2230 offirmas,
581 2201 659 2230 teque
674 2194 870 2228 instringisque‚
883 2194 1058 2229 reducisque,
1093 2196 1125 2221 Et
1141 2201 1171 2228 55
1181 2198 1249 2224 &ius
1271 2198 1397 2223 accusare,

78 2236 131 2262 diis
142 2235 235 2262 inuitis
249 2235 343 2261 desinis
356 2235 405 2261 else
422 2234 519 2261 miser?
559 2231 665 2259 Videtur
682 2227 726 2256 hic
743 2229 806 2254 idem
817 2228 980 2267 significare,
998 2229 1064 2264 quod
1081 2229 1124 2255 ad·
1216 2240 1225 2258 1
1240 2239 1261 2258 N
1273 2240 1285 2259 s
1296 2240 1316 2259 Τ
1326 2240 1345 2259 R
1354 2239 1375 2258 v
1386 2239 1403 2260 c
1414 2240 1435 2259 T
1444 2240 1486 2260 vs
1495 2254 1504 2266 ,
1526 2232 1564 2260 ὓς,
1585 2242 1621 2259 m,
1658 2233 1834 2270 [χατασχηῆ]
1871 2237 2024 2271 ,ΨΡΜΜΜ
2047 2238 2103 2265 (ἧς,
2113 2238 2144 2266 de
2152 2241 2228 2269 oran

69 2269 184 2308 stringo,
191 2274 259 2298 cuius
266 2273 419 2297 contrarium
432 2268 465 2302 est
480 2266 588 2301 όῑΙῙὸΙυο.
659 2264 707 2292 Sed
718 2265 751 2289 al.
766 2268 845 2301 teque
858 2263 935 2290 istinc
948 2272 1030 2304 vsque
1048 2265 1125 2291 redu-
1180 2276 1203 2300 3,
1217 2277 1246 2300 23
1260 2277 1282 2294 c.
1296 2271 1312 2294 6
1333 2269 1409 2295 Riuis
1423 2269 1459 2295 est
1472 2269 1579 2296 diduc‘ta
1594 2269 1682 2295 oratio
1691 2290 1699 2302 ‚
1712 2278 1767 2296 non
1779 2270 1914 2296 fontibus:
1933 2278 1959 2297 et
1971 2281 2128 2309 quocunque
2143 2277 2229 2311 ingre-

76 2307 124 2334 cis.
199 2307 356 2334 Vehementer
369 2311 392 2330 et
410 2303 480 2330 ανθε
493 2302 603 2336 stringo.
666 2298 798 2332 Qissffihl·
814 2298 885 2324 Decl·
899 2306 927 2331 3,
940 2301 968 2325 16
993 2307 1020 2325 tn
1035 2301 1123 2334 Aegro
1180 2304 1268 2336 ditur,
1281 2304 1374 2329 eodem
1389 2304 1424 2330 est
1446 2305 1589 2337 instrucffin,
1603 2311 1752 2338 ornatuque
1768 2306 1901 2340 comitata.
1937 2307 2030 2335 Manil.
2045 2317 2069 2342 5,
2081 2313 2134 2340 286.
2168 2313 2228 2340 [lid.

74 2341 211 2374 redemto,
232 2342 302 2368 Iacet
314 2340 384 2367 inter
397 2338 520 2371 vincula,
537 2335 634 2372 quibus
647 2335 785 2369 instringat
798 2333 883 2361 adhue
899 2335 1123 2370 recentempirata
1180 2339 1272 2374 scalig,
1295 2349 1319 2373 p.
1337 2347 1389 2374 375.
1425 2340 1494 2366 Add.
1506 2341 1627 2367 Tertull.
1642 2340 1719 2373 Apol.
1734 2348 1757 2366 c.
1771 2342 1787 2365 6
1801 2346 1825 2366 et
1836 2348 1878 2373 4²·

73 2377 218 2412 captiuum.
1136 2374 1171 2399 60
1215 2382 1225 2400 1
1235 2381 1278 2401 Ns
1287 2381 1336 2400 ΤΚ
1345 2382 1365 2400 v
1375 2382 1392 2401 c
1403 2382 1425 2401 ‘r
1437 2382 1443 2400 1
1454 2384 1472 2400 (ι
1482 2395 1491 2407 ,
1509 2376 1576 2401 (mis.
1598 2375 1616 2400 f.
1654 2375 1810 2408 min-Epist.
1827 2384 1864 2407 ιο,
1878 2384 1890 2408 3
1910 2376 1938 2403 Si
1951 2377 2090 2407 instmfflo
2101 2382 2167 2409 noui
2181 2382 2228 2411 ba.

111 2419 176 2439 le
188 2418 210 2438 T
221 2417 259 2438 RI
270 2416 288 2438 C
299 2417 389 2442 Tvs,
414 2418 445 2442 a,
465 2418 520 2435 um.
570 2408 640 2433 Part.
695 2405 825 2436 Intentus,
841 2409 966 2440 'tanquam
978 2408 1006 2431 in
1023 2414 1035 2432 e
1054 2407 1122 2432 uideo
1178 2409 1244 2435 linei
1263 2416 1404 2436 oneratura
1424 2410 1496 2436 vires
1511 2409 1674 2437 Prusensium
1694 2418 1750 2435 non
1768 2408 1818 2445 est,
1838 2413 1969 2445 possumus
1983 2413 2112 2443 desiderio
2129 2426 2226 2447 eorum

72 2449 152 2484 Apul,
168 2448 231 2474 Met.
246 2452 259 2476 8
276 2456 301 2480 p.
317 2455 376 2478 211,
396 2453 424 2471 21
459 2445 534 2470 onr
553 2441 647 2468 dolore
660 2441 795 2475 pellicatus
819 2440 946 2467 instricta.
1018 2442 1030 2467 Ι
1050 2450 1122 2474 em9
1176 2444 1324 2478 indulgere.
1397 2444 1539 2470 Instrufflo
1570 2446 1701 2471 exercitus
1726 2446 1843 2472 militum
1873 2448 1929 2474 Cic.
1949 2448 1981 2474 de
2001 2450 2036 2476 N.
2058 2452 2090 2477 D.
2109 2461 2135 2485 2,
2174 2475 2180 2481 .
2214 2473 2225 2484 ,

73 2494 101 2519 p,
115 2491 171 2516 225,
184 2491 199 2515 9
233 2481 415 2508 Philefitaerus
430 2479 478 2506 hac
490 2479 544 2514 ipsa
567 2492 612 2498 -—-
632 2477 730 2503 tutelae
742 2477 878 2502 nimietate
893 2476 1028 2502 instritStus
1042 2482 1121 2511 atque
1175 2480 1250 2505 Idem
1266 2488 1316 2513 pro
1329 2480 1435 2506 Caecin.
1450 2488 1482 2512 43
1499 2489 1520 2505 c.
1535 2488 1560 2512 ις
1584 2480 1683 2515 Neque
1701 2481 1869 2507 coniectione
1883 2483 2012 2519 telorum,
2029 2486 2071 2512 sed
2087 2488 2160 2522 saepe
2173 2490 2226 2517 cla-

72 2512 267 2550 inflammatus,
283 2513 569 2547 intentusirfiararcus.
622 2514 726 2549 Proprie
738 2512 813 2539 Idem
825 2519 854 2538 10
865 2520 890 2546 p.
901 2520 970 2546 244,
986 2520 1017 2544 14
1046 2512 1121 2538 Ami·
1177 2523 1251 2541 morc
1272 2515 1328 2549 ipso
1349 2515 1484 2547 militum,
1511 2521 1555 2541 aut
1575 2515 1749 2542 instrufflone
1768 2516 1925 2551 aspeCquue
1944 2518 2092 2554 lignorum,
2117 2532 2224 2558 magnas

73 2555 139 2582 culis
152 2552 279 2580 feralibus
293 2551 426 2578 instriEtus
439 2556 518 2584 atque
531 2548 647 2576 obditus.
931 2582 936 2586 -
1133 2554 1165 2586 6,-
1177 2551 1265 2584 copias
1281 2551 1365 2584 pulsas
1386 2551 1434 2577 effe
1452 2557 1477 2577 et
1496 2550 1612 2577 vidimus
1634 2557 1660 2577 et
1680 2550 1840 2578 audiuimus.
1877 2553 1984 2581 Vitruu.
2002 2563 2024 2588 ς,
2039 2566 2062 2590 9.
2099 2558 2176 2586 Au&
2190 2560 2224 2587 ad

111 2597 121 2615 1
132 2595 154 2615 Ν
163 2595 177 2616 s
186 2594 235 2615 ΤΚ
244 2595 254 2614 1
264 2594 310 2615 CT
319 2593 340 2612 v
349 2594 378 2618 s,
398 2585 436 2612 fis.
464 2595 499 2612 m.
553 2584 640 2611 Catul.
653 2583 740 2611 Catm.
756 2589 797 2618 75,
810 2591 834 2610 ιι
860 2581 1067 2619 Ιηίὶιιᾶιιιῃςιιε
1079 2591 1120 2610 re·
1174 2587 1274 2615 Herem.
1296 2595 1323 2618 3,
1345 2595 1383 2612 10.

74 2625 158 2653 ducis.
201 2623 260 2650 Vid.
281 2623 373 2659 scalig.
428 2621 475 2648 Sed
487 2624 572 2648 variat
584 2617 666 2654 lesbio.
730 2620 788 2646 Vid.
811 2616 1020 2645 INSTRINGOJ
1214 2627 1496 2653 1NSTvaT0R,
1522 2621 1588 2647 oris.
1619 2630 1654 2648 1¹²·
1693 2619 1865 2656 [35⁰⁶W152'v‘]
1901 2624 1953 2659 Qui
1967 2632 2046 2660 parat
2065 2634 2090 2653 et
2109 2628 2222 2662 instruit.

110 2668 150 2688 1N
161 2664 364 2687 STRVCTlo
378 2676 387 2689 ,
422 2661 628 2684 INSTRVCT
639 2661 687 2682 OR
699 2674 709 2687 ,
744 2661 754 2680 1
765 2659 1022 2687 NSTRVCTVS,
1058 2660 1070 2680 Ι
1082 2659 1120 2680 N·-
1175 2657 1231 2684 Cic.
1248 2656 1306 2683 Post
1321 2655 1374 2683 red.
1393 2656 1421 2682 in
1439 2656 1496 2683 Sen.
1517 2665 1547 2691 14
1568 2666 1589 2682 c.
1610 2659 1627 2683 6
1663 2657 1702 2684 Hi
1730 2658 1787 2683 sunt
1807 2658 1974 2693 conditores,
1999 2662 2224 2701 instrufiloresque

73 2699 375 2724 STRVMENTVM.
417 2691 683 2718 Vid.1NSTRvo.
868 2696 874 2699 ²
1174 2692 1306 2719 conuiuii.

110 2737 121 2757 1
133 2737 155 2757 N
166 2736 268 2757 STRV
280 2736 317 2761 0,
334 2728 380 2760 xi,
400 2727 488 2760 emm,
507 2728 560 2753 ere.
602 2723 813 2760 [κατασκιυέξω]
869 2722 1003 2760 Significat
1014 2726 1119 2764 proprie
1131 2731 1168 2759 70
1211 2735 1220 2754 1
1233 2734 1254 2754 Ν
1267 2734 1279 2753 s
1289 2735 1310 2754 T
1321 2734 1339 2754 R
1349 2732 1393 2754 vc
1403 2733 1424 2753 'r
1435 2724 1489 2753 iil
1500 2733 1512 2754 s
1524 2746 1533 2759 ,
1552 2735 1576 2753 e.
1604 2725 1665 2754 Adi.
1703 2726 1822 2755 Tei-tull.
1836 2729 1867 2756 de
1881 2730 1975 2758 Anima
1990 2741 2010 2759 c.
2026 2742 2054 2766 ¹4
2065 2741 2106 2769 pr.

73 2767 222 2802 Apparere,
241 2771 395 2800 componere,
412 2771 525 2795 armare,
542 2770 647 2792 ornare,
666 2761 815 2787 machinari.
876 2761 906 2787 V.
925 2767 951 2794 g.
972 2760 1121 2785 Accusatio-
1210 2771 1220 2790 1
1234 2769 1254 2789 Ν
1266 2764 1479 2790 STRVCTVR
1490 2769 1526 2793 A,
1545 2771 1583 2789 ae.
1613 2763 1643 2790 f..
1671 2764 1791 2790 Frontin.
1806 2765 1881 2791 Sti-at.
1895 2774 1919 2797 2,
1931 2775 1954 2799 3,
1971 2775 2000 2802 ¹7
2024 2769 2220 2801 Turbauerunt

73 2811 135 2829 nem
150 2801 278 2828 instruere
288 2822 297 2835 ‚
315 2800 356 2826 vel
367 2798 499 2825 atffionem
513 2799 553 2825 vel
564 2797 653 2827 lltem3
687 2793 721 2829 {st
741 2796 837 2823 Literit
854 2804 884 2821 αθ
902 2793 1018 2828 “imbui'’
1043 2801 1119 2821 caete·-
1174 2798 1351 2826 Macedonum
1365 2797 1568 2831 instructuram,
1587 2800 1605 2824 i.
1626 2802 1710 2826 aciem.
1748 2799 1823 2835 Conf.
1836 2800 1928 2828 Isidor.
1947 2811 1982 2835 19,
1998 2812 2027 2829 10
2041 2812 2064 2831 et
2078 2811 2111 2836 18.

72 2835 156 2873 ,ἧψε
168 2834 362 2871 adprobandum
374 2833 514 2867 nec-qlJZ-zriis
525 2842 576 2859 eam
589 2832 724 2863 adornare,
740 2834 887 2865 munireque.
948 2830 1015 2856 Vnde
1024 2830 1119 2856 Instru—
1210 2841 1221 2861 1
1234 2841 1252 2860 Ν
1265 2841 1277 2860 S
1287 2841 1335 2861 ΤΚ
1345 2841 1397 2860 VM
1409 2840 1424 2859 E
1433 2841 1455 2859 N
1468 2840 1490 2859 T
1503 2839 1523 2859 v
1535 2840 1575 2866 M,
1602 2834 1621 2860 i.
1648 2843 1674 2860 n.
1717 2835 1839 2868 [τεῦχος,
1858 2837 1955 2871 σκεῦος]
1997 2839 2073 2867 Omne
2087 2842 2161 2874 illud,
2171 2852 2219 2879 quo

73 2878 193 2900 mentum
208 2871 261 2897 litis
272 2876 346 2897 vocat
359 2868 558 2904 Qine'tilianus
568 2876 604 2899 ιι,
618 2872 646 2899 8,
660 2875 687 2893 12
717 2866 846 2929 Qttffquid
865 2865 898 2892 ad
909 2864 1076 2906 instruendam
1088 2867 1119 2892 li·
1173 2872 1231 2905 quis
1244 2869 1278 2895 ad
1289 2869 1436 2905 operandum
1453 2871 1550 2895 vtitur:
1571 2870 1732 2904 Apparatus,
1746 2880 1791 2905 qno
1800 2871 1920 2915 fundus,
1933 2873 2049 2908 taberna,
2063 2884 2085 2902 et
2098 2877 2127 2903 id
2143 2888 2221 2914 genus

72 2915 139 2942 tem,
160 2907 189 2933 id
201 2905 233 2940 est
246 2906 342 2942 causam
350 2908 470 2940 pertinet.
522 2904 578 2931 Cic.
590 2912 640 2938 pro
654 2902 738 2930 Cluen
753 2922 759 2928 .
774 2907 799 2932 18
814 2911 839 2936 c.
844 2904 861 2928 6
880 2902 940 2928 Hoc
952 2910 1024 2928 enim
1033 2902 1117 2936 ipsum
1136 2905 1223 2932 75alsa
1238 2907 1263 2930 in
1289 2915 1301 2931 r
1320 2912 1404 2940 untur.
1439 2904 1626 2937 Instrumenta,
1644 2905 1780 2941 χρηςήρωι,
1792 2907 1897 2939 wycam,
1911 2909 2024 2943 ε’,γαλᾶα
2037 2912 2112 2938 Gloffi
2128 2914 2217 2948 Steph.

73 2943 221 2975 iudicium,
238 2941 288 2968 hoc
301 2940 465 2976 periculum,
481 2940 527 2967 illa
542 2938 704 2971 accusatiuo,
728 2938 814 2965 omnis
831 2937 934 2964 testium
947 2937 1031 2972 copia,
1052 2945 1117 2972 quae
1174 2939 1231 2968 Cic.
1244 2949 1293 2974 pro
1332 2949 1395 2966 omo
1408 2941 1438 2965 62
1466 2941 1496 2965 In
1511 2939 1624 2966 fundum
1639 2947 1725 2966 autem
1742 2941 1825 2967 vicini
1841 2941 1979 2977 Consulis,
1993 2954 2046 2972 non
2062 2948 2218 2976 instrumen-

74 2979 166 3008 futura
178 2977 230 3008 est,
251 2987 265 3003 a
278 2984 360 3003 matre
372 2977 453 3003 initio
467 2976 503 3003 est
516 2976 655 3006 adornata,
680 2982 696 3000 a
713 2979 796 3000 matre
817 2972 866 2999 hoc
879 2978 999 3008 ternpore
1014 2972 1117 2999 instrui-
1173 2982 1230 3002 tum
1251 2980 1296 3001 aut
1316 2980 1470 3002 ornamenta
1492 2975 1589 3009 villae,
1606 2975 1649 3002 sed
1669 2977 1748 3002 etiam
1769 2976 1876 3004 arbores
1897 2981 2130 3010 transferebantur.
2185 2987 2218 3012 Ec

72 3021 126 3042 tur.
188 3013 244 3040 Cic.
260 3021 308 3046 pro
326 3013 445 3039 Muraen.
461 3021 488 3039 22
508 3021 529 3038 c.
540 3020 558 3045 9
587 3010 635 3037 Tu
650 3009 784 3036 nationem
797 3008 912 3035 instituis
929 3020 934 3035 :
970 3009 1018 3034 ille
1035 3008 1117 3034 aciem
1174 3011 1252 3038 Acad.
1267 3020 1295 3043 4,
1308 3020 1318 3043 3
1332 3020 1354 3037 c.
1371 3019 1380 3036 1
1412 3011 1513 3036 Totius
1534 3011 1597 3037 belli
1618 3011 1793 3039 instrumento
1813 3020 1839 3039 et
1858 3022 1990 3048 apparatu.
2061 3019 2117 3047 Cic.
2137 3021 2215 3048 verr,

27 3053 31 3056 ”
72 3050 188 3078 instruit.
259 3048 309 3075 Tu
322 3047 399 3074 hosce
413 3047 524 3075 instrue:
558 3046 603 3074 hic
616 3054 667 3081 ego
681 3054 727 3071 ero
742 3045 798 3079 post
813 3044 942 3079 principia
969 3044 1037 3071 Ter.
1052 3045 1117 3071 Eun.
1173 3057 1202 3080 4,
1216 3049 1251 3081 67
1265 3055 1286 3072 c.
1300 3056 1338 3080 44
1368 3045 1492 3072 Hostium
1513 3046 1611 3080 spolia,
1625 3048 1788 3074 monimenta
1807 3049 2012 3083 imperatorum,
2028 3051 2122 3081 decora
2137 3062 2216 3090 atque

73 3095 110 3119 4,
122 3094 152 3120 7,
167 3094 197 3112 11.
232 3083 302 3112 Add.
316 3093 341 3110 v.
350 3084 404 3119 seq.
500 3082 589 3109 Armis
607 3081 713 3108 instruit
730 3081 815 3107 socios
851 3081 926 3115 Virg.
941 3081 1004 3106 Aen.
1025 3085 1055 3111 8,
1075 3085 1116 3109 80.
1132 3082 1164 3108 80
1172 3089 1326 3109 ornamenta
1341 3081 1480 3114 fanorum,
1502 3081 1608 3115 posthac
1627 3083 1668 3109 his
1683 3083 1820 3116 praeclaris
1834 3085 1987 3112 nominibus
2004 3088 2112 3120 amissis,
2133 3091 2160 3116 in
2176 3092 2217 3118 in-

73 3121 178 3149 Bellum
202 3120 294 3146 Iustin.
311 3128 336 3151 2,
354 3127 392 3152 ιο,
405 3127 440 3146 12.
478 3123 503 3151 8,
518 3126 540 3151 ς,
554 3126 579 3145 2.
591 3125 636 3144 etc.
703 3116 807 3151 leian.
822 3116 850 3142 in
863 3115 897 3142 l.1
912 3116 942 3142 D.
958 3115 989 3141 de
1003 3116 1061 3142 iure
1074 3124 1116 3149 pa·
1173 3119 1318 3144 strumento
1345 3126 1373 3143 ac
1394 3117 1550 3151 supellectili
1569 3119 1599 3145 C.
1621 3119 1712 3144 Verris
1726 3119 1943 3147 numerabuntur.
1996 3122 2140 3159 Suet.Aug.
2154 3135 2175 3152 c.
2185 3134 2215 3161 7¹

74 3163 147 3185 tron.
179 3156 211 3182 Et
228 3155 247 3182 si
260 3155 420 3182 calumniam
432 3153 548 3189 aliquam
562 3154 600 3181 eis
612 3152 751 3186 instruxit,
778 3152 820 3179 vel
834 3151 977 3179 delatorem
993 3151 1117 3177 suborna-
1173 3154 1203 3179 Et
1217 3153 1376 3180 Alexandria
1390 3160 1476 3187 capta,
1497 3153 1564 3180 nihil
1584 3160 1685 3188 praeter
1702 3154 1807 3180 calicem
1823 3163 1854 3180 ex
1871 3154 2045 3184 instrumento
2058 3162 2132 3194 regio
2151 3162 2215 3188 reti-

74 3193 126 3220 vit.
198 3191 307 3217 Classem
337 3190 426 3217 lustin.
441 3192 472 3222 6,
492 3198 521 3222 3,
542 3198 562 3217 ι.
653 3187 722 3214 Gell.
736 3197 767 3223 2,
781 3196 816 3221 24
848 3187 935 3214 Verba
948 3187 1034 3213 Laelii
1053 3187 1115 3213 haec
1171 3188 1270 3215 nuel-it.
1309 3190 1349 3215 Sic
1368 3189 1434 3223 apud
1454 3189 1634 3224 Iureconsuitot
1653 3188 1744 3215 titulus
1764 3187 1796 3222 qs}
1812 3189 1850 3215 De
1870 3190 1954 3217 fundo
1971 3192 2115 3227 instruCtO,
2136 3202 2162 3222 et
2176 3197 2216 3224 in—

75 3229 153 3259 sunt,
174 3225 270 3260 quibus
289 3225 387 3252 indicat
408 3225 538 3257 haedum,
564 3224 611 3260 qui
625 3223 657 3251 ad
675 3224 764 3259 epulas
780 3224 832 3250 fuit
844 3223 951 3253 allatus,
971 3222 1114 3255 dimiffinu,
1171 3225 1316 3251 strumento
1335 3224 1432 3258 legato.
1486 3223 1629 3259 Religiosas
1649 3224 1729 3250 vestes
1743 3233 1802 3250 cum
1821 3225 1896 3251 omni
1917 3227 2091 3257 instrumento
2105 3232 2215 3259 combu.

23 3292 26 3293 ⁷
75 3270 238 3295 coenamque
251 3262 288 3288 ita
300 3268 328 3288 vt
336 3262 377 3288 lex
392 3261 495 3288 Licinia
508 3261 626 3287 sanxiss'et
641 3259 744 3294 pomis,
762 3259 933 3292 oleribusque
952 3258 1116 3285 instructam.
1132 3258 1161 3287 85
1172 3269 1230 3287 rere
1242 3260 1311 3287 Suet.
1325 3259 1394 3286 Tib.
1408 3269 1429 3286 c.
1444 3261 1483 3291 36.
1556 3259 1688 3293 Subsidium
1708 3259 1742 3285 ad
1756 3261 1854 3296 aliquid
1872 3262 1998 3297 agendum.
2054 3265 2213 3294 instrumen-

31 3310 35 3311 ’
76 3297 245 3327 Concubinas
263 3297 396 3324 securibus
417 3296 546 3332 peltisque
566 3295 744 3323 Macedonicis
779 3295 847 3322 Suet.
871 3295 974 3321 Neron.
988 3303 1009 3319 c.
1022 3303 1059 3328 44
1070 3314 1078 3326 ,
1095 3302 1114 3320 1.
1171 3301 1228 3322 tum
1242 3296 1375 3322 causarum
1388 3300 1414 3322 et
1433 3303 1561 3329 generum
1579 3295 1701 3321 omnium
1727 3295 1782 3321 Cic.
1797 3297 1829 3323 cle
1840 3296 1914 3323 Orat.
1928 3307 1950 3330 2,
1963 3301 2018 3331 146.
2088 3302 2159 3328 Artis
2172 3303 2213 3330 in-

75 3335 146 3362 Ter.
157 3332 262 3360 Phorm.
273 3340 298 3364 2,
312 3340 332 3364 1,
345 3339 362 3367 7
387 3332 462 3359 Cedo
475 3333 574 3360 senem:
609 3331 663 3358 iarn
676 3330 803 3358 instruGta
814 3331 873 3357 sunt
882 3329 950 3356 mihi
962 3329 1041 3356 corde
1055 3338 1115 3355 con·
1171 3331 1344 3358 strumentum
1370 3331 1437 3357 Hor.
1458 3331 1537 3356 Serm.
1559 3337 1578 3360 ι,
1595 3339 1615 3361 3,
1636 3338 1679 3362 ¹3¹·
1751 3331 1894 3358 Doehinae
1923 3334 2000 3368 Apul.
2021 3335 2096 3369 Apol.
2119 3347 2142 3371 p.
2162 3347 2212 3371 331.

36 3370 37 3373 ’
75 3371 133 3398 filia
146 3368 245 3397 omnia.
313 3367 409 3401 Copias
432 3369 505 3396 Caes.
521 3369 548 3395 B.
561 3368 594 3394 G.
609 3375 636 3402 7,
651 3372 684 3396 18.
786 3366 862 3393 Dolis
877 3364 1018 3392 insti-ustus
1039 3365 1114 3399 virg.
1171 3367 1345 3394 Instrumenta
1363 3365 1446 3392 multa
1466 3365 1543 3391 habet
1563 3364 1645 3391 homo
1661 3365 1691 3391 ad
1711 3364 1904 3401 adipiscendam
1926 3370 2076 3403 sapientiam
2103 3374 2160 3400 Cic,
2179 3373 2212 3401 de

51 3414 52 3417 ’
74 3407 141 3434 Aen.
155 3414 175 3436 2,
189 3412 240 3437 152.
332 3403 388 3430 Cic.
400 3404 475 3431 Verr.
489 3413 522 3437 4,
537 3412 553 3438 9
573 3412 594 3429 c.
611 3412 623 3436 ς
660 3402 725 3429 Non
738 3401 809 3429 enim
822 3407 848 3429 te
861 3400 1114 3428 instruereDomum
1170 3402 1263 3437 Legib.
1281 3411 1300 3435 ι,
1313 3410 1344 3436 5¹9
1357 3412 1377 3428 c.
1393 3410 1428 3427 22.
1485 3400 1574 3440 *Idem
1596 3401 1624 3426 in
1638 3401 1717 3427 Catil.
1736 3410 1758 3434 2,
1776 3410 1794 3435 9
1828 3404 1916 3436 Quum
1938 3405 2080 3432 industriae
2098 3408 2211 3437 subsidia

74 3448 149 3469 tuam
170 3439 311 3467 voluerunt
329 3437 358 3464 in
377 3439 530 3475 prouincia,
561 3438 605 3466 sed
624 3438 701 3465 illum
717 3438 793 3464 vsum
811 3436 966 3473 prouinciae
986 3437 1113 3470 supplere.
1127 3442 1250 3473 90atque
1272 3438 1442 3464 instrumenta
1464 3437 1572 3462 virtutis
1594 3437 1621 3462 in
1651 3434 1766 3463 libidine
1797 3438 1957 3473 audaciaque
1984 3442 2209 3472 consumerentur.

19 3475 38 3501 ‘.
74 3477 171 3512 Epulas
195 3475 256 3501 Liu.
270 3482 301 3507 ς,
339 3493 345 3500 .
381 3492 388 3499 .
422 3479 445 3499 et
459 3477 508 3507 26,
519 3484 554 3507 13.
638 3474 734 3501 Filiam
746 3472 837 3500 dotare
850 3479 874 3499 et
890 3471 1019 3498 instruere
1045 3472 1114 3498 Suet.
1170 3474 1226 3500 Cic.
1241 3473 1273 3500 de
1286 3474 1360 3500 Orat.
1374 3481 1396 3505 3,
1413 3480 1454 3503 193
1474 3471 1513 3496 Ad
1526 3480 1638 3506 quorum
1652 3472 1857 3506 intelligentiam
1871 3483 1885 3500 a
1899 3481 1992 3501 natura
2005 3478 2093 3504 minus
2113 3479 2212 3508 habent

21 3516 24 3520 '
65 3513 152 3547 ‘Vesp.
171 3520 192 3537 c.
206 3518 240 3542 13·
310 3508 408 3543 Fraudi
427 3508 591 3537 instruendae
609 3509 745 3545 aliquanto
763 3508 891 3535 intentior
925 3507 985 3534 Liu.
1005 3516 1050 3539 23,
1076 3508 1113 3539 36.
1169 3509 1345 3536 instrumenti.
1416 3507 1490 3533 Idem
1504 3507 1535 3533 de
1549 3507 1619 3533 Clar.
1633 3507 1707 3533 Orat.
1728 3510 1780 3541 267
1808 3508 1983 3537 Instrumenta
2002 3518 2110 3540 naturae
2128 3523 2211 3548 vocat,

26 3546 31 3550 '⁴
43 3541 46 3543 ⁵
73 3548 139 3575 Plin.
154 3545 232 3581 Epist.
245 3549 270 3576 8,
284 3549 318 3576 18,
334 3552 356 3571 ιι
380 3543 442 3570 Fuit
455 3550 507 3571 tam
520 3546 639 3580 copiosus
644 3564 653 3577 ,
671 3552 699 3572 vt
713 3544 879 3579 amplillimos
893 3544 1003 3575 Hortos,
1018 3542 1113 3569 eodem
1167 3553 1283 3576 acumen,
1296 3542 1403 3580 gestum,
1415 3548 1439 3568 et
1457 3543 1552 3577 reliqua
1565 3542 1693 3582 idgmus,
1708 3551 1767 3577 quae
1785 3551 1800 3569 a
1813 3550 1904 3571 natura
1916 3550 2017 3581 potius,
2029 3558 2100 3584 quam
2115 3551 2144 3577 ab
2157 3559 2212 3578 arte

73 3592 130 3618 quo
143 3585 242 3609 emerat
255 3580 314 3610 die,
337 3579 492 3607 instruxerit
508 3580 631 3614 plurimis
649 3587 676 3607 et
695 3580 875 3615 antiquissimis
890 3578 986 3604 statuis.
999 3614 1007 3615 .
1057 3578 1114 3604 Cic.
1164 3580 1377 3618 preficzfiuntur:
1404 3586 1464 3613 quae
1487 3578 1553 3604 Caio
1567 3578 1662 3618 .¹³¹s0¹¹}
1689 3587 1715 3618 a·
1730 3583 1822 3605 natura
1847 3579 1957 3607 adfuisse
1982 3582 2086 3616 tqslarur
2113 3587 2209 3614 ibidem,

74 3619 127 3647 Off,
141 3627 164 3651 3,
177 3625 207 3649 39
233 3615 304 3641 Emit
316 3614 399 3641 homo
412 3614 522 3648 cupidus
533 3621 559 3642 et
570 3616 683 3652 locuples
696 3616 772 3649 tanti,
787 3616 877 3650 quanti
891 3613 996 3646 Pythius
1008 3613 1111 3646 voluit,
1128 3619 1159 3646 95
1170 3616 1343 3642 instrumenta
1352 3613 1418 3654 artis
1430 3618 1455 3639 et
1472 3619 1586 3639 oratoris
1606 3612 1736 3646 Quinctil.
1751 3622 1785 3645 12,
1800 3622 1822 3648 ς,
1835 3621 1853 3640 1.
1924 3616 2079 3653 Naturalia,
2092 3630 2160 3654 vox,
2175 3622 2210 3648 Ia-

74 3660 101 3681 et
118 3653 183 3681 emit
202 3650 352 3678 instruftos.
408 3649 437 3675 de
455 3650 556 3678 Hortis.
645 3652 751 3679 Insidias
789 3652 845 3678 Cic.
865 3659 912 3685 pro
937 3649 1040 3676 Cluent.
1061 3654 1112 3681 189.
1168 3656 1209 3677 tus
1222 3651 1302 3677 decor
1319 3649 1424 3688 ibid-5.
1460 3648 1526 3688 Adci.
1541 3657 1575 3680 ιε,
1590 3656 1622 3680 ιι,
1636 3657 1678 3681 24.
1730 3648 1935 3678 instrumentum
1957 3653 1986 3679 in
2009 3654 2087 3682 bonis
2109 3657 2208 3683 artibus

28 3713 30 3715 ,
74 3684 183 3716 Insidias
195 3685 264 3713 mihi
281 3685 409 3711 instruens
441 3684 526 3712 Catul.
542 3695 585 3719 19,
603 3694 630 3723 7.
732 3687 797 3714 Plin.
815 3688 843 3714 in
858 3688 948 3719 Paneg.
969 3694 990 3711 c.
1005 3692 1036 3719 75
1049 3690 1113 3710 extr.
1168 3686 1350 3720 comparandis
1366 3684 1423 3723 Cic.
1441 3683 1472 3724 de
1487 3685 1544 3710 Fin.
1560 3692 1584 3716 z,
1598 3691 1647 3710 110.
1713 3683 1803 3710 Tacit.
1816 3685 1884 3712 Hist.
1897 3696 1924 3720 4,
1937 3695 1962 3722 7,
1976 3691 1994 3715 6
2026 3690 2136 3717 Nullum
2154 3699 2207 3717 ma.

71 3725 138 3753 Non
152 3721 330 3751 instruendum
349 3720 402 3746 illis
421 3721 474 3746 Iter
491 3720 522 3746 ad
542 3721 638 3749 bonam
650 3723 770 3756 famam,
793 3723 835 3749 sed
855 3731 907 3748 non
929 3720 1113 3746 deserendum:
1168 3721 1210 3747 ius
1227 3721 1294 3747 boni
1315 3719 1422 3754 imperii
1442 3718 1660 3758 instrumentum,
1679 3728 1756 3753 quam
1777 3719 1860 3747 bonos
1880 3723 1986 3750 amicos.
2058 3726 2140 3759 Regni
2165 3725 2207 3751 in„

72 3769 129 3787 non
141 3756 317 3786 submouenda
331 3755 460 3786 adulatio,
486 3755 530 3782 sed
541 3765 595 3782 non
607 3758 751 3786 reducenda
764 3758 808 3785 est.
885 3757 967 3784 Plaut.
980 3756 1074 3790 Amph.
1088 3763 1114 3785 ι,
1168 3756 1340 3783 strumentum
1355 3755 1410 3782 Cic.
1423 3755 1494 3780 Brut.
1508 3763 1535 3787 4.
1554 3753 1620 3779 ibid.
1635 3761 1660 3786 ις
1683 3754 1730 3781 Sed
1745 3755 1947 3785 instrumentum
1960 3760 2032 3793 regni
2047 3760 2160 3786 delatum
2173 3760 2206 3787 ad

74 3804 97 3826 ι,
112 3798 147 3822 66
166 3795 224 3822 Nos
237 3792 336 3819 nostras
349 3800 424 3817 more
436 3790 542 3822 nostro,
558 3797 584 3817 et
597 3792 859 3822 modoinstruximus
868 3792 1010 3827 Legiones:
1047 3791 1111 3817 item
1120 3792 1299 3826 100Lepidum
1313 3797 1338 3818 et
1353 3791 1508 3816 Antonium.
1529 3792 1552 3828 i..
1568 3790 1655 3824 Copiae
1667 3788 1718 3823 (vt
1731 3793 1819 3826 vulgus
1833 3794 1855 3818 10
1873 3796 1963 3828 uitur)
1974 3795 2092 3828 Catyaris.
2147 3796 2204 3822 Cic.

73 3830 162 3858 hostes
173 3835 278 3861 contra,
304 3829 360 3854 suas
374 3826 514 3853 instruunt.
609 3828 677 3854 Ter.
690 3829 754 3857 Eun.
769 3839 803 3863 4,
820 3840 847 3862 7,
868 3838 890 3855 ιι
922 3828 969 3854 Tu
984 3826 1060 3853 hosce
1074 3826 1114 3852 in·
1168 3835 1217 3860 pro
1232 3827 1328 3853 Milon.
1342 3835 1369 3858 33
1389 3835 1409 3851 c.
1427 3833 1453 3851 12
1487 3823 1605 3856 Exhibe,
1617 3826 1728 3865 quaeso,
1741 3826 1816 3852 Sexte
1836 3828 1858 3854 C
1871 3829 1932 3860 odi,
1946 3829 2043 3855 exhibe
2063 3829 2204 3856 librarium

40 3880 45 3888 s
74 3866 159 3892 strue:
194 3864 238 3892 hic
257 3872 307 3898 ego
324 3871 370 3889 ero
385 3861 442 3896 post
455 3861 598 3896 principia:
633 3862 695 3889 inde
714 3865 837 3892 omnibus
854 3865 954 3899 signum
973 3862 1050 3889 dabo.
1079 3867 1111 3888 G.
1167 3862 1235 3888 illud
1252 3860 1340 3896 legum
1354 3861 1515 3891 vestrarum,
1529 3861 1606 3900 ⁸quod
1625 3868 1651 3886 te
1665 3867 1738 3888 aiunt
1752 3862 1873 3896 eripuilse
1886 3872 1901 3889 e
1914 3864 2004 3894 domo,
2018 3870 2063 3889 ecc.
2084 3871 2111 3890 vt
2132 3873 2205 3897 prae-

73 3901 139 3927 illuc
152 3900 188 3928 est
200 3902 301 3934 sapere:
335 3905 364 3925 vt
381 3897 457 3923 hosce
470 3897 602 3923 instruxit.
672 3898 772 3926 Locum
785 3900 886 3927 insidiis
918 3899 976 3926 Liu.
991 3900 1024 3933 6,
1060 3917 1066 3923 .
1105 3918 1111 3924 .
1167 3897 1266 3923 clarum
1285 3896 1346 3924 inde
1365 3904 1459 3922 munus
1479 3903 1507 3921 ac
1527 3895 1727 3922 instrumentum
1752 3898 1898 3924 tribunatus
1917 3897 1949 3923 ad
1967 3898 2081 3932 aliquem
2101 3900 2202 3927 deferre

73 3935 149 3963 Idem
161 3934 204 3970 34,
217 3939 245 3962 6ι
271 3934 421 3961 Aristonem
435 3932 566 3967 quendam
579 3932 698 3964 Tyrium
709 3934 850 3970 aduenam,
869 3934 1024 3966 instruftum
1038 3933 1112 3959 Man-
1166 3932 1249 3968 pollis.
1318 3932 1373 3959 Cic.
1388 3932 1439 3957 Att-
1455 3938 1480 3964 7,
1495 3935 1508 3960 8
1535 3930 1661 3958 Soluendi
1682 3932 1740 3958 sunt
1761 3934 1835 3959 numi
1857 3933 1975 3964 Caesari,
1994 3940 2021 3959 et
2047 3934 2203 3961 instrumen-

72 3970 140 4000 datis
152 3970 186 3999 ab
197 3969 342 4004 Annibale,
364 3974 390 3996 et
403 3967 436 3997 ab
449 3966 583 3997 Antiocho
595 3967 675 4000 teste,
698 3968 807 3998 venisse.
864 3968 872 3971 '⁷
893 3970 1035 3999 Materiam
1046 3968 1221 4000 fals0105tum
1235 3966 1366 4004 triumphi
1385 3975 1420 4028 eg
1435 3964 1634 3994 conferendum.
1669 3967 1742 4005 Conf,
1756 3968 1825 3995 Suet.
1839 3967 1910 3995 Caes.
1924 3975 1946 3993 c.
1959 3974 1990 4002 ³7
2002 3975 2025 3995 ee
2037 3974 2078 4002 84.
2148 3971 2202 4009 γε.

1359 4008 1378 4036 ’Ζ
1440 4009 1454 4027 2
2067 4009 2202 4033 natonum
