2479 4225
649 208 798 250 E'X
887 205 929 245 T

263 302 338 336 stigia
357 301 416 328 Liu.
433 309 466 332 31,
504 320 510 326 .
536 320 555 327 Ι.
645 298 700 326 Cic.
721 306 768 332 pro
788 296 862 323 Rosc.
881 294 970 320 Amer.
992 294 1023 320 62
1055 293 1128 319 Haec
1151 298 1234 326 quum
1254 289 1303 316 fine

265 338 353 364 omnia
363 357 370 368 ,
391 343 476 362 tamen
491 340 580 362 extent
594 340 700 369 oportet
713 332 826 370 express'a
837 329 941 369 sceleris
952 329 1080 369 ¹Vestigia,
1102 335 1146 354 etc.
1218 327 1304 366 Voces

268 378 356 399 extant
369 372 491 406 grauiora
504 371 602 398 iudicia
615 370 646 396 de
663 366 840 404 potentiffinus
855 363 1019 397 hominibus,
1036 373 1115 399 quam
1129 361 1231 388 tabulae
1247 362 1303 401 Cic.

269 408 301 434 de
317 408 406 441 Legib.
419 415 441 439 3,
455 414 490 439 33.
684 402 703 440 ‘ij
724 412 735 434 3
775 401 831 435 Obs.
868 400 999 433 Qinffil.
1013 409 1051 432 10,
1074 408 1098 431 1,
1121 406 1160 430 123
1192 397 1305 424 Tullius

270 450 299 469 vt
314 442 430 477 vbique,
452 443 530 469 etiam
547 442 573 467 in
588 440 635 466 hoc
648 445 742 472 opere,
762 436 877 462 Platonis
891 435 1007 462 aemulus
1021 434 1137 465 exstitit,
1156 436 1174 459 i.
1189 433 1307 459 aemulum
1330 441 1345 468 5

266 478 295 515 se
314 476 427 511 ostendit.
551 475 603 501 Cic.
619 482 674 507 ‘pro
689 471 766 497 Arch.
781 479 805 503 13
836 471 891 505 Ego
910 471 1007 497 multos
1025 470 1146 497 homines
1168 467 1309 494 excellenti

272 514 364 540 animo
379 523 406 540 ac
420 513 518 540 virtute
533 510 619 538 fuiss'c,
640 513 665 533 et
680 507 731 533 fine
745 506 881 539 doctrina,
900 515 1008 533 naturae
1027 506 1104 541 ipsius
1118 503 1212 531 habitu
1228 511 1310 537 prope

277 549 387 581 diuino,
404 558 449 583 per
462 547 552 580 seipsos
567 549 591 569 et
604 542 752 569 moderatos
772 547 797 568 et
811 551 901 576 graues
915 542 1037 568 exstitiffe
1054 541 1141 568 fateor
1151 559 1159 571 ,
1186 542 1204 566 i.
1220 537 1311 578 fodior

277 584 333 618 asse,
353 591 375 611 et
388 585 416 620 st
431 577 601 612 dcnmnstraffiu
673 577 769 610 Quales
789 577 841 604 tibi
861 578 934 612 saepe
951 577 1053 612 scripti,
1073 575 1199 614 Consules
1219 580 1312 600 extite-

275 614 339 648 tunt
360 620 414 646 Cic.
432 617 461 643 ad
476 617 545 641 llrut.
575 632 581 638 .
610 632 616 639 .
651 616 669 639 i.
684 613 737 648 stse
750 622 775 639 eo
786 611 863 648 Ραξῗο
877 612 1007 650 gesti-runt.
1077 612 1152 638 Extat
1162 611 1314 645 szpliCitcr

279 666 333 682 cum
348 654 488 689 Infinitum,
524 649 600 674 intell.
620 651 647 673 in
667 646 805 675 Auctor-um
823 647 896 675 [ibris
915 658 939 675 eo
950 648 1044 685 fiuzsu,
1065 654 1095 674 vt
1112 653 1169 673 ante
1185 645 1314 672 habuimus

281 691 364 717 literis
378 688 462 714 exstet.
548 684 603 711 Cic.
618 684 645 709 in
658 684 730 710 Brut.
751 691 781 718 57
815 685 986 716 Qienrvero
1008 688 1094 715 extet,
1115 688 1140 708 et
1159 681 1191 707 de
1210 690 1264 716 quo
1284 680 1314 706 fit

281 724 423 751 memoriae
442 718 575 754 proditum
595 719 762 753 eloquentem
781 719 874 752 fuiss'e,
894 724 919 746 et
940 720 977 746 ita
991 720 1039 746 effe
1058 717 1194 748 habitum,
1214 716 1315 751 primus

281 761 315 786 est
331 760 364 784 M.
377 754 515 783 Cornelius
532 753 661 788 Cethegus
675 765 680 780 :
705 755 780 781 cuius
794 754 961 789 eloquentiae
981 754 1016 780 cst
1035 753 1145 785 auctor,
1165 758 1191 778 et
1203 752 1315 778 idoneus

280 803 337 821 mea
349 791 455 825 quidem
468 790 602 819 sententia,
625 791 658 822 Q.
672 791 778 820 Ennius,
796 797 842 816 etc.
912 791 961 816 Pro
975 790 1163 825 Supereminere,
1177 786 1316 823 praestare,
1335 799 1361 827 ις

280 827 402 857 excellcre,
429 835 482 851 cum
500 825 648 861 Accusatiuo
666 826 753 861 posuit
778 826 874 852 Statius
894 825 1083 860 Epithalamio,
1103 834 1128 851 v.
1143 826 1185 850 116
1212 823 1240 850 de
1258 823 1316 850 Vio-

277 862 375 892 [antula
388 861 481 898 sponsa
491 879 500 892 ,
766 891 769 893 ⁴

487 910 532 914 —
568 895 671 928 Latias,
691 896 802 928 metire,
822 895 886 930 quid
905 895 973 922 vltra

432 931 550 957 Emineat
569 937 674 958 matres.
711 933 847 965 Qantum
868 932 980 958 Latonia
997 930 1124 965 nymphas

435 967 520 1001 Virgo
533 967 646 1000 premit,
664 974 844 1001 quantumque
859 973 961 1001 egomet
976 967 1106 993 Nereidas
1120 965 1200 993 exsto.

315 1008 393 1030 EX'r
404 1008 423 1027 Α
435 1009 456 1028 N
467 1009 496 1034 S,
521 1003 599 1028 antis.
635 1003 727 1030 Partic.
766 1003 862 1037 Virgil.
878 1004 942 1030 Aen.
956 1005 988 1034 6,
1003 1005 1050 1033 668
1074 1001 1200 1029 Humeris
1220 999 1320 1026 exstan-

279 1044 332 1064 tem
345 1038 449 1072 suscipit
462 1037 530 1063 altis.
583 1037 627 1064 Ad
642 1045 712 1065 armti
726 1038 799 1073 saepe
817 1045 840 1064 et
858 1040 961 1065 vulnera
977 1037 1097 1073 refertur.
1156 1038 1216 1063 Stat.
1225 1035 1319 1062 Theb.

280 1081 304 1106 ς,
318 1082 363 1106 252
385 1074 438 1099 Hie
452 1073 571 1108 impressa
590 1074 655 1099 toris
677 1082 739 1106 ora,
763 1073 942 1109 exstantesque
958 1073 1063 1100 reclufis
1076 1072 1231 1101 petitoribus
1244 1080 1321 1105 capu-

280 1109 328 1136 los.
383 1108 505 1143 Graphice
523 1109 593 1134 idem
612 1117 638 1143 7,
653 1117 703 1142 594

433 1143 510 1175 Ter,
528 1150 631 1178 quater,
651 1143 765 1171 adducto
784 1153 831 1179 per
849 1150 921 1179 terga
942 1153 988 1178 per
999 1143 1052 1170 ,ilia
1070 1143 1145 1171 ferro

433 1179 586 1213 Traufigit,
612 1180 673 1206 illae
689 1187 792 1210 autem,
813 1180 893 1214 longo
916 1189 974 1206 cum
996 1179 1081 1205 limite
1104 1179 1154 1205 fusi

432 1215 586 1248 Sanguinis,
614 1215 646 1241 ad
665 1222 752 1249 portas
774 1216 898 1250 vtrinque
922 1215 1049 1242 exstantia
1071 1214 1170 1242 ducunt
1193 1227 1195 1230 ⁴

432 1250 537 1284 Spicula
553 1250 727 1277 semianimes.
803 1251 831 1277 de
848 1251 1005 1287 Tigridibus.

279 1284 351 1311 Idem
367 1284 432 1311 ibid.
447 1288 499 1320 769
518 1286 536 1311 Ε
547 1285 642 1312 mediis
656 1286 782 1312 exstantes
796 1286 889 1313 ossibus
903 1286 984 1313 hastas
998 1285 1107 1312 Auellit.
1179 1283 1319 1318 Comparat.

279 1322 340 1346 Stat.
350 1320 440 1346 Theb.
451 1330 476 1353 9,
486 1329 533 1353 455
551 1322 659 1355 Iamque
672 1323 748 1356 super
760 1322 828 1356 ripas
842 1329 955 1357 vtroque
971 1321 1113 1349 exstantior
1126 1319 1183 1346 ibat
1206 1320 1357 1356 Aggere-30

278 1357 366 1382 Venae
380 1356 407 1381 in
422 1357 497 1382 vultu
514 1356 685 1384 exstantiores
699 1357 768 1384 Cael.
782 1357 966 1385 Aurel.Tard.
980 1367 1000 1389 1,
1015 1366 1038 1390 ς.

314 1394 572 1424 ΓΧΤΑΤῠΚνε,
591 1402 615 1422 a,
635 1402 688 1419 um.
712 1394 781 1420 Part.
804 1393 930 1428 [ἔξέχων]
954 1394 1068 1428 aSupino
1082 1390 1225 1418 Exstatum.
1251 1389 1319 1416 Plin.

277 1434 315 1461 17,
330 1435 362 1453 22
382 1428 506 1453 Extatura
521 1428 666 1454 etiamnum
681 1428 780 1455 duabus
793 1429 912 1463 gemmis.

313 1470 328 1488 E
339 1470 356 1488 x
366 1469 415 1488 ΤΛ
426 1469 445 1487 N
456 1470 493 1489 ’1-1
507 1470 525 1488 A
535 1483 543 1496 ,
564 1472 601 1489 ac.
627 1463 646 1490 f.
684 1464 794 1497 [ἑξαχῆ]
830 1463 961 1490 Columel.
974 1470 996 1495 ς,
1012 1470 1034 1495 5,
1047 1462 1151 1496 12²Ipsa
1165 1460 1250 1495 capita
1263 1459 1317 1486 fine

276 1498 329 1524 vlia
345 1499 475 1531 extantia,
491 1508 579 1533 neque
595 1505 695 1530 aratro,
716 1508 802 1533 neque
822 1498 908 1525 bubus
924 1498 1043 1525 obnoxia
1054 1498 1129 1530 sunt,
1158 1500 1175 1525 i.
1190 1495 1246 1531 Jine
1265 1495 1367 1537 υίλαός7

276 1542 312 1565 ff,
333 1543 392 1568 quae
407 1537 517 1565 erm'nmt,
535 1536 574 1560 cel
586 1533 668 1566 millet.
739 1534 809 1561 Cael.
823 1535 914 1561 Aurei.
929 1535 958 1562 T
960 1534 1015 1560 ard.
1028 1542 1055 1567 4,
1067 1542 1089 1565 3.
1119 1539 1144 1559 et
1157 1541 1177 1566 1,
1192 1540 1214 1565 ς.
1268 1532 1317 1557 Ex-

277 1567 399 1600 staiitiae,
419 1569 517 1601 ἓξοχαῖ,
534 1571 592 1595 Vct.
609 1570 688 1595 Gloss‘.

314 1610 329 1629 E
339 1610 414 1630 XTO
426 1610 442 1628 L
453 1610 470 1629 L
481 1610 516 1636 Ο,
535 1605 634 1636 extuli,
651 1606 747 1631 elHtum
757 1625 764 1636 ,
785 1607 838 1632 ere.
875 1604 1024 1641 [ὖπεραι’ρω,
1040 1605 1227 1640 μεγαληγορέω,
1248 1601 1315 1629 ἔκκε-

277 1637 360 1672 φίζω]
406 1640 437 1664 In
456 1640 532 1664 altum
551 1640 649 1671 tollere,
670 1647 699 1665 vt
718 1640 825 1672 Efferre,
854 1651 869 1667 a
889 1650 934 1677 quo
954 1651 1006 1666 rum
1028 1642 1193 1666 Praeteritum
1217 1647 1317 1665 commo—

277 1673 334 1699 dato
355 1674 420 1699 velut
433 1673 533 1707 simius,
553 1673 649 1708 postiint
669 1676 723 1700 illue
736 1675 837 1709 formae
851 1685 923 1711 aequo
944 1679 996 1702 iure
1014 1675 1047 1701 nd
1064 1683 1193 1710 utrumque
1212 1674 1316 1701 Verbum
1324 1690 1361 1715 40

275 1718 303 1735 νε
321 1711 380 1734 εννὶ.
415 1709 510 1742 Via-gil.
526 1710 621 1742 Georg.
637 1718 661 1741 z,
676 1712 720 1741 169
746 1711 843 1736 Extulit
858 1711 919 1737 haec
935 1712 1038 1736 Decios.
1094 1711 1175 1736 Plaut.
1190 1709 1284 1743 Amph.
1296 1717 1317 1742 ς,

279 1752 299 1774 1,
313 1751 340 1775 ,⁶2
368 1744 503 1770 Continuo
516 1744 645 1770 extollunt
659 1744 738 1771 ambo
752 1745 843 1778 capita.
917 1747 1055 1772 Armatum
1069 1746 1097 1771 in
1110 1745 1222 1770 sublime
1244 1746 1316 1770 Hirt.

279 1779 305 1804 B.
319 1779 377 1805 Afr.
400 1788 421 1804 c.
436 1784 476 1811 84.
549 1781 602 1805 Cic.
623 1789 670 1813 pro
689 1780 772 1806 Plane.
793 1788 818 1811 33
842 1789 862 1805 c.
880 1788 903 1811 13
935 1780 989 1806 Vbi
1008 1781 1054 1806 illa
1071 1780 1179 1812 antiqua
1198 1779 1316 1809 libertas,

277 1822 344 1847 quae
355 1813 429 1838 malis
441 1815 556 1847 oppressa
570 1814 695 1840 ciuilibus
710 1815 837 1842 extollere
857 1816 910 1841 iam
925 1821 1014 1849 caput,
1034 1820 1060 1841 et
1076 1813 1219 1848 aliquando
1233 1821 1316 1838 recre-

275 1855 317 1874 ata
332 1849 357 1873 se
373 1848 474 1881 erigere
488 1848 599 1874 debebat
615 1850 623 1874 ζ
694 1851 723 1875 In
743 1851 873 1883 gremium
895 1851 969 1876 suum
986 1850 1133 1876 liberorum
1152 1857 1182 1874 ex
1197 1849 1222 1874 se
1236 1856 1316 1883 genus
1324 1858 1356 1884 43

275 1882 402 1908 extollere
417 1881 488 1908 Idem
503 1882 530 1907 in
544 1883 617 1908 Orat.
639 1890 686 1914 133.
724 1886 761 1909 Ex
774 1885 877 1919 quodam
892 1887 975 1911 Poeta.
1084 1885 1163 1910 Plaut.
1173 1883 1246 1917 Epid.
1263 1883 1317 1916 epi-

277 1918 330 1952 log.
346 1926 362 1943 2
387 1917 519 1948 Plaudite,
539 1917 643 1943 valete:
666 1917 782 1944 Lumbos
797 1919 928 1952 extollite,
947 1925 1026 1952 atque
1040 1919 1181 1951 exsurgite.
1228 1918 1318 1942 Onera

276 1954 305 1980 in
320 1954 434 1979 iumenta
452 1953 538 1978 Varro
553 1953 583 1978 R.
597 1953 627 1978 R.
642 1961 662 1982 2,
680 1960 717 1984 10,
732 1961 752 1984 3.
843 1954 879 1979 Os
894 1954 993 1979 sacrum
1007 1953 1101 1978 extulit
1121 1952 1195 1977 caclo
1209 1951 1318 1976 Lucifer

277 1988 375 2022 Virgil.
390 1988 453 2013 Aen.
467 1992 489 2019 8,
503 1996 554 2020 59¹·
622 1988 720 2014 Primas
735 1987 863 2014 extollens
879 1988 982 2021 gurgite
997 1988 1094 2021 palmas
1108 1987 1224 2020 Propert.
1235 1993 1259 2016 2,
1274 1993 1317 2017 20,

278 2033 309 2050 11.
376 2023 520 2050 Perculsum
539 2022 593 2056 ipsa
607 2023 762 2056 Respublica
780 2023 901 2049 manibus
916 2023 966 2049 suis
979 2022 1086 2049 extollit
1099 2022 1154 2048 Cic.
1169 2029 1217 2056 pro
1230 2021 1317 2046 Domo
1326 2027 1359 2053 50

278 2060 322 2086 sua
339 2068 379 2092 119
397 2068 419 2084 c.
433 2065 474 2091 45.
545 2058 690 2091 Pugionem
711 2059 748 2084 Id.
762 2058 874 2092 Philipp.
891 2067 913 2090 2,
925 2063 954 2088 28
982 2068 1002 2084 c.
1017 2065 1050 2084 12.
1123 2057 1196 2083 Vites
1215 2057 1317 2090 erigere

279 2102 304 2121 et
318 2094 443 2121 extollere
463 2093 518 2119 Cic·
532 2092 564 2119 de
578 2094 634 2119 rin.
648 2101 670 2126 5,
683 2102 720 2125 39.
812 2093 853 2119 Sic
869 2099 993 2127 vrgetur,
1013 2100 1040 2119 vt
1058 2098 1171 2126 nequeat
1190 2093 1215 2118 se
1236 2091 1319 2118 extol-

279 2131 334 2156 lere
346 2130 419 2156 idem
431 2129 515 2155 Tusc.
529 2137 554 2160 2,
565 2136 605 2161 54,
699 2128 831 2156 Extollere
845 2128 1055 2163 indignationem
1064 2148 1072 2160 ‚
1099 2128 1254 2156 Vehementer
1267 2130 1319 2154 ira-

271 2165 329 2202 fii,
350 2164 465 2192 laudatur
480 2164 544 2189 Plin.
560 2163 637 2199 Epist.
652 2169 675 2195 8,
690 2166 707 2190 6
730 2170 794 2191 extr.
855 2164 902 2191 Sed
917 2163 983 2191 rec'ie
997 2171 1059 2200 puto
1079 2166 1116 2189 ita
1135 2172 1151 2190 a
1164 2173 1200 2189 mc
1218 2163 1319 2194 editum,

278 2201 354 2233 Scio,
379 2209 458 2234 quam
479 2199 508 2225 iit
526 2199 578 2225 tibi
595 2199 671 2225 viuus
690 2205 716 2224 et
734 2199 863 2232 ingenuus
880 2200 1002 2226 animus:
1029 2199 1143 2233 ideoque
1155 2198 1260 2225 facilius
1274 2198 1355 2233 est‚55

277 2243 307 2263 vt
327 2245 369 2262 me
389 2243 547 2270 quamquam
568 2234 748 2268 indignatione
766 2234 923 2269 quibusdam
943 2236 970 2260 in
984 2235 1048 2261 locis
1062 2234 1166 2261 fortaffe
1183 2234 1252 2261 vltra
1266 2234 1320 2268 epi-

278 2272 359 2298 stolae
373 2270 481 2297 modum
495 2269 649 2301 extulerim,
665 2278 758 2304 parum
775 2269 899 2301 doluiffe,
919 2279 999 2305 quam
1018 2270 1105 2296 minus
1124 2269 1221 2296 credas.
1274 2270 1319 2296 Me

278 2307 390 2343 refertur
403 2312 454 2332 tum
467 2305 501 2331 ad
510 2305 649 2331 extulerim
659 2324 667 2336 ‚
687 2312 737 2331 tum
751 2305 785 2332 ad
796 2305 894 2331 credas.
954 2306 1035 2332 Plaut.
1051 2305 1127 2332 Most.
1146 2314 1165 2337 1,
1179 2314 1202 2337 2,
1216 2314 1246 2338 41
1265 2305 1321 2332 Pri-

278 2351 352 2370 mum
371 2341 448 2371 dum,
475 2346 610 2373 parentes,
631 2340 704 2367 fabri
723 2338 840 2368 liberum
861 2342 934 2372 sunt,
955 2347 979 2366 et
1000 2340 1202 2366 fundamentum
1221 2340 1320 2366 libero-

279 2387 339 2404 rum
353 2376 516 2403 substruunt:
541 2375 686 2408 extollunt,
705 2381 796 2409 parant
808 2375 897 2401 sedulo
911 2376 1103 2402 infirmitatem.
1177 2375 1319 2406 Extollere,
1327 2378 1362 2403 60

279 2412 391 2440 Differre
412 2411 438 2437 in
452 2410 523 2437 aliud
545 2417 654 2444 tempus.
693 2411 800 2437 Caelius
819 2410 924 2442 Ploti0,
951 2411 1003 2436 Abi
1021 2411 1109 2443 intro,
1127 2416 1205 2444 atque
1222 2409 1320 2436 isthaec

278 2448 370 2478 aufer,
389 2452 478 2473 tamen
490 2445 571 2472 hodie
583 2446 692 2472 extollat
711 2445 823 2480 nuptias.
864 2445 985 2477 Nonius,
1022 2465 1029 2472 .
1067 2465 1072 2471 .
1109 2465 1117 2472 .
1186 2444 1321 2471 Extollere

277 2483 368 2510 verbis
381 2482 513 2517 praeclara
526 2481 646 2515 ingenia,
666 2483 799 2513 amicare,
812 2481 918 2515 plurimi
923 2481 1020 2517 facere.
1059 2480 1159 2507 Sallust.
1173 2481 1250 2507 Catil.
1271 2489 1291 2506 c.
1307 2484 1321 2509 8

277 2520 317 2546 Ita
332 2527 442 2550 eorum,
462 2517 509 2552 qui
522 2526 551 2543 ea
565 2517 661 2548 fecere,
682 2522 752 2543 tanta
764 2515 906 2548 habentur,
922 2522 1048 2550 quantum
1061 2525 1091 2542 ea
1104 2516 1194 2542 verbis
1209 2521 1321 2550 potuere

278 2555 407 2581 extollere
427 2553 558 2587 praeclara
577 2552 691 2587 ingenia.

280 2590 309 2616 in
323 2590 408 2615 maius
420 2588 508 2614 verbis
523 2589 686 2614 extollentes.
757 2586 823 2613 Plin.
833 2588 877 2621 Ep.
888 2595 909 2618 3,
925 2595 946 2613 11
962 2594 1005 2622 pr.
1036 2587 1076 2612 Est
1092 2586 1255 2613 Artemidori
1268 2592 1322 2611 tam

279 2625 392 2659 benigna
407 2629 513 2655 natura,
534 2629 561 2650 vt
574 2623 661 2650 officia
675 2622 822 2649 amicorum
836 2623 864 2648 in
878 2622 961 2649 maius
975 2622 1093 2649 extollat.
1167 2622 1301 2647 Contraria
1314 2630 1322 2647 ,-

282 2661 339 2687 Cic.
363 2660 390 2686 in
412 2659 497 2684 Pison.
517 2667 545 2691 41
577 2660 630 2684 Vos
649 2667 733 2683 meam
754 2658 889 2685 fortunam
903 2658 1077 2692 Deprintitis,
1095 2657 1206 2684 vestram
1218 2655 1324 2683 extolli-

281 2697 326 2723 tis.
394 2696 481 2727 Qicm
496 2693 603 2719 virtutis
615 2692 698 2726 gloria
713 2701 772 2717 cum
786 2693 884 2719 summa
898 2693 973 2720 laude
987 2693 1018 2720 ad
1032 2693 1132 2719 caeluni
1147 2692 1252 2724 extulit,
1262 2700 1324 2718 eun-

283 2731 343 2757 dem
363 2730 536 2756 inimicorum
551 2728 654 2754 inuidia
672 2727 845 2761 indiguissime
866 2729 1012 2763 oppressum
1029 2728 1155 2763 deprimit
1176 2728 1208 2755 ad
1227 2727 1324 2761 suppli·
1337 2734 1373 2762 70

283 2768 352 2793 cium
367 2766 424 2792 Cic.
444 2771 528 2798 anteq.
542 2764 592 2789 iret
607 2764 635 2789 in
650 2763 713 2789 exil.
729 2771 747 2789 1.
839 2763 973 2790 Contraria
987 2774 994 2788 :
1018 2764 1073 2790 Cic.
1089 2763 1121 2790 de
1134 2763 1240 2790 Amicit.
1256 2772 1276 2789 c.
1287 2771 1324 2796 74

283 2800 465 2834 Qmmobrcm
480 2806 507 2825 vt
521 2800 558 2831 ii,
578 2799 625 2833 qui
638 2798 785 2832 superiores
804 2798 878 2830 sunt,
901 2797 1055 2825 submittere
1071 2799 1095 2824 se
1107 2798 1203 2825 debent
1218 2798 1246 2824 in
1260 2798 1325 2824 ami-

283 2837 363 2869 citia,
383 2836 415 2862 tic
429 2833 626 2870 quodamnodo
640 2834 780 2860 inferiores
795 2833 931 2860 extollere.
1015 2833 1081 2860 Plin.
1097 2835 1142 2868 Ep.
1157 2839 1180 2865 8,
1199 2842 1227 2867 17
1254 2834 1325 2859 Anio

282 2887 328 2894 ·-——
365 2871 468 2897 subruit
492 2876 594 2896 montes
609 2890 616 2901 ,
645 2876 670 2895 ct
689 2868 864 2896 decidentium
890 2869 962 2895 mole
980 2869 1100 2903 pluribus
1126 2870 1190 2896 locis
1209 2869 1326 2900 clausus,

285 2908 348 2934 dum
366 2905 485 2933 amilium
508 2906 559 2932 iter
578 2905 697 2939 quaerit,
721 2904 828 2938 impulit
847 2904 930 2936 recia,
949 2913 977 2930 ac
996 2905 1022 2930 sc
1041 2905 1116 2938 super
1136 2905 1226 2931 ruinas
1246 2905 1325 2930 eiecit
1335 2911 1367 2939 73

284 2950 364 2978 atque
377 2943 481 2968 extulit.
575 2942 641 2967 Eum
660 2940 746 2975 gloria
763 2940 795 2966 ad
808 2941 907 2966 caelum
929 2940 1023 2966 extulit
1042 2940 1098 2966 Cic.
1108 2939 1218 2966 Tuscul.
1237 2949 1266 2972 3,
1286 2948 1324 2971 39.

284 2980 390 3006 Mature
407 2977 439 3004 ad
454 2976 612 3012 imperium,
636 2976 688 3002 vid.
720 2982 859 3002 MATVRV
870 2984 891 3001 s.
962 2974 1107 3002 Laudando
1121 2975 1236 3009 aliquem
1250 2975 1326 3001 Αιιξὶ.

285 3014 317 3041 ad
333 3015 448 3040 Hei-eun.
467 3021 493 3045 1,
513 3018 534 3042 8.
630 3011 670 3038 Ad
690 3011 789 3038 caelum
807 3010 928 3037 laudibus
947 3011 1064 3045 aliquem
1083 3011 1139 3037 Cic.
1154 3012 1223 3037 Fam.
1239 3020 1275 3042 12,
1290 3018 1327 3043 25.

285 3051 318 3077 Ee
338 3049 369 3074 de
389 3049 480 3083 Arusp.
494 3049 567 3082 Resp.
597 3057 619 3074 c.
639 3055 674 3074 22.
752 3046 878 3073 Animum
899 3047 954 3072 Cic.
979 3047 1007 3072 in
1027 3047 1115 3073 l'artit.
1136 3052 1170 3076 8¹.
1239 3048 1327 3073 Iacen-

262 226 335 265 547

1329 977 1364 996 20

1326 1155 1359 1182 25

285 3092 340 3113 tem
353 3093 407 3112 non
421 3083 501 3111 modo
515 3083 657 3114 extollere,
670 3081 721 3116 {sed
735 3082 813 3108 etiam
829 3081 989 3116 amplificare
1008 3082 1065 3108 eius
1084 3082 1221 3117 pristinam
1240 3082 1327 3115 digni-
1343 3086 1375 3111 80
1388 3084 1457 3108 intus
1471 3091 1537 3117 quae
1551 3083 1619 3109 iuter
1633 3083 1657 3108 se
1670 3083 1716 3116 ipli
1732 3083 1849 3117 egerint?

285 3127 366 3148 tatem
387 3121 442 3147 Cic.
466 3128 515 3154 pro
536 3120 664 3145 Muraena
690 3123 704 3149 8
735 3118 827 3144 Virtus
846 3123 916 3144 tanta
936 3116 1064 3149 habetur,
1088 3124 1214 3153 quantum
1236 3117 1326 3143 verbis

287 3165 344 3182 eam
359 3161 468 3190 potuere
483 3155 611 3181 extollere
624 3154 757 3189 praeclara
773 3153 878 3186 ingenia
898 3152 998 3178 Sallust.
1014 3153 1090 3180 Catil.
1109 3162 1131 3178 c.
1145 3159 1166 3183 8.
1239 3153 1327 3178 Vnius

288 3192 317 3218 in
340 3192 452 3217 alterum
476 3191 602 3216 meritum
626 3189 715 3216 verbis
734 3189 789 3215 Cic.
803 3197 851 3222 pro
870 3187 953 3213 Plane.
973 3194 1012 3219 95.
1119 3189 1200 3222 Supra
1217 3188 1327 3214 modum

287 3226 356 3253 nihil
371 3228 395 3254 se
410 3225 541 3259 Qtinffll.
556 3234 574 3256 1,
588 3234 612 3256 9.
682 3224 737 3251 Cic.
752 3223 841 3250 Parad.
856 3231 882 3255 1,
895 3232 913 3256 4
937 3222 976 3247 An
989 3222 1127 3258 quisquam
1149 3224 1177 3249 in
1191 3223 1327 3257 potiundis

288 3262 467 3296 voluptatibus
482 3260 622 3294 gloriando
636 3261 660 3285 se
673 3266 698 3286 et
711 3259 904 3294 praedicatione
918 3257 1021 3284 extollit
1035 3259 1043 3284 3
1137 3259 1246 3294 Egregia
1258 3258 1328 3286 faeta
1346 3260 1374 3289 85

288 3303 396 3323 tuorum
414 3304 439 3323 te
453 3296 583 3323 extollunt
598 3295 670 3321 Idem
683 3295 712 3321 in
725 3294 825 3321 Sallust.
843 3303 886 3320 20.

326 3338 628 3362 ExTOLLENTIA,
646 3339 685 3357 ae.
721 3330 741 3356 f.
778 3329 904 3365 Superbia.

289 3367 352 3395 risb.
368 3368 460 3395 Policr.
474 3370 504 3398 6,
519 3375 555 3393 12.

326 3409 551 3435 ExToarro,
578 3404 762 3431 eruant-13
777 3407 830 3427 ΧΤ
845 3407 863 3427 o
878 3406 927 3426 Rp
943 3405 959 3425 n
975 3405 986 3424 s
1003 3404 1021 3425 c
1038 3404 1075 3431 o,
1099 3399 1151 3425 ere.

290 3437 431 3472 torpescere.

293 3478 346 3498 nat.
362 3481 370 3497 1
398 3473 476 3499 Mart.

332 3512 349 3532 Ε
360 3514 378 3532 x
390 3513 411 3532 T
423 3514 442 3533 o
452 3514 468 3532 a
480 3514 499 3531 o
508 3514 527 3532 v
536 3515 552 3534 E
561 3515 580 3534 o
590 3527 598 3539 ‚
618 3506 650 3537 si,
670 3511 743 3539 tum,
761 3509 812 3533 ὅτε.
840 3504 986 3539 [βιάζομαι,
1000 3502 1164 3537 ἓκέῗιεέξομαι]
1198 3503 1232 3531 Vi
1245 3506 1329 3530 vario-

293 3540 413 3576 queflesu
433 3532 527 3576 aliqffid
542 3543 657 3577 auferre,
678 3549 700 3568 ct
713 3544 820 3577 criptere,
839 3548 880 3572 vt,
893 3542 1004 3567 Ferrum
1024 3538 1056 3565 de
1070 3539 1190 3565 manibus
1204 3539 1258 3565 Cic.
1273 3540 1330 3566 Cat.

298 3584 320 3607 1,
335 3577 370 3601 16.
396 3583 418 3601 et
433 3584 455 3607 2,
469 3584 488 3601 2.
542 3578 588 3603 Set!
600 3578 658 3613 scre
676 3577 845 3612 Memphorice
861 3579 973 3610 ponitur.
1044 3574 1221 3601 Pseudo-Cic.
1234 3574 1328 3602 oetan.

943 3328 1048 3364 Vulgat.
1063 3328 1142 3356 Sirac.
1154 3336 1194 3361 ις,
1208 3336 1229 3359 5.
1286 3329 1328 3355 Sa-

1194 3397 1270 3423 Valde
1289 3397 1330 3423 ob-

294 3610 344 3638 Ille
358 3618 388 3636 ea
402 3615 488 3636 tamen
501 3612 640 3644 exorabat,
656 3622 723 3647 quae
735 3611 840 3639 volebat
852 3611 973 3642 auferre,
992 3615 1020 3636 tu
1035 3615 1191 3645 extorques,
1212 3611 1265 3635 vid.
1278 3617 1328 3637 Ex·
1349 3615 1382 3641 95
1391 3611 1446 3638 Cic.
1461 3612 1532 3640 Fam.
1546 3618 1571 3644 7,
1586 3619 1598 3642 3
1618 3611 1696 3636 Extra
1710 3609 1815 3640 ducem,
1833 3620 1977 3646 paucosque
1992 3618 2132 3646 praeterea.

299 3651 380 3672 ORO.
470 3646 526 3671 Cic.
546 3645 577 3670 de
596 3648 716 3674 Prouinc.
732 3648 809 3674 Cons.
829 3654 841 3680 ς
873 3646 1010 3681 Postquam
1030 3645 1098 3672 nihil
1119 3645 1272 3680 Exprimere
1295 3646 1328 3672 ab

297 3679 452 3720 egentibus,
464 3680 531 3706 nihil
546 3680 599 3706 vlla
615 3682 643 3707 vi
661 3683 789 3710 amiseris
809 3688 967 3716 extorquere
980 3681 1082 3715 potuit,
1099 3681 1220 3708 cohortes
1240 3681 1269 3707 in
1287 3680 1328 3707 hi-

297 3717 379 3744 berna
397 3716 474 3741 mim.
571 3718 650 3741 Arma
671 3726 684 3742 e
703 3719 823 3744 manibus
841 3718 941 3744 ciuium
960 3722 1118 3750 extorquere
1135 3717 1190 3743 Cic.
1205 3716 1237 3743 de
1257 3717 1328 3743 Clar.

298 3754 373 3780 Orat.
387 3758 413 3785 7.
454 3756 477 3777 ct
492 3758 540 3784 pro
560 3750 663 3776 Cluent.
686 3761 719 3779 52.
797 3753 958 3779 Beneficium
975 3752 1054 3779 alicui
1080 3761 1125 3785 per
1142 3753 1328 3779 contumeliam

299 3787 370 3814 Caes.
384 3787 411 3812 B.
424 3786 454 3812 C.
470 3794 495 3817 1,
515 3793 539 3817 9.

299 3825 329 3850 16
350 3831 371 3848 c.
387 3830 407 3854 ς.
476 3821 599 3860 Errorem
616 3820 696 3846 alicui
715 3821 785 3847 Idem
800 3822 830 3848 de
845 3824 941 3851 Sene&
956 3826 995 3854 86.
1049 3824 1080 3849 Et
1099 3831 1146 3856 pro
1159 3823 1261 3850 Cluent.
1277 3833 1298 3849 c.
1312 3832 1328 3850 2

299 3858 327 3884 Si
348 3866 426 3892 quam
445 3856 606 3890 Opinionem
631 3869 688 3894 —.
703 3857 798 3883 veritas
817 3859 993 3892 extorquebit.
1062 3859 1261 3885 Humanitatem
1274 3859 1329 3885 Cic.

300 3902 349 3928 pro
366 3893 422 3926 Lig.
438 3894 465 3918 16
485 3901 506 3918 c.
521 3899 532 3924 ς
558 3891 629 3917 suam
645 3891 721 3916 citius
734 3891 840 3917 abiiciet
857 3893 1045 3921 humanitatem
1061 3893 1173 3926 Tubero,
1194 3903 1272 3928 quam
1286 3903 1329 3920 ex-

300 3927 437 3962 torquebit
451 3933 522 3953 tuam
533 3925 636 3962 Caefiir,
660 3928 679 3951 i.
694 3928 794 3959 eripiet,
810 3933 839 3953 vt
852 3937 899 3952 non
912 3937 1028 3957 exerceas,
1086 3930 1223 3955 Pecuniam
1236 3928 1269 3955 ab
1283 3929 1330 3956 ali.

299 3973 353 3998 quo
367 3969 525 3997 extorquere
544 3967 570 3990 et
587 3961 688 3996 eripere
704 3962 776 3989 idem
789 3971 838 3996 pro
851 3962 1002 3999 Cluent.78.

1338 621 1368 639 10
1376 618 1511 652 praerepta
1531 618 1557 638 et
1571 618 1674 639 extorta
1693 610 1839 638 defensioni
1853 612 1912 637 suae
1924 615 2058 643 cerneret,
2077 611 2105 637 in
2117 612 2214 646 quibus
2229 619 2337 638 omnem
2351 607 2436 637 fidu-l,-

800 2551 859 2578 [ΞΗ.
875 2556 921 2583 28,
934 2560 958 2583 31
986 2551 1169 2578 Defefflonem
1188 2552 1322 2577 sociorum
1343 2551 1374 2582 65
1382 2562 1430 2587 pro
1444 2554 1547 2580 Caecin.
1563 2561 1598 2585 94
1624 2553 1653 2579 Id
1668 2559 1741 2579 extra
1754 2553 1863 2578 Causam
1883 2552 1926 2578 est.

501 3437 590 3465 Obuia
611 3435 689 3463 turba
712 3435 797 3472 riget,
825 3436 961 3472 gressiique
980 3433 1114 3468 extorpuit
1136 3442 1215 3468 aegro
1236 3434 1330 3459 Fortu·
1346 3441 1382 3465 90
1391 3435 1486 3469 Amph.
1502 3444 1522 3466 2,
1537 3444 1559 3467 2,
1573 3443 1629 3467 203.

609 3786 779 3819 cognitiones
794 3789 938 3815 verborum
956 3797 987 3814 ex
1007 3787 1100 3815 animis
1120 3788 1175 3814 Cic.
1189 3787 1220 3813 dc
1234 3788 1291 3814 Fin.
1304 3795 1383 3819 2,100
1392 3787 1488 3814 Nullus
1507 3787 1542 3813 est
1559 3796 1684 3813 numerus
1698 3795 1769 3814 extra
1785 3790 1910 3815 Poeticos.

1748 203 1780 242 E
1860 204 1905 242 X.
1982 204 2025 243 Τ
2345 187 2433 262 54θῇ

1366 292 1446 320 nibus
1460 293 1490 320 vi
1505 294 1619 329 quadam
1638 292 1768 320 orationis
1787 290 1842 318 Cic.
1856 291 1887 318 de
1899 293 1973 319 Orat.
1990 301 2015 325 2,
2028 301 2073 328 74.
2147 292 2306 328 Suffragium
2321 293 2429 327 populi..

1369 337 1416 363 per
1428 329 1485 356 vim
1498 331 1558 356 Liu.
1574 338 1610 362 23,
1626 339 1651 363 4.
1723 328 1840 354 Talenta
1854 337 1868 353 a
1882 328 1990 354 Caesare
2010 330 2066 355 Cic.
2082 328 2135 355 An.
2150 330 2176 360 6,
2193 337 2210 354 1.
2268 327 2427 358 Veritatemi.
2443 343 2446 346 Δ

1370 363 1444 391 Idem
1458 366 1486 391 in
1499 366 1571 392 Orat.
1582 369 1620 391 161
1643 375 1664 390 c.
1678 369 1719 397 48.
1778 363 1882 389 Veritas
1896 372 1928 389 ne
1941 364 2090 398 repugnetis
2105 363 2278 398 extorquebit
2293 364 2350 389 Cic.
2363 372 2426 397 pro,
2454 379 2455 382 =

1372 399 1476 427 Cluent.
1488 403 1512 427 6.
1537 400 1642 436 fidmud.
1655 400 1822 434 opinionem.
1881 398 2029 425 Victoriam
2042 399 2112 425 hosti
2127 404 2340 433 extorqueamus,
2354 408 2435 435 con-2⁴
2457 410 2461 422 .-

1371 434 1504 461 fessionem
1517 436 1616 462 erroris
1631 435 1750 468 ciuibus,
1771 434 1865 461 Fabius
1879 434 1945 469 apud
1957 435 2017 461 Liu.
2031 443 2072 465 22,
2085 443 2127 467 29.
2198 436 2234 461 Vt
2252 435 2352 461 faterer
2371 436 2432 467 ex-=·j

1372 469 1468 497 torfisti
1481 471 1536 498 Cic.
1549 471 1660 498 Tuscul.
1678 480 1697 503 1,
1710 480 1748 504 14.
1803 471 1907 504 Proprie
1919 476 1969 505 pro
1982 472 2094 496 Luxare:
2116 470 2174 496 Sen.
2187 470 2265 505 Epist.
2281 475 2305 500 18
2324 469 2425 505 fregio

1374 505 1469 541 aliquis
1483 516 1559 539 crus,
1579 513 1623 533 aut
1638 507 1745 533 extoriit
1759 504 1908 532 articulum.
2418 514 2423 522 ι

1382 557 1386 560 ·
1409 548 1635 572 EXTORTVS‚
1653 550 1684 574 a,
1702 551 1756 568 um.
1793 540 1884 567 Partic.
1921 538 2082 575 [ἕκέῖικθεὶς]

1374 577 1482 603 Extorta
1501 577 1536 603 est
1555 576 1691 603 confitenti
1709 577 1758 603 fica
1777 576 1808 603 de
1827 575 1959 602 manibus.

2457 225 2465 243 w*

2129 539 2185 567 Cic.
2205 549 2255 575 pro
2272 540 2371 567 Milon.
2389 544 2448 572 13-

2030 575 2095 602 Plin.
2108 577 2152 611 Ep.
2167 585 2189 608 3,
2203 585 2228 608 9,
2242 578 2271 602 16
2297 576 2368 602 Cum
2386 584 2438 604 ean

1375 656 1443 674 ciam
1456 648 1608 682 reponebat.
1649 648 1776 682 Voluptas
1790 652 1893 674 extorta
1905 646 1987 672 alicui
2004 647 2098 672 Horat.
2113 647 2191 682 Epist.
2206 655 2232 679 2,
2246 655 2271 679 2,
2284 655 2337 680 139-
2377 646 2430 682 -Vig

1376 688 1402 709 et
1414 690 1485 710 metu
1498 690 1631 711 extortum
1644 683 1805 710 frumentum
1821 683 1876 709 Cic.
1890 683 1919 708 in
1931 682 2016 708 Pison.
2030 684 2062 711 86
2079 690 2100 707 c.
2113 690 2149 714 33.
2221 683 2308 709 Voces
2323 681 2433 713 Claud-,3

1376 719 1405 745 in
1420 719 1488 746 Ruff.
1502 728 1528 751 2,
1543 727 1596 754 170.
1649 719 1708 744 Cum
1726 717 1848 754 rqsrpeffu
1865 717 1900 744 ad
1912 723 2050 749 tormenta,
2071 718 2101 743 In
2115 718 2238 745 seruilem
2255 716 2368 744 modum
2381 713 2440 756 la-f'

1377 754 1457 781 cerati
1474 761 1552 790 atquc
1567 754 1666 780 extorti
1681 755 1741 780 Liu.
1755 762 1790 786 32,
1805 759 1832 786 38
1852 759 1917 780 extr.
1982 753 2069 778 Senec.
2090 752 2167 786 Epist.
2181 755 2216 788 67
2242 753 2292 779 His
2311 754 2440 788 oppone>

1377 790 1451 817 ferro
1469 790 1634 820 transfossos,
1652 796 1696 815 aut
1709 790 1870 816 exanimatos
1885 789 2034 822 serpentum
2044 789 2143 819 morsu,
2162 795 2205 815 aut
2217 788 2316 815 fractos
2327 788 2435 820 mina,<·‘
2447 814 2449 817 .

1376 831 1422 852 aut
1440 834 1486 860 per
1504 826 1609 860 longam
1633 833 1777 851 neruorum
1798 824 2007 852 contractionem
2025 829 2142 852 extortos
2160 824 2322 850 minutatim.
2375 824 2450 851 sicta

1378 861 1444 888 Plin.
1460 866 1483 893 8,
1497 867 1530 893 18,
1543 870 1559 894 9
1580 861 1711 887 Omnibus
1724 859 1851 886 membris
1864 865 1984 886 extortus
2000 864 2027 885 et
2039 858 2145 886 fraffius.
2162 859 2189 885 de
2202 860 2292 886 morbo.

1414 903 1431 922 E
1439 904 1458 924 Χ
1468 904 1489 923 Τ
1499 904 1517 924 0
1527 904 1544 923 R
1553 903 1574 922 T
1584 903 1603 922 Ο
1614 904 1631 923 R
1640 916 1648 929 ,
1669 897 1732 923 aris.
1759 904 1795 922 m.
1830 894 2033 930 [ἓκςῖαζᾶμενος]
2069 895 2120 929 ‚Qci
2130 897 2159 921 vi
2173 901 2196 920 et
2206 897 2276 930 rapit
2289 901 2313 921 et
2324 892 2427 930 aufert..
2436 901 2449 930 ,ζ

1379 931 1448 958 Ter.
1461 932 1566 959 Phorm.
1582 940 1608 964 2,
1624 940 1646 964 3,
1658 939 1692 966 27
1711 932 1847 958 Bonorum
1860 936 1997 962 extortor,
2014 930 2102 964 legum
2121 935 2268 957 contortor.
2422 929 2446 964 ,21

1416 973 1434 992 E
1442 975 1461 994 x
1470 974 1490 993 T
1500 974 1519 994 o
1529 975 1546 993 n
1557 975 1575 994 R
1584 974 1600 994 E
1613 973 1632 995 o
1643 987 1651 999 ,
1671 971 1723 994 ere.
1765 965 1842 994 Valde
1855 973 1957 993 torrere.
1995 965 2087 992 Febris
2100 971 2217 992 extorret
2230 965 2299 992 Cels.
2309 973 2333 997 3,
2345 969 2361 995 8
2374 966 2429 999 pti.
2437 974 2451 1001 tsi

1415 1009 1627 1034 EXTORRIS,
1645 1011 1667 1028 e.
1705 1002 1765 1029 Adi.
1801 999 1925 1036 [ἄπολις]
1961 1002 2012 1037 Qu'
2028 999 2062 1034 cst
2079 1008 2151 1028 extra
2166 1004 2278 1035 patrium
2295 1000 2379 1037 fhlum
2395 1004 2446 1026 ets

1379 1043 1473 1065 terram
1491 1042 1604 1074 palrIam
1625 1036 1731 1071 εἰρεσίας,
1750 1036 1854 1074 facium
1873 1043 1998 1073 ortumque
2017 1046 2103 1062 nomen
2121 1046 2137 1063 a
2154 1042 2241 1069 terra,
2266 1042 2297 1062 vt
2313 1035 2343 1061 ab
2361 1035 2427 1062 solo
2449 1059 2451 1065 ,

1379 1073 1458 1106 exul,
1484 1075 1502 1101 Ε
1521 1078 1547 1100 in
1561 1075 1585 1102 O
1603 1080 1739 1106 mutatum,
1759 1080 1789 1099 vt
1802 1076 1829 1099 in
1849 1073 1967 1106 forceps,
1988 1080 2028 1108 qu.
2047 1072 2181 1106 ferriceps.
2230 1071 2361 1101 Subtiltus,
2373 1079 2430 1100 nee*

1379 1115 1461 1136 tamen
1479 1113 1563 1136 verius
1581 1110 1645 1138 scal.
1660 1107 1767 1136 ConieH'.
1787 1108 1820 1135 acl
1840 1110 1947 1135 Varron.
1962 1114 1991 1142 p.
2004 1114 2035 1137 28
2058 1107 2085 1133 de
2098 1110 2202 1140 titione,
2212 1106 2237 1143 s.
2258 1112 2331 1133 torre
2345 1105 2451 1142 faciri‘l

1381 1146 1501 1180 nuptialis
1514 1145 1628 1177 deriuat,
1647 1154 1693 1180 quo
1704 1151 1821 1180 tauquam
1827 1144 1919 1179 februo
1938 1144 1994 1179 usos
2007 1146 2141 1178 quotannis
2153 1146 2199 1169 ait.
2247 1143 2335 1169 Verius
2348 1139 2428 1176 purim
2448 1151 2451 1179 ζ

1381 1180 1455 1207 Non.
1470 1188 1490 1212 1,
1504 1186 1536 1213 48
1556 1180 1675 1207 Extorris
1688 1180 1786 1207 dicitur
1799 1186 1871 1206 extra
1884 1185 1990 1210 terram,
2003 1178 2046 1204 vel
2061 1184 2133 1206 extra
2144 1177 2282 1207 terminos.
2317 1177 2429 1208 Accius,
2448 1200 2450 1202 .

1381 1216 1461 1243 Nune
1474 1225 1520 1250 per
1531 1221 1611 1243 terras
1627 1216 1733 1250 vulgus,
1750 1215 1865 1242 extorris
1878 1223 1960 1249 regno
1968 1234 1976 1247 ,
1992 1214 2146 1241 exturbatus
2159 1214 2236 1240 mari.
2306 1211 2420 1246 Turpil.
2440 1229 2450 1242 v

1380 1251 1438 1278 Nec
1453 1250 1547 1278 durare
1560 1252 1661 1286 potsunt
1679 1251 1718 1286 (f.
1732 1252 1847 1286 possum)
1869 1251 1905 1276 ita
1917 1249 1996 1276 huius
2011 1250 2114 1277 inscitia
2132 1254 2210 1284 atque
2225 1237 2451 1420 dementiaex:{

1378 1292 1480 1315 torrem
1494 1287 1566 1314 facit.
1637 1287 1704 1313 Gell.
1718 1295 1744 1319 2,
1759 1295 1783 1319 13
1804 1286 1887 1318 Exul,
1907 1285 2074 1319 extorrisque
2089 1285 2156 1317 esto,
2224 1283 2285 1310 Liu.
2296 1291 2323 1318 7,
2335 1293 2354 1318 4
2370 1283 2424 1309 1314
2447 1310 2450 1318 ¹

1379 1328 1480 1349 torrem
1492 1321 1574 1355 vrbe,
1595 1322 1692 1353 domo,
1712 1322 1867 1357 penatibus,
1886 1321 1966 1353 foro,
1985 1322 2118 1354 congrcss'u
2132 1319 2292 1355 aequalium.
2345 1317 2426 1349 Ideni·
2444 1331 2448 1355 3

1378 1366 1405 1390 2,
1423 1359 1440 1384 6
1469 1358 1513 1385 Ne
1530 1359 1555 1385 se
1575 1364 1664 1384 ortum
1685 1357 1801 1384 eiusdem
1821 1357 1953 1391 sanguinis
1971 1361 2122 1388 extorrem,
2149 1361 2270 1391 egentem
2292 1362 2324 1381 ex
2345 1359 2425 1390 tanto).
2437 1375 2449 1387 ,,,

1378 1392 1460 1420 111οά0
1473 1402 1556 1428 regno
1570 1402 1628 1419 cum
1645 1393 1738 1419 liberis
1758 1392 1966 1419 adolescentibus
1984 1398 2044 1418 ante
2062 1391 2153 1417 oeulos
2174 1392 2233 1417 suos
2250 1391 2338 1425 perire
2353 1389 2437 1431 fine-4

1379 1434 1446 1456 rent.
1517 1430 1550 1455 Et
1562 1438 1633 1461 mox,
1652 1429 1700 1455 Ille
1715 1429 1750 1454 est
1765 1429 1823 1460 vir,
1844 1429 1951 1462 quinos
1965 1433 2083 1454 extorres
2096 1426 2199 1461 expulit
2213 1426 2307 1460 patria.
2341 1458 2345 1461 .
2379 1424 2449 1452 Idi*

1378 1471 1403 1498 5,
1416 1473 1447 1497 30
1468 1465 1511 1491 Ne
1524 1464 1649 1494 exsulem,
1663 1468 1796 1490 extorrem
1808 1463 1936 1498 Populum
1949 1464 2098 1489 Romanum
2112 1462 2145 1489 ab
2159 1462 2215 1488 solo
2228 1461 2315 1496 patrio
2326 1469 2357 1486 ac
2370 1460 2423 1486 D1=
2448 1462 2449 1468 ¹

1377 1499 1516 1534 penatibus
1529 1500 1558 1525 in
1572 1499 1687 1525 hostium
1701 1499 1794 1525 vrbem
1813 1499 1934 1533 (Veios)
1954 1504 2067 1533 agerent.
2139 1499 2170 1523 Et
2188 1505 2215 1531 9,
2232 1506 2266 1530 34
2289 1497 2362 1522 Haec
2383 1494 2422 1522 est

1378 1535 1469 1562 eadem
1489 1535 1606 1565 familia,
1629 1534 1763 1567 Qiirites,
1787 1534 1862 1559 cuius
1881 1534 1909 1560 vi
1926 1539 2005 1568 atque
2025 1533 2132 1559 iniuriis
2151 1530 2277 1565 compulsi
2299 1536 2423 1563 extorres,

1377 1571 1462 1606 patria
1476 1570 1576 1596 sacrum
1589 1576 1706 1595 montem
1721 1569 1872 1603 occupastis.
1926 1571 2017 1603 Nempe
2024 1570 2167 1604 plerumque
2180 1567 2314 1598 Ablatiuur
2324 1566 2421 1600 patria,

1379 1606 1460 1632 domo
1469 1625 1487 1637 ‚.
1501 1614 1600 1640 regno,
1613 1604 1706 1638 fimilis
1724 1604 1826 1631 adth'tur
1841 1614 1856 1630 a
1869 1604 1965 1632 Liuio„
1983 1603 2046 1639 quod
2057 1602 2161 1636 ostendit
2174 1601 2297 1629 Drakenb.
2308 1601 2376 1640 4112:
2390 1603 2422 1628 6.

1382 1643 1476 1669 Tamen
1496 1648 1537 1675 37,
1551 1648 1577 1673 33
1604 1640 1723 1666 Extorris
1733 1660 1741 1672 ,
1757 1640 1894 1674 expulsus,
1908 1639 2000 1666 aminis
2015 1638 2139 1664 omnibus
2153 1637 2238 1672 copiis
2261 1651 2306 1659 -—--
2333 1637 2363 1662 in
2376 1643 2420 1662 ca-

1378 1677 1428 1703 stra
1445 1677 1565 1711 confugit
1583 1676 1675 1703 vestra.
1747 1676 1803 1702 Cic.
1818 1676 1895 1703 Verr.
1908 1684 1932 1708 3,
1946 1684 1988 1702 120
2008 1684 2029 1700 c.
2044 1682 2056 1707 ς
2081 1674 2150 1700 Hine
2167 1678 2272 1699 centum
2297 1684 2344 1691 —-
2373 1678 2422 1704 pa-

1377 1712 1547 1740 tresfamilias
1567 1718 1686 1738 extorres
1705 1711 1889 1745 profugerunt.
1961 1709 2080 1736 Extorris
2093 1709 2191 1735 finibus
2209 1707 2303 1742 virgil.
2317 1707 2382 1733 Aen.
2390 1713 2423 1738 4,

1379 1750 1435 1774 616.
1507 1748 1607 1773 Sallust.
1621 1747 1740 1781 Iugurth.
1760 1756 1780 1772 c.
1796 1755 1831 1779 14>
1852 1746 1935 1773 Sicuti
1955 1745 2050 1773 videtis
2070 1751 2203 1772 extorrem
2220 1742 2321 1782 patria,
2339 1741 2424 1767 domo
2473 1762 2475 1768 .

1378 1783 1487 1814 inopem
1499 1788 1526 1808 et
1541 1788 1696 1815 coopertum
1710 1782 1824 1808 miseriis
1838 1781 1932 1807 effecit.
2001 1782 2125 1807 Extorres
2139 1779 2242 1807 sedibus
2254 1779 2344 1805 Tacit.
2353 1776 2443 1814 Anne⁴
2477 1793 2479 1813 ¹.

1380 1819 1406 1848 6,
1423 1819 1462 1847 36,
1482 1825 1509 1849 4.
1567 1816 1695 1841 Notabilis
1709 1815 1741 1847 est
1755 1818 1821 1841 locus
1835 1816 1896 1841 Liu.
1910 1818 1960 1847 26,
1979 1825 2009 1848 41
2037 1816 2115 1841 Breui
2135 1820 2241 1844 extorre
2260 1813 2321 1839 hinc
2341 1819 2424 1837 omne

1379 1852 1504 1877 Punicum
1517 1859 1614 1877 nomen
1626 1850 1709 1877 maria
1723 1856 1856 1886 terrasque
1869 1850 1947 1877 foeda
1959 1850 2022 1884 suga
2034 1850 2215 1884 impleturum,
2225 1854 2332 1885 propter
2344 1855 2424 1884 gemae

1378 1893 1498 1913 neutrum.
2007 1892 2010 1893 ’
2310 1902 2315 1905 -
2428 1906 2437 1911 ,,

1417 1927 1548 1947 EXTRA
1559 1940 1565 1947 .
1601 1921 1680 1954 [ἒΞω,
1699 1921 1784 1955 ἐκτὸς]
1821 1919 1971 1956 Praepofitio
1988 1920 2137 1956 Accusatiuo
2154 1919 2223 1954 caſsii
2234 1918 2364 1954 struienx,
2383 1919 2446 1953 ivi-,³

1378 1954 1492 1985 tercium,
1512 1964 1565 1980 cum
1576 1954 1632 1987 stne
1645 1955 1700 1986 casu
1716 1960 1838 1989 ponitur,
1856 1955 2026 1981 Aduerbium:
2052 1955 2080 1980 de
2093 1955 2138 1980 hoc
2148 1957 2233 1987 prius.
2268 1954 2342 1979 Cuius
2358 1954 2435 1980 relos

1379 1989 1482 2015 latinum
1496 1987 1528 2021 est
1544 1989 1616 2015 Intra
1635 1990 1674 2015 vel
1687 1990 1768 2016 Intus.
1839 1989 1894 2016 Cic.
1911 1989 1943 2015 de
1957 1990 2015 2016 Fin.
2035 1997 2065 2020 2,
2086 1991 2117 2018 68
2150 1989 2181 2015 Et
2199 1988 2227 2015 in
2247 1996 2374 2023 corpore,
2394 1991 2424 2015 et

1380 2030 1454 2050 extra
1467 2025 1515 2051 effe
1530 2024 1658 2059 quaedam
1671 2024 1748 2051 bona.
1806 2024 1852 2051 Sed
1864 2023 1945 2060 potqsi
1958 2024 2067 2061 intelligi
2084 2027 2158 2050 ctiam
2171 2025 2282 2059 Corpus.
2350 2023 2424 2051 Emi..

1379 2068 1442 2087 nere
1455 2059 1544 2092 foras,
1564 2059 1630 2086 dehet
1641 2062 1740 2086 animus
1754 2058 1848 2092 noster,
1867 2065 1894 2086 et
1908 2069 1947 2092 ea,
1965 2060 2032 2095 quae'
2045 2066 2119 2086 extra
2132 2065 2219 2092 erunt,
2238 2058 2421 2095 contemplari,

1380 2101 1406 2121 et
1425 2104 1504 2129 quam
1529 2095 1645 2122 maxime
1664 2095 1689 2120 se
1712 2103 1824 2129 corpore
1851 2095 2001 2123 abstrahere
2024 2096 2079 2122 Cic.
2103 2096 2132 2121 in
2153 2095 2241 2122 Somn.
2263 2094 2330 2129 Scip.
2353 2099 2420 2121 extr.

1381 2130 1502 2158 Sensibus
1522 2136 1548 2158 et
1570 2132 1659 2157 animo
1678 2139 1724 2163 ea,
1749 2140 1816 2164 quae
1834 2137 1907 2159 extra
1927 2132 2001 2164 sunt,
2024 2131 2183 2166 percipimus
2202 2130 2259 2157 Cic.
2278 2130 2310 2157 de
2321 2129 2420 2157 Natur.
2454 2159 2456 2165 .

1381 2167 1463 2193 Deor.
1476 2175 1501 2198 2,
1518 2171 1560 2200 ¹48
1587 2175 1608 2192 c.
1623 2173 1661 2198 59.
1733 2166 1781 2192 Nil
1799 2167 1869 2192 intra
1888 2166 1923 2192 est
1942 2167 2016 2199 olea,
2035 2167 2074 2192 nil
2095 2168 2165 2193 intra
2179 2166 2215 2192 est
2232 2166 2261 2192 in
2277 2174 2344 2191 nuce
2360 2158 2423 2197 duri
2456 2162 2463 2196 -3'

1380 2203 1477 2229 Horat.
1489 2201 1567 2236 Epist.
1582 2209 1605 2233 2,
1619 2209 1639 2231 1,
1656 2208 1690 2232 31.
1762 2203 1853 2234 Quum
1867 2207 1940 2227 extra
1957 2208 1982 2227 et
1996 2202 2066 2228 intus
2087 2201 2189 2229 hostem
2200 2201 2329 2229 haberent
2348 2199 2420 2230 Cael}
2436 2219 2438 2222 .
2454 2204 2465 2234 Ἰι

1381 2237 1409 2263 Β.
1425 2238 1454 2263 C.
1467 2239 1547 2268 3,·69.
1618 2235 1673 2263 Cic.
1688 2235 1719 2261 de
1734 2237 1856 2262 Vniuers.
1869 2245 1899 2270 14
1928 2237 1969 2262 Sic
1984 2237 2012 2262 in
2030 2237 2104 2263 omni
2125 2236 2206 2262 modo
2225 2242 2311 2269 partes
2329 2243 2354 2261 01

1381 2270 1524 2298 collocatae
1550 2271 1631 2302 sunt,
1662 2276 1691 2296 vt
1720 2271 1791 2297 nulla
1819 2279 1877 2304 pars
1910 2269 2017 2297 huiusce
2043 2271 2144 2306 generis
2168 2270 2311 2297 Excederet
2337 2238 2434 2367 εἲξν
2476 2243 2479 2295 l

1380 2306 1446 2333 Plin.
1461 2315 1493 2337 12,
1507 2314 1523 2337 9
1542 2312 1607 2332 extr.
1631 2305 1788 2339 Magnitudo
1803 2305 1937 2339 (arborum
1957 2306 1990 2331 ad
2006 2306 2116 2332 Rubrum
2133 2306 2221 2339 mare)
2240 2305 2361 2332 miranda
2457 2313 2467 2335 ,’

2454 2344 2460 2366 l

2454 2367 2460 2382 h

1379 2341 1476 2376 species
1496 2340 1586 2367 similis
1608 2340 1759 2373 Vncdonis,
1784 2350 1894 2375 ponium
1916 2341 2060 2375 amygdalis
2083 2347 2170 2370 extra,
2197 2341 2267 2366 intus
2289 2346 2384 2367 contor
2424 2347 2427 2355 ¹

1381 2376 1488 2403 nucleis.
1560 2376 1682 2402 Pufillum
1697 2382 1770 2403 extra
1788 2375 1958 2410 progreditur
1971 2378 2076 2402 Vitruu.
2091 2385 2128 2407 10,
2149 2382 2166 2408 7
2181 2380 2226 2408 pr.
2258 2375 2327 2404 Add.
2349 2374 2416 2402 Cels:

1382 2414 1413 2444 6,
1435 2417 1469 2441 18.
1525 2411 1567 2439 Sic
1582 2411 1670 2445 pqffim
1688 2411 1807 2437 Scribon.
1839 2421 1863 2436 υ.
1877 2420 1903 2446 g.
1924 2412 2002 2438 Extra
2021 2410 2197 2444 constringere
2224 2416 2269 2441 133.
2334 2409 2414 2436 Extra

1380 2447 1517 2482 impositus
1532 2447 1638 2478 cyathus
1652 2455 1693 2478 130
1714 2453 1758 2473 etc.
1794 2448 1835 2472 Sic
1847 2447 1951 2472 Colum.
1965 2452 1987 2478 3,
2001 2455 2034 2479 ¹5·
2071 2445 2135 2471 Plin.
2150 2446 2174 2475 6,
2188 2452 2224 2476 32.
2316 2460 2322 2475 ¹.
2357 2441 2379 2480 ff
2398 2451 2414 2470 2

1380 2484 1435 2509 Iam
1449 2489 1568 2517 ponemus
1586 2483 1749 2517 Accusztluos
1760 2493 1767 2507 :
1803 2482 1882 2508 Extra
1903 2490 2008 2508 omnem
2022 2481 2114 2507 Aleam
2133 2479 2235 2514 ingenii
2251 2477 2318 2505 Plin.
2333 2478 2416 2513 praef.

1381 2518 1443 2545 Nat.
1460 2516 1529 2545 Hist.
1599 2518 1678 2544 Extra
1692 2517 1827 2544 Cancellos
1845 2516 1935 2551 egredi
1956 2517 2012 2544 Cic.
2026 2526 2074 2550 pro
2093 2516 2186 2550 Q1int.
2203 2525 2224 2541 c.
2239 2523 2276 2540 10.
2345 2513 2422 2540 Idem·

1998 2553 2054 2578 Cic.
2069 2561 2116 2585 pro
2129 2550 2192 2577 Sull.
2207 2559 2238 2583 39
2262 2550 2341 2576 Extra
2353 2549 2420 2576 Con-

1383 2589 1545 2615 iurationem
1558 2588 1627 2615 hunc
1643 2589 1691 2614 ess'e
1705 2589 1730 2614 se
1745 2588 1809 2614 scire
1824 2587 1941 2619 dixisset,
1965 2589 1983 2613 i.
2004 2597 2051 2613 non
2065 2590 2131 2612 inter
2143 2588 2293 2612 coniuratos.
2348 2583 2426 2621 Idem,

1384 2623 1418 2649 de
1432 2624 1555 2649 Vniuers.
1569 2632 1599 2655 39
1623 2624 1702 2650 Extra
1715 2632 1822 2649 omnem
1836 2623 1947 2657 Culpam
1961 2623 2115 2656 causamque
2129 2620 2215 2655 posuit
2227 2621 2252 2646 se
2265 2621 2346 2646 Deus.
2389 2620 2429 2646 Er

1383 2659 1460 2684 Verr.
1476 2666 1504 2690 5,
1522 2667 1559 2689 133
1578 2667 1598 2684 c.
1615 2666 1640 2690 51
1667 2659 1750 2691 Dico,
1771 2665 1814 2684 aut
1832 2667 1921 2684 omnes
1940 2663 2013 2684 extra
2027 2658 2137 2693 Culpam
2156 2655 2252 2683 fuisse:
2278 2661 2322 2682 aut
2337 2654 2355 2681 fi
2393 2655 2395 2660 ‘
2418 2688 2420 2690 v

1379 2693 1552 2722 *attribuenda
1564 2693 1647 2727 Culpa
1660 2693 1704 2725 fit,
1724 2694 1752 2719 in
1767 2702 1798 2719 co
1815 2694 1954 2719 maximam
1973 2693 2057 2719 fuiss'e.
2129 2692 2222 2719 Fatum
2241 2691 2297 2718 Cic.
2314 2689 2347 2716 de
2358 2690 2412 2716 Diu

1385 2738 1409 2760 2,
1422 2736 1458 2761 27‘.
1530 2728 1602 2755 Idem
1614 2729 1717 2763 Fam.7,
1726 2731 1754 2755 16
1777 2729 1824 2755 Sed
1837 2728 1985 2756 mehercule
1997 2734 2070 2755 extra
2082 2729 2173 2754 Iocum
2185 2726 2268 2753 horno
2280 2725 2364 2752 bellus
2377 2725 2413 2752 est

1384 2764 1457 2791 Idem
1471 2772 1497 2798 7,
1512 2773 1547 2796 32.
1619 2765 1674 2791 Cic.
1694 2764 1746 2791 Off.
1763 2773 1787 2796 1,
1803 2774 1850 2798 140
1880 2764 2033 2791 Cauendum
2054 2771 2141 2790 autem
2155 2762 2317 2798 praesertim,
2331 2761 2349 2788 fi
2368 2761 2411 2796 ips

1385 2799 1523 2832 aedifices,
1543 2809 1575 2826 ne
1589 2807 1661 2826 extra
1675 2799 1786 2826 Modum
1806 2801 1891 2826 sumtu
1909 2806 1934 2826 et
1952 2799 2146 2835 magnificentia
2158 2797 2278 2832 prodeas.
2347 2795 2393 2823 Ide

1385 2834 1417 2860 de
1435 2836 1509 2862 Orat.
1529 2843 1551 2867 3,
1570 2840 1603 2869 48
1631 2836 1689 2862 Vox
1701 2842 1774 2862 extra
1788 2835 1900 2862 Modum
1913 2835 2017 2862 absona.
2090 2835 2240 2861 Numerum
2256 2843 2263 2858 :
2286 2837 2326 2864 vt,
2343 2832 2406 2859 Extr

1386 2871 1535 2897 Numerum
1551 2880 1576 2896 es
1590 2870 1658 2896 mihi
1676 2870 1756 2896 Plaut.
1773 2871 1843 2896 Men.
1863 2880 1882 2903 1,
1900 2880 1923 2903 3,
1942 2880 1960 2897 1.
2030 2871 2108 2897 Extra
2125 2877 2281 2898 numerum,
2301 2867 2411 2894 moduni
2426 2897 2431 2903 ,

1386 2914 1437 2940 que
1456 2914 1533 2939 agere
1547 2905 1648 2939 aliquid
1663 2907 1755 2932 Horat.
1769 2906 1846 2940 Epist.
1861 2915 1887 2939 1,
1900 2912 1935 2938 18,
1948 2915 1988 2938 59.
2057 2905 2124 2931 Gell.
2144 2912 2177 2936 4,
2197 2911 2225 2929 10
2249 2903 2328 2929 Extra
2342 2898 2453 2939 Ordiff

1386 2950 1447 2968 nem
1466 2950 1560 2975 rogare
1583 2942 1736 2967 sententiam
1756 2941 1867 2968 honoris
1890 2942 1981 2975 gratia.
2063 2940 2117 2966 Cic.
2136 2947 2184 2972 pro
2203 2938 2290 2964 Domo
2307 2939 2351 2964 sua
2370 2934 2442 2975 csxs',
2474 2959 2477 2966 ,,

1387 2976 1493 3010 Qibus
1510 2976 1555 3002 ille
1576 2985 1659 3010 quum
1674 2977 1733 3002 ess'et
1747 2985 1818 3003 extra
1830 2976 1959 3004 Ordinem
1972 2975 2003 3001 ad
2018 2975 2128 3009 patriam
2142 2972 2333 3000 defendendam
2344 2982 2422 3000 voca·
2451 3003 2452 3006 Ἰ
2475 2975 2479 2985 “

1386 3018 1442 3043 tus,
1463 3012 1537 3038 auxit
1555 3020 1652 3037 nomen
1670 3012 1758 3047 Popul.
1780 3013 1856 3038 Rom.
1876 3012 2070 3045 imperiumque
2093 3009 2248 3036 honestauit.
2351 3009 2440 3043 Ter-3.

1387 3047 1491 3074 Phorm.
1499 3054 1521 3079 ς,
1530 3048 1555 3078 6,
1565 3049 1594 3077 36
1613 3047 1660 3073 Sed
1674 3056 1715 3073 me
1730 3048 1830 3074 censen'
1844 3047 1953 3081 potuill'e
1967 3046 2057 3072 onmia
2069 3044 2214 3079 intelligere
2227 3050 2300 3072 extra
2307 3044 2433 3081 Ostium„
2452 3063 2453 3066 ,

1918 3082 1973 3108 Cic.
1988 3082 2040 3106 Att.
2055 3089 2094 3112 11,
2115 3089 2149 3112 24
2170 3081 2270 3106 Poteris
2289 3089 2346 3106 eam
2362 3088 2422 3106 mo-

1387 3127 1466 3150 nere,
1484 3125 1512 3145 vt
1527 3117 1607 3143 alicui
1620 3118 1781 3149 committat,
1805 3117 1878 3144 cuius
1890 3123 1962 3143 extra
1976 3116 2121 3142 Periculum
2136 3115 2214 3141 huius
2232 3115 2296 3142 belli
2315 3116 2429 3142 fortuna.
2451 3130 2452 3136 ι
2476 3134 2477 3137 ¹

1389 3153 1428 3180 fit.
1498 3152 1572 3179 Idem
1591 3151 1623 3178 de
1637 3152 1728 3186 Legib.
1744 3162 1770 3183 2,
1784 3158 1811 3184 58
1843 3154 1920 3179 Extra
1939 3153 2042 3177 Portam
2062 3151 2194 3177 Collinam
2215 3150 2291 3177 aedes
2303 3150 2433 3186 Honori}¹⁴

1389 3189 1433 3215 est.
1504 3188 1619 3215 Pretium
1628 3207 1636 3219 ‚
1657 3190 1675 3213 i.
1696 3191 1765 3215 tanti
1777 3187 1810 3221 qs}
1819 3208 1826 3217 ,
1846 3195 1874 3213 vt
1880 3190 1990 3223 pretium
2004 3186 2103 3213 ext-edat
2117 3187 2197 3213 Plaut.
2211 3187 2288 3213 Poen.
2305 3195 2324 3218 1,
2336 3195 2358 3218 ι’,
2370 3194 2421 3218 119·

1391 3223 1505 3250 Ruinam
1522 3223 1577 3250 Cic.
1589 3223 1641 3249 Att.
1654 3231 1683 3253 11,
1697 3232 1740 3256 24.
1812 3223 1877 3249 Teli
1898 3222 1995 3249 iactum
2015 3223 2088 3249 Curt.
2102 3232 2128 3255 4,
2142 3231 2167 3254 2,
2181 3231 2219 3253 23.
2289 3221 2424 3253 Turbam,

1389 3260 1414 3286 h.
1428 3269 1447 3286 c.
1460 3259 1569 3295 fiorsum
1583 3268 1598 3284 a
1609 3258 1681 3284 turba
1700 3259 1781 3284 Plaut.
1797 3257 1891 3291 Amph.
1903 3267 1922 3289 1,
1934 3266 1954 3289 1,
1967 3260 2008 3289 69.
2080 3257 2177 3284 Galbae
2190 3257 2326 3291 ingenium
2340 3256 2426 3291 magis

1391 3301 1464 3322 extra
1476 3295 1563 3326 Vitia,
1579 3302 1656 3329 quam
1669 3302 1728 3319 cum
1743 3293 1884 3320 virtutibus
1899 3293 1965 3318 Tac.
1981 3292 2046 3319 Ilist.
2061 3302 2080 3326 1,
2093 3302 2138 3327 49,
2158 3302 2184 3325 4.
2254 3293 2308 3319 Cic.
2323 3293 2373 3318 Att.
2393 3296 2427 3325 4‚*

1391 3338 1420 3365 17
1444 3331 1505 3356 Sum
1518 3330 1622 3355 futurus
1635 3335 1707 3354 extra
1721 3328 1819 3354 Vrbem
1833 3327 1922 3354 Idibus
1936 3329 2071 3354 Ianuariis.
2133 3329 2209 3354 Extra
2221 3328 2343 3354 vniuersa
2357 3326 2423 3362 quid

1391 3365 1473 3399 potest
1492 3366 1557 3391 effe?
1575 3363 1647 3390 Idem
1667 3363 1744 3390 Acad.
1764 3372 1797 3396 4,
1816 3371 1855 3397 73.
2048 3362 2068 3401 ff
2089 3372 2101 3396 3
2138 3364 2232 3395 Extra,
2253 3370 2301 3398 pro
2321 3361 2443 3391 Praeter‘.-

1391 3400 1561 3436 elegantzffime
1575 3402 1694 3434 ponitur,
1722 3401 1870 3433 exceptionis
1891 3401 1995 3434 gratia:
2032 3407 2076 3432 υι,
2101 3400 2179 3426 Extra
2197 3405 2221 3425 te
2241 3408 2322 3425 vnum
2339 3396 2451 3427 Plautif'

1684 3435 1752 3460 Ter.
1766 3433 1869 3459 Phorm.
1886 3442 1905 3465 1,
1919 3442 1944 3468 2,
1958 3440 1989 3467 84
2011 3435 2108 3469 Neque
2120 3440 2214 3465 notus,
2228 3442 2312 3468 neque
2329 3441 2423 3468 cogna-

1391 3475 1441 3501 tus,
1460 3477 1532 3496 extra
1545 3479 1623 3496 vnam
1638 3469 1777 3500 aniculam,
1791 3469 1929 3503 quisquam
1941 3470 2037 3496 aderat.
2093 3471 2181 3496 Nemo
2195 3475 2267 3495 extra
2280 3469 2423 3503 collegium

1392 3504 1470 3531 nouit
1483 3505 1538 3531 Cic.
1551 3505 1582 3530 de
1597 3506 1674 3538 Legg.
1689 3513 1705 3531 2
1725 3514 1746 3530 e.
1762 3513 1798 3530 12.
1870 3504 1939 3530 ldcm
1953 3506 1980 3531 in
1994 3505 2073 3531 Catil.
2087 3513 2113 3538 1,
2128 3514 2151 3537 13
2175 3505 2263 3531 Nemo
2277 3504 2328 3535 est,
2348 3510 2423 3531 extra

1391 3540 1465 3566 istam
1490 3540 1719 3571 coniurationem,
1744 3540 1907 3573 perditorum
1930 3541 2083 3572 hominum,
2113 3541 2161 3575 qui
2184 3546 2209 3565 te
2231 3548 2285 3566 non
2313 3545 2424 3566 metuat.>

1391 3575 1607 3602 EtDiuin.Vcrr.
1617 3584 1634 3606 1,
1647 3583 1678 3609 37
1699 3575 1775 3601 Extra
1790 3575 1852 3601 hanc
1867 3577 2079 3607 contentionem,
2097 3581 2278 3609 certamenque
2296 3572 2422 3602 nostrum·=

2186 3610 2259 3636 Idem
2273 3619 2321 3645 pro
2333 3612 2421 3637 Domo·
2449 3632 2450 3636 ,

1391 3651 1434 3676 108
1455 3647 1531 3672 Extra
1544 3646 1746 3672 contaminatam
1761 3646 1832 3672 illam
1845 3654 1869 3672 et
1882 3654 2013 3674 cruentam
2029 3648 2054 3672 P.
2063 3645 2151 3672 Clodii
2164 3654 2278 3671 manum.
2347 3645 2431 3678 Idem.

1391 3681 1503 3716 Philipp.
1517 3689 1539 3714 ς,
1553 3688 1579 3713 53
1605 3681 1681 3707 Extra
1698 3681 1839 3707 tumultum
1853 3683 1982 3709 Gallicum
1997 3682 2176 3714 Italicumquc.
2246 3682 2331 3707 Varro
2343 3681 2374 3707 de
2387 3681 2419 3707 R.

1391 3717 1421 3744 R.
1437 3726 1454 3747 1,
1471 3723 1495 3747 18
1521 3718 1653 3743 Praeterea
1665 3723 1737 3743 extra
1751 3717 1879 3743 familiam
1899 3718 1991 3744 debuit
2011 3718 2096 3743 dicere
2114 3715 2235 3742 villicum
2254 3722 2280 3742 et
2292 3716 2437 3750 viilicam„

1391 3753 1452 3778 Liu.
1467 3754 1508 3783 26,
1545 3772 1551 3777 .
1588 3771 1594 3778 .
1632 3753 1709 3778 Extra
1731 3752 1811 3785 filias,
1839 3758 1911 3787 quae
1927 3753 2071 3788 nupsissent.
2163 3752 2219 3778 Cic.
2241 3752 2270 3777 in
2282 3752 2361 3778 Orat.
2374 3753 2422 3780 ⁴88
2452 3759 2453 3763 ¹

1980 3785 2163 3821 Magnitudine
2180 3793 2253 3813 extra
2266 3786 2357 3814 ςιιηὲὶῦ
2369 3783 2421 3812 alii

1391 3822 1473 3849 fidera
1487 3822 1523 3848 est
1541 3822 1606 3848 Plin.
1621 3831 1646 3854 2,
1660 3828 1680 3853 8.
1751 3825 1827 3850 Extra
1847 3824 2052 3858 Peloponnesum
2072 3821 2142 3847 nulla
2156 3822 2218 3848 vrbs
2237 3822 2305 3856 Nep.
2319 3830 2344 3854 2,
2358 3824 2384 3854 6,
2395 3828 2419 3847 2·

1390 3857 1439 3885 Sed
1454 3858 1499 3883 hoc
1516 3860 1588 3883 etiam
1605 3858 1638 3884 ad
1649 3860 1724 3884 locum
1742 3860 1836 3894 rcfirri
1848 3858 1938 3895 potest.
2005 3859 2083 3884 Extra
2096 3865 2192 3891 quam,
2204 3864 2253 3891 pro
2268 3856 2338 3890 Ngli,
2361 3854 2423 3883 Vei·->

1389 3892 1444 3918 bum
1461 3891 1508 3925 est,
1530 3892 1594 3927 quod
1604 3894 1741 3928 ponebatur
1755 3898 1781 3920 in
1795 3895 1962 3935 concipiendis
1980 3893 2167 3927 exceptionibus.
2204 3892 2260 3919 Cic.
2275 3892 2306 3918 de
2319 3893 2418 3930 quen-t.

1393 3936 1415 3960 2,
1430 3935 1459 3960 59
1485 3928 1546 3962 Agit
1559 3928 1596 3961 is,
1616 3930 1657 3955 cui
1677 3939 1766 3956 manus
1782 3931 1895 3964 praecisa
1912 3929 1956 3959 est,
1976 3928 2154 3954 iniuriarum:
2180 3928 2293 3962 postulat
2305 3928 2342 3960 is,
2361 3932 2417 3959 qni-

1073 3965 1217 3993 Sententias
1231 3964 1264 3992 de
1277 3973 1331 3994 ma·
1339 3969 1383 3998 105
1391 3971 1450 3991 cum
1464 3963 1560 3999 agitur,
1578 3973 1593 3992 a
1604 3966 1726 3994 Praetore
1738 3966 1934 4001 exceptionem,
1951 3964 2065 3994 EXTR
2073 3963 2096 3990 A
2117 3963 2238 3998 QVAM
2256 3963 2303 3995 IN
2323 3956 2423 3990 REVM
2436 3956 2438 3959 ’

2333 3994 2419 4026 CAH·
