2479 4225
30 181 137 226 95⁷*
359 235 367 239 ξ
442 170 460 209 1
548 170 582 211 C
671 171 708 218 0
1521 175 1564 217 1'
1633 178 1671 219 D
1761 182 1795 223 Ε
2114 197 2189 242 958

49 258 154 290 muneri
163 258 310 293 accepisset,
330 257 433 285 dete&a
447 259 585 287 confestim
599 260 801 294 coniuratione,
821 268 870 295 pro
888 259 990 287 summo
1003 262 1090 288 numi-
1145 263 1335 298 aggrediuntur
1354 269 1380 291 et
1396 265 1496 293 eisdem
1522 267 1623 294 malleis
1657 268 1722 295 Plin.
1737 277 1764 302 33
1776 290 1783 302 ,
1796 280 1815 304 4
1835 273 1853 300 s,
1871 282 1908 301 21,
1943 278 1962 303 ,χ

48 304 96 327 ne,
114 294 242 328 trinisque
258 294 286 320 in
301 293 344 320 die
358 294 492 322 sacrificiis
506 297 594 323 colere
607 296 801 330 perseuerauit3
836 295 996 330 volebatque
1006 297 1088 330 credi,
1146 299 1382 332 Sti-similitudinem
1397 302 1533 328 conditioni
1558 310 1644 336 nutat,
1662 304 1748 336 Scito,
1767 306 1836 332 idem
1851 317 1940 342 agrum
1957 322 1971 346 q

47 329 196 361 monitione
210 330 266 356 cius
279 330 368 356 futura
381 332 560 364 praenoscere.

1976 276 2074 313 ferreis
2094 278 2189 306 itidem.

1250 336 1254 340 ,
1493 338 1498 343 Ἰ
1976 314 2028 339 uod
2041 314 2188 348 hominem,

1147 343 1268 368 quamuis
1288 336 1458 370 quaestuosus
1483 340 1543 370 sict,
1571 339 1587 365 si
1612 340 1755 366 sumtuosus
1775 342 1843 374 erit,
1867 345 1982 380 relinqui
2001 358 2055 374 non
2074 350 2187 376 multum

82 371 174 393 1CON
184 372 194 391 1
203 372 223 391 v
232 371 274 396 M,
300 365 319 392 i.
358 375 383 392 11.
420 366 551 400 [Ἰκόνιον]
608 366 732 402 Oppidum
745 367 859 397 Ciliciae,
872 369 910 398 ,in
924 374 970 400 quo
990 367 1046 393 Cic.
1061 369 1086 394 se
1147 371 1213 396 Cato
1233 372 1263 396 R.
1277 371 1308 397 R.
1323 380 1342 403 1,
1356 373 1379 396 6.
1436 373 1483 398 Sed
1495 374 1619 401 videamus
1632 375 1701 411 uJicm
1713 379 1792 412 magis
1807 378 1942 413 vulgarem,
1960 391 2076 416 quamius
2088 385 2122 410 ad
2130 393 2188 420 per.

47 405 236 429 commoratum
255 401 304 427 esl'e
315 401 409 437 scribit
431 403 501 428 Fam.
516 411 544 435 3,
563 407 577 432 8
612 404 704 435 Quum
722 403 792 428 enim
811 402 1086 441 Laodiceam—inquit,
1110 411 1123 435 ς
1141 410 1217 440 Jonas
1229 413 1272 431 aut
1295 416 1334 432 res
1348 406 1476 441 refertur,
1506 418 1568 443 quas
1589 418 1690 446 repetem
1720 418 1744 437 ct
1765 411 1842 438 denuo
1864 423 2044 443 tenimentorum
2068 422 2186 446 voluimus.

48 445 129 473 quum
141 435 281 469 Apameae,
300 446 383 471 quum
396 437 514 470 Synadis,
531 446 613 472 quum
627 437 777 470 Philomeli,
797 446 879 472 quum
895 437 981 463 Iconii
996 440 1085 465 etiem:
1147 441 1228 466 Plaut.
1244 441 1332 467 Pseud.
1348 450 1357 467 1
1371 461 1378 473 ,
1394 450 1403 467 1
1413 462 1421 474 ,
1436 451 1465 475 14
1502 444 1571 471 Nam
1585 452 1612 471 tu
1627 456 1668 473 mc
1681 446 1802 473 antidhac
1816 448 1965 483 supremum
1981 451 2093 480 habuisti
2106 457 2188 481 conii-

47 471 142 508 quibus
155 471 183 497 in
198 471 303 506 Oppidis
316 472 440 499 Omnibus
454 480 630 500 commoratus
645 473 716 503 sum,
731 480 776 502 etc,
1147 482 1200 502 tem
1214 477 1328 503 consiliis
1342 478 1400 503 tuis.
1437 483 1463 503 (1.
1485 478 1554 505 idem
1569 483 1671 508 animus
1683 491 1749 509 nunc
1764 483 1807 509 est.
1897 485 1953 511 Cic.
1967 488 2019 512 Att.
2033 498 2066 520 9,
2086 498 2107 515 11
2143 490 2184 516 Est

80 513 184 533 ICOSI
200 513 219 533 v
231 514 272 539 M,
292 508 310 534 i.
330 517 357 535 n.
390 509 569 536 Mauritaniae
583 508 753 535 Caesariensis
765 506 904 542 oppidum,
924 507 956 534 ab
965 509 1084 536 Herculia
1146 511 1216 537 idem
1230 513 1275 546 qui
1294 514 1393 546 semper
1412 512 1439 538 in
1460 514 1572 548 Republ.
1593 517 1654 543 fnit.
1706 518 1774 544 Add.
1796 518 1836 545 Id.
1851 519 1926 546 Vei-r.
1942 528 1969 553 5,
1989 526 2025 553 38.
2062 531 2084 548 ct
2101 533 2112 555 3
2131 534 2152 551 ς,
2168 534 2187 552 ι,

35 541 194 571 comitibus,
207 543 352 571 conditum.
412 545 528 571 Hercule
540 544 612 571 enim
626 544 686 570 illac
698 549 863 575 transeunte,
883 543 995 583 viginti,
1013 546 1058 579 qui
1071 555 1085 571 a
1146 547 1214 573 Ter.
1229 548 1303 574 Adel.
1318 550 1344 580 ι’,
1358 556 1384 586 ι,
1397 552 1429 579 48
1458 550 1548 576 Studet
1561 560 1606 584 par
1620 540 1735 585 refelli-e,
1755 555 1874 587 praesens
1888 555 2030 591 absensque
2045 558 2114 584 idem
2128 561 2188 587 crit·

43 577 172 604 comitatu
187 578 242 605 eius
262 579 439 611 desciuerant,
463 580 551 606 locum
571 580 701 614 deligunt,
728 579 828 605 iaciunt
849 587 968 605 moenia:
1004 589 1031 606 ac
1052 591 1084 607 ne
1103 588 1131 608 10
1146 585 1165 608 i.
1187 582 1253 608 Idem
1266 590 1321 619 aget
1337 584 1530 618 abst-›ztcpatre,
1551 587 1614 621 quod
1624 588 1851 625 pr.12]i*mcsolebat
1863 600 1943 627 agere.
2015 592 2095 619 Plaut.
2112 594 2187 628 Capt.

44 613 105 648 quis
118 613 202 647 posito
215 623 229 640 a
242 615 268 640 se
281 615 390 641 nomine
409 616 586 650 gloriaretur,
610 615 641 641 de
654 613 824 641 condentium
833 623 947 642 numero
959 615 1020 642 vrbi
1039 626 1085 643 no·
1147 627 1175 650 4,
1190 626 1212 649 2,
1225 623 1258 651 84
1283 619 1354 645 Idem
1368 627 1417 651 ego
1433 621 1488 645 sum
1503 621 1584 653 salus,
1603 623 1722 654 fortuna,
1743 624 1784 650 lux
1794 645 1802 657 ,
1822 626 1936 659 laetitia,
1953 627 2086 662 gaudium.
2129 630 2186 655 Cic.

43 657 105 677 men
118 647 215 676 datum,
250 650 354 677 Solinus
369 660 390 677 ς,
401 658 431 683 38
445 659 510 678 exer,
637 655 641 660 ’
1146 662 1195 687 pro
1210 654 1277 680 Sext.
1293 659 1335 683 108
1369 654 1442 680 Cedo
1463 664 1530 682 nunc
1551 658 1666 684 eiusdem
1680 659 1751 685 illius
1764 660 1869 687 inimici
1882 664 1934 688 mei
1947 663 1977 688 de
1991 673 2034 690 ine
2047 663 2141 690 eodeni
2153 664 2187 691 ad

78 691 88 710 1
99 689 117 710 c
128 691 168 711 os
178 692 200 711 A
210 692 224 711 Ρ
234 692 252 712 R
262 693 328 713 ΟΤΙ
338 706 346 719 ,
382 690 477 723 viginti
487 689 566 723 primi
578 683 652 718 disti,
666 691 695 711 vt
709 684 860 719 Decaproti.
912 687 980 711 Hinc
1145 698 1238 715 verum
1251 689 1379 723 populum
1394 698 1420 714 in
1435 699 1527 725 campo
1540 693 1639 719 Martio
1655 695 1818 722 concionem.
1912 698 1992 725 l’laut.
2006 699 2064 726 Mil.
2080 708 2101 731 3,
2114 709 2141 733 2,
2160 708 2188 734 25

53 740 55 743 .
80 725 117 746 lc
127 725 147 746 O
157 727 221 747 SAP
231 727 279 748 Ro
289 727 330 748 ΤΙ
341 729 378 754 Λ,
397 731 436 749 ae.
465 722 484 749 f.
517 724 640 758 Dignitas
654 721 856 756 icofiprotorum.
892 720 911 747 l.
926 727 950 750 18
969 720 992 758 §.
1006 724 1039 748 26
1058 722 1085 749 ff.
1145 724 1193 750 Tu
1210 731 1280 751 certe
1300 724 1371 751 idem
1390 725 1487 753 taceres
1497 747 1504 760 ,
1531 728 1547 753 fi
1562 728 1613 754 tibi
1626 730 1684 755 ess'ct
1698 730 1795 756 credita
1822 732 1924 766 (cella)
1950 734 2086 767 Quoniam
2099 744 2188 762 aemu-

44 753 77 782 de
90 763 192 783 muner,
206 762 232 783 et
244 756 341 784 honor,
1103 763 1128 790 ις
1147 759 1197 786 lari
1209 769 1263 787 non
1278 760 1356 793 licet,
1375 769 1442 787 nunc
1458 762 1569 788 inuides.
1641 765 1709 791 Ter.
1723 766 1803 792 Andr.
1816 775 1838 799 3,
1852 776 1880 800 4,
1894 778 1912 800 4
1939 770 1992 803 Ego
2008 769 2108 797 dudum
2120 780 2187 798 non-

422 796 437 827 Ῑ
540 795 567 826 C
667 794 702 826 T
1144 796 1213 821 nihil
1228 795 1328 822 veritus
1342 797 1397 821 sum
1413 797 1486 823 Daue
1501 797 1546 824 abs
1560 804 1586 825 te
1600 808 1632 826 ne
1644 800 1743 826 faceres
1758 801 1842 833 idem,
1857 803 1928 837 quod
1943 805 2034 838 vulgus
2049 806 2187 835 seruorum

1144 831 1225 863 solet,
1242 831 1310 857 dolis
1324 837 1353 857 vt
1367 841 1409 857 nie
1424 833 1568 860 deluderes.
1654 836 1727 862 Idem
1741 836 1791 863 hoc
1807 836 1962 865 hominibus
1978 842 2014 866 sat
2027 847 2081 868 erat
2095 842 2187 870 decem

79 868 91 889 1
100 868 117 890 C
126 870 147 890 T
156 861 268 897 ssRvs,
285 864 304 891 i.
322 873 358 891 m.
394 864 522 900 [ἰκτρρδς]
557 864 678 897 Morbus,
714 873 769 890 uum
777 870 825 899 per
836 869 914 890 totum
927 871 1015 900 corpus
1026 865 1085 892 bilis
1144 867 1226 893 Plaut.
1239 866 1298 893 Mil.
1313 875 1336 898 3,
1350 875 1370 898 1,
1387 870 1441 894 160.
1516 870 1586 896 Huic
1599 870 1686 897 eidem
1699 872 1809 906 Sopatro
1822 873 1904 900 iidem
1919 875 2024 902 inimici
2042 878 2097 903 Cic.
2109 879 2186 906 Verr.

35 896 214 934 suffunditur,
231 909 291 935 quae
303 900 427 927 interdum
439 904 530 936 nigra,
551 900 674 926 interdum
713 909 760 926 aua
774 899 816 932 ist.
870 900 921 925 Hic
936 904 1008 926 etiam
1022 911 1083 927 mor>
1144 910 1170 934 2,
1184 906 1223 932 68.
1316 902 1386 928 Idem
1402 912 1450 937 pro
1463 905 1549 931 Domo
1564 913 1599 940 70
1620 908 1719 933 Verum
1732 917 1762 933 ea
1775 908 1842 943 lege,
1857 919 1935 944 quam
1952 911 2021 937 idem
2037 912 2083 938 iste
2091 913 2123 939 de
2130 915 2187 940 Ma-

42 934 102 965 hus,
120 935 215 971 Regius
227 936 374 971 appellatur,
397 935 517 962 Molliter
529 936 627 962 excelsa
640 936 765 970 quoniam
779 940 886 961 curetur
898 936 926 961 in
938 936 994 963 aula
1016 936 1083 962 Sam·
1093 948 1127 967 20
1144 938 1254 963 cedonia
1267 937 1392 972 Syriaque
1406 939 1509 966 tulerat.
1580 941 1651 967 Idem
1666 942 1733 968 istud
1746 944 1825 970 credo
1840 953 1888 979 ego
1915 946 1995 973 Plaut.
2010 948 2068 974 Mil.
2083 957 2104 980 3,
2119 958 2137 980 1,
2151 954 2186 979 81.

42 970 142 996 monic.
157 979 227 1004 1034.
298 971 443 1006 Arquatum
455 972 561 1007 appellat
580 972 685 998 Lucret.
698 980 730 1004 4,
743 979 783 1003 333
803 977 827 996 et
840 972 873 996 ⁴²!-
1027 970 1048 1009 Ἴ
1067 981 1083 999 2.
1144 974 1173 999 ln
1187 972 1281 998 iisdem
1297 973 1349 998 illis
1363 973 1427 1000 locis
1448 976 1503 1014 Cic.
1517 977 1595 1002 Verr.
1612 985 1632 1009 1,
1647 980 1686 1009 56.
1756 979 1855 1005 Eodem
1870 981 1946 1015 pa6lo
1961 991 2015 1016 quo
2029 982 2078 1010 huc
2092 984 2187 1017 acccsli,

42 1005 110 1031 Plin.
123 1015 168 1038 30,
184 1014 207 1032 ιι
238 1007 302 1032 Auis
315 1006 411 1033 ieter-us
426 1013 537 1033 vocatur
548 1016 563 1034 a
575 1007 679 1033 colore:
715 1014 781 1040 quae
799 1005 817 1032 fi
837 1005 980 1040 specium,
999 1008 1082 1034 sanari
1141 1008 1282 1034 abscessero
1308 1009 1389 1035 Plaut.
1406 1010 1486 1036 Trin.
1499 1019 1522 1043 3,
1535 1019 1555 1043 1,
1569 1020 1613 1045 24.
1706 1013 1763 1047 Ipse
1777 1014 1823 1039 ille
1835 1017 1938 1042 animus
1954 1018 2024 1043 idem
2036 1028 2109 1046 meus
2130 1021 2187 1047 Cic.

42 1039 72 1066 id
87 1041 186 1068 malum
198 1041 317 1073 tradunt,
336 1048 362 1068 et
375 1051 451 1068 auem
464 1042 542 1069 mori.
596 1043 671 1069 Hanc
690 1048 755 1076 puto
772 1041 866 1067 Latine
886 1043 975 1069 vocari
988 1044 1082 1077 Galgu-
1142 1044 1198 1078 post
1213 1044 1265 1069 red.
1280 1044 1308 1069 in
1321 1045 1404 1071 Senat.
1415 1054 1454 1077 32.
1563 1046 1642 1073 Plaut.
1657 1048 1740 1074 Merc.
1757 1050 1824 1082 prol.
1839 1057 1868 1084 71
1896 1052 1967 1078 Tibi
1987 1062 2058 1084 aras,
2077 1055 2128 1081 tibi
2142 1064 2186 1082 oc-

41 1075 107 1102 lum.
162 1076 190 1102 de
211 1077 293 1103 morbo
313 1080 381 1113 regio
403 1079 522 1114 loquitur.
575 1079 607 1105 Ιιι
628 1077 773 1113 quibusdam
792 1078 969 1113 exemplaribus
991 1080 1082 1115 legitur
1143 1088 1200 1111 cas,
1218 1079 1270 1105 tibi
1293 1080 1369 1111 seris,
1391 1081 1441 1107 tibi
1457 1081 1543 1107 eidem
1558 1083 1643 1108 metis.
1714 1084 1785 1109 Idem
1805 1084 1894 1112 dicere
1914 1087 2030 1122 semper:
2065 1092 2083 1115 i.
2105 1092 2135 1116 In
2149 1100 2186 1117 ea-

41 1110 180 1138 Gfflbulus,
204 1121 228 1138 υ,
241 1121 267 1138 υ,
1094 1123 1126 1150 25
1141 1115 1192 1140 dem
1209 1113 1336 1149 persistere
1355 1120 1477 1151 opimone,
1495 1126 1568 1152 neque
1575 1118 1727 1154 sententium
1741 1127 1845 1146 mutare.
1917 1122 1972 1148 Cic.
1988 1123 2020 1149 de
2033 1125 2139 1152 Amicit.
2162 1134 2186 1159 13

77 1153 88 1172 1
98 1151 116 1172 c
127 1152 200 1172 TER
210 1145 311 1179 i'CVs‚
330 1156 359 1181 a,
380 1157 433 1175 um.
469 1147 528 1174 Adi.
563 1146 701 1182 [ἰκτερικᾶς
714 1147 727 1181 ]
768 1148 820 1182 Qu·
837 1157 862 1174 co
879 1149 959 1174 morbo
977 1149 1083 1176 laborat.
1142 1150 1198 1184 Qii
1211 1160 1264 1176 non
1279 1157 1335 1176 tum
1349 1150 1409 1183 hoc,
1432 1158 1488 1178 tum
1502 1152 1568 1178 illud
1587 1157 1633 1185 (vt
1648 1154 1676 1179 in
1692 1154 1840 1190 plerisque)
1860 1156 1902 1182 sed
1915 1157 1985 1184 idem
1997 1159 2115 1193 semper,
2130 1162 2187 1187 ani-

37 1179 106 1208 Plin.
121 1189 169 1212 20,
187 1190 204 1214 9
237 1182 372 1216 merids,
392 1193 440 1210 nec
453 1192 507 1209 non
519 1188 544 1209 et
558 1182 734 1217 phreneticis,
756 1184 853 1210 radicis
872 1184 965 1210 crudae
979 1186 1081 1212 succum
1143 1194 1199 1212 mos
1214 1185 1356 1212 hominum
1377 1188 1425 1213 ess'c
1438 1188 1552 1214 diuinos.
1656 1189 1695 1215 Id.
1710 1190 1774 1216 ibid.
1789 1195 1817 1221 88
1850 1193 1907 1218 Vna
1921 1193 2014 1220 domus
2028 1203 2072 1221 era
2114 1195 2187 1223 idem

37 1216 255 1250 gargarizandum
270 1218 467 1254 bibendumque
481 1217 648 1245 demonstrat.
695 1231 696 1235 =
720 1218 794 1245 Idem
810 1228 847 1250 21,
863 1228 896 1245 20
922 1228 993 1246 vocat
1010 1221 1080 1247 Felle
1142 1221 1243 1254 victus,
1260 1222 1334 1256 isque
1347 1223 1502 1249 communis.
1573 1225 1662 1251 Vnum
1676 1231 1702 1251 et
1716 1225 1785 1252 idem
1800 1226 1963 1255 videturesse
1972 1231 2072 1264 atquei
2112 1231 2186 1265 quod

37 1251 156 1278 suffusos.
212 1253 305 1280 quen.
313 1254 363 1281 Sat.
372 1257 398 1286 6,
410 1256 461 1287 564
487 1253 608 1280 Consulit
621 1254 744 1281 ictericae
756 1255 830 1281 lento
841 1254 974 1282 defuncte
982 1257 1081 1283 matris.
1142 1257 1174 1283 de
1187 1266 1230 1283 me
1246 1258 1302 1291 ipso
1316 1259 1475 1284 nominatim
1489 1259 1571 1285 tulisti
1598 1260 1636 1286 Id.
1651 1270 1699 1295 pro
1714 1262 1802 1288 Domo
1817 1270 1843 1295 51
1863 1273 1884 1289 c.
1898 1272 1939 1290 20.
2032 1267 2092 1292 Vno
2106 1274 2131 1293 et
2143 1275 2188 1293 co-

74 1293 84 1312 1
94 1292 111 1313 C
123 1294 201 1320 TIS,
221 1288 282 1315 idis.
304 1290 323 1316 f.
359 1290 459 1323 [ἵκτίς]
495 1287 614 1322 Mustelae
624 1299 709 1326 genus.
764 1290 831 1316 Plin.
846 1299 896 1322 29,
910 1300 928 1324 4
959 1292 1080 1318 Mustela.
1097 1300 1130 1324 30
1142 1292 1201 1318 dem
1217 1293 1282 1319 statu
1309 1294 1365 1319 Cic.
1379 1294 1406 1319 in
1420 1295 1493 1320 Orat.
1504 1303 1531 1320 10
1545 1303 1595 1327 c.3.
1651 1298 1682 1322 Et
1698 1298 1772 1323 Verr.
1787 1307 1815 1331 4,
1829 1306 1859 1330 93
1886 1300 1947 1325 Vno
1954 1300 2048 1327 eodem
2057 1308 2187 1336 tempore.

37 1330 99 1349 rum
114 1322 168 1349 duo
188 1332 297 1357 genera:
333 1325 445 1351 alterum
463 1324 592 1352 siluestre:
627 1325 723 1352 distant
742 1326 931 1360 magnitudine.
988 1328 1083 1354 Graeci
1139 1328 1272 1355 Praeclara
1284 1329 1321 1355 est
1337 1329 1510 1363 aequabilitas
1525 1331 1552 1355 in
1565 1331 1638 1356 omni
1654 1331 1717 1364 vita,
1738 1338 1764 1359 et
1777 1333 1847 1359 idem
1865 1334 1965 1369 semper
1973 1337 2070 1369 vultus,
2083 1338 2187 1364 eadem-

35 1364 132 1384 vocant
145 1358 246 1385 ictidas.
303 1361 357 1386 Vct.
373 1361 482 1394 Interpr.
496 1360 530 1386 ad
542 1361 624 1388 Plaut.
639 1362 714 1396 Capt.
727 1369 754 1398 t,
768 1370 794 1396 2,
812 1367 839 1393 81
871 1362 914 1389 vbi
925 1369 975 1399 pro
990 1364 1081 1391 Cerini
1160 1372 1193 1390 ue
1215 1365 1305 1397 frons,
1335 1371 1363 1391 vt
1386 1365 1417 1390 de
1439 1365 1543 1391 Socrate
1564 1373 1589 1392 ct
1611 1367 1641 1392 C.
1663 1367 1754 1394 Laelio
1776 1370 1923 1402 accepimus
1959 1372 1997 1397 ld.
2013 1373 2065 1398 Off.
2081 1382 2089 1399 1
2110 1383 2132 1399 c.
2146 1375 2186 1400 26.

24 1393 76 1430 „vel
90 1402 177 1426 erem,
203 1393 405 1430 itiiimfiabsiitui
416 1397 472 1422 vult
484 1396 603 1432 Bisciola.
1140 1373 1162 1436 ἦ
1182 1408 1198 1426 2.
1233 1399 1289 1426 Cic.
1307 1400 1339 1426 de
1359 1401 1466 1426 Amicit.
1481 1406 1511 1430 82
1548 1401 1589 1427 Est
1602 1403 1674 1428 enim
1693 1403 1731 1436 is,
1751 1404 1799 1439 qui
1812 1404 1848 1430 est
1868 1412 1991 1440 tanquam
2012 1408 2086 1434 Alter
2103 1409 2185 1436 idem.

23 1434 44 1502 ἓ
70 1435 107 1455 lc
117 1435 139 1455 Τ
151 1436 210 1462 vs,
228 1427 267 1455 sis.
309 1430 368 1457 Vid.
390 1438 399 1456 1
410 1437 453 1457 CO
463 1440 475 1464 ;
493 1431 525 1457 is.
1139 1435 1215 1462 Idem
1227 1436 1279 1461 Att.
1295 1444 1331 1468 12,
1344 1445 1370 1468 33
1392 1435 1473 1469 Qiod
1487 1436 1558 1462 idem
1572 1437 1651 1463 video
1665 1438 1717 1464 tibi
1731 1440 1839 1473 placere.
1911 1442 2023 1468 Eosdem
2036 1445 2083 1470 ess'e
2098 1450 2185 1471 orato-

42 1479 55 1495 „
70 1470 82 1490 1
93 1469 110 1490 C
123 1471 171 1491 VN
182 1470 200 1491 C
212 1472 307 1499 VLA,
341 1465 396 1492 vid.
416 1473 480 1495 1CO
490 1474 523 1495 N.
1096 1479 1126 1506 35
1141 1471 1196 1497 rios
1208 1479 1340 1502 numeros,
1354 1473 1401 1506 qui
1415 1473 1471 1498 sunt
1485 1472 1584 1506 poetici
1613 1473 1668 1500 Cic.
1684 1474 1711 1500 in
1726 1477 1799 1502 Orat.
1814 1481 1862 1506 188.
1956 1479 2040 1505 Amor
2060 1479 2186 1506 omnibus

28 1503 40 1513 ··
1140 1506 1213 1533 idem
1245 1507 1319 1541 Virg.
1336 1508 1433 1542 Georg.
1448 1516 1474 1539 3,
1489 1516 1551 1540 244.
1659 1510 1723 1536 Non
1743 1510 1814 1537 idem
1836 1511 1955 1539 iudicum
1974 1516 2186 1542 comessatorum-

469 1530 484 1560 Ῑ
614 1528 646 1560 D
1140 1551 1191 1577 que
1204 1542 1357 1576 conspectus
1389 1543 1445 1569 Cic.
1459 1552 1507 1577 pro
1521 1544 1592 1570 Cael.
1606 1546 1648 1579 67.
1755 1547 1864 1580 Imperii
1877 1549 1974 1580 nostri,
2001 1556 2186 1585 terrarumque

71 1577 84 1598 1
95 1577 131 1604 D,
148 1579 261 1600 ’neutrum
273 1573 305 1600 ab
318 1573 342 1600 Is
351 1593 359 1606 ,
382 1574 448 1601 eius.
489 1572 548 1601 Vid.
570 1581 580 1600 1
590 1581 613 1601 S.
1140 1577 1247 1604 illarum
1261 1578 1332 1604 idem
1345 1579 1405 1605 esset
1419 1585 1564 1605 extremum
1596 1581 1668 1606 Idem
1682 1580 1714 1606 de
1726 1582 1849 1609 Prouinc.
1866 1584 1944 1611 Cons.
1958 1593 1992 1616 33.
2065 1585 2129 1611 Non
2146 1595 2187 1612 ea-

69 1613 82 1633 1
96 1614 114 1634 D
124 1615 163 1641 A,
181 1618 220 1635 ae.
240 1609 260 1634 f.
296 1607 380 1642 [Ἵδη]
429 1610 505 1636 Mons
516 1609 661 1644 altiffi‘mus,
684 1609 811 1643 Troadis,
830 1612 934 1647 itemque
945 1611 1010 1639 alius
1024 1611 1081 1638 Cre·
1140 1613 1200 1640 dem
1212 1614 1247 1639 est
1261 1614 1369 1640 fortuna
1387 1620 1412 1641 et
1427 1614 1546 1641 conditio
1561 1623 1651 1641 earum
1666 1624 1769 1649 rerum,
1788 1626 1852 1651 quas
1865 1619 1923 1651 geffi
1932 1639 1941 1651 ,
1959 1626 1984 1645 et
1997 1620 2107 1646 illorum
2122 1622 2188 1655 qui,

1 1652 3 1660 ¹
32 1648 73 1669 eae
86 1643 188 1677 insulae.
242 1644 323 1670 Ouid.
340 1644 404 1671 fast.
418 1654 446 1678 4,
461 1654 514 1679 249
542 1645 696 1678 Dindymon
708 1652 733 1672 et
747 1646 881 1679 Cybelen,
902 1652 928 1673 et
944 1655 1123 1682 amoenan140
1140 1656 1185 1675 etc.
1222 1648 1260 1675 Id.
1277 1650 1304 1675 in
1318 1650 1396 1676 Catil.
1410 1659 1438 1682 3,
1459 1658 1502 1684 27.
1596 1651 1691 1676 Eadem
1710 1651 1746 1677 est
1765 1653 1882 1686 quaestio
1898 1660 1923 1679 et
1943 1654 2072 1680 iudicatio
2099 1656 2138 1681 Id.
2153 1655 2186 1681 de

0 1687 3 1695 ·
34 1677 155 1705 fontibus
169 1677 252 1705 Idam.
324 1680 451 1707 Aerisona
477 1680 564 1707 Valer.
579 1682 678 1715 Argon.
693 1690 717 1713 1,
731 1689 794 1716 704.
865 1683 971 1717 Aquosa
999 1682 1079 1710 Ouid.
1139 1686 1243 1711 Inuent.
1259 1694 1277 1715 1,
1295 1693 1329 1717 ις.
1425 1685 1522 1711 Eadem
1537 1685 1640 1711 ratione
1676 1686 1794 1712 Scribon.
1808 1694 1837 1721 71
1848 1688 1887 1722 sc.
1901 1689 1962 1728 agit.
2035 1690 2147 1716 Dianam
2160 1696 2187 1717 ct

33 1713 100 1739 Fast.
113 1716 146 1746 6,
169 1722 203 1747 15.
275 1715 457 1742 Celeberrima
469 1716 590 1742 fontibus
628 1715 701 1742 Idem
719 1718 783 1743 Met.
799 1725 828 1748 2,
848 1723 900 1746 218.
970 1718 1080 1744 Cliuosa
1139 1720 1240 1749 Lunam
1254 1720 1362 1745 eandem
1380 1720 1428 1745 esse
1441 1725 1532 1753 putant
1568 1720 1624 1745 Cic.
1638 1720 1670 1745 de
1683 1720 1718 1745 N.
1734 1722 1765 1747 D.
1787 1730 1818 1753 2,
1836 1725 1874 1751 68.
1969 1724 2082 1756 Libera,
2106 1735 2187 1760 quam

33 1747 72 1772 Id.
87 1749 177 1775 Amor.
192 1758 211 1780 1,
224 1758 264 1783 14,
281 1759 312 1776 11.
384 1752 518 1778 Frondosa
545 1752 619 1786 Virg.
634 1753 699 1778 Aen.
714 1761 737 1785 ς,
750 1760 807 1784 252.
879 1753 975 1786 Magna
1006 1753 1080 1778 Idem
1141 1754 1248 1780 eandem
1263 1755 1445 1790 Proserpinam
1458 1760 1554 1780 vocant
1585 1754 1706 1780 Id.Verr.
1720 1765 1747 1787 4,
1763 1759 1817 1782 106.
1888 1757 1915 1783 Si
1928 1766 2069 1793 quaeratur
2081 1760 2187 1788 idemne

31 1779 100 1808 ibid.
113 1791 134 1816 ς,
147 1792 209 1817 249.
281 1786 393 1819 Phrygia
418 1786 456 1812 Id.
472 1787 569 1821 Georg.
584 1797 610 1822 4,
623 1795 664 1821 41.
757 1787 874 1813 Pinifera
899 1787 961 1812 Stat.
976 1787 1040 1812 Silu.
1055 1795 1079 1819 3,
1138 1788 1168 1813 sit
1182 1789 1325 1821 pertinacia
1343 1795 1367 1814 et
1381 1788 1580 1829 perseuerantia
1606 1788 1644 1814 Id.
1659 1789 1687 1814 in
1700 1791 1790 1817 Partit.
1805 1794 1845 1825 65.
1934 1795 2025 1828 Quum
2047 1798 2187 1830 quaeritur

0 1817 1 1823 ¹
30 1825 60 1849 4,
73 1826 109 1843 12.
182 1820 282 1846 Viridis
314 1821 399 1846 Catul.
413 1824 457 1851 61,
469 1829 518 1855 70:
1085 1830 1119 1856 45
1138 1822 1244 1848 idemne
1258 1822 1303 1854 sit,
1323 1831 1355 1848 an
1375 1823 1477 1857 aliquid
1493 1825 1593 1850 intersit
1628 1825 1684 1851 Cic.
1705 1826 1737 1852 de
1758 1827 1832 1854 Orat.
1851 1837 1880 1860 3,
1901 1837 1946 1861 115.
2018 1832 2186 1866 Peripatetici

70 1858 80 1877 1
93 1859 141 1878 DA
152 1860 234 1885 ενδ,
256 1863 283 1884 a,
302 1864 357 1880 um.
381 1855 441 1885 Adi.
477 1852 597 1888 [Ἰδαῖος]
633 1854 726 1887 Campi
739 1853 813 1880 Idaei
833 1854 911 1887 virg.
920 1855 1078 1888 Aen.7‚222.
1138 1856 1222 1883 iidem
1236 1857 1302 1884 olim
1317 1858 1364 1892 qui
1378 1859 1529 1885 Academici
1552 1859 1625 1886 Idem
1639 1860 1691 1886 Off.
1706 1870 1727 1893 3,
1741 1870 1783 1888 20.
1881 1864 1944 1890 Non
1959 1865 2029 1892 idem
2045 1867 2080 1893 est
2095 1868 2184 1894 semu-

30 1887 154 1921 Cypariffi
181 1888 254 1914 Idem
268 1890 365 1923 Georg.
379 1899 405 1922 2,
419 1895 460 1922 84.
532 1889 638 1920 Dactyli
650 1889 724 1915 Idaei
736 1890 854 1921 homines,
873 1896 896 1914 et
908 1899 1013 1925 gemmae
1024 1889 1078 1916 vid.
1138 1892 1177 1918 lus
1192 1893 1264 1927 quod
1278 1894 1380 1920 familia
1415 1894 1454 1920 Id.
1469 1903 1518 1928 pro
1533 1895 1638 1921 Caecin.
1653 1902 1690 1927 38.
1761 1897 1817 1923 Cic.
1831 1897 1864 1923 de
1878 1899 1935 1925 Fin,
1951 1908 1974 1926 11
2006 1902 2040 1928 Vt
2058 1903 2122 1929 scias
2139 1913 2183 1930 me

29 1928 51 1956 12
61 1929 84 1949 A
95 1929 111 1950 C
122 1929 143 1948 T
154 1930 173 1950 Y
183 1931 199 1950 L
209 1930 230 1949 V
241 1931 254 1951 S
275 1934 301 1950 n.
315 1933 325 1950 1
347 1932 371 1951 et
389 1935 416 1959 4.
486 1924 578 1951 Herba
611 1924 678 1950 Plin.
693 1932 742 1958 27,
763 1933 796 1950 11.
873 1925 968 1959 Iugum
997 1925 1079 1951 Ouid.
1139 1928 1304 1961 intelligere,
1323 1929 1438 1962 primum
1452 1929 1521 1954 idem
1535 1931 1583 1956 esse
1604 1930 1781 1964 voluptatem,
1797 1933 1869 1966 quod
1888 1934 1935 1961 illc
1953 1933 2037 1965 ἡδονήν.
2108 1938 2183 1966 Idem

28 1957 95 1985 Fast.
109 1967 127 1992 4
137 1978 145 1990 ,
159 1961 220 1992 264.
292 1961 394 1991 Mater,
411 1960 497 1994 Cybele
523 1960 628 1986 Lucret.
641 1968 664 1991 2,
677 1962 726 1985 611.
799 1959 859 1985 Sen.
873 1960 904 1986 de
916 1960 1005 1987 Const.
1021 1960 1078 1993 Sap.
1138 1971 1188 1996 ego
1203 1963 1265 1993 ille,
1282 1970 1327 1989 etc.
1364 1963 1437 1989 Idem
1452 1965 1559 1998 inquam
1574 1974 1623 1999 ego
1651 1967 1707 1992 Cic.
1722 1968 1776 1994 Att.
1791 1976 1817 2000 1,
1838 1977 1871 2000 ¹3-
2007 1970 2027 2007 q
2048 1981 2059 2004 3
2097 1973 2183 2007 Idem,

28 1999 54 2023 18
67 1993 118 2029 fin.
151 1994 300 2021 Antistheni
313 2002 397 2022 mater
411 1995 522 2021 barbara
536 2001 562 2021 et
575 1995 689 2021 Thressa
707 1994 901 2021 obiiciebatur:
926 1995 1078 2028 respondit,
1089 2006 1122 2032 50
1132 2006 1182 2033 pro
1202 1999 1345 2024 tantundem
1376 1999 1494 2025 Sc'ribon.
1514 2009 1553 2032 32.
1566 2009 1607 2034 34.
1623 2010 1671 2033 133.
1705 2004 1778 2038 vulgo
1798 2013 1856 2029 ana.
1927 2005 1999 2032 Idem
2018 2008 2120 2041 pondus
2143 2011 2183 2036 su.

29 2035 56 2056 et
70 2030 189 2056 Deorum
203 2036 314 2057 matrem
327 2031 431 2057 Idaeam
445 2031 502 2057 esse.
559 2032 652 2065 Nempe
666 2030 792 2065 Phryges,
820 2030 944 2063 Troiani,
962 2032 1076 2062 maxime,
1135 2042 1209 2059 mere
1222 2041 1277 2067 271.
1350 2033 1423 2060 Idem
1436 2036 1559 2069 ponderis
1571 2044 1612 2068 23.
1627 2044 1675 2069 155.
1745 2037 1820 2064 Idem
1833 2039 1957 2073 ponderis
1970 2042 2130 2076 singulorum
2143 2051 2181 2075 83.

26 2071 52 2091 ee
63 2067 131 2091 velut
143 2065 200 2091 κατ’
212 2065 297 2098 ἐξοχὴν
315 2066 426 2093 barbari.
499 2066 578 2092 Mons
607 2066 682 2100 Virg.
696 2065 762 2091 Aen.
776 2073 805 2096 3,
825 2072 878 2098 105.
973 2065 1076 2093 Nemus
1135 2068 1208 2095 Idem
1221 2069 1279 2103 opii
1293 2078 1329 2101 3²-
1342 2070 1381 2104 sc.
1397 2070 1508 2104 pondus.
1579 2085 1622 2090 —
1644 2072 1727 2098 Cerae
1741 2081 1797 2106 225.
1885 2076 1933 2101 Par
1952 2082 1977 2102 et
1996 2079 2065 2104 idern
2080 2091 2085 2106 z
2122 2082 2180 2108 Cic.
2198 2081 2199 2087 ¹

22 2099 65 2129 ‘ld-
78 2100 146 2127 ibid.
160 2110 187 2134 3,
209 2109 258 2127 mn
448 2115 458 2120 c
663 2112 672 2120 ·
1133 2113 1182 2138 pro
1196 2105 1290 2137 Qiint.
1300 2113 1328 2130 10
1342 2114 1362 2130 c.
1372 2113 1386 2130 2
1413 2106 1503 2138 Quum
1518 2106 1602 2132 adhuc
1616 2106 1640 2132 ei
1654 2113 1761 2141 propter
1774 2109 1831 2135 vim
1845 2109 2057 2144 aduersanorum
2070 2124 2125 2142 non
2139 2117 2181 2143 ius

21 2130 30 2154 s
46 2150 49 2153 >
65 2144 75 2162 1
87 2134 162 2162 DAL
176 2144 185 2162 1
197 2144 234 2170 A,
255 2145 294 2164 ae.
321 2137 341 2164 f.
377 2137 446 2165 Silua
459 2143 483 2163 et
495 2137 623 2168 vrbemda,
642 2137 684 2163 vel
1134 2147 1194 2173 par,
1219 2148 1276 2178 non·
1292 2139 1387 2173 agendi
1402 2141 1512 2173 potestas
1526 2141 1632 2174 eadem,
1664 2151 1717 2168 non
1735 2145 1898 2178 magistratus
1918 2153 1944 2173 ct
1964 2157 2046 2182 equus
2065 2152 2182 2184 reperiri

65 2178 75 2197 1
87 2177 106 2198 D
117 2179 162 2198 AL
173 2179 211 2198 1V
221 2179 263 2205 M,
284 2173 302 2199 i.
333 2173 370 2199 n)
403 2171 540 2207 [Ἴδοίλων]
597 2173 691 2199 Nemus
703 2178 727 2197 ce
739 2177 768 2206 op
787 2170 855 2197 idum
869 2170 965 2205 Cypri,
986 2171 1077 2196 Veneri
1087 2182 1116 2208 >¹3
1135 2180 1262 2207 potuerit.
1333 2174 1372 2200 Id.
1393 2184 1442 2209 pro
1456 2176 1574 2202 Muraen.
1588 2185 1617 2203 21
1654 2178 1741 2212 Qiam
1759 2189 1826 2213 ego,
1843 2181 1859 2206 li
1875 2182 1943 2208 mihi
1956 2192 2001 2216 per
2014 2185 2135 2212 Seruium
2149 2187 2181 2213 li-

31 2219 35 2230 :
86 2217 132 2233 um.
189 2209 227 2234 Dc
239 2218 284 2244 quo
298 2209 374 2242 Virg.
386 2209 451 2235 Aen.
465 2217 484 2239 1,
497 2210 542 2240 685
568 2209 620 2234 Aut
633 2208 660 2233 su
681 2216 709 2233 er
723 2206 768 2232 Ida
781 2206 837 2231 ium
851 2206 947 2231 sacrata
962 2205 1022 2231 sede
1036 2214 1076 2231 re·
1134 2215 1204 2239 reat,
1224 2209 1282 2243 pari
1296 2215 1374 2244 atque
1394 2212 1420 2236 in
1431 2211 1522 2237 eadem
1535 2212 1611 2238 laude
1623 2221 1728 2247 ponam.
1799 2215 1838 2242 Id.
1853 2226 1902 2250 pro
1917 2218 1979 2253 Sull.
1994 2228 2006 2251 ς
2040 2221 2071 2247 Et
2084 2221 2115 2247 de
2128 2222 2182 2248 hoe

17 2236 148 2272 'ffindam
222 2245 253 2270 Et
274 2253 329 2270 mox
348 2246 396 2276 692
430 2245 525 2269 Fotum
538 2242 642 2276 gremio
674 2250 704 2267 ea
718 2241 790 2266 tollit
804 2240 832 2266 in
845 2240 911 2266 altos
923 2239 1023 2266 Idaliae
1036 2240 1076 2266 lu-
1133 2250 1159 2270 et
1174 2243 1205 2270 de
1218 2246 1326 2271 cacteris
1339 2244 1470 2272 iudicium
1484 2256 1573 2273 meum
1587 2257 1612 2274 et
1633 2248 1730 2275 horum
1745 2259 1792 2284 par
1804 2258 1882 2285 atque
1894 2261 1977 2279 vnum
1993 2255 2053 2282 fuit.
2124 2258 2180 2285 Cic.

10 2274 81 2305 «Ikos.
150 2278 316 2305 Frondosum
340 2278 425 2305 Catul.
440 2279 540 2311 Argon.
554 2279 597 2309 62,
611 2279 655 2309 96.
727 2275 851 2302 Sanctum
872 2275 967 2302 Catull.
982 2285 1023 2309 34,
1039 2285 1075 2303 12.
1133 2279 1165 2306 de
1179 2280 1248 2306 Clar.
1264 2281 1338 2307 Orat.
1353 2290 1401 2315 324
1439 2283 1478 2308 Ad
1498 2285 1582 2309 causas
1605 2284 1750 2311 simillimas
1764 2285 1833 2312 inter
1847 2288 1886 2320 se,
1913 2290 1955 2314 vel
1975 2292 2061 2324 potius
2075 2292 2181 2320 easdem

63 2321 72 2339 1
82 2320 130 2339 DA
141 2320 156 2339 1.
167 2321 244 2345 IVS,
261 2323 291 2346 ἃ,
310 2323 364 2339 ῑΠΠ-
401 2312 462 2339 Adi·
499 2309 639 2346 [Ἷδθῖλιθῐ]
681 2311 763 2338 Idalia
777 2320 854 2344 ³⁰⁰8,
883 2311 937 2337 Uid-
957 2318 979 2337 A
993 2317 1010 2337 C
1021 2318 1074 2338 VS-
1132 2316 1197 2341 noui
1214 2316 1383 2343 veniebamus
1399 2318 1529 2352 quotidie.
1602 2320 1673 2345 Idem
1688 2321 1715 2346 in
1729 2321 1802 2347 Orat.
1819 2331 1860 2347 110
1879 2324 1909 2349 In
1924 2325 2017 2351 iisdem
2032 2328 2111 2354 caulis
2123 2338 2181 2363 per-

24 2347 78 2375 Dffi
111 2348 194 2375 Ouid.
208 2348 240 2375 de
253 2350 316 2375 Arte
331 2349 390 2375 Am·
404 2357 433 2381 Ξ,
447 2350 501 2375 166-
606 2348 704 2373 Lucan·
718 2352 740 2377 8,
753 2349 802 2381 716
838 2346 880 2372 Ab
896 2346 981 2372 Idalio
994 2348 1073 2379 Ciny·
1089 2350 1124 2375 60
1132 2357 1241 2386 petuum
1256 2358 1281 2378 et
1294 2353 1406 2379 eunden)
1419 2354 1540 2387 spiritum
1553 2354 1605 2380 fine
1622 2355 1673 2380 vlla
1692 2357 1899 2384 commutatione
1918 2359 2061 2388 obtinebis.
2135 2366 2180 2391 Ge-

24 2391 100 2412 raeae
112 2384 193 2411 litore
213 2385 305 2419 Cypri.
376 2385 465 2410 Venus
498 2384 574 2417 Virg.
592 2383 658 2409 Aen.
675 2391 704 2414 ς,
725 2384 787 2416 760.
858 2382 967 2408 Vertice
986 2382 1073 2409 Idalio
1132 2391 1258 2413 minatur:
1294 2388 1349 2414 Cic,
1363 2390 1390 2414 jn
1405 2389 1478 2415 Orat,
1493 2398 1519 2414 22
1540 2389 1666 2416 Videmus
1680 2392 1815 2426 quosdam,
1828 2394 1875 2428 qui
1890 2395 1971 2422 iidem
1985 2404 2077 2424 ornate
2091 2406 2180 2434 etgra-

24 2427 121 2446 venans
146 2420 247 2446 Adonis
279 2420 398 2454 Propert.
418 2427 451 2451 2,
469 2427 514 2452 14,
538 2427 581 2452 54.
672 2417 817 2449 Volua-res,
845 2417 972 2444 Columbae
1010 2419 1072 2445 Stat.
1133 2423 1219 2454 viter,
1239 2422 1320 2449 iidem
1333 2425 1437 2450 versute
1451 2431 1476 2450 et
1490 2425 1624 2452 subtiliter
1638 2426 1764 2454 dicerent.
1834 2429 1873 2455 Id.
1888 2430 1919 2456 de
1933 2432 1968 2458 N.
1983 2433 2015 2459 D.
2029 2442 2056 2465 3,
2069 2443 2099 2467 93
2129 2435 2178 2462 Sed

22 2454 120 2483 Achill.
136 2465 157 2488 1,
178 2463 236 2490 372.
1005 2465 1011 2468 “
1040 2492 1044 2496 Ι
1084 2473 1089 2476 ·
1133 2458 1271 2492 quomodo
1285 2458 1365 2485 iidem
1383 2460 1471 2486 dicitis
1492 2469 1546 2486 non
1559 2461 1650 2488 omnia
1663 2462 1725 2489 deos
1739 2464 1877 2498 persequi?
1911 2467 1993 2493 iidem
2014 2470 2110 2502 vultis,
2131 2479 2178 2498 etc.

0 2506 5 2519 .,
60 2497 153 2518 IDAL
165 2498 174 2516 1
186 2498 210 2523 s,
230 2489 290 2516 i'dis.
318 2489 339 2515 f.
380 2489 476 2515 Lucan.
490 2497 520 2521 3,
537 2497 591 2522 204
616 2489 679 2516 male
697 2489 744 2515 buc
756 2487 876 2524 refertur.
930 2489 963 2514 Et
980 2487 1014 2521 est
1034 2489 1074 2516 ille
1131 2494 1169 2519 Id.
1183 2494 1254 2520 Fam.
1268 2502 1292 2526 9,
1307 2503 1322 2520 2
1349 2496 1477 2522 Caninius
1493 2497 1563 2522 idem
1577 2504 1651 2528 tuus,
1672 2504 1697 2524 ct
1710 2497 1780 2525 idem
1795 2499 1897 2531 noster,
1915 2510 1995 2536 quum
2016 2504 2048 2529 ad
2063 2514 2104 2530 me
2117 2515 2177 2540 per-

4 2527 5 2534 *
23 2526 90 2555 iocus
102 2528 142 2553 vel
153 2532 295 2561 cornminus,
312 2526 353 2552 vel
363 2526 427 2551 alias
439 2524 597 2561 ignorabilis.
657 2525 736 2552 Varia
747 2531 846 2551 tentant
859 2525 913 2550 viri
925 2522 1002 2551 dosii.
1085 2526 1117 2558 65
1130 2529 1233 2563 vesperi
1252 2531 1376 2562 venjffm,
1395 2539 1440 2556 ets,
1482 2533 1584 2557 Initium
1604 2531 1637 2564 est
1655 2531 1777 2567 epistolae.
1858 2536 1913 2562 Cic.
1933 2536 1965 2563 de
1983 2539 2075 2565 Diuin.
2091 2550 2119 2574 2,
2139 2549 2176 2577 77

9 2542 19 2573 l
1130 2565 1200 2591 Nam
1215 2573 1247 2590 ex
1259 2566 1424 2592 acuminibus
1437 2566 1562 2600 quidem,
1581 2567 1653 2601 quod
1665 2575 1750 2594 totum
1763 2569 1908 2603 auspicium
1922 2573 2039 2600 militare
2047 2575 2097 2608 est,
2119 2577 2174 2604 iam

285 2588 299 2618 Ῑ
349 2588 379 2619 D
430 2588 457 2619 C
530 2596 565 2619 et
637 2587 652 2618 Ῑ
702 2587 731 2618 D
781 2587 808 2617 Ε
1129 2601 1167 2625 M.
1182 2601 1322 2627 Marcellus
1336 2602 1382 2627 ille
1404 2602 1545 2636 quinquies
1565 2602 1662 2628 Consul
1684 2609 1768 2629 totum
1790 2606 1894 2639 omifit,
1920 2607 1990 2635 idem
2011 2611 2174 2645 Imperator,

63 2641 74 2660 1
87 2640 202 2662 DCIRC
213 2639 250 2666 o,
284 2632 350 2669 quod
373 2633 472 2669 quidam
494 2633 612 2668 siri-ibunt
643 2640 654 2659 1
664 2638 682 2659 C
696 2638 713 2658 C
725 2639 763 2658 1R
774 2637 790 2658 C
802 2637 833 2658 0.
875 2631 954 2658 Coni.
996 2629 1069 2665 [διδ]
1130 2634 1202 2660 idem
1217 2635 1309 2668 Augur
1327 2640 1453 2671 optimus.
1526 2638 1556 2663 Et
1575 2637 1662 2670 idem,
1687 2641 1726 2665 ecl
1744 2640 1868 2676 Idemque
1883 2652 1889 2668 :
1923 2645 2055 2680 empbaffi,
2075 2647 2119 2674 hoc
2138 2647 2174 2681 ,st

22 2670 91 2698 Idem
104 2670 169 2706 quod
182 2669 239 2696 Ideo
245 2669 383 2705 fignificat.
436 2669 504 2694 Ter.
516 2668 597 2694 Andr.
611 2675 639 2700 4,
653 2676 678 2697 2,
691 2675 708 2701 7
740 2668 811 2694 Nam
830 2666 930 2693 idcirco
944 2668 1069 2698 arcessor,
1129 2669 1291 2695 vehementiae
1309 2673 1380 2707 causti
1401 2672 1506 2707 positum
1515 2692 1524 2705 ‚
1544 2682 1616 2708 quum
1637 2674 1735 2710 aliquid
1756 2685 1870 2712 augemus
1890 2679 1982 2707 verbis.
2055 2683 2172 2718 Satrapes

23 2712 128 2739 nuptias
141 2705 212 2740 quod
224 2705 292 2731 mihi
304 2704 424 2739 apparati
436 2703 520 2730 sensit.
592 2703 649 2729 Cic.
663 2703 740 2728 Verr.
755 2710 783 2734 ς,
796 2710 831 2734 24
867 2701 1015 2741 Reperietis
1032 2701 1070 2741 id·
1080 2709 1116 2736 70
1127 2704 1253 2739 Idemque
1267 2714 1345 2740 gener
1352 2709 1420 2741 regis
1441 2708 1510 2742 Nep.
1525 2717 1550 2740 9,
1564 2717 1589 2741 2,
1604 2717 1622 2735 1.
1672 2710 1786 2737 Additur
1805 2721 1868 2738 noua
1886 2715 1957 2750 causa
1975 2719 2173 2753 magnitudinis,

23 2741 96 2767 circo
109 2741 172 2767 haec
186 2741 215 2767 in
226 2749 279 2767 vno
294 2740 403 2766 homine
416 2739 559 2774 pecunioso
571 2743 612 2764 tot
624 2737 764 2764 constituta
773 2756 780 2767 ,
806 2743 834 2763 vt
848 2742 956 2763 caeteris
976 2737 1070 2763 sormi·
1128 2747 1152 2766 et
1162 2740 1218 2776 spei
1231 2748 1276 2767 etc.
1324 2743 1374 2776 zcast
1387 2743 1472 2776 dicas,
1492 2750 1517 2769 et
1531 2744 1649 2778 insuper,
1671 2751 1696 2772 et
1709 2753 1850 2780 praeterea.
1922 2751 1978 2777 Cic¹
1992 2761 2041 2787 pro
2050 2755 2171 2781 Mul-aen,

23 2776 114 2809 dines,
134 2783 181 2802 etc.
274 2775 348 2802 Idem
361 2776 414 2801 Aet.
430 2776 462 2807 6,
481 2783 490 2800 1
519 2775 565 2800 Me
584 2773 684 2800 idcirco
704 2778 794 2807 putant
807 2772 873 2798 bene
885 2772 978 2798 audire
992 2772 1069 2812 velle,
1127 2784 1161 2802 20
1193 2775 1277 2802 Asiam
1294 2777 1301 2803 i
1326 2787 1367 2804 ani
1387 2779 1512 2805 refertam
1526 2787 1551 2805 et
1567 2780 1676 2807 eandem
1697 2781 1833 2809 delicatam
1847 2783 1880 2810 sic
1894 2786 1981 2819 obiit,
2003 2795 2032 2814 vt
2052 2797 2096 2821 ea,
2124 2797 2171 2817 etc.

22 2817 52 2840 vt
65 2812 110 2838 ille
124 2811 301 2838 maleeudiat.
373 2810 411 2837 Id.
426 2809 493 2836 ibid.
510 2818 553 2841 12,
573 2818 599 2835 ²1
635 2810 710 2842 (Qlae
724 2808 787 2842 quii!
807 2809 874 2835 εΜΟ
889 2808 1019 2848 e{fflllssfiit
1039 2816 1067 2834 1¹¹
1125 2811 1200 2838 Idem
1213 2811 1246 2838 de
1261 2812 1298 2839 N.
1313 2814 1344 2840 D.
1360 2822 1382 2846 3,
1397 2819 1428 2844 80
1455 2816 1504 2843 Vir
1519 2815 1757 2850 innocentiffimus,
1777 2819 1901 2854 idemque
1914 2821 2081 2851 doftissimus.
2112 2826 2171 2852 Vid.

22 2848 139 2879 caelum,
159 2848 261 2874 idcirco
274 2849 302 2873 in
316 2846 372 2873 eius
385 2846 539 2872 sententiam
553 2844 590 2870 est
602 2844 670 2870 facia
684 2844 808 2870 discessio.
880 2843 936 2870 Cic.
950 2844 982 2870 de
990 2844 1066 2884 Orat.
1123 2847 1161 2873 Id,
1176 2856 1225 2881 pro
1238 2848 1327 2875 Domo
1341 2858 1376 2882 31.
1449 2851 1505 2877 Cic.
1520 2860 1567 2885 pro
1580 2851 1642 2878 Sull.
1657 2861 1690 2878 20
1717 2854 1752 2880 Vt
1765 2863 1815 2885 me,
1829 2864 1906 2889 quem
1927 2858 1992 2884 boni
2011 2860 2172 2889 constantem

23 2891 40 2910 2
57 2893 78 2910 c.
95 2892 132 2917 40
174 2884 239 2910 Non
257 2883 275 2910 si
300 2882 440 2917 Opimium
459 2880 601 2908 defendisti
621 2879 722 2907 idcirco
746 2885 771 2906 te
790 2879 835 2906 isti.
859 2877 961 2906 bonum
979 2888 1066 2906 ciuem
1080 2884 1112 2911 75
1125 2883 1243 2917 semper,
1265 2890 1294 2910 vt
1311 2886 1404 2919 spero,
1428 2886 1627 2919 existimassent,
1647 2888 1759 2916 eundem
1777 2899 1811 2916 ne
1824 2890 1942 2925 improbi
1956 2895 2064 2928 quidem
2079 2897 2170 2923 crude-

21 2919 160 2955 fugabum,
1124 2917 1177 2944 lem
1191 2918 1317 2946 dicerent.
1359 2921 1416 2947 Vid.
1430 2921 1501 2947 Idem
1517 2922 1548 2948 de
1565 2923 1656 2957 Legib.
1670 2932 1688 2955 1,
1701 2933 1726 2950 2.
1796 2926 1906 2961 Musici,
1926 2931 1973 2963 qui
1985 2930 2066 2956 iidem
2075 2932 2170 2959 Poetae

58 2962 96 2982 ID
106 2953 155 2982 FJA
192 2963 231 2981 ae.
271 2954 291 2980 f.
327 2951 414 2988 [ἰδέα]
467 2953 570 2984 Forma,
604 2960 683 2988 gurd,
708 2954 790 2987 peries
801 2960 882 2978 rerum
889 2954 976 2986 prima
991 2958 1015 2977 et
1028 2955 1066 2977 in·
1123 2952 1162 2980 Id.
1177 2953 1208 2979 de
1221 2955 1294 2981 Orat.
1310 2964 1340 2987 3,
1359 2964 1415 2990 172.
1487 2957 1662 2985 Beneficentia
1682 2969 1761 2994 quam
1780 2962 1888 2991 eandem
1908 2965 1949 2991 vel
1964 2965 2170 3001 benignitatem,

8 2991 112 3018 «choata
127 2975 301 3027 int'elligentia.
356 2989 411 3015 Cic.
426 2988 457 3014 de
471 2987 548 3014 Acad.
560 2995 579 3019 1,
593 2995 623 3019 30
644 2987 673 3012 de
684 2993 778 3019 mente,
798 2987 869 3020 Qiia
881 2987 934 3013 sola
947 2993 1066 3014 cerneret
1123 2989 1166 3015 vel
1179 2989 1366 3017 liberalitatem
1378 2992 1508 3026 appellare
1521 2993 1583 3020 licet
1610 2995 1665 3021 Cic.
1678 2995 1731 3022 Off.
1748 3005 1774 3029 1,
1793 3005 1837 3024 20.
1944 3001 2116 3037 Comparatio
2135 3003 2168 3030 de

24 3027 88 3062 quid
106 3028 206 3061 semper
225 3026 284 3052 esset
296 3024 403 3058 simplex
415 3029 440 3049 et
453 3021 619 3053 vniusmodi,
644 3028 670 3048 et
682 3022 733 3048 tale
753 3022 830 3057 quale
844 3023 917 3053 esset,
942 3023 1007 3049 hanc
1024 3023 1065 3049 illi
1123 3024 1215 3051 eodem
1230 3032 1255 3052 et
1273 3026 1344 3059 alio,
1369 3029 1421 3058 vel,
1443 3028 1482 3054 De
1494 3029 1586 3055 codem
1602 3036 1627 3056 et
1640 3030 1725 3057 altero
1759 3032 1797 3058 Id.
1811 3033 1839 3059 in
1853 3034 1952 3068 Topic.
1966 3041 2008 3069 84.
2080 3039 2166 3065 Varro

23 3062 111 3090 ideam
124 3061 304 3096 appellabant,
327 3061 381 3086 iam
399 3069 413 3086 a
425 3059 531 3085 Platone
545 3058 581 3084 ita
593 3057 762 3092 appellatam:
796 3066 844 3084 nos
862 3058 932 3085 πεᾶὶε
952 3059 1065 3097 speciem
1084 3060 1155 3086 80de
1174 3061 1203 3087 L.
1219 3061 1249 3087 L.
1287 3081 1293 3087 .
1331 3082 1337 3088 .
1373 3063 1445 3089 Idem
1467 3073 1495 3090 ac
1517 3064 1534 3091 si
1553 3065 1700 3099 diceretur,
1728 3073 1756 3093 vt
1776 3066 1820 3094 hic
1840 3069 1926 3102 lepus,
1955 3078 1981 3097 et
1997 3071 2040 3097 hic
2063 3081 2166 3100 nemus.

23 3098 154 3133 possumus
167 3098 263 3123 dicere.
305 3096 362 3122 Vid.
378 3094 475 3121 eundem
487 3098 513 3120 in
528 3095 602 3121 Orat.
613 3103 641 3120 10
656 3102 707 3126 c.3.
778 3093 922 3129 Sen.Epist.
932 3097 961 3127 65
982 3095 1066 3128 Caujzs
1123 3097 1190 3122 Ter.
1204 3097 1301 3123 Heaut.
1317 3106 1339 3130 2,
1351 3106 1379 3130 3,
1395 3107 1429 3131 24
1463 3101 1492 3126 Et
1505 3100 1608 3128 animus
1621 3108 1646 3128 te
1659 3110 1719 3136 erga
1733 3102 1803 3128 idem
1818 3112 1846 3129 ac
1859 3105 1919 3130 fuit.
1990 3108 2120 3140 Qinffil.
2135 3109 2166 3136 in

23 3139 131 3169 quatuor
143 3133 260 3166 quintam
274 3132 346 3158 Plato
360 3130 466 3162 adiicit,
486 3130 633 3164 exemplar,
652 3138 731 3164 quam
743 3128 796 3164 ipse
810 3128 896 3156 ideam
905 3136 995 3156 vocat:
1013 3130 1064 3156 hoc
1123 3133 1210 3166 Aegro
1224 3132 1334 3159 redemt.
1355 3135 1373 3160 s.
1388 3134 1459 3161 Decl.
1474 3144 1487 3168 5
1496 3155 1503 3165 ,
1516 3144 1546 3169 14
1581 3137 1671 3170 Qium
1683 3144 1790 3172 propter
1803 3138 1868 3164 duos
1882 3141 1999 3167 venerim
2009 3162 2017 3171 ,
2044 3144 2116 3177 quod
2135 3144 2164 3171 in

26 3168 63 3194 est
78 3167 165 3198 enim,
190 3168 221 3192 ad
236 3168 306 3201 quod
319 3167 460 3201 respiciens
474 3166 588 3199 artifex,
608 3165 635 3191 id
648 3165 720 3199 quod
731 3164 875 3192 destinabat
889 3164 977 3192 efficit.
1019 3181 1063 3186 —-
1122 3167 1207 3194 altero
1220 3168 1288 3194 mihi
1301 3169 1384 3203 pirata
1397 3171 1529 3202 conccssit‚
1552 3171 1623 3199 idem
1639 3173 1691 3205 est,
1710 3181 1739 3199 ac
1753 3173 1770 3198 si
1786 3173 1853 3200 mihi
1866 3182 1991 3203 neutrum
2005 3178 2163 3207 reddidiffet.

25 3204 99 3230 Haec
114 3203 271 3235 exemplaria
284 3203 405 3229 omnium
419 3210 511 3228 rerum
525 3202 596 3228 Deus
611 3200 680 3227 intra
692 3201 717 3226 se
730 3200 816 3234 habet,
836 3208 880 3227 etc.
948 3201 1064 3235 Clqfficus
1123 3203 1197 3229 Idem
1211 3203 1289 3236 valet,
1304 3213 1331 3230 ac
1344 3205 1362 3231 fi
1378 3211 1449 3239 pater
1462 3207 1590 3234 iudicaret
1616 3209 1672 3234 Cic.
1686 3217 1734 3242 pro
1749 3208 1818 3235 Sulla
1834 3209 1870 3242 1'9.
1986 3213 2067 3240 Plane,
2086 3215 2164 3242 Most,

25 3240 94 3265 velut
105 3239 168 3263 locus
184 3234 217 3269 esi
235 3236 373 3272 sen.Epist.
388 3243 415 3271 58
430 3237 489 3263 med.
560 3237 621 3263 Idea
634 3235 670 3262 est
683 3244 786 3270 eorum,
798 3246 865 3272 quae
877 3242 968 3263 natura
983 3237 1063 3268 siunt,
1078 3236 1108 3265 83
1123 3247 1150 3270 1,
1166 3247 1194 3271 3,
1208 3241 1249 3271 163
1287 3240 1406 3268 Eundem
1420 3242 1538 3268 animum
1549 3249 1655 3278 oportet
1668 3252 1735 3269 nunc
1747 3243 1815 3270 mihi
1826 3246 1875 3272 esse
1888 3252 2006 3281 gratum,
2029 3255 2058 3275 vt
2080 3250 2164 3285 impe·
2193 3246 2196 3248 ³

27 3272 159 3307 exemplar
172 3277 314 3299 aeternum.
341 3282 343 3285 ’
362 3273 494 3300 Adiiciam
509 3271 660 3299 definitioni
673 3272 928 3307 interpretationem,
948 3272 1062 3306 quotibi
1122 3275 1210 3307 traui,
1229 3281 1309 3310 atque
1321 3276 1397 3303 olim.
1469 3277 1608 3312 Idemque:
1645 3279 1745 3312 Nep.9,
1758 3288 1782 3311 2,
1797 3288 1807 3306 1
1825 3281 1940 3316 Satrapes
1950 3284 2073 3319 idemque
2082 3295 2165 3320 gener

28 3317 70 3336 res
82 3318 95 3335 a
114 3307 197 3335 ertior
212 3306 265 3333 fiat.
314 3309 385 3335 Volo
403 3310 547 3344 imaginem
567 3314 638 3335 tuam
656 3307 756 3334 facere:
790 3308 925 3343 exemplar
944 3308 1063 3342 picturae
1121 3311 1199 3344 regis.
1272 3312 1327 3338 Cic.
1340 3313 1393 3339 Att.
1408 3315 1434 3344 6,
1448 3321 1464 3339 2
1490 3314 1568 3339 Nunc
1582 3314 1628 3340 ista
1642 3313 1719 3340 habet
1733 3315 1798 3341 iuris
1812 3315 1882 3342 idem
1897 3319 1969 3352 quod
1984 3325 2109 3353 caeterae,
2124 3320 2164 3348 ni-

28 3350 88 3371 tuae
119 3344 200 3374 abeo,
219 3351 250 3369 ex
267 3350 320 3376 quo
340 3345 407 3378 capit
424 3344 540 3379 aliquem
552 3344 672 3371 habitum
685 3352 757 3369 mens
770 3344 870 3375 nostra,
893 3352 973 3378 quem
987 3344 1063 3378 operi
1120 3345 1158 3372 hil
1174 3346 1317 3382 praecipui.
1389 3348 1461 3374 Idem
1476 3348 1504 3374 in
1517 3348 1573 3374 me!
1601 3349 1717 3384 formula
1730 3351 1841 3378 iurandi.
1912 3354 2015 3389 Festus,
2030 3357 2165 3384 Praeiura-

29 3380 76 3407 suo
87 3379 214 3414 imponat.
272 3377 371 3411 Itailla,
385 3389 450 3413 quae
457 3389 500 3406 me
513 3381 588 3406 docet
602 3386 627 3406 et
640 3379 746 3405 instruit
759 3379 854 3412 facies,
871 3388 884 3406 a
896 3388 947 3414 qua
964 3381 1063 3414 petitur
1120 3382 1205 3408 tiones
1219 3382 1306 3409 facere
1319 3382 1442 3410 dicuntur
1457 3384 1492 3415 ii,
1512 3384 1558 3418 qui
1578 3391 1637 3410 ante
1650 3386 1716 3411 alios
1730 3387 1861 3421 conceptis
1878 3389 1966 3416 verbis
1980 3391 2083 3424 iurant,
2105 3393 2163 3427 post

26 3415 159 3447 imitatio,
180 3414 242 3441 Idea
259 3412 304 3439 est.
357 3413 437 3441 Talia
449 3424 512 3450 ergo
531 3415 689 3450 exemplaria
708 3414 811 3442 infinita
823 3415 902 3442 habet
914 3421 1006 3441 natura
1023 3424 1062 3442 re·
1073 3422 1109 3447 90
1121 3426 1187 3451 quos
1201 3418 1228 3444 in
1247 3418 1339 3445 eadem
1357 3419 1439 3445 verba
1459 3420 1574 3445 iurantes
1600 3427 1700 3446 tantum
1720 3421 1801 3447 modo
1821 3423 1929 3457 dicunt,
1966 3425 2039 3453 Idem
2062 3428 2090 3454 in
2110 3437 2162 3455 ine.

25 3459 100 3482 rum,
119 3450 274 3480 hominum,
301 3448 424 3482 piscium,
441 3451 579 3478 arborum:
616 3450 647 3478 ad
667 3459 733 3485 quae
752 3451 927 3485 quodcunque
947 3450 1007 3477 fieri
1027 3451 1060 3477 ab
1125 3454 1182 3480 Vid.
1201 3455 1281 3480 Turn.
1294 3454 1361 3481 Λεία.
1373 3464 1397 3486 3,
1411 3464 1437 3480 10
1472 3462 1494 3480 et
1509 3455 1583 3490 infra
1606 3461 1622 3481 P
1633 3462 1650 3481 R
1661 3463 1682 3482 A
1692 3463 1726 3482 El
1736 3463 1816 3483 VRA
1827 3464 1848 3484 T
1858 3463 1867 3483 1
1877 3465 1905 3484 O.
2102 3462 2122 3500 q
2142 3473 2162 3498 4

23 3485 68 3514 illa
83 3486 176 3519 debet,
195 3485 363 3519 exprimitur.
415 3485 446 3510 Et
460 3492 488 3520 p.
497 3493 525 3522 p.
537 3487 627 3514 Pictor
640 3495 725 3521 quum
737 3486 846 3513 reddere
858 3486 1003 3520 Virgilium
1019 3496 1061 3513 co-
1120 3489 1192 3515 Idem
1206 3499 1265 3515 cum
1273 3509 1281 3522 ,
1301 3499 1348 3516 non
1360 3490 1416 3515 bene
1429 3489 1481 3515 dici
1492 3491 1603 3526 obstruat
1622 3490 1686 3524 Vtff
1697 3491 1725 3517 de
1736 3494 1800 3518 Arte
1815 3494 1898 3519 Grani.
1912 3504 1933 3520 c.
1939 3502 1980 3529 53.
2074 3499 2163 3526 Bon-i-

9 3514 125 3550 bubus
138 3521 234 3553 vellet,
256 3520 339 3554 ipsum
355 3518 512 3548 intuebatur.
567 3522 629 3549 Idea
647 3528 702 3548 erat
720 3522 830 3557 Virgilii
851 3522 929 3548 facies
939 3541 947 3554 ,
973 3521 1059 3548 futuri
1118 3524 1189 3550 chius
1202 3525 1298 3560 quidem
1311 3529 1338 3550 in
1354 3525 1452 3551 Vindic.
1466 3534 1492 3560 p.
1500 3535 1529 3560 93
1547 3526 1648 3553 adducit
1661 3528 1791 3562 exemplum
1804 3528 1885 3554 Gellii
1900 3535 1936 3562 18,
1949 3539 1970 3557 11
1995 3532 2060 3559 Non
2074 3534 2162 3562 hercle

23 3559 113 3591 operis
133 3556 274 3591 exemplar.
310 3555 348 3580 Ex
362 3554 416 3585 hae,
429 3556 499 3589 quod
511 3557 606 3584 artifex
618 3557 716 3589 trahit,
733 3563 758 3584 et
773 3559 848 3592 operi
862 3559 908 3584 suo
923 3557 1058 3591 imposuit,
1118 3559 1187 3586 idem
1203 3561 1287 3586 sentio
1301 3569 1360 3586 cum
1373 3561 1503 3588 Casellio:
1573 3563 1603 3587 Et
1618 3562 1706 3588 Curtii
1720 3570 1742 3594 ς,
1755 3571 1782 3595 9,
1796 3572 1811 3589 z
1843 3564 2010 3594 Nabarzanes
2024 3569 2052 3595 in
2066 3571 2161 3598 eodem

22 3592 78 3621 εἶδος
90 3594 135 3621 est.
189 3594 255 3619 Haec
268 3592 323 3619 Sevi.
361 3591 392 3616 In
404 3594 483 3616 animo
495 3591 575 3625 nostro
587 3593 681 3620 dicitur
695 3592 755 3620 Idea
765 3613 772 3625 ,
787 3594 876 3629 forma
888 3594 930 3619 illa
943 3596 1058 3628 cuiusque
1072 3603 1104 3628 93
1118 3595 1228 3622 consilio
1242 3602 1297 3622 erat
1311 3605 1370 3622 cum
1384 3597 1464 3623 Besso.
1536 3597 1602 3623 Min.
1616 3597 1669 3623 Fcl.
1683 3606 1718 3629 21,
1731 3606 1741 3623 1
1759 3599 1855 3635 Eadem
1868 3609 1970 3628 mecum
1979 3608 2160 3638 recognosces..

21 3634 60 3658 η,-
94 3638 154 3666 quae
167 3629 236 3655 nobis
250 3635 321 3662 quum
333 3626 442 3651 volumus
452 3629 661 3664 repraesentatur:
698 3636 727 3655 vt
740 3629 855 3661 hominis,
875 3632 938 3664 equi,
952 3629 1059 3654 arboris.
1122 3631 1211 3656 Verum
1225 3635 1252 3657 in
1266 3632 1305 3657 his
1319 3632 1347 3657 τᾶ
1361 3632 1429 3658 Cum
1438 3652 1446 3664 ,
1466 3634 1543 3658 sociem
1561 3633 1658 3658 haberet
1673 3634 1765 3665 etiamsi
1779 3634 1853 3660 Idem
1867 3636 1960 3669 12ngan
2027 3640 2100 3667 Idem
2114 3648 2159 3673 vt,

25 3651 102 3694 Taiia
114 3674 172 3692 vero
184 3664 332 3698 exemplaria
339 3661 402 3696 sunt
415 3659 522 3694 ivfivzita.
557 3664 629 3700 Canf.
643 3664 699 3691 Cic.
713 3664 791 3691 Tim.
805 3674 826 3691 c.
836 3674 848 3691 2
862 3672 885 3690 rt
897 3673 922 3697 9.
945 3671 968 3690 et
981 3664 1056 3698 Top.
1110 3671 1160 3700 pro
1174 3666 1240 3692 Idem
1254 3667 1325 3702 quod.
1382 3668 1463 3694 Plaut.
1476 3669 1556 3693 Merc.
1570 3668 1638 3701 prol.
1651 3676 1663 3699 3
1690 3668 1754 3694 Non
1767 3677 1816 3703 ego
1830 3671 1901 3698 idem
1912 3673 1993 3706 facio,
2012 3682 2040 3702 vt
2055 3677 2120 3702 alios
2128 3678 2157 3702 in

21 3710 36 3729 e
58 3709 83 3737 7.
124 3700 200 3735 Apul.
215 3699 247 3725 de
262 3699 355 3732 Dogm.
370 3695 433 3722 Plat.
448 3703 466 3720 1.
1116 3701 1262 3728 comoediis
1274 3709 1389 3728 amantes
1407 3703 1465 3729 vidi
1478 3703 1571 3729 facere.
1678 3703 1767 3730 Tacit.
1784 3706 1852 3733 Anu.
1866 3716 1900 3739 13,
1916 3711 1944 3735 16
1974 3711 2032 3736 Mos
2045 3711 2157 3737 habeba-

38 3722 44 3730 ·
57 3742 178 3763 IDEAL
190 3742 200 3761 1
212 3742 242 3767 s,
261 3743 285 3760 e.
322 3730 382 3758 Adi.
422 3732 452 3756 In
472 3729 529 3756 idea
547 3731 681 3765 confistens.
736 3734 834 3763 Ideales
848 3736 950 3761 formae
977 3734 1056 3760 Mart.
1116 3741 1176 3768 tur,
1199 3738 1347 3772 principum
1366 3738 1464 3764 liberos
1484 3747 1541 3763 cum
1556 3737 1665 3763 caeteris
1680 3738 1751 3765 idem
1769 3742 1859 3768 aetatis
1877 3744 2028 3777 nobilibus,
2052 3753 2096 3771 etc.
2136 3749 2156 3773 i.

21 3773 110 3807 capel„
130 3779 164 3807 7,
206 3791 213 3797 ,
251 3790 258 3796 ,
329 3766 423 3794 Idealis
443 3765 567 3800 quaedam
585 3768 722 3800 prudentia
754 3771 827 3797 Idem
846 3776 860 3801 8
874 3780 898 3805 p.
912 3777 968 3804 275.
994 3778 1109 3805 quae100
1116 3772 1228 3798 Eiusdem
1241 3777 1347 3799 aetatis:
1384 3781 1411 3800 vt
1424 3774 1453 3799 Id
1466 3782 1547 3807 genus
1557 3780 1606 3807 pro
1618 3773 1675 3799 eius
1688 3777 1797 3808 generis.
1868 3779 1907 3805 Id.
1922 3780 1988 3806 ibid.
2002 3789 2039 3813 14,
2054 3789 2080 3812 53
2098 3781 2156 3807 Nec

13 3810 101 3845 polos,
118 3816 201 3838 axem,
221 3805 342 3836 circulos,
361 3806 388 3828 in
402 3800 489 3827 mundo
503 3799 578 3836 fingit
589 3808 612 3827 et
622 3807 735 3839 concipit.
1114 3805 1192 3846 bonis
1204 3808 1304 3834 artibus
1318 3808 1389 3835 idem
1405 3809 1582 3848 viriumcrat.
1618 3812 1641 3849 i.
1662 3811 1761 3837 Eaedem
1781 3816 1857 3841 vires.
1929 3815 2000 3841 Idem
2019 3816 2155 3849 dignitatis

56 3851 65 3869 1
78 3850 95 3869 D
105 3850 120 3869 F.
132 3849 155 3867 M
165 3862 173 3874 ,
194 3841 298 3871 eadem,
319 3839 398 3865 idem.
438 3834 468 3867 [ὅ
481 3835 566 3865 αὐτὸς,
578 3835 592 3864 ἧ
603 3835 679 3870 mimi,
697 3840 725 3866 τό
741 3840 821 3876 αὐτό]
862 3841 936 3868 Idem
951 3847 1055 3876 m.pro-
1115 3842 1290 3881 ytilitatisque
1303 3844 1430 3878 praestare
1462 3844 1580 3870 Scribon.
1593 3844 1673 3884 Epist.
1686 3847 1754 3873 med.
1850 3851 1908 3875 Cum
1927 3851 2028 3875 Datum.
2084 3851 2154 3877 Hor.

20 3877 90 3905 ducit
98 3881 221 3912 primam·
257 3877 329 3903 Idem
344 3884 369 3900 n.
388 3875 503 3906 corripit.
537 3872 585 3897 Per
596 3872 667 3905 quod
679 3875 737 3907 quis
750 3883 846 3910 peccat,
865 3886 912 3911 per
926 3876 995 3903 idem
1008 3885 1055 3910 pu-
1114 3885 1143 3903 in
1156 3878 1218 3903 Arte
1233 3878 1303 3904 Poet.
1318 3883 1373 3914 467
1401 3880 1533 3910 Inuitum,
1552 3888 1599 3914 qui
1612 3881 1711 3912 seruat,
1737 3882 1807 3910 idem
1822 3885 1885 3910 facit
1897 3884 2036 3910 occidenti.
2073 3889 2092 3911 i.
2114 3887 2153 3912 Si-

18 3914 124 3940 nituret
131 3912 211 3939 idem.
247 3913 301 3938 Hoc
310 3912 454 3937 Pronomme
461 3906 588 3932 indicatur
597 3909 1000 3944 vuiusperfimae‚rei,coaristionis
1008 3919 1053 3937 etc.
1112 3915 1184 3945 mile,
1198 3913 1243 3948 stu
1259 3913 1324 3940 Idem
1338 3915 1402 3949 quod
1414 3914 1533 3941 ocmiens.
1610 3915 1714 3943 Lucret.
1731 3927 1757 3950 3,
1770 3927 1824 3951 105¹
1863 3920 1995 3950 Qioniam
2012 3928 2077 3945 vnus
2095 3921 2152 3946 Ho-

14 3951 141 3986 repeticio.
176 3947 257 3977 Sicad
267 3948 384 3974 materiae
389 3941 578 3979 ‚similitudinem
586 3941 698 3978 refertur
708 3944 770 3971 'illud
781 3946 878 3974 Cuneis
886 3956 944 3975 eam
956 3947 1100 3984 ferreisio5
1113 3957 1202 3978 merus
1232 3948 1336 4011 chptlria
1350 3951 1462 4011 pstitus,
1487 3950 1579 3977 eadem
1594 3951 1656 3978 aliis
1669 3953 1767 3988 sopitus
1781 3954 1868 3988 quiete
1882 3953 1926 3981 est.
1996 3955 2151 4025 ιὲιιεὲεᾏῃεὶ,
