2479 4225
267 174 344 222 679
508 206 511 208 .
664 168 696 208 F
782 166 818 206 L
904 161 944 201 A
1737 155 1769 194 F
1856 156 1893 196 L
1981 159 2020 199 A
2121 158 2123 160 ’
2323 162 2456 205 680«.

267 264 345 294 atque
364 258 463 292 flagitia
483 257 623 284 domestica
641 257 696 284 Cic,
715 255 794 282 Tusc.
811 261 829 283 1,
866 270 872 276 .
910 269 917 275 .
978 249 1061 289 *Idem
1075 249 1151 289 vesi:
1165 253 1187 279 ς,
1201 248 1234 273 26
1264 246 1303 272 Ita
1362 244 1483 288 &fonction
1496 247 1555 273 Vet.
1569 246 1630 279 Gl.]
1666 245 1724 272 Cum
1738 242 1848 287 strepitu
1868 245 1970 282 quodam
1988 253 2012 273 et
2028 250 2139 274 conuicio
2155 252 2250 282 petere:
2270 254 2342 282 quam
2358 255 2400 273 no-

269 296 324 322 diei
342 295 459 321 breuitas
475 294 622 325 conuiuiis,
639 292 724 318 noctis
744 285 880 321 longitudo
901 285 997 319 stupris
1015 291 1040 311 et
1062 285 1166 318 flagitiis
1186 287 1302 308 contere·
1363 289 1451 308 tionem
1459 281 1581 318 strepitus
1595 290 1617 308 et
1632 282 1793 308 vehementiae
1806 281 1871 316 ipfize
1882 283 1969 308 literae
1988 283 2052 315 FL,
2067 290 2095 309 vt
2112 285 2217 310 Graecae
2230 283 2276 308 ΦΛ
2290 281 2400 309 indicare

268 331 355 358 batur.
428 331 548 356 Extrema
570 329 667 363 flagitia
689 325 797 352 illicitae
816 320 936 347 libidinis
959 320 988 347 de
1011 322 1090 346 Gallis
1109 319 1208 354 Cybelae
1226 317 1301 351 Apul.
1363 318 1489 344 videntur.
1527 320 1640 345 Donatus
1656 317 1688 343 ad
1701 317 1768 342 Ter.
1784 317 1848 342 Eun.
1863 326 1886 349 2,
1899 326 1922 349 3,
1936 325 1970 349 90
1990 317 2130 351 Flagitatio
2144 328 2158 345 a
2172 318 2280 353 strepitu
2294 316 2401 352 dicitur,

269 367 331 393 Met.
346 371 358 395 8
375 374 399 399 p.
414 374 454 399 215
478 368 515 391 16.
551 365 631 392 Habet
643 365 721 398 igitur
733 361 836 384 maxime
853 356 1003 382 domicilium
1017 357 1074 383 haec
1092 364 1141 381 vox
1155 357 1180 380 in
1194 356 1303 387 turpitu-
1364 352 1433 378 vnde
1449 355 1572 386 Flamma,
1587 360 1611 379 et
1633 352 1753 388 flagella,
1766 359 1790 378 et
1807 354 1948 388 Flagitare,
1962 352 1990 378 id
2010 353 2044 378 est
2059 355 2213 387 personare,
2229 352 2404 390 intelligimus}

268 402 325 428 dine
338 401 430 437 insigni
442 385 562 430 U’enermi
572 399 619 436 [αἰ
629 404 706 423 tamen
720 397 793 419 etiam
805 393 1000 453 latinscpatetstt
1133 387 1152 427 ff
1175 397 1190 414 2
1227 390 1304 414 Omne
1327 390 1347 425 52
1365 387 1425 414 dici.
1463 389 1532 415 Nam
1546 389 1608 415 haec
1623 390 1712 415 omnia
1727 388 1778 413 fine
1792 388 1878 414 sonitu
1892 389 2046 423 crepituque
2058 397 2111 415 uon
2124 391 2191 416 sunt.
2228 391 2330 416 Poterat
2343 387 2405 414 adds·-
2422 414 2424 423 J

263 432 382 473 Pr'ohrum
391 457 400 470 ‚
413 446 441 463 ας
460 436 572 467 dedecus,
586 440 674 459 omnem
694 439 759 460 rem,
772 431 841 453 cuius
852 434 884 463 pu
904 437 942 454 ere
954 429 1058 462 aliquem
1074 425 1156 455 debet,
1163 423 1303 460 fignificat.
1364 424 1442 458 ipsum
1455 425 1528 451 Flare
1547 432 1568 451 el
1582 424 1717 458 Flagrarc3
1741 427 1844 459 itemque
1860 423 1936 456 illud,
1949 424 2013 459 quod
2032 424 2208 460 obstruauimus
2219 429 2245 451 in
2260 423 2401 458 Flagitium
2456 446 2457 449 ,

270 474 331 501 Liu.
345 481 380 506 42
404 475 439 498 60
465 471 560 498 Consul
574 465 676 494 moueri
690 463 791 497 flagitio
804 463 911 490 timoris
926 463 1042 493 fatendi3
1067 460 1153 487 vietus
1165 467 1251 486 tamen
1264 467 1304 485 ra·
1365 467 1391 484 n.
1407 468 1419 491 3
1431 459 1464 485 ad
1482 461 1565 486 Plauti
1579 462 1656 486 Poen.
1673 468 1694 491 3,
1707 468 1730 490 2,
1744 467 1782 491 32.
1818 458 1886 486 Add.
1900 459 1991 493 Fligo,
2005 460 2119 491 Fluctus,
2131 467 2175 486 etc.
2216 461 2298 487 Plaut.
2313 457 2401 489 Pseud.

270 509 358 539 tione,
378 492 481 534 silentio
498 504 581 532 noffls
600 499 755 527 transductis
775 499 859 532 copiis
873 499 953 525 castra
973 499 1000 524 in
1019 497 1146 524 vlteriore
1163 496 1220 529 ripa
1234 503 1304 520 com·
1367 502 1388 526 1,
1402 502 1424 526 ς,
1438 504 1480 528 143
1507 496 1629 522 Clamore
1641 504 1737 529 magno
1755 501 1780 521 et
1793 495 1908 521 multum
1922 495 2083 529 flagitabere.
2155 496 2285 530 Flagitare
2298 496 2358 530 plut
2370 492 2407 528 gl?

271 544 396 571 muniuit,
451 544 479 568 1„
499 546 542 567 x11
557 535 646 562 Tabb.
673 535 700 561 Si
715 535 774 569 quis
794 543 898 561 carmen
911 533 1071 565 occentassit,
1084 531 1156 567 quod
1168 531 1246 557 alteri
1260 531 1303 556 fla·
1366 539 1438 565 quam
1456 531 1601 558 Postulare:
1648 531 1704 557 Cic.
1720 539 1768 565 pro
1782 531 1875 563 Quint.
1892 539 1916 562 13
1945 531 2066 558 Tametsi
2083 532 2158 558 causa
2176 531 2301 566 postulat,
2317 536 2402 557 tamen

270 580 366 615 gitium
380 578 459 606 faxit,
473 572 562 607 capital
575 570 638 597 esto.
681 570 764 596 Plaut.
778 569 853 604 Epid.
868 580 889 603 3,
903 580 929 604 4,
944 577 978 604 79
998 569 1112 603 Flagitio
1124 576 1184 593 eum
1199 566 1302 592 maiore
1323 575 1352 602 1ο
1369 565 1432 599 quia
1444 566 1570 600 postulat,
1589 575 1644 592 non
1658 566 1771 600 flagitat,
1785 566 1945 600 praeteribo.
2017 567 2090 594 Idem
2104 568 2174 594 Fam.
2190 576 2216 600 9,
2230 572 2243 597 8
2263 567 2299 592 Ex
2313 574 2343 592 ea
2354 565 2402 599 igi.
2422 579 2425 584 ·

270 615 326 651 post
338 614 427 641 reddes
444 616 536 636 tamen.
591 607 631 633 Sic
645 612 668 631 ct
681 606 772 640 Nepos
786 614 823 638 22,
838 615 858 639 1,
872 609 886 632 6
911 607 1061 632 Periturum
1079 605 1104 630 se
1123 603 1211 638 potius
1223 601 1300 633 dixit,
1368 606 1413 627 tur
1425 601 1513 629 media
1524 603 1650 629 excitatos
1665 602 1739 635 misi,
1758 603 1805 636 qui
1818 608 1909 628 metuo
1923 611 1957 628 ne
1975 608 2000 628 te
2014 603 2085 629 forte
2101 602 2234 637 flagitent,
2253 610 2303 637 ego
2317 603 2407 628 autem'

270 660 349 686 quam
362 657 417 675 cum
431 650 501 670 tanto
514 641 616 676 flagitio
629 641 738 668 domum
751 641 858 668 rediret.
903 642 944 668 Sic
959 641 1024 667 Plin.
1039 640 1117 674 Epist.
1132 648 1153 671 3,
1167 647 1198 668 11,
1212 647 1230 671 4
1258 638 1301 663 Ef-
1366 637 1504 670 mandaui,
1518 645 1546 664 vt
1558 643 1690 672 rogarent.
1745 638 1840 672 Neque
1852 646 1899 664 nos
1912 647 2071 672 quemquam
2085 638 2246 673 flagitamus,
2259 645 2345 672 neque
2356 645 2404 663 nos

270 688 360 720 fugere
374 680 509 714 flagitium.
546 679 578 704 Et
589 678 706 712 Propert.
721 686 743 710 2,
756 686 798 709 34,
811 685 838 703 iz
858 677 940 702 Poffes
953 678 981 702 in
995 683 1067 703 tanto
1080 676 1172 702 viuere
1185 673 1304 712 flagitio?
1366 673 1506 734 quisquam
1519 675 1617 708 flagitat
1631 673 1711 699 Plaut.
1727 674 1805 699 Poen.
1820 682 1843 706 3,
1857 682 1876 704 1,
1890 676 1929 705 36.
1953 673 1980 699 de
1993 672 2091 707 honesta
2103 680 2260 709 paupertate.
2328 673 2403 706 Qac
2473 695 2475 698 .

271 723 350 748 Etiam
369 717 396 742 tl.»
412 713 523 749 pudendo
541 722 638 745 errore,
656 713 710 739 Cic.
728 713 760 738 de
774 713 809 738 N.
825 713 857 738 D.
877 720 895 743 1,
910 714 944 738 66
957 721 978 738 c.
992 721 1026 745 24
1046 711 1095 737 Ista
1116 711 1187 736 enim
1205 709 1305 743 flagitia
1376 715 1414 735 int
1428 718 1457 735 ea
1469 711 1579 736 numina
1593 707 1709 742 Diuum,
1723 709 1834 743 Flagitat
1848 710 1921 743 virg.
1935 709 2000 735 Aen.
2015 717 2037 742 2,
2053 718 2107 742 ¹²4·
2127 712 2145 736 i.
2166 707 2308 745 tumultuose
2325 715 2348 733 ct
2360 710 2403 734 im·
2445 730 2448 733 .

270 751 425 783 Democriti,
445 749 498 775 siue
511 749 592 775 etiam
611 754 669 774 ante
683 748 826 782 Leucippi,
839 748 887 773 esse
906 747 1058 782 corpuscula
1077 746 1206 781 quaedam
1223 744 1305 776 leuia,
1324 751 1348 777 ις
1359 744 1455 781 periofi’
1474 749 1593 781 exquirit.
1667 745 1739 770 Caes.
1752 745 1781 770 B.
1796 745 1826 771 C.
1843 753 1862 777 1,
1876 750 1908 779 87
1946 745 2062 771 Petreius
2082 751 2161 779 atque
2176 745 2301 771 Afranius
2321 752 2403 778 quum

269 792 320 817 alia
334 788 435 820 aspera,
448 784 561 811 rotunda
581 784 642 816 alia,
656 791 701 810 etc.
791 784 915 809 formulae
927 792 979 809 cum
994 783 1149 809 Nominibus.
1184 781 1305 807 Promtus
1365 779 1524 814 stipendium
1537 781 1570 807 ab
1582 780 1732 816 legionibus
1745 789 1827 814 paene
1842 780 1970 806 seditione
1985 780 2055 807 fa&a
2069 781 2257 815 flagitarentur‚
2274 779 2348 806 cuius
2365 778 2406 805 illi

269 823 382 858 flagitio,
402 824 419 847 i.
438 821 481 846 Ad
493 820 639 855 faciendum
651 819 782 855 flagitium
798 819 887 844 Tacit.
908 819 975 844 Ann.
997 827 1030 851 ις,
1048 827 1090 852 45.
1145 816 1216 843 Idem
1236 817 1304 842 Ann-
1366 815 1437 842 diem
1447 816 1566 843 nondum
1582 817 1679 843 venisse
1693 814 1826 848 dicerent,
1850 816 1944 842 Caesar
1957 823 1985 842 vt
2005 817 2173 851 cognosceret
2187 815 2346 850 postulatum
2360 814 2404 847 est.
2417 824 2427 838 ¹.

270 870 288 891 1,
301 868 312 890 3
345 858 415 884 Nam
438 857 524 882 senem
543 856 687 889 Augustum
706 854 861 880 deuinxerat
879 853 961 886 adeo,
987 854 1026 880 vti
1051 859 1172 888 nepotem
1196 852 1305 878 Vnicum
1366 851 1421 878 Cic.
1434 853 1511 878 Verr.
1526 860 1549 885 ς,
1563 860 1598 886 70
1630 854 1660 879 In
1679 857 1752 877 tanto
1772 858 1906 882 coniumtu
1923 860 2002 878 nemo
2022 859 2087 883 erat,
2100 851 2148 886 qui
2164 853 2296 878 rationem
2316 858 2406 876 nume-
2438 866 2443 873 -

266 894 408 928 Agrippam
427 891 598 917 Posthumum
616 892 644 917 in
664 890 775 916 insulam
796 889 937 916 Planasiam
956 890 1114 924 proficeret,
1134 887 1227 916 rudem
1246 888 1305 914 saue
1366 895 1479 922 rumque
1489 887 1614 921 haberet,
1640 894 1665 914 et
1678 887 1796 921 reliquos
1808 896 1862 914 non
1874 887 2031 914 desideraret
2049 888 2151 920 solum,
2169 887 2213 913 sed
2224 888 2305 913 etiam
2317 886 2405 921 posce·
2428 898 2429 901 ¹
2446 917 2450 921 .

265 930 395 956 bonarum
409 928 506 954 artium
515 947 523 959 ‚
543 932 569 954 et
580 926 680 954 robore
701 926 820 960 corporis
838 925 932 951 stolide
952 926 1068 952 ferocem
1077 945 1085 957 ‚
1103 925 1200 951 nullius
1217 930 1356 950 tamen.20
1366 928 1407 949 ret
1420 929 1446 949 et
1461 924 1600 957 flagitaret.
1670 922 1823 949 Stomachus
1839 923 1936 957 flagitat
1949 924 1978 949 in
1993 925 2096 950 morsus
2109 922 2184 950 refici
2198 924 2266 949 Hor.
2278 923 2329 949 Sat.
2342 930 2366 952 2,
2377 930 2407 957 4,
2425 917 2436 946 κ’

264 965 359 998 flagitii
372 969 544 998 compertum.
615 962 704 989 Tacit.
720 963 787 988 Ann.
801 971 824 994 3,
842 970 873 987 20
899 962 929 987 Et
943 961 1016 987 illam
1029 961 1195 987 obsidionem
1210 958 1306 994 flagitii
1367 960 1396 984 61
1418 961 1572 994 importunus
1584 959 1647 994 fiune
1665 961 1780 985 monitor.
1856 959 1929 992 Quid
1944 959 2001 985 afta
2020 959 2091 991 vita,
2110 959 2176 993 quid
2190 958 2274 985 studia
2292 964 2337 984 tua
2354 957 2407 984 a'te
2425 987 2427 990 Α

265 1007 349 1032 ratus,
370 1003 388 1026 i.
400 998 729 1035 flagitiosam‚pude›1dant.
801 996 956 1033 Grauissima
970 996 1100 1030 Qtinc‘lil.
1114 1005 1138 1028 2,
1156 998 1192 1022 16.
1263 995 1306 1020 In-
1368 994 1500 1028 flagitant,
1516 995 1623 1021 videbis
1637 995 1691 1021 Cic.
1705 995 1777 1020 Fam.
1791 1004 1820 1028 4,
1834 1002 1869 1026 13.
1937 996 2013 1028 Qiae
2032 1001 2133 1029 tempus
2153 1000 2179 1021 et
2191 993 2320 1020 necessitas
2334 993 2428 1028 flagi-,v
2447 999 2449 1003 ’

265 1045 325 1071 gens
346 1037 414 1061 Hor.
429 1037 508 1061 Serm.
530 1043 556 1066 2,
572 1043 599 1067 4,
615 1040 655 1064 82..
724 1032 875 1067 Infignitius
895 1033 986 1059 Tacit.
1006 1034 1074 1058 Ann.
1094 1041 1122 1065 4,
1142 1040 1176 1065 51.
1249 1031 1306 1057 Ma·
1367 1034 1404 1056 tat
1422 1035 1546 1065 apparare
1565 1031 1638 1057 Idem
1652 1030 1764 1065 Philipp.
1786 1038 1809 1063 ς,
1828 1039 1870 1064 54'-
1942 1032 1974 1056 Et
1987 1032 2065 1057 Verr.
2080 1038 2103 1064 ς,
2116 1038 2162 1064 127
2193 1030 2306 1064 Flagitat
2318 1028 2363 1055 abs
2380 1035 2427 1058 te„
2442 1033 2446 1037 “

264 1072 357 1098 nifesta
384 1070 514 1104 Quinem.
538 1079 561 1100 2,
584 1079 607 1097 2.
687 1069 830 1104 Flagitium
862 1068 994 1099 hominis,
1014 1072 1032 1094 i.
1049 1067 1198 1104 flagitiosiu·
1222 1069 1307 1101 turpis
1367 1064 1464 1092 filium.
1534 1066 1664 1101 Flagitare
1682 1067 1814 1101 aliquem,
1830 1064 1948 1093 Precibus
1964 1066 1995 1093 ab
2011 1067 2093 1102 aliquo
2111 1065 2238 1102 quidpiam
2256 1071 2337 1101 petere
2350 1064 2407 1091 Cic.
2434 1087 2445 1096 ,

263 1108 344 1134 Plaut.
360 1107 443 1133 Cafin.
464 1115 489 1138 2,
505 1115 523 1137 1,
537 1111 558 1135 8.
754 1102 774 1142 ff
794 1114 806 1137 3
847 1105 941 1131 Verba:
977 1104 1032 1131 Cic.
1047 1103 1124 1130 Catil.
1141 1112 1161 1135 1,
1176 1111 1198 1135 13
1230 1103 1305 1135 Qtae
1322 1109 1355 1134 25
1368 1102 1439 1127 Fam.
1451 1109 1478 1134 9,
1491 1103 1529 1128 16.
1600 1101 1746 1136 implorare
1759 1108 1785 1128 et
1799 1101 1918 1136 flagitare
1931 1102 2058 1128 auxilium
2071 1102 2196 1128 Consulis
2213 1101 2287 1128 Idem
2299 1109 2347 1135 pro
2359 1100 2408 1127 Ra·

262 1143 348 1169 libido
361 1142 395 1169 ab
406 1141 503 1172 oculi8‚
518 1140 590 1176 quod
604 1140 704 1166 facinus
718 1149 732 1167 a
745 1140 867 1167 manibus
880 1149 995 1174 vnquam
1008 1139 1075 1173 tuis,
1089 1139 1162 1175 quod
1174 1139 1306 1173 flagitium
1368 1136 1421 1163 bir.
1434 1136 1551 1171 perduel.
1570 1146 1617 1163 reo
1637 1146 1662 1170 9.
1732 1138 1864 1172 Flagitare
1882 1137 1998 1163 clamore
2016 1138 2132 1172 aliquem
2150 1137 2233 1163 Plaut.
2250 1138 2321 1163 Men.
2342 1135 2408 1171 prol.
2433 1147 2450 1169 ⁴,

262 1188 277 1205 a
290 1184 348 1205 toto
361 1186 472 1212 corpore
487 1177 596 1203 Abfuit3
658 1176 877 1203 Accouunodatus
891 1175 922 1202 ad
935 1176 1065 1210 flagitium
1074 1195 1083 1208 ,
1101 1175 1153 1202 vid.
1173 1180 1306 1201 Accom-
1367 1175 1413 1205 46.
1484 1172 1621 1207 Flagitaris
1635 1174 1709 1208 saepe
1722 1174 1838 1200 clamore
1850 1173 1878 1200 in
1891 1173 1953 1199 foro
1967 1173 2170 1206 Plaut.Poen.4,
2183 1180 2208 1207 7,
2221 1175 2266 1207 46.
2321 1169 2424 1199 Etiam-'r‘
2442 1189 2443 1194 ,
2454 1189 2455 1195 .

261 1221 362 1241 MODO.
434 1213 536 1239 Addere
552 1212 677 1238 damnum
689 1213 790 1246 flagitio
809 1213 877 1238 Hor.
892 1213 980 1238 Carm.
994 1220 1017 1244 3,
1031 1220 1054 1245 ς,
1067 1213 1110 1238 26.
1181 1211 1238 1236 Cic.
1253 1210 1306 1235 Att.
1323 1239 1326 1243 Ι
1367 1214 1448 1242 atque
1459 1208 1540 1234 etiam
1551 1209 1662 1240 instare,
1677 1218 1779 1244 vrgere,
1791 1209 1924 1241 insectari,
1936 1209 2042 1244 poscere
2058 1215 2138 1243 atque
2150 1208 2216 1235 adeo
2229 1208 2348 1243 flagitare
2360 1208 2410 1234 cri·
2422 1223 2431 1241 ‚a

262 1259 289 1284 9,
303 1259 331 1276 12
352 1250 412 1284 Spes
426 1248 554 1283 quaedam
569 1257 611 1274 me
627 1248 788 1279 obtentabat,
807 1248 865 1274 fore
878 1254 906 1274 vt
920 1247 1023 1282 aliquid
1036 1246 1192 1274 conueniret
1205 1245 1306 1280 potius,
1365 1252 1428 1270 men
1453 1244 1510 1270 Cic.
1524 1253 1572 1279 pro
1587 1245 1672 1271 Plane.
1686 1250 1719 1279 48
1739 1254 1761 1271 c.
1777 1253 1804 1277 19
1818 1251 1882 1271 extr.
1955 1245 2069 1279 flagitas
2080 1254 2140 1277 me,
2152 1251 2181 1270 vt
2193 1244 2305 1279 eloquar
2326 1243 2408 1271 Plaut.
2429 1247 2437 1255 ¹'

262 1294 341 1319 quam
353 1290 396 1311 aut
415 1284 459 1310 hic
473 1290 573 1311 tantum
589 1284 707 1315 sceleris,
725 1290 769 1310 aut
788 1284 834 1309 ille
851 1289 952 1310 tantum
972 1283 1067 1317 flagitii
1081 1282 1256 1311 Admitteret,
1277 1280 1305 1306 de
1323 1288 1356 1313 3ο
1366 1281 1449 1307 Merc.
1464 1288 1483 1311 1,
1497 1281 1540 1306 66.
1598 1281 1664 1307 Non
1675 1280 1819 1307 admodum
1831 1280 1896 1315 quid
1910 1280 2029 1315 flagitare
2042 1281 2098 1308 Cic.
2111 1279 2208 1306 deFin.
2224 1288 2244 1312 1,
2258 1288 2291 1312 13.
2349 1280 2410 1306 Pte·
2422 1266 2433 1291 '¹

261 1323 372 1355 Pompeio
385 1322 486 1347 Italiam
505 1321 666 1354 relinquente.
738 1319 885 1346 Admittere
903 1319 943 1346 rei
955 1318 1078 1345 militaris
1093 1317 1223 1352 flagitium
1249 1316 1305 1343 Cic.
1366 1316 1435 1342 tium
1449 1315 1567 1350 flagitare
1580 1324 1644 1343 caua
1660 1325 1740 1342 manu
1760 1316 1868 1343 Tibull.
1882 1325 1903 1347 2,
1915 1325 1942 1349 4,
1957 1325 1995 1349 ¹4·
2066 1317 2086 1343 F
2088 1316 2197 1350 lagitate
2209 1315 2363 1350 promissum
2375 1314 2420 1353 ab=¹
2434 1312 2441 1324 ⁷
2454 1311 2479 1343 'i

260 1365 309 1391 pro
322 1356 426 1383 Cluent.
441 1361 482 1386 128
500 1365 521 1381 c.
535 1357 581 1388 46.
648 1355 730 1381 Plaut.
744 1356 801 1382 Cas.
814 1362 837 1387 ς,
850 1363 871 1386 3,
888 1364 897 1381 1
931 1355 1050 1381 Maximo
1066 1362 1115 1387 ego
1128 1352 1216 1379 Ardeo
1232 1351 1306 1386 flagi·
1365 1351 1458 1386 aliquo
1469 1360 1516 1386 per
1529 1352 1619 1379 literas
1638 1352 1695 1378 Cic.
1710 1353 1781 1378 Fam.
1793 1361 1815 1384 3,
1828 1360 1860 1378 11.
1930 1351 2029 1378 Instare
2048 1358 2073 1379 et
2093 1353 2212 1386 flagitare
2233 1351 2309 1378 testes
2334 1349 2422 1381 Ideni-J

261 1393 315 1424 tio,
335 1401 381 1418 nec
397 1391 462 1426 quid
478 1400 552 1425 agam
565 1391 630 1417 meis
642 1391 720 1417 rebus
736 1391 805 1421 scio,
822 1391 879 1417 Nec
891 1399 978 1416 meam
992 1396 1020 1416 vt
1038 1398 1150 1416 vxorem
1163 1388 1306 1422 adspiciam
1365 1396 1415 1422 pro
1428 1387 1505 1413 Font.
1520 1396 1539 1413 1.
1611 1388 1652 1414 Ad
1672 1388 1776 1414 vicium
1797 1397 1862 1422 quae
1881 1387 1981 1421 flagitat
2000 1388 2060 1413 vsus
2084 1388 2189 1413 Lucret.
2209 1389 2236 1419 6,
2255 1396 2281 1420 9.
2351 1386 2399 1413 Cic
2417 1391 2427 1415 ζ’

261 1435 304 1454 etc.
377 1428 432 1454 Cic.
447 1427 478 1453 de
492 1427 561 1453 Clar.
576 1427 651 1453 Orat.
665 1435 707 1458 219
721 1435 739 1453 c.
756 1429 784 1452 61
805 1427 839 1453 Vt
851 1435 884 1452 ne
899 1426 984 1460 legens
997 1424 1105 1460 quidem
1118 1432 1236 1459 vnquam
1251 1424 1305 1449 sen·
1365 1422 1479 1457 Philipp.
1496 1431 1518 1455 5,
1532 1431 1563 1454 3ο
1583 1422 1619 1449 Vt
1631 1422 1749 1457 primum
1767 1423 1852 1449 libere
1866 1423 1974 1449 Senatus
1994 1422 2087 1449 haberi
2099 1423 2203 1458 potuit,
2223 1424 2325 1457 semper
2337 1402 2429 1515 flag&
2470 1420 2479 1450 ¹⁴.

260 1464 323 1490 serit
345 1470 473 1498 quantum
492 1462 623 1497 flagitium
640 1461 814 1488 commififfet.
883 1461 958 1488 Idem
971 1470 1020 1496 pro
1033 1460 1096 1487 Sull.
1113 1463 1140 1487 16
1160 1458 1242 1492 Quod
1262 1460 1306 1485 fla·
1322 1460 1351 1487 35
1365 1459 1432 1485 tauit
1445 1465 1475 1485 vt
1489 1467 1707 1484 conuocaremur.
1778 1457 1855 1484 Reffe
1867 1461 1949 1494 igitur
1964 1462 2069 1494 ponitur
2080 1465 2132 1494 pro
2143 1459 2283 1494 Accufizre:
2318 1458 2390 1485 Taci
2420 1478 2422 1481 ψ
2476 1451 2479 1463 ⁴

261 1499 356 1534 gitium
370 1498 500 1525 Lentulus
509 1507 564 1524 non
577 1506 636 1523 cum
651 1498 784 1523 Autronio
797 1498 943 1532 Concepit?
1013 1496 1153 1523 Conficcre
1166 1495 1305 1529 flagitium,
1365 1494 1434 1521 Hist.
1449 1503 1470 1526 1,
1482 1502 1508 1526 53
1536 1494 1600 1519 Mox
1613 1499 1795 1528 compertum,
1814 1495 1952 1527 pecuniam
1965 1492 2099 1528 publicam
2112 1494 2245 1520 auertisse:
2261 1499 2290 1520 vt
2309 1494 2411 1528 pecula-
2454 1506 2456 1511 ·

259 1534 311 1560 vid.
333 1540 497 1569 COchio.
569 1532 772 1567 Deprehendere
793 1532 894 1567 flagitia
914 1532 1047 1567 Quinetil.
1062 1541 1086 1564 2,
1100 1534 1138 1559 16.
1209 1532 1305 1557 Facere
1365 1535 1452 1556 torem
1465 1529 1580 1563 flagitari
1592 1528 1668 1555 iuffit.
1739 1528 1914 1560 Admonitum
1929 1533 1969 1559 te,
1981 1537 2036 1559 non
2050 1530 2195 1563 flagitatum
2208 1529 2329 1556 venimus
2352 1530 2413 1556 Cic.
2454 1526 2457 1541 ¹

260 1570 406 1604 flagitium,
419 1577 468 1604 pro
481 1570 598 1600 peccare,
611 1576 634 1595 et
648 1572 740 1595 crimen
752 1577 781 1594 ac
795 1568 900 1604 facinus
913 1571 1062 1594 committere
1075 1577 1104 1593 ex
1116 1567 1185 1593 Ter.
1200 1568 1266 1594 Eun.
1282 1575 1306 1599 2,
1367 1564 1399 1591 de
1418 1566 1493 1591 Orat.
1515 1573 1537 1596 3,
1558 1571 1595 1598 17.
1666 1564 1724 1590 Cum
1739 1563 1830 1590 duobus
1841 1563 1931 1600 Accus-
1968 1564 2040 1590 Caes.
2055 1565 2083 1590 B.
2099 1565 2131 1590 G.
2153 1573 2172 1595 1,
2192 1566 2220 1590 16
2232 1571 2278 1600 pr.
2298 1563 2410 1594 Interim

260 1613 282 1637 3,
295 1613 330 1637 90
343 1605 423 1640 supra
435 1604 571 1631 habuimus.
626 1605 720 1631 Facere
734 1603 828 1630 scelera
840 1609 866 1631 et
878 1604 979 1638 flagitia
993 1604 1048 1630 Cic.
1063 1612 1112 1638 pro
1128 1603 1204 1629 Rosc.
1215 1604 1304 1628 Amcr.
1366 1599 1489 1635 quotidie
1501 1599 1598 1626 Caesar
1612 1599 1717 1625 Aeduos
1729 1599 1910 1633 frumentunr,
1928 1598 2001 1634 quod
2014 1600 2091 1626 essent
2103 1599 2208 1634 publice
2222 1600 2350 1635 polliciti,
2362 1600 2407 1627 fla-

247 1642 300 1673 '25.
336 1641 395 1666 Alio
404 1639 477 1674 sensu
490 1638 544 1664 vid.
558 1647 583 1664 n.
597 1647 624 1671 4.
695 1639 777 1665 Plaut.
794 1640 872 1665 Poen.
886 1648 908 1672 3,
924 1648 949 1671 2,
965 1648 995 1672 32
1020 1640 1078 1666 Hae
1097 1639 1168 1665 fores
1184 1638 1305 1664 fecerunt
1313 1647 1351 1673 40
1367 1637 1459 1670 gitare.
1531 1635 1588 1661 Cic.
1601 1644 1650 1669 pro
1663 1636 1752 1661 Domo
1767 1644 1796 1668 14
1815 1645 1836 1661 c.
1851 1637 1868 1661 6
1907 1635 1982 1662 Num
2001 1644 2016 1662 a
2036 1641 2062 1661 te
2076 1635 2132 1670 ipso
2152 1635 2282 1667 instituta,
2294 1644 2337 1662 me
2352 1635 2408 1662 fru-

260 1684 384 1709 magnum
394 1675 523 1708 flagitium
532 1673 622 1700 modo.v
640 1673 708 1708 Add.
717 1674 790 1708 Qud
799 1674 826 1700 id
839 1675 875 1701 est
883 1675 996 1709 flagitii?
1010 1681 1058 1701 Co.
1075 1675 1241 1708 Crepuerunt
1254 1674 1305 1699 cla·
1365 1677 1485 1698 mentum
1498 1670 1668 1705 flagitabant?
1739 1671 1867 1707 Largior-a
1879 1669 1997 1705 aliquem
2009 1671 2127 1705 flagitare
2146 1672 2213 1698 Hor.
2227 1672 2314 1698 Carni.
2333 1679 2359 1703 2,
2373 1676 2410 1703 18,

262 1719 300 1737 re.
322 1711 551 1746 Lasciuiacomica;
568 1711 677 1743 crepitus
690 1712 787 1735 ventris
794 1709 927 1745 flagitium
936 1709 979 1742 est,
994 1713 1012 1736 i.
1027 1719 1067 1735 res
1074 1710 1238 1744 pudenda,th
1246 1710 1304 1735 Cic.
1369 1716 1404 1740 13.
1472 1706 1527 1732 Cic.
1541 1715 1590 1740 pro
1603 1707 1652 1733 Cn.
1668 1706 1752 1733 Plane.
1765 1709 1782 1733 6
1795 1716 1817 1733 c.
1830 1715 1847 1733 2
1870 1707 1915 1733 Sin
1928 1706 1998 1733 hunc
2012 1707 2054 1733 illi
2068 1713 2215 1742 antepono,
2234 1705 2409 1733 contumelio·

260 1747 334 1773 Fam.
348 1755 374 1777 9,
388 1754 421 1772 22
435 1748 499 1771 cxtr'.
522 1744 663 1778 Suppedit3
679 1744 808 1777 flagitium
824 1744 868 1770 est.
940 1745 1057 1771 Gliscere
1077 1745 1194 1778 flagitio,
1222 1751 1247 1770 et
1266 1745 1306 1769 in-
1368 1744 1394 1769 sa
1416 1741 1537 1768 habenda
1557 1742 1593 1768 esi
1610 1742 1715 1774 oratio,
1741 1748 1766 1768 et
1793 1741 1934 1769 dicendum
1957 1742 2007 1774 est,
2033 1742 2062 1769 id
2082 1742 2154 1778 quod
2173 1751 2216 1768 me
2239 1742 2284 1768 ille
2303 1741 2412 1776 flagitat.

261 1781 342 1806 famia
362 1780 454 1806 Tacit.
468 1780 534 1806 Ann.
550 1789 590 1811 14,
605 1786 638 1811 ις.
709 1780 765 1807 Cic.
784 1779 897 1813 Philipp.
913 1787 936 1810 2,
958 1785 986 1811 58
1017 1780 1123 1805 Horum
1140 1779 1305 1812 flagitiorum
1344 1771 1350 1785 ⁴
1407 1785 1424 1802 2
1459 1777 1593 1810 Speciatim
1613 1776 1647 1809 est
1671 1777 1706 1802 ad
1720 1775 1839 1813 stuprum
1857 1778 2005 1812 Jblicitare,
2028 1778 2132 1814 adeoque
2143 1776 2271 1814 stuprare.
2306 1777 2333 1804 Si
2351 1777 2412 1811 quis
2434 1803 2436 1806 ,

260 1815 307 1841 iste
323 1815 437 1847 vestigiis
456 1815 548 1840 omnia
561 1814 725 1848 municipia,
738 1814 933 1849 praestatum,
945 1814 1078 1845 colonias,
1091 1819 1173 1840 totam
1189 1813 1304 1847 denique
1317 1817 1351 1843 45
1366 1820 1380 1837 a
1395 1811 1481 1837 'enam
1499 1811 1623 1836 ancillam
1644 1811 1803 1845 surripuerit
1821 1818 1847 1838 et
1866 1813 2027 1846 flagitauerit
2043 1814 2060 1839 l.
2073 1822 2089 1840 2
2108 1814 2136 1839 ff.
2154 1813 2186 1839 de
2199 1813 2269 1847 priu.
2283 1812 2333 1839 del.
2350 1812 2374 1851 §.
2388 1820 2410 1846 5.
2439 1803 2445 1813 ”

259 1850 363 1876 Italiam
376 1849 510 1882 Imprcffit.
582 1850 748 1882 Ingurgitare
761 1850 786 1875 se
801 1850 830 1875 in
843 1850 958 1883 flagitia,
977 1849 1031 1876 vid.
1052 1856 1061 1875 1
1072 1856 1093 1875 N
1103 1855 1153 1875 Gv
1162 1855 1179 1874 R
1191 1855 1212 1875 G
1222 1857 1231 1876 1
1241 1855 1263 1875 T
1274 1854 1303 1874 o.
1365 1845 1507 1880 Paffimque
1523 1845 1673 1872 circumfusi
1687 1846 1815 1873 nudatum
1828 1847 2031 1881 supinatumque
2045 1848 2168 1874 iuuenem
2177 1848 2339 1875 exsecrandis
2353 1857 2413 1876 vre-

259 1886 402 1920 quuinare
426 1882 533 1917 flagitiis
559 1883 616 1908 Cic.
634 1892 683 1916 pro
707 1884 781 1909 Rosc.
802 1885 891 1910 Amer.
911 1892 950 1915 50.
1021 1884 1112 1910 Tacit.
1132 1883 1200 1909 Hist.
1221 1892 1252 1916 4,
1274 1890 1304 1915 59
1365 1881 1473 1908 dinibus
1493 1880 1647 1914 flagitabant
1663 1882 1740 1915 Apul.
1755 1887 1768 1912 8
1788 1891 1813 1917 p.
1828 1890 1870 1915 2¹5
1885 1884 1945 1908 Elm·
1983 1882 2101 1909 Lafiiant.
2122 1885 2148 1915 6,
2166 1892 2206 1915 32,
2226 1891 2238 1909 2
2258 1883 2286 1909 de
2306 1884 2411 1917 satana,
2431 1909 2435 1914 .

258 1922 399 1951 Caeteros,
418 1926 447 1945 vt
463 1919 577 1953 quisque
596 1916 727 1951 flagitium
741 1918 904 1948 Nauauerat,
919 1918 1042 1951 praemiis
1056 1919 1164 1943 attollit.
1236 1918 1304 1943 Ter.
1365 1916 1416 1941 His
1428 1916 1634 1941 obscenitatibus
1655 1918 1755 1942 animas
1772 1918 1804 1943 ad
1824 1917 1987 1944 sanffitatem
2006 1919 2105 1951 genitas
2119 1918 2192 1944 velut
2206 1919 2236 1944 in
2254 1920 2332 1945 coeni
2352 1929 2412 1955 gur·
2433 1911 2440 1926 ¹.

260 1958 324 1983 Eun.
338 1964 359 1988 ς,
373 1963 399 1990 7,
415 1963 441 1981 21
471 1955 518 1980 Tu
534 1954 586 1979 iam
600 1952 736 1987 pendebis,
755 1953 803 1986 qui
815 1952 921 1978 stultum
935 1951 1158 1977 adolescentulum
1167 1951 1304 1977 Nobilitas
1366 1950 1420 1983 gite
1435 1949 1710 1983 demerfit,pudorem
1724 1951 2026 1984 exstinxit,pudicitiarn
2042 1953 2184 1985 flagitauit:
2199 1962 2271 1988 quam
2284 1953 2414 1982 [ebbonem

259 1992 383 2026 flagitiis,
402 1996 427 2017 et
442 1989 553 2016 eundem
568 1988 678 2014 indicas.
748 1987 887 2014 Occultare
898 1987 997 2021 flagitia
1012 1988 1055 2012 sua
1069 1987 1146 2013 Auo.
1161 1986 1193 2012 ad
1205 1987 1304 2012 Hei-en.
1322 1991 1353 2017 50
1365 1987 1454 2010 merito
1466 1990 1549 2010 tuetur
1560 1985 1741 2011 Burzemannus.
1783 1986 1840 2012 Vid.
1856 1992 2058 2019 FLAGlTiVM,
2071 1994 2283 2016 FLAGITATVS
2296 1997 2320 2016 et
2336 1990 2412 2018 FLA-

259 2036 284 2058 2,
299 2036 320 2059 ς.
393 2025 513 2052 Polluere
535 2024 633 2051 incesto
654 2023 772 2058 flagitio,
797 2023 850 2049 vid.
877 2028 1049 2049 INCESTVS.
1122 2022 1198 2048 Sum:
1235 2022 1305 2047 Ter.
1366 2026 1528 2046 GITATOR.
1564 2019 1694 2054 Flagitare
1712 2023 1740 2046 in
1754 2021 1846 2047 talibus
1882 2024 1964 2057 roprie
1977 2020 2134 2058 tstpulfizre,
2147 2024 2282 2059 impellere,
2296 2026 2410 2059 trudere,

260 2063 334 2089 Adel.
348 2071 368 2094 3,
382 2070 403 2094 3,
418 2065 448 2092 68
480 2062 550 2088 Nam
570 2059 597 2086 id
612 2058 689 2085 nobis
703 2065 757 2086 tam
771 2059 900 2093 flagitium
914 2058 966 2090 cst,
987 2066 1066 2092 quam
1080 2057 1125 2083 illa
1140 2058 1238 2083 Demea
1250 2065 1306 2082 non
1364 2062 1394 2081 vt
1407 2055 1526 2090 Fulgent.
1541 2056 1650 2082 Contin.
1660 2056 1734 2091 Virg.
1755 2065 1780 2090 p.
1795 2064 1831 2089 153
1884 2057 2036 2091 empestiuis
2048 2058 2223 2086 ia&ati0nun1
2235 2060 2350 2088 cursibus
2365 2062 2409 2089 fla—

258 2099 345 2125 facere
360 2098 436 2123 vobis
455 2106 522 2132 quae
540 2095 624 2122 modo
637 2095 714 2121 dixti.
771 2095 827 2120 Cic.
841 2093 892 2120 Off.
907 2102 928 2125 3,
941 2095 972 2123 86
999 2093 1118 2119 Dedecus
1131 2098 1156 2118 et
1173 2092 1305 2125 flagitium
1363 2091 1471 2125 gitatur.
1489 2091 1530 2118 Sic
1541 2092 1599 2118 MS.
1611 2091 1676 2127 quod
1685 2095 1789 2118 maxime
1802 2091 1869 2118 decet
1881 2093 1950 2119 illum
1962 2096 2124 2128 antiquitatis
2137 2093 2315 2129 affiffatorem.

258 2143 382 2168 maguum
399 2133 442 2159 est.
499 2132 582 2158 Plaut.
594 2133 672 2159 Poen.
687 2138 710 2165 ς,
724 2138 746 2162 2,
759 2136 772 2162 ς
803 2129 946 2163 Flagitium
965 2134 1042 2153 tuum
1057 2127 1109 2159 est,
1126 2133 1182 2154 tuas
1196 2127 1304 2161 popula·
1403 2132 1420 2152 F
1430 2124 1620 2153 LAGiTAN
1630 2134 1659 2159 s,
1680 2128 1758 2154 antis.
1794 2128 1889 2154 Partic.
1925 2128 2060 2164 [ἕξαιτιῗν]
2097 2130 2152 2157 Cic.
2170 2130 2202 2157 de
2218 2132 2310 2166 Arufp.
2330 2132 2409 2167 Resp.

258 2178 300 2197 res
314 2177 339 2195 te
353 2169 406 2202 pati
421 2168 529 2194 seruire.
600 2167 734 2202 Suscipere
748 2165 878 2200 flagitium
892 2163 948 2190 Cic.
961 2172 1010 2197 pro
1023 2164 1144 2190 Muraen.
1159 2171 1185 2195 9.
1245 2162 1304 2201 Te·
1321 2161 1350 2188 55
1365 2163 1403 2192 46
1414 2169 1436 2186 c.
1452 2169 1486 2186 22
1507 2161 1562 2193 Qui
1575 2161 1725 2196 cupientem
1739 2162 1842 2188 Italiam
1852 2184 1860 2196 ,
1881 2163 2028 2198 flagitantes
2040 2174 2103 2198 vos,
2117 2166 2246 2201 Populum
2260 2168 2408 2195 Romanum
2476 2180 2479 2194 ι

260 2205 318 2231 neri
332 2203 439 2238 flagitiis
458 2203 549 2229 Tacit,
564 2203 631 2228 Arm.
647 2211 668 2234 3,
685 2211 718 2233 ι3.
790 2202 847 2228 Cic.
862 2201 933 2226 Fam.
946 2207 970 2232 9,
983 2207 995 2230 3
1017 2199 1060 2225 Ne
1074 2206 1157 2232 quum
1171 2206 1261 2223 omnes
1275 2205 1304 2222 in
1365 2195 1570 2227 desiderantem,
1582 2205 1637 2222 non
1653 2196 1812 2224 auctoritate
1823 2199 1867 2224 sua
1880 2199 1981 2231 solum,
1994 2200 2037 2226 sed
2050 2201 2129 2227 etiam
2142 2202 2264 2236 precibus
2278 2203 2311 2229 ad
2323 2211 2408 2231 meam

259 2241 334 2267 omni
348 2247 442 2273 genere
457 2244 482 2264 et
496 2238 636 2269 scelerum,
651 2244 676 2263 et
689 2236 852 2270 flagitiorum
866 2235 1030 2266 volutentur,
1041 2241 1086 2260 etc.
1243 2230 1264 2268 fl
1285 2240 1304 2265 4
1364 2230 1475 2257 salutem
1494 2230 1630 2257 excitauit.
2420 2235 2423 2237 ·

259 2276 404 2310 Flagitium
423 2274 522 2300 uidetur
537 2272 580 2305 effe
597 2273 660 2297 idem
673 2272 749 2308 fere,
766 2272 830 2307 quod
846 2274 984 2297 conuicium
1002 2276 1045 2296 aut
1063 2279 1092 2296 ex
1110 2268 1234 2299 robratio,
1246 2276 1306 2303 quae
1403 2271 1648 2293 FLAGiTATv
1659 2273 1690 2299 s,
1707 2275 1738 2298 a,
1758 2275 1813 2292 um.
1843 2265 1911 2294 Part.
1951 2268 2016 2294 Fest.
2040 2270 2113 2297 Inter
2126 2276 2212 2297 cutem
2228 2272 2356 2307 flagitatus
2366 2258 2404 2302 diq'

254 2311 329 2348 forte
344 2313 430 2345 prima
440 2308 595 2344 significatio
603 2307 679 2342 fuit,
695 2317 769 2342 quam
782 2305 887 2339 ostendit
899 2309 972 2332 etiam
985 2304 1084 2332 verbum
1119 2304 1210 2339 lagito.
1250 2304 1307 2329 Huc
1365 2300 1458 2329 cebant
1471 2301 1575 2336 antiqui
1588 2310 1689 2334 mares,
1707 2302 1754 2337 qui
1774 2302 1891 2336 stuprum
1910 2303 1969 2336 palli
1984 2304 2127 2339 aliquando
2141 2307 2226 2332 essent.
2264 2310 2321 2335 Huc
2328 2308 2403 2345 pestri-

252 2347 327 2383 forte
344 2345 441 2381 referas
458 2339 522 2370 illud
535 2343 634 2369 Lucilii
652 2351 685 2375 29
699 2342 766 2377 apud
778 2343 851 2368 Non.
866 2351 892 2373 4,
906 2349 948 2373 213
976 2341 1031 2373 Qui
1051 2346 1076 2367 et
1090 2341 1195 2375 poscent
1207 2339 1305 2369 minus,
1313 2342 1348 2367 60
1364 2343 1406 2363 net
1423 2338 1490 2363 locus
1504 2337 1614 2363 Catonis
1627 2336 1811 2372 apudFestum,
1823 2347 1881 2364 voce
1894 2338 2052 2372 Obstinato,
2089 2349 2140 2365 uem
2159 2343 2197 2366 ita
2211 2342 2342 2376 coustituit
2350 2345 2407 2372 Sca.
2452 2346 2453 2351 ¹

259 2388 285 2408 et
300 2381 464 2416 praebebunt
476 2379 573 2406 metius
586 2378 687 2410 multo,
705 2379 737 2404 Et
751 2377 802 2404 sine
817 2377 937 2410 flagitio,
956 2376 1021 2412 quod
1037 2382 1165 2411 comparat
1176 2376 1305 2402 Mercerus
1364 2373 1624 2412 liger.··Rumore1n‚
1638 2373 1736 2399 famam
1755 2373 1832 2399 flocci
1852 2373 1931 2406 facit,
1951 2349 2125 2401 intercutibus
2144 2374 2236 2410 stupris
2253 2379 2406 2411 obstinatus,

259 2417 294 2444 ad
305 2418 330 2444 h.
345 2417 362 2443 1.
376 2426 401 2450 p.
417 2419 462 2448 169
475 2425 528 2441 cum
542 2416 584 2441 illo
600 2413 733 2440 quenalis
747 2416 773 2445 6,
789 2422 821 2447 ³4
847 2413 946 2439 Nonne
963 2418 1037 2446 putas
1050 2412 1160 2443 melius,
1181 2409 1252 2445 quod
1266 2415 1304 2436 te·
1362 2407 1508 2443 insignibus
1522 2408 1626 2442 probris
1641 2408 1786 2442 flagitatus:
1809 2415 1856 2443 pro
1870 2410 1937 2445 vulg.
1952 2410 1980 2435 F.
1997 2409 2016 2435 f.
2032 2409 2051 2436 f,
2066 2416 2154 2444 captus
2169 2410 2276 2446 stupris,
2290 2413 2403 2441 obstina-
2452 2406 2454 2417 ¹

260 2462 318 2480 cuin
333 2452 406 2486 pusio
420 2451 536 2483 dormit,
555 2449 645 2481 Pusio,
660 2449 706 2483 qui
725 2448 807 2474 noelu
827 2457 881 2474 non
901 2448 995 2482 litigat.
1033 2448 1075 2474 Ita
1088 2448 1176 2473 Douza
1195 2446 1305 2480 explicat
1363 2450 1404 2470 tus
1424 2443 1568 2478 insignibus
1590 2444 1707 2478 flagitiis.
1741 2445 1841 2479 Repetit
1858 2445 1926 2470 illam
1938 2444 2065 2471 leHionem
2084 2440 2203 2482 tanquani
2215 2447 2329 2482 Catonis,
2345 2458 2402 2476 voce

258 2488 322 2516 Illud
335 2487 421 2514 Plauti
435 2485 511 2520 Epid.
526 2494 548 2517 3,
562 2494 589 2518 4,
603 2493 637 2519 79
657 2483 815 2519 cbifidicina
823 2482 954 2518 finifides
967 2482 1067 2509 reddere
1079 2482 1220 2517 recusanti,
1241 2480 1305 2507 Abi·
1362 2480 1436 2506 Inter
1450 2486 1545 2506 cutem.
1581 2480 1609 2505 Si
1622 2489 1650 2505 ex
1663 2480 1743 2511 libro,
1756 2480 1820 2506 benc.

259 2533 322 2556 ero,
336 2526 435 2558 inquit,
451 2521 565 2556 Flagitio
583 2529 643 2546 cum
661 2521 763 2545 maiore
777 2519 832 2553 post
853 2517 945 2544 reddes
965 2523 1060 2543 tamen.
1097 2517 1170 2543 Idem
1185 2518 1266 2542 Merc.
1283 2524 1305 2548 2,
1319 2514 1350 2547 63
1401 2521 1442 2541 ΡΙ.
1453 2522 1473 2541 A
1483 2521 1502 2541 G
1513 2522 1551 2541 1T
1561 2521 1582 2541 A
1592 2521 1613 2540 Τ
1623 2522 1631 2541 1
1641 2522 1676 2547 0,
1696 2515 1763 2541 bnis.
1789 2515 1808 2540 f.
1844 2515 1900 2540 Cic.
1915 2515 2015 2549 Topic.
2028 2523 2043 2549 ς
2054 2526 2076 2543 c.
2093 2525 2102 2543 1
2129 2516 2217 2544 Nolui
2230 2517 2311 2544 deess'e
2323 2527 2356 2545 ne
2367 2523 2406 2547 ta.

260 2569 283 2592 3,
298 2565 326 2591 83
359 2558 477 2592 Litigare
489 2557 554 2583 nolo
568 2564 681 2590 egovos
716 2569 762 2574 ·—
795 2554 882 2580 facere
896 2553 1023 2580 damnum
1034 2553 1144 2578 mauolo
1158 2553 1245 2585 Qlam
1259 2560 1306 2585 op-
1364 2550 1432 2576 citae
1446 2550 1555 2585 quidem
1571 2550 1729 2584 flagitationi
1743 2556 1811 2576 tuac.
1838 2550 1911 2586 Cous.
1927 2551 2016 2576 lustin.
2027 2559 2052 2583 2,
2066 2561 2089 2584 3,
2104 2555 2141 2578 16.

260 2595 477 2630 probramentum
491 2598 533 2618 aut
546 2591 676 2625 flagitium
686 2588 915 2616 muliebrecfferri
929 2588 1019 2615 domo.
1055 2589 1139 2622 Leges
1154 2594 1198 2614 xu
1212 2586 1304 2613 Tabb.
1404 2592 1421 2611 F
1433 2593 1448 2611 1.
1458 2593 1481 2612 A
1492 2592 1512 2612 G
1522 2594 1531 2612 1
1541 2593 1562 2612 T
1571 2594 1591 2612 A
1601 2593 1622 2612 T
1633 2592 1652 2612 0
1664 2593 1682 2613 R
1692 2606 1699 2618 ,
1718 2586 1782 2612 oris.
1802 2595 1837 2612 m.
1868 2585 2033 2620 [ἓξαιτητῆς]
2057 2589 2109 2623 Qi
2125 2587 2216 2623 affidue
2227 2592 2304 2624 petit.
2323 2589 2406 2617 Plaut.

260 2630 326 2665 apud
338 2629 473 2664 Augustin.
488 2628 520 2655 de
534 2628 563 2653 C.
578 2628 609 2653 D.
626 2635 652 2658 2,
664 2635 680 2658 9
711 2626 738 2651 Si
758 2625 818 2659 quis
837 2624 1035 2654 occentauiss‘et,
1052 2623 1106 2649 siue
1125 2630 1230 2648 carmen
1243 2631 1305 2647 con·
1366 2620 1444 2646 Most.
1458 2629 1480 2653 3,
1495 2630 1517 2653 2,
1531 2627 1556 2650 81
1594 2622 1688 2648 Ducite
1709 2630 1741 2648 ex
1760 2621 1851 2648 animo
1871 2630 1976 2654 curam,
1987 2628 2067 2657 atque
2085 2622 2204 2650 alienum
2223 2632 2280 2657 aes,
2295 2634 2332 2652 ne.
2346 2625 2407 2660 quis

261 2666 376 2696 didisset,
395 2664 467 2699 quod
487 2662 624 2689 infamiam
645 2662 742 2687 faceret
761 2661 928 2695 flagitiumue
948 2659 1035 2686 alteri.
1072 2656 1114 2692 Est
1127 2660 1208 2694 igitur
1220 2657 1306 2691 Flagi-
1364 2656 1493 2683 formidet
1506 2657 1681 2690 flagitatorem
1694 2658 1780 2684 suum.
1816 2657 2005 2684 Pro‘Creditore
2015 2661 2111 2694 accepit
2127 2659 2263 2695 reposcente
2275 2661 2409 2690 identidem
2420 2663 2435 2682 ·.

261 2702 330 2728 tium
343 2701 428 2727 facere
442 2701 518 2725 alicui
531 2707 558 2724 ea
571 2700 667 2724 ratione
679 2694 788 2727 dicium,
806 2702 835 2722 vt
848 2696 1002 2722 conuicium
1013 2695 1109 2721 facere.
1153 2694 1230 2727 Apul.
1241 2694 1348 2728 Met.70
1364 2691 1481 2718 debitum.
1516 2692 1584 2720 Add.
1603 2691 1641 2719 ib.
1662 2701 1682 2724 3,
1698 2701 1715 2723 1,
1729 2700 1775 2727 74.
1796 2699 1818 2719 et
1837 2692 1892 2719 Cas.
1912 2693 1981 2727 prol.
2001 2702 2041 2726 24.
2095 2694 2150 2721 Cic.
2164 2695 2197 2721 de
2212 2695 2282 2723 Clar.
2297 2697 2371 2723 Orat.
2383 2701 2421 2728 18*

262 2739 280 2763 6
301 2746 325 2771 p.
341 2744 394 2770 179,
409 2744 441 2768 34
476 2734 546 2760 Nam
565 2732 597 2758 sic
608 2741 665 2758 eam
684 2731 816 2767 (Psychen
830 2732 930 2765 Venus)
944 2731 1046 2758 maiora
1066 2735 1145 2764 atque
1158 2729 1249 2764 peiora
1262 2729 1305 2754 fla·
1365 2737 1387 2753 c.
1401 2735 1414 2760 ς
1443 2728 1513 2754 Nam
1528 2727 1597 2755 hunc
1617 2729 1663 2762 qui
1681 2734 1772 2763 negat,
1784 2727 1866 2755 video
1880 2728 2053 2763 flagitatorem
2065 2738 2121 2756 non
2133 2730 2211 2758 illum
2228 2731 2336 2766 quidem
2355 2733 2407 2759 tib‘
2444 2746 2447 2762 ι,

262 2772 329 2806 gitia
342 2771 520 2801 comminans,
537 2767 658 2802 appellat.
692 2766 811 2794 Pericula
829 2769 1011 2801 interpretatur
1029 2765 1160 2797 Floridus,
1178 2768 1306 2799 utiturque
1365 2763 1523 2796 molestum,
1548 2763 1591 2790 sed
1609 2763 1733 2790 alliduum
1754 2771 1842 2791 tamen
1861 2769 1886 2790 et
1906 2773 1993 2791 acrem
2011 2764 2080 2792 fore.
2133 2767 2237 2800 Pugnae
2252 2767 2313 2794 Liu.
2329 2777 2351 2801 2,
2365 2776 2407 2802 45,
2442 2768 2444 2773 ’

264 2807 352 2835 Nonii
364 2806 380 2832 l.
395 2815 415 2832 c.
436 2806 466 2832 Et
476 2805 539 2840 sane
552 2809 609 2829 ante
628 2803 725 2838 verfimz
738 2804 847 2834 Lucilii,
866 2810 934 2836 quem
951 2801 1077 2833 dedimus,
1100 2802 1216 2836 leguntur
1235 2800 1305 2827 hodie
1366 2798 1518 2833 Triumphi
1531 2806 1590 2826 ante
1604 2799 1746 2826 vidioriam
1766 2799 1839 2826 Idem
1853 2805 1876 2832 8,
1892 2808 1926 2826 12.
1997 2801 2065 2827 Acer
2083 2801 2228 2836 flagitator,
2239 2803 2292 2828 vid.
2308 2810 2414 2832 ACER,.

263 2842 354 2874 verba,
374 2839 534 2875 Flagitium,
548 2838 702 2874 periculum.
738 2838 779 2865 Sic
795 2840 954 2864 conuenirent
973 2836 1049 2863 verba
1064 2838 1157 2862 Lucilii
1175 2845 1229 2862 cum
1248 2837 1304 2862 Ho-
1366 2835 1438 2869 Calp.
1460 2835 1542 2861 Flacc.
1557 2835 1673 2861 Declam.
1694 2844 1728 2862 20
1747 2842 1812 2863 extr.
1848 2835 1967 2870 lmprobi
1987 2836 2159 2872 flagitatores,
2181 2837 2229 2872 qui
2249 2836 2409 2869 detrimenta
2424 2838 2441 2868 τ’

264 2884 311 2906 rat.
330 2878 379 2904 Sat.
396 2885 416 2909 1,
436 2885 452 2903 2.
466 2882 530 2902 extr.
565 2875 654 2901 Verum
671 2876 746 2899 nimis
763 2873 880 2900 abhorret
898 2873 940 2899 hic
957 2870 1097 2898 intellectus
1115 2881 1131 2898 a
1149 2873 1242 2907 reliquo
1260 2871 1305 2907 vsu
1317 2875 1348 2903 75
1364 2870 1494 2905 pueritiae
1514 2871 1574 2896 suae
1587 2876 1680 2897 mutuo
1700 2870 1829 2898 dedecore
1842 2873 2026 2906 compensant,
2045 2875 2088 2908 qui
2099 2872 2164 2907 quod
2174 2871 2241 2908 paffi
2254 2881 2340 2908 erant,
2352 2884 2407 2902 cum
2423 2875 2433 2888 ³¹

263 2913 343 2940 verbi.
378 2914 465 2947 Itaque
482 2911 567 2937 malim
584 2912 657 2936 etiam
676 2909 742 2944 apud
753 2910 883 2944 Apuleium
901 2909 1002 2935 maiora
1021 2907 1121 2942 flagitia
1140 2909 1305 2942 interpretari
1356 2908 1432 2942 pueri
1446 2904 1534 2938 essm,
1546 2915 1613 2936 nunc
1623 2909 1677 2932 viri
1688 2904 1762 2942 ι[αέῖἰ
1773 2907 1890 2943 faciunt.
1947 2908 1950 2909 ⁷
2418 2909 2423 2916 ⁸
2449 2901 2451 2936 l

264 2950 471 2984 obiurgationem,
488 2953 511 2973 et
524 2948 611 2981 turpia
623 2947 743 2971 conuicia.
778 2944 861 2971 Rutil.
875 2944 937 2970 Itin.
951 2953 971 2976 1,
982 2946 1028 2976 362
1051 2943 1119 2970 Auri
1131 2943 1239 2977 flagitiis
1251 2951 1305 2969 am-
1402 2948 1419 2968 F
1430 2948 1445 2966 L
1455 2948 1504 2968 AG
1516 2949 1523 2967 1
1533 2947 1643 2968 TATR
1655 2948 1664 2968 1
1676 2949 1693 2968 x
1704 2962 1712 2974 ,
1729 2942 1786 2969 icis.
1813 2943 1833 2969 f.
1868 2942 1946 2978 Apud
1959 2941 2058 2968 Arnob.
2094 2961 2101 2968 .
2138 2961 2145 2968 .
2182 2962 2188 2968 .

264 2985 335 3012 bitus
349 2984 402 3018 ipse
417 2982 497 3013 furit,
517 2984 535 3008 i.
557 2981 663 3008 Barthio
676 2979 1049 3014 interprete,flagitationibun
1400 2982 1418 3002 F
1429 2983 1444 3002 L
1454 2984 1475 3003 A
1485 2983 1505 3003 G
1515 2984 1523 3002 1
1533 2984 1554 3003 T
1565 2983 1642 3004 ΑΜΕ
1653 2984 1673 3003 Ν
1685 2985 1733 3004 TV
1744 2985 1784 3008 M,
1806 2979 1825 3004 i.
1854 2986 1880 3004 n.
1918 2977 2035 3011 Fulgent.
2054 2976 2137 3008 Myth.
2155 2986 2164 3003 1
2176 2985 2216 3013 pr.
2247 2979 2405 3014 Egi-edimur

301 3026 402 3047 FLAG
414 3017 594 3047 1T16svs,
613 3025 643 3048 a,
666 3024 721 3042 um.
743 3014 803 3041 Adi.
838 3015 952 3049 [xJGfas-rls
965 3016 1022 3041 Vet.
1038 3014 1194 3048 Onomast.]
1230 3014 1306 3041 scete.
1365 3018 1503 3039 nautarum
1519 3013 1546 3038 in
1566 3022 1685 3045 morem,
1705 3023 1772 3048 quos
1792 3013 1972 3047 tempestatum
1991 3012 2170 3046 flagitamento
2192 3015 2341 3042 confractos
2360 3025 2403 3043 ex.

263 3062 351 3087 ratus,
376 3055 455 3081 Vitiis
474 3053 583 3080 omnibus
597 3058 620 3078 et
632 3050 703 3077 rebus
713 3050 839 3085 pudendis
852 3050 989 3076 abundans.
1026 3051 1082 3077 Cic.
1102 3050 1134 3076 de
1146 3048 1253 3077 Amicit.
1270 3057 1306 3084 47
1319 3054 1350 3080 80
1365 3054 1453 3082 optata
1472 3048 1580 3074 reduces
1599 3049 1700 3083 excepit
1718 3049 1783 3083 ripa.
1820 3050 1861 3076 Sic
1877 3050 2001 3080 meliores,
2015 3054 2037 3073 et
2050 3046 2142 3082 probat
2160 3050 2251 3076 Barth.
2271 3051 2305 3077 ad
2321 3052 2404 3080 Rutil.
2449 3059 2450 3067 ¹

262 3093 355 3125 Itaque
369 3089 458 3116 videas
470 3088 550 3115 rebus
562 3086 667 3114 iniustis
681 3086 762 3113 iustos
777 3086 890 3112 maxime
905 3086 1010 3118 dolere,
1024 3085 1205 3112 imbecillibus
1223 3086 1305 3111 fortes
1362 3085 1425 3110 ltin.
1448 3093 1472 3115 1,
1492 3085 1548 3116 362.
2360 3101 2362 3103 ,

266 3125 400 3161 flagitiolis
419 3124 559 3150 modestos.
614 3122 713 3149 Sallust.
728 3121 805 3148 Catil.
819 3131 840 3147 c.
856 3130 884 3154 14
894 3128 937 3156 pr.
965 3122 1093 3147 Omnium
1109 3121 1307 3156 flagitiosorum
1402 3125 1641 3150 FLAGRANTiA,
1667 3125 1919 3148 HAGRATORES,
1949 3123 2165 3152 FLAGRiONES,
2185 3120 2239 3147 vid.
2261 3119 2403 3150 FLAGRO.
2428 3129 2429 3133 ¹
2448 3130 2449 3134 ¹

264 3167 343 3196 atque
357 3161 569 3187 facinorosorum
583 3158 682 3185 circum
698 3159 722 3184 se
735 3163 859 3191 tanquam
879 3156 1034 3190 stipatorum
1049 3164 1164 3184 cateruas
1184 3155 1307 3183 habebat.
1402 3162 1444 3182 PL
1454 3153 1476 3182 Ᾱ
1486 3161 1506 3181 G
1517 3162 1536 3181 R
1546 3162 1582 3185 ο,
1605 3157 1657 3180 are.
1694 3154 1707 3187 [
1714 3157 1814 3188 φλέγω,
1839 3156 1984 3187 aurosum]
2018 3154 2124 3180 Ardere.
2142 3156 2165 3181 A
2185 3156 2315 3189 Flamma,
2328 3158 2370 3185 vel
2389 3167 2405 3185 a

267 3196 416 3232 Flagitiosi,
441 3195 489 3230 qui
509 3203 634 3221 venereas
656 3193 805 3227 voluptates
824 3192 988 3218 inflammato
1007 3193 1097 3218 animo
1120 3192 1307 3226 concupiscunt
1367 3191 1459 3223 Flatu,
1479 3200 1533 3226 quo
1553 3189 1633 3217 alitur
1653 3190 1819 3221 incendium,
1838 3189 1942 3225 quando
1961 3189 2023 3215 tlatu
2036 3190 2179 3224 excitatur,
2195 3198 2225 3219 vt
2238 3196 2277 3219 ait
2289 3194 2404 3221 Seruius.

265 3234 321 3260 Cic.
343 3232 427 3259 Tusc.
441 3241 459 3265 4
479 3240 500 3257 c.
516 3239 554 3262 32.
607 3229 646 3256 Id.
660 3229 692 3255 de
705 3229 762 3255 Fin.
777 3237 799 3260 2,
819 3236 850 3260 93
870 3237 892 3253 c.
907 3232 934 3257 28
955 3227 983 3252 cle
995 3227 1099 3254 Ofsauio
1113 3235 1228 3264 aegroto,
1249 3228 1307 3254 Nec
1323 3229 1352 3258 83
1367 3227 1436 3259 Certe
1449 3233 1555 3263 cognata
1572 3224 1618 3258 ista
1639 3224 1696 3258 effi,
1710 3236 1757 3252 non
1771 3225 1804 3259 est
1818 3225 1929 3257 dubium,
1949 3224 2001 3251 vid.
2022 3232 2178 3253 FLAGzTO.
2214 3229 2349 3265 Accipitur
2361 3240 2403 3257 au·
2448 3226 2449 3238 ³

265 3274 353 3295 tamen
372 3267 467 3293 misere
486 3266 551 3298 csse,
571 3280 616 3285 -—-
636 3263 820 3290 tantummodo
839 3262 986 3290 laboriosus
1005 3262 1158 3289 videbatur:
1178 3269 1203 3289 at
1216 3264 1307 3296 miser,
1366 3269 1467 3295 termut
1487 3264 1582 3298 reliqua
1596 3261 1669 3287 huius
1687 3265 1785 3297 generis
1796 3261 1854 3297 fere
1873 3263 1968 3292 omnia,
1985 3262 2025 3287 vel
2037 3265 2156 3298 proprie,
2172 3264 2214 3289 vel
2232 3266 2355 3292 tramlate
2373 3264 2413 3292 de,

265 3304 282 3330 fl
296 3304 324 3330 in
338 3303 435 3330 vitiosa
448 3307 473 3328 et
488 3301 616 3336 flagitiosa
629 3301 683 3326 vita
701 3300 819 3326 afflueret
832 3298 1023 3333 voluptatibus.
1062 3300 1118 3324 Non
1130 3298 1234 3333 prorsus
1247 3300 1308 3325 male
1366 3297 1513 3332 affifhhs,
1530 3299 1673 3332 illorumque
1685 3297 1782 3333 signis,
1801 3296 1903 3327 rubore,
1927 3298 2020 3328 calore,
2040 3303 2105 3324 motu
2123 3299 2212 3331 celeri,
2227 3306 2273 3326 etc.
2327 3301 2411 3335 Virga

266 3348 322 3375 ergo
336 3338 393 3365 Isid.
408 3338 484 3372 Orig.
498 3346 526 3364 10
550 3335 708 3370 Flagitiosus
718 3355 725 3367 ,
739 3344 772 3361 eo
786 3334 859 3369 quod
877 3334 1042 3368 frequentius
1056 3334 1155 3368 flagitet
1173 3341 1252 3368 atque
1264 3343 1307 3367 ap·
1368 3335 1432 3360 Aen.
1447 3343 1464 3364 1,
1478 3342 1528 3368 714
1555 3332 1755 3367 flagrantesque
1768 3332 1811 3359 dei
1825 3331 1921 3357 vultus.
1955 3333 2066 3359 Priorem
2080 3333 2203 3367 §syllabam
2217 3338 2290 3362 etiam
2308 3338 2405 3371 corripi
2421 3351 2430 3362 a

267 3380 335 3408 petat
366 3373 517 3400 libidinem.
589 3371 726 3397 Libidines
748 3370 803 3396 Cic.
824 3371 901 3396 Verr.
922 3379 943 3402 2,
967 3378 1011 3403 134
1037 3378 1058 3395 c.
1079 3377 1120 3403 54.
1191 3369 1307 3395 Pofl‘effio
1367 3369 1435 3396 docet
1454 3370 1527 3403 Virg.
1544 3368 1640 3402 Georg.
1654 3377 1673 3401 1,
1687 3377 1726 3401 331
1745 3370 1787 3403 qui
1804 3366 1889 3402 perfia·
1904 3370 1969 3399 exit,
1984 3368 2031 3394 Ille
2052 3368 2173 3403 flagranti
2187 3377 2232 3396 etc.
2273 3371 2332 3399 Vid,
2346 3381 2403 3398 mox

266 3410 338 3435 Idem
353 3418 401 3443 pro
415 3410 489 3435 Rosc.
504 3408 592 3434 Amet.
604 3415 649 3439 24.
721 3407 771 3432 Res
792 3405 892 3431 Arnob.
910 3412 927 3439 7
944 3414 967 3439 p.
983 3411 1025 3437 238
1037 3411 1101 3431 extr.
1174 3405 1236 3430 Vita
1251 3405 1350 3439 Cic.90
1367 3405 1532 3439 Flagrantem
1546 3403 1670 3436 Crinem,
1683 3411 1706 3430 et
1726 3403 1834 3438 flagrans
1852 3402 1963 3429 Telum.
2002 3403 2108 3431 Ouidius
2126 3406 2291 3434 etgHoratius
2305 3407 2403 3442 semper

267 3444 300 3469 de
319 3445 376 3470 Fin.
396 3453 420 3474 z,
440 3453 468 3476 93
487 3443 556 3470 modo
574 3442 669 3478 adfuit.
748 3440 843 3467 Verbis
863 3440 992 3475 flagitiosa
1008 3441 1112 3472 dicere,
1132 3449 1198 3475 quae
1218 3440 1306 3474 turpia
1365 3441 1513 3475 producunt.
1584 3438 1648 3464 Plin.
1662 3448 1701 3472 14,
1716 3447 1747 3465 20
1773 3438 1840 3464 Faex
1858 3438 1915 3465 vini
1928 3438 2018 3465 siccata
2036 3439 2130 3473 recipit
2144 3440 2232 3474 ignes,
2249 3449 2278 3468 ac
2290 3441 2343 3468 sine
2356 3442 2402 3469 ali,

269 3487 323 3504 non
337 3479 612 3513 sunt‚rcprehendunt
625 3483 650 3503 et
664 3476 776 3503 irrident
790 3476 873 3503 Stoici
887 3476 960 3502 Idem
967 3475 1019 3502 Off.
1037 3484 1057 3508 1,
1073 3481 1124 3505 128.
1195 3476 1308 3511 Compar.
1368 3482 1458 3502 mento
1472 3484 1516 3510 per
1530 3475 1554 3501 se
1570 3474 1669 3508 flagrat.
1740 3473 1822 3500 Ouid.
1835 3473 1898 3500 Fast.
1914 3477 1938 3505 6,
1951 3483 2002 3507 439
2026 3475 2182 3509 Flagrabant
2199 3476 2280 3503 saneti
2295 3477 2402 3504 scelera-

269 3513 368 3539 Sallust.
383 3514 499 3546 Iugurth.
515 3519 543 3546 ες
563 3515 670 3548 Quanto
684 3512 793 3538 illorum
806 3512 861 3538 vita
875 3511 1052 3546 praeclarior,
1071 3517 1145 3538 tanto
1158 3510 1255 3538 horum
1268 3512 1307 3538 so·
1366 3511 1400 3537 tis
1419 3511 1524 3546 ignibus
1537 3511 1610 3544 Ignes
1623 3510 1651 3535 de
1669 3506 1751 3541 Vestae
1762 3511 1849 3544 templo
1862 3510 1967 3546 incenfh.
2035 3510 2109 3537 Idem
2124 3512 2187 3538 Met.
2200 3521 2227 3545 4,
2238 3520 2288 3547 347
2314 3513 2403 3539 Visae-

269 3547 360 3574 cordia
376 3548 537 3581 flagitiosior.
585 3549 680 3583 Super-I.
702 3549 793 3574 Homo
807 3546 1013 3582 flagitiosissimus
1027 3547 1083 3573 Cic.
1094 3548 1170 3573 Verr.
1183 3555 1195 3572 2
1207 3554 1271 3573 extr.
1368 3555 1419 3581 que
1437 3546 1558 3581 cupidine
1578 3545 1680 3570 formae
1695 3544 1814 3570 Salmacis
1833 3545 1937 3572 exarsit:
1957 3546 2066 3579 flagrant
2082 3555 2188 3581 quoque
2201 3547 2315 3574 Lumina
2328 3558 2402 3580 nym-
2419 3571 2424 3574 .

309 3589 325 3608 F
338 3589 411 3609 LAG
422 3590 429 3607 1
441 3589 462 3607 'r
472 3590 481 3608 1
491 3585 530 3609 68
541 3591 566 3609 E.
599 3583 666 3610 Adu.
701 3583 866 3618 [μοχθηρῶς]
902 3581 1043 3609 Ραάεηιίιιηι
1062 3585 1089 3608 in
1109 3582 1212 3608 modum.
1250 3582 1305 3609 Cic.
1320 3588 1352 3614 95
1368 3582 1439 3617 phes.
1512 3581 1630 3614 Flagrare
1644 3579 1802 3606 libidinibus
1814 3581 1881 3607 Suet.
1897 3581 1928 3607 de
1936 3580 2006 3607 Clar.
2020 3582 2109 3608 Grani.
2123 3591 2144 3607 c.
2157 3590 2192 3613 23.
2264 3584 2402 3618 Flagrabat
2416 3585 2419 3590 ’
2441 3585 2447 3597 ”

272 3619 347 3644 Verr.
364 3617 420 3643 Aci.
442 3625 464 3656 1,
473 3626 510 3650 44
545 3618 630 3645 Patres
648 3619 809 3654 conscriptos
827 3617 924 3644 iudicia
944 3618 1011 3644 male
1033 3623 1059 3644 et
1078 3618 1207 3652 flagitiose
1229 3619 1307 3645 tucri.
1368 3617 1522 3652 diligentiae
1545 3615 1720 3642 aemulatione
1752 3616 1848 3643 mulier
1897 3616 2056 3644 ulcherrima
2080 3617 2210 3644 Columel.
2232 3618 2261 3644 in
2280 3628 2401 3653 prooem.

269 3653 386 3684 Desciuit
406 3652 534 3685 flagitiose
549 3660 563 3678 a
576 3653 667 3680 Stoicis
688 3660 794 3689 propter
813 3653 952 3681 oculorum
972 3653 1094 3679 dolorem
1115 3653 1187 3679 Idem
1202 3653 1234 3679 de
1249 3654 1308 3680 Fin.
1369 3654 1491 3680 Amentia
1509 3652 1631 3685 flagrare,
1648 3651 1841 3685 Amffllffmum
1861 3651 1904 3685 <le
1929 3653 1984 3678 Cic.
2004 3661 2053 3686 pro
2071 3652 2175 3678 Cluent.
2196 3661 2230 3679 12.
2302 3655 2402 3681 Amore

271 3696 294 3721 ς,
310 3697 348 3721 14·
420 3686 497 3713 Dicta
516 3687 643 3720 flagitiose
664 3695 688 3715 et
708 3690 820 3724 turpiter
843 3689 880 3715 Id.
894 3687 925 3715 de
938 3689 1011 3715 Orat.
1033 3697 1053 3721 1,
1070 3696 1124 3723 217.
1197 3689 1307 3716 Factum
1368 3689 1478 3723 flagrare
1491 3687 1545 3714 Cic.
1558 3686 1638 3713 Tusc.
1653 3695 1680 3719 4,
1693 3693 1733 3720 72.
1773 3688 1801 3712 Et
1815 3696 1863 3722 pro
1871 3687 1987 3714 Marcell.
2001 3697 2023 3714 c.
2037 3696 2054 3720 9
2079 3687 2289 3715 immortalitatis
2303 3691 2402 3716 Amore

2422 3465 2435 3482 fl

272 3723 402 3758 flagitiose
427 3721 502 3748 Auel.
517 3722 547 3747 ad
562 3723 660 3762 Hcren.
676 3732 696 3756 1,
711 3729 732 3753 8.
805 3725 898 3751 Sumus
921 3724 1051 3759 flagitiose
1074 3724 1196 3758 imparati
1219 3731 1275 3750 tum
1294 3734 1309 3751 a
1368 3725 1490 3759 flagrauit
1510 3722 1619 3749 Animus
1639 3722 1704 3747 Hor.
1721 3722 1800 3755 Epod,
1816 3733 1838 3755 ς,
1858 3728 1892 3752 81.
1962 3724 2059 3749 Amore
2072 3722 2140 3756 pilae
2155 3723 2265 3758 flagrare
2287 3724 2403 3751 Martial.

272 3758 414 3790 militibus,
425 3764 481 3784 tum
494 3766 508 3783 a
520 3765 628 3791 pecunia
649 3758 703 3785 Cic.
720 3761 771 3785 Att.
786 3767 811 3793 7,
824 3768 849 3792 ις
863 3767 928 3787 extr.
996 3759 1081 3786 Obire
1102 3760 1243 3794 legationes
1264 3761 1409 3792 fla-iooio,
1424 3761 1463 3789 86.
1532 3756 1635 3783 Ardore
1655 3757 1764 3784 alicuius
1782 3761 1822 3785 rei
1844 3759 1953 3792 flagrare
1975 3757 2103 3784 Columcl.
2116 3760 2141 3790 6,
2159 3767 2201 3793 27.
2272 3760 2346 3786 Bello
2358 3761 2402 3787 fla.

273 3795 368 3830 gitios'e
389 3793 460 3819 Idem
481 3801 528 3827 pro
544 3793 619 3818 Font.
634 3801 676 3825 24.
747 3794 852 3820 Seruire
871 3796 985 3822 aliorum
1007 3795 1095 3822 amori
1113 3796 1307 3829 flagitiosislime
1368 3801 1424 3829 grat
1437 3799 1492 3820 tota
1504 3792 1578 3818 Italia
1591 3792 1646 3818 Cic.
1661 3794 1712 3819 Att.
1727 3802 1748 3825 ς,
1765 3802 1802 3828 ¹7-
1873 3793 2006 3827 Cupidine
2019 3793 2058 3819 rei
2071 3793 2184 3820 alicuius
2196 3795 2307 3829 flagrare
2322 3794 2404 3822 Ouid.

271 3830 310 3857 Id.
324 3831 351 3856 in
364 3828 442 3856 Catil.
457 3837 481 3860 2,
494 3833 506 3857 8
521 3837 542 3853 c.
552 3836 582 3867 4.
638 3828 802 3867 Flagitiosius
822 3831 921 3857 Arnob.
936 3840 954 3865 4
968 3841 992 3866 p.
1007 3839 1058 3864 141.
1130 3831 1205 3857 Sum:
1225 3832 1305 3865 Flagi-
1367 3831 1431 3856 Met.
1446 3838 1468 3860 2,
1480 3836 1536 3860 ¹04·
1607 3828 1756 3862 cupiditate
1777 3830 1886 3863 flagrare
1909 3830 1965 3855 Cic.
1979 3828 2010 3854 de
2024 3829 2098 3854 Orat.
2117 3838 2134 3859 1,
2155 3839 2203 3862 134.
2239 3830 2314 3857 Idem
2327 3832 2402 3859 Verr.
2426 3833 2428 3837 '

272 3866 339 3892 tiose
356 3870 381 3891 et
394 3863 507 3898 turpiter
519 3863 572 3889 fuit
586 3862 773 3896 gladiatoribus
786 3864 901 3899 CicAtt.
916 3869 943 3899 6,
956 3875 969 3900 ς
984 3869 1020 3899 (3)
1089 3866 1188 3894 Viuere
1203 3868 1308 3901 impure
1368 3874 1395 3898 4,
1411 3865 1451 3896 76-
1522 3863 1657 3889 Desiderio
1672 3865 1727 3896 tui,
1741 3872 1785 3891 aut
1799 3865 1872 3891 vrbis
1886 3864 1976 3898 flagrat
1989 3862 2026 3889 Id·
2042 3864 2095 3890 Att.
2111 3872 2137 3898 7,
2150 3876 2168 3898 4
2182 3868 2217 3898 (ς,
2232 3869 2280 3897 u.)
2339 3866 2404 3892 Gra-

270 3910 300 3927 ac
314 3900 441 3940 flagitiose
454 3898 526 3926 Idem
541 3897 573 3924 de
587 3898 645 3924 Fin.
660 3907 680 3929 3,
693 3903 717 3929 38
731 3908 751 3924 c.
770 3907 800 3925 11.
1367 3900 1404 3926 tia
1423 3899 1532 3932 flagrare
1553 3899 1644 3925 Tacit.
1660 3901 1726 3926 Ann.
1746 3909 1777 3932 11,
1790 3909 1830 3933 29.
1900 3900 1954 3926 Cic.
1972 3899 2025 3925 Art.
2047 3908 2074 3931 4,
2089 3907 2105 3933 7
2120 3903 2169 3932 (¹8)
2189 3906 2273 3928 coss.
2295 3900 2403 3935 flagrant

308 3941 410 3962 FLAG
421 3942 430 3961 1
443 3941 509 3967 To,
529 3938 583 3961 are.
619 3933 789 3969 [προσλιπαρδ
806 3934 865 3961 Vet.
878 3935 957 3963 Gloff.
971 3936 1156 3972 Flagitauerit,
1168 3936 1236 3971 μετοὲ
1251 3937 1309 3969 βυῆε
1322 3934 1495 3970 105infamia.
1519 3935 1593 3969 quod
1611 3935 1752 3965 Memmius
1771 3934 1924 3963 candidatus
1942 3933 2092 3969 pactionem
2112 3935 2141 3961 in
2158 3936 2253 3963 Senatu
2271 3936 2402 3968 recitauit,

1764 3982 1772 3988 ..
2315 3979 2403 4007 quam,
