2479 4225
548 142 835 190 ΒΑΜ
1635 97 1934 164 ΒΛμΡ
2294 118 2318 159 g

1065 213 1146 243 Ouid.
1160 212 1224 239 Met.
1283 209 1332 236 bae
1346 208 1444 236 montis
1459 205 1631 237 Germaniae,
1649 213 1681 231 ex
1696 203 1813 231 aduersa
1822 203 1932 230 Raurici
1949 202 2050 229 Galliae
2061 201 2166 237 oppidis
2178 200 2270 228 multis
2281 192 2322 226 iil-

1285 251 1326 284 tra
1341 244 1417 278 Alpes
1429 243 1564 274 minibus,
1582 250 1610 267 ac
1625 249 1670 275 per
1689 240 1838 272 innumeras
1854 239 1936 273 lapsus
1961 244 2048 272 gentes
2064 237 2182 264 Danubii
2201 236 2321 268 nomine,

235 324 253 343 D
261 323 282 342 A
291 321 314 340 M
324 321 344 340 N
352 319 402 338 AT
412 319 420 337 1
430 316 448 336 O
495 308 562 334 onis,
597 305 616 331 f.
652 304 665 336 [
677 299 838 332 nardymaais,
861 290 1003 325 κατάκριμα
1016 290 1028 323 ]
1064 285 1133 325 plin..
1149 286 1188 312 28,
1287 281 1418 305 immenso
1431 286 1557 317 aquarum
1571 275 1668 315 3116111,
1688 281 1713 301 et
1729 274 1797 301 vnde
1809 272 1923 313 primum
1936 273 2073 305 Illyricum
2086 273 2162 299 alluit
2171 293 2192 307 ὃ
2202 272 2266 298 Ister
2278 280 2321 304 ap-

200 352 317 378 Metuens
332 330 532 373 damnatio’nem.
601 336 773 365 Damnatione
786 326 984 365 ignominiaque
999 323 1073 356 digni
1104 320 1158 358 ῼις-
1171 316 1225 354 Att.
1288 313 1411 353 peliacus,
1427 315 1573 354 'senagmta
1591 310 1713 350 amnibus
1733 315 1860 348 receptis,
1874 309 1974 348 'medio
1992 309 2075 335 ferme
2094 316 2205 334 numero
2228 315 2323 333 eorum

201 394 218 420 7
242 393 253 416 3
319 384 435 408 Reorum
454 375 625 405 acerbiffirnae
643 370 836 398 damnationes,
856 365 896 388 cui
913 362 1060 395 opponitur,
1087 350 1226 380 L¹b¹d¹¹¹0·
1249 353 1263 380 5
1288 349 1435 389 ¹¹?U1g2b111
1443 357 1496 388 ’.m
1509 354 1619 382 pontum
1632 345 1709 372 vastas
1722 346 1765 372 sex
1777 342 1930 371 fluminibus
1943 344 2088 371 euoluitur.
2132 341 2258 369 Haffienus
2271 341 2324 367 Pli-

201 404 303 447 fisffiffiae
316 416 485 443 liberationes
501 412 572 439 Idem
585 409 614 435 in
627 407 712 434 Pison.
730 409 761 436 87
773 410 793 427 t·
807 401 846 431 36·
902 397 932 422 Ec
944 396 1020 421 Verr,
1033 401 1057 421 2,
1071 398 1116 427 ¹09
1135 388 1226 419 Qum
1288 393 1357 412 nius.
1373 384 1527 424 Ammianus
1542 391 1589 422 22,
1603 401 1616 421 ,¹
1629 401 1637 408 ,
1656 378 1898 420 Amnis-Danubius
1912 380 1999 407 oriens
2012 387 2093 414 prope
2106 378 2236 404 Rauracos
2249 385 2324 403 mon-

201 463 258 482 tem
281 453 317 479 ita
335 449 516 486 exposuissem,
537 440 757 480 quemadmodum
775 444 845 461 nunc
863 431 930 466 apud
951 438 1011 455 vos:
1034 423 1226 460 docmffemque
1288 426 1351 460 te&
1361 418 1492 458 limitibus
1512 417 1630 456 Rheticis
1646 424 1696 456 per
1711 416 1834 442 latiorem
1851 413 1945 441 orbem
1962 414 2113 449 poncnsffi,
2145 421 2173 439 ὃς
2192 413 2324 446 sexaginta

201 490 266 517 hanc
278 486 471 513 damnationem
483 481 543 507 duci
557 488 610 505 non
622 480 761 511 oportere,
780 477 825 497 etc.
896 466 961 493 Pliu,
976 472 1020 495 20,
1033 470 1054 487 11
1067 460 1085 499 l}
1099 465 1132 490 43
1150 457 1227 490 Apla-
1289 454 1455 489 nauigabiles
1466 462 1554 494 ‘paene
1571 459 1701 486 recipiens
1715 451 1822 483 fluuios,
1838 451 1934 485 septem
1952 450 2024 476 ostiis
2042 458 2088 484 per
2108 448 2158 475 hoc
2178 447 2327 480 Scythicum

201 525 282 551 strum
295 522 414 556 Hyginus
429 517 536 553 quidem
549 508 759 545 meliffophyllon
793 520 838 525 ——
873 500 1001 536 appellat,
1019 495 1062 523 sed
1076 503 1103 521 in
1117 491 1229 519 confeffa
1289 491 1356 518 latus
1371 494 1486 523 erumpit
1506 497 1536 515 in
1547 496 1636 518 mare,
1655 492 1700 512 etc.
1757 487 1830 512 Hunc
1840 484 1976 522 ftcundum
1988 483 2042 518 post
2057 485 2144 511 Nilum
2151 482 2223 519 facit
2244 483 2325 509 Auso-

203 558 368 586 damnatione
379 555 415 581 est
427 556 583 580 venenatum
597 550 625 574 in
639 542 764 572 Sardinia.
834 538 954 565 Eximere
973 541 1050 561 reum
1061 527 1229 557 damnatione
1246 531 1275 550 10
1291 527 1350 566 nius
1365 525 1452 560 Epigr.
1472 533 1491 557 4
1526 523 1640 556 Illyricis
1655 526 1780 555 regnator
1791 521 1881 555 aquis,
1907 519 1960 546 tibi
1975 519 2038 546 Nile
2057 518 2201 550 secundus,
2238 518 2326 544 Danu.

203 593 283 622 Paull.
297 593 324 619 in
338 592 355 617 l.
370 588 487 623 exceptio
508 587 539 613 D.
555 584 586 610 de
604 579 749 614 exception.
1289 561 1350 589 buis
1362 561 1459 587 laetum
1467 558 1575 594 profero
1589 558 1663 584 fonte
1676 561 1762 591 caput.
1831 555 1912 583 Ouid.
1926 564 1956 582 ex
1970 556 2052 580 Ponto
2070 564 2098 588 4,
2114 564 2152 587 10,
2167 559 2195 586 58
2225 553 2326 579 Cedere

240 636 258 656 D
267 636 286 654 A
297 634 320 653 M
330 633 352 652 N
360 633 418 655 AS,
451 624 464 657 [
476 619 661 651 κατεγνωσμένος
674 614 687 647 ]
726 619 773 648 pro
791 612 930 636 Damnatus
948 602 1014 641 apud
1031 597 1229 638 Iurisconspltos.
1289 596 1425 624 Danubius
1439 596 1463 622 se
1476 594 1537 627 tibi,
1551 593 1625 626 Nile,
1638 597 1723 628 neget.
1778 591 1863 617 Ferox
1873 590 2010 617 Danubius
2032 589 2124 629 Claud.
2138 590 2167 616 in
2174 588 2242 615 Ruff.
2257 597 2278 619 2,
2287 595 2328 622 27.

204 662 340 692 Marcellus
358 661 386 687 in
405 660 421 685 l.
435 658 538 685 damnas
559 655 590 680 D.
604 651 635 677 de
649 650 695 676 vsu
714 654 741 674 et
754 644 881 672 vsufruet.
903 650 948 677 per
967 640 1017 673 leg.
1031 637 1083 663 dat.
1103 635 1231 667 Qusquis
1291 631 1440 659 Profundus
1468 631 1562 657 Horat.
1575 629 1665 656 Carni.
1685 636 1712 661 4,
1724 633 1760 660 13,
1774 634 1811 653 21.
1883 626 1971 661 Rapax
2003 624 2085 652 0u1d.
2099 625 2130 652 ad
2143 624 2250 652 Liuiam
2271 628 2326 657 387.

204 698 271 726 mihi
285 698 358 723 heres
371 695 437 726 erit,
455 693 516 719 dare
529 690 631 716 damnas
645 684 708 711 esto.
745 680 852 716 leian.
872 679 889 704 l.
910 686 929 710 4
948 674 970 713 §-
987 674 1035 701 vlt-
1077 671 1102 697 V
1100 670 1135 696 id.
1159 671 1232 695 ‘'¹⁴⁶⁷'‘
1250 705 1275 731 ις
1292 667 1408 704 Rapidus
1432 665 1525 694 Claud·
1538 666 1630 699 Paneg-
1645 669 1670 697 8³
1682 669 1735 696 235·
1805 659 1904 696 Rige‘fls
1922 661 1995 689 Idem
2009 661 2100 696 PUWS·
2114 668 2135 692 1³
2148 661 2202 688 ¹26·

197 177 220 215 7

233 255 252 275 D
260 254 281 273 A
290 252 314 272 M
324 250 347 271 N
357 250 379 270 A
387 248 407 269 T
416 240 439 267 x7
447 247 465 267 R
474 244 525 269 Vs,
535 246 559 269 a,
572 244 624 262 um.
650 231 743 259 Partic.
777 220 1032 266 [κᾳταδικασόμενος]

198 291 226 317 7,
234 288 281 313 834
298 281 456 306 Damnatum
471 274 510 301 sui
522 281 576 299 non
587 270 622 296 est
636 266 731 295 delicta
738 264 836 291 mariti.
1208 281 1225 305 6

205 731 444 795 QijnlffilritN‘ix'35
453 736 487 792 ἕ,
517 758 580 785 oris.
605 765 641 783 m.
666 757 708 790 qui
727 753 834 779 damnat.
871 745 989 775 Tertull-
1003 743 1035 770 ad
1047 742 1111 786 Nat.
1125 748 1146 771 1,
1157 748 1178 771 3.
1201 740 1232 764 it.
1689 725 1721 756 D
1803 725 1833 754 A
1918 722 1940 753 p

204 803 263 831 adu.
276 803 355 828 Marc.
368 808 389 833 ς,
401 806 424 832 7.
461 794 547 822 Sedul.
558 794 647 820 Carm.
661 788 808 825 Epanalept.
827 794 854 810 ν.
868 792 893 816 9.
988 814 994 820 ⁸
1330 781 1349 801 D
1358 780 1435 801 ApA
1444 780 1499 800 Lis
1508 793 1517 806 ³
1550 772 1605 798 vid·
1624 777 1729 798 DAEs.

240 845 259 865 D
268 844 319 863 AM
331 843 351 861 N
361 841 382 860 A
392 840 413 860 T
421 839 440 859 o
448 838 468 858 R
477 839 487 858 1
496 836 516 856 v
527 837 550 860 s,
562 838 587 861 a,
596 837 649 854 um.
663 825 722 852 Adi.
743 817 943 856 [καταγνωςικὸς]
963 815 1019 842 Cic.
1028 814 1169 853 νει-1365.
1173 818 1194 835 c.
1203 816 1233 834 22
1331 816 1379 836 DA
1387 817 1402 836 Ρ
1410 816 1431 835 H
1439 816 1461 835 N
1469 816 1497 840 E,
1511 817 1547 835 es.
1563 808 1582 834 f.
1600 806 1712 841 [Δάφνη]
1735 805 1809 831 Penei
1815 801 2011 839 fluminis-filia,
2018 802 2109 830 Phoebo
2122 802 2247 832 adamata,
2258 807 2285 827 a,
2303 809 2330 827 u,

205 874 298 900 Verres
311 872 338 896 in
352 869 487 895 Xenonem
502 865 631 892 iudicium
644 861 720 888 dabat
734 857 802 885 illud
822 856 897 882 suum
910 852 1105 878 damnatorium
1118 846 1149 872 de
1162 852 1234 878 iuge·
1296 848 1323 871 in
1337 846 1433 872 laurum
1445 843 1570 879 conuersa.
1605 844 1643 870 De
1657 851 1704 878 qua
1722 838 1877 867 Ouid.Met.
1891 847 1912 870 1,
1926 846 1989 871 490.
2009 844 2033 864 et
2045 838 2206 873 Aphthonius
2211 809 2332 872 fhphfffa·

204 917 262 936 rum
275 903 443 939 profeffione,
466 901 599 931 iudicium,
618 907 662 934 quo
680 893 859 922 damnabamur
877 889 993 917 homines.
1062 879 1235 910 Damnatoria
1250 885 1284 903 20
1298 881 1388 906 Graece
1400 883 1484 920 nimir.
1506 877 1584 912 δάφνη
1604 879 1701 905 Laurus
1713 874 1754 909 est.
1808 874 1883 910 Cons.
1898 873 1982 909 Diosc.
2004 882 2023 905 1,
2041 881 2076 905 91.
2132 871 2205 906 Etfic
2223 871 2332 905 Daphne

204 942 299 969 tabella
318 940 423 966 Sueton.
439 936 555 972 Augusto
568 944 589 960 c,
603 943 637 966 33.
676 930 735 957 Vici.
762 930 954 954 TABEIAEA·
998 957 1002 960 Ι
1176 950 1181 955 .
1297 915 1488 955 Alexandrina,
1508 913 1569 940 ibid.
1590 922 1618 948 4,
1637 921 1692 947 ¹42·
1729 909 1808 945 Apul.
1823 908 1855 935 de
1867 908 1951 935 Herb.
1971 918 1994 935 c.
2011 913 2048 941 58.
2118 907 2212 934 Pene'ia
2224 906 2334 941 Daphne

240 983 322 1004 DAM
332 975 384 1001 ΝᾹ
393 981 414 1000 Τ
424 980 444 999 v
454 980 477 1005 s,
501 970 540 998 fis.
562 979 597 995 m.
634 967 699 994 Idem
713 964 776 1001 quad
789 962 930 989 Damnatia.
966 956 1032 983 le.
1043 962 1070 989 7,
1082 961 1120 986 44
1139 951 1235 977 Aheno
1296 950 1378 978 Ouid.
1393 952 1456 977 Met.
1472 959 1493 982 1,
1505 957 1563 983 432.
1716 945 1738 1009 ἒ
1760 954 1775 973 2
1811 944 1932 980 Daphne,
1950 944 1991 970 vel
2002 941 2122 977 Daphnes
2136 942 2248 979 (quidam
2261 945 2336 969 etiam

204 1011 334 1040 beneficio
349 1009 436 1045 postea
447 1008 530 1039 vixit,
549 1005 626 1032 bonis
638 1002 698 1029 inde
712 1000 791 1027 etiam
806 993 959 1024 consecratis
973 1001 988 1018 a
1001 991 1123 1031 damnatu
1136 987 1191 1013 suo.
1290 986 1408 1023 scribunt
1429 985 1561 1020 Daphnis,
1585 983 1655 1015 i'dis)
1685 992 1715 1009 no
1731 983 1763 1009 1'12
1782 980 1931 1008 Antiochiae
1942 978 2101 1016 ficburbium,
2126 987 2185 1013 quae
2203 978 2259 1004 inde
2277 977 2338 1012 Epi-

242 1053 352 1074 DAMN
363 1052 413 1072 AT
422 1051 431 1069 1
443 1049 460 1069 c
472 1051 480 1070 1
490 1049 509 1067 V
521 1050 534 1068 s
543 1061 551 1073 ‚
576 1049 600 1072 a,
617 1047 671 1065 um.
693 1035 753 1063 Adi.
789 1032 867 1059 Gloff.
881 1031 926 1057 Gr.
940 1029 998 1054 Lat.
1023 1032 1167 1059 κατακριτον
1186 1021 1237 1046 Da-
1297 1021 1413 1056 daphnes
1432 1021 1491 1054 [ἐπὶ
1501 1018 1606 1054 δάφνης]
1625 1020 1822 1055 cognominatur.
1856 1017 1922 1043 Luco
1931 1014 2078 1049 praesertim
2091 1011 2215 1046 constabat
2226 1014 2340 1048 volupta-

206 1082 370 1110 mnaticium.
383 1087 405 1106 et
418 1077 535 1105 Tertull.
549 1075 581 1102 de
593 1072 742 1106 Praescript.
756 1079 777 1096 c.
791 1078 832 1102 34.
1251 1061 1282 1087 25
1298 1058 1364 1084 tibus
1378 1056 1485 1091 infami,
1506 1062 1535 1082 vt
1550 1056 1625 1082 Baiae
1639 1055 1696 1080 illae
1719 1054 1864 1088 Campanae.
1928 1049 2072 1085 Capitolin.
2086 1049 2115 1075 in
2130 1046 2265 1077 Antonino
2279 1048 2337 1082 phi-

241 1113 456 1145 DAMNABfLIS,
470 1122 491 1139 e.
507 1111 566 1138 Adi.
585 1110 748 1136 Damnatione
755 1112 778 1131 ct
785 1111 885 1139 poenaa
1155 1129 1159 1132 -

208 1161 281 1181 xxx
307 1152 409 1184 Tyran.
426 1158 455 1183 17
488 1146 627 1177 Maeonio,
651 1140 803 1170 Damnabili
817 1137 918 1164 inuidia
932 1133 1033 1174 dutftus.
1091 1129 1205 1167 Saluian.
1221 1128 1238 1152 6
1293 1129 1364 1165 μΙὶιιιΙν.
1380 1127 1413 1154 ad
1426 1127 1450 1153 h.
1464 1128 1481 1153 l.
1535 1125 1623 1152 Treb.
1637 1125 1702 1151 Poll.
1718 1125 1779 1158 trig.
1793 1129 1844 1155 tyr.
1860 1130 1890 1156 17
1918 1120 1974 1148 Alii
1986 1121 2111 1152 afferunt,
2131 1119 2263 1154 priuatum
2276 1127 2338 1144 eum

207 1198 233 1223 p.
248 1195 285 1220 215
305 1188 353 1213 Res
367 1191 454 1219 turpes
468 1189 545 1217 atque
557 1178 726 1208 damnabiles.
797 1173 886 1200 Sidon.
895 1170 972 1205 Epist.
986 1170 1012 1200 6,
1027 1176 1041 1210 1,
1057 1165 1097 1192 Ad
1112 1172 1170 1207 mea
1184 1162 1238 1196 lpse
1298 1166 1327 1191 in
1340 1172 1403 1197 agro
1417 1163 1478 1193 suo,
1499 1170 1578 1195 quem
1598 1160 1666 1194 apud
1682 1159 1818 1193 Daphnem
1837 1157 1886 1184 fibi
1897 1162 2070 1191 compararat.
2105 1157 2147 1182 Al.
2163 1153 2339 1188 Daphnidem.

206 1223 287 1250 verba
299 1220 472 1251 damnabilis,
492 1226 551 1243 cum
570 1217 714 1250 imperem,
731 1219 797 1247 quae
816 1218 870 1236 non
889 1205 1003 1240 impleo,
1023 1208 1236 1237 awonoeruxpnof.
1300 1200 1341 1227 Sic
1360 1198 1436 1224 Volc.
1458 1197 1526 1223 Gall.
1541 1195 1639 1223 Auidio
1654 1195 1718 1222 Cals.
1739 1202 1752 1227 ς
1780 1193 1880 1220 Auidio
1899 1192 1982 1219 Caffio
2000 1191 2116 1226 legiones
2141 1190 2256 1222 Syriacas
2277 1188 2341 1215 dedi

206 1258 278 1294 Conf.
293 1257 309 1282 l.
324 1265 335 1282 2
348 1257 377 1282 C.
393 1255 424 1281 de
440 1253 527 1279 malef.
540 1258 565 1278 et
580 1249 728 1277 mathemat.
782 1247 893 1280 Compar.
912 1240 1025 1268 Saluian.
1037 1246 1056 1271 4
1069 1246 1093 1271 p.
1109 1244 1148 1267 133
1167 1235 1237 1273 Fati·
1250 1238 1282 1262 30
1299 1235 1447 1262 diffluentes
1466 1232 1586 1264 luxuria,
1610 1237 1635 1258 et
1656 1229 1802 1264 Daphnidis
1821 1227 1942 1255 moribus
1961 1234 2075 1262 agentes.
2120 1227 2162 1253 Sic
2181 1226 2255 1252 MSS.
2292 1223 2341 1251 Sed

204 1303 253 1320 nus
266 1290 446 1319 damnabilius.
516 1289 547 1314 Et
559 1287 677 1320 Fulgent.
694 1283 725 1311 ad
738 1281 847 1309 Theod.
860 1279 891 1305 dc
905 1275 1031 1309 Conuers.
1052 1269 1238 1299 Damnabilior
1298 1271 1381 1297 editur
1394 1268 1544 1303 Daphnicis.
1579 1266 1680 1302 Salmas.
1683 1265 1828 1302 jhspicatur
1835 1263 1985 1297 Daphnitis,
1998 1262 2088 1297 vtstnt
2098 1270 2176 1288 mores
2183 1259 2341 1296 Daphnitae.

205 1329 256 1360 est,
275 1327 321 1362 qui
333 1323 511 1361 spiritualibus
525 1323 602 1349 bonis
617 1319 750 1355 superbuS.
936 1314 939 1317 ’
1296 1306 1418 1340 Δαφνίτης
1429 1305 1521 1340 gentile
1539 1311 1624 1329 nomen
1636 1311 1652 1328 a
1664 1302 1777 1336 Daphne.

241 1370 320 1390 DAM
331 1368 352 1386 N
361 1369 383 1388 A
392 1368 408 1388 Β
417 1368 425 1386 1
435 1368 451 1386 L
461 1367 469 1386 1
479 1366 560 1385 TER.
595 1355 731 1391 Augustin.
744 1352 822 1388 Epist.
837 1358 869 1382 23
888 1355 911 1374 et
924 1346 1042 1380 Fulgent.
1061 1342 1094 1369 ad
1102 1342 1203 1382 Donat·
1335 1348 1354 1368 n
1363 1347 1407 1367 Ar
1417 1347 1437 1366 11
1449 1347 1468 1366 Ν
1480 1347 1488 1365 1
1499 1346 1511 1365 s
1520 1359 1529 1371 ‚
1547 1338 1597 1364 i'dis
1620 1337 1689 1364 mado
1701 1336 1812 1363 vidimus
1824 1338 1852 1360 in
1873 1340 1945 1361 DAr
1954 1341 1974 1360 H
1983 1341 2005 1360 N
2015 1339 2032 1359 E
2052 1342 2078 1360 n.
2087 1341 2111 1359 2.

240 1404 323 1425 ΒΑΜ
334 1402 485 1427 muco,
517 1398 568 1420 are.
604 1394 700 1419 Damno
719 1388 823 1424 afficere.
859 1386 894 1411 Vt
908 1381 1045 1418 paterfam.
1066 1386 1110 1404 cul
1121 1374 1239 1410 impensa
1336 1382 1354 1402 Β
1365 1381 1471 1402 ΛΡΗΝ
1481 1381 1579 1401 ΑΕνς
1615 1372 1713 1407 Apono
1725 1392 1734 1404 ‚
1757 1371 1788 1398 ab
1810 1370 1857 1397 hac
1876 1369 1986 1403 Daphne
2004 1371 2204 1405 cognominatus,
2228 1364 2296 1402 quast
2312 1372 2343 1392 tu

204 1434 273 1468 perit
285 1438 311 1459 et
322 1441 416 1467 opera,
434 1428 616 1456 damnificetur
640 1425 736 1453 Sarisb.
749 1429 786 1454 88.
1123 1447 1128 1452 Ι
1255 1412 1282 1438 35
1298 1412 1432 1439 Laureum
1450 1411 1527 1437 latine
1541 1408 1620 1440 dicas,
1632 1409 1673 1435 vel
1684 1410 1771 1443 patius
1789 1405 1899 1432 Laureti
1920 1405 2044 1431 incolam.
2104 1404 2185 1430 Huius
2205 1400 2344 1436 Daphnaei

240 1475 259 1495 D
268 1476 290 1494 A
300 1474 325 1494 M
336 1474 357 1492 N
367 1475 376 1493 1
386 1473 402 1493 F
411 1475 421 1492 1
431 1471 447 1492 c
458 1472 478 1490 V
488 1472 511 1496 s,
519 1473 542 1496 a,
550 1472 603 1489 um.
618 1461 677 1487 Adi.
687 1458 840 1493 Damnosus,
847 1464 904 1491 ug.
913 1450 1058 1479 Damnifica
1065 1445 1238 1475 bestiaPlaut.
1300 1446 1432 1482 Apollinis
1451 1446 1565 1480 templum
1585 1444 1725 1471 Antiochus
1739 1442 1877 1477 Epiphanes
1896 1438 1979 1466 diam
1992 1438 2107 1473 struxit,
2124 1445 2153 1464 m
2172 1437 2344 1464 Marcellimn

205 1503 268 1531 Cist·
282 1512 310 1536 42
325 1511 348 1532 2,
359 1504 401 1528 ⁶2·
436 1498 625 1528 Dflfflnffifflms
645 1493 792 1532 exspe&are
807 1493 872 1518 seras
886 1488 1049 1515 “munitates
1066 1482 1221 1512 Pallfld·3›9-
1300 1491 1343 1515 22,
1360 1491 1384 1514 13
1403 1480 1501 1513 tradit,
1517 1479 1622 1515 arsitque
1634 1480 1729 1506 Iuliam·
1743 1477 1856 1511 Caesaris
1870 1475 2026 1511 temporibus.
2068 1473 2127 1501 Vid.
2152 1473 2231 1508 Valqfi
2245 1472 2278 1498 ad
2289 1473 2306 1498 l.
2321 1481 2344 1497 c.

243 1546 261 1566 D
271 1545 293 1565 A
303 1545 325 1563 M
334 1544 372 1563 NI
383 1543 403 1563 G
412 1543 428 1562 E
437 1542 483 1562 RV
495 1541 510 1560 L
520 1541 540 1559 V
550 1541 563 1560 S
573 1553 581 1565 ,
601 1542 630 1564 a⁷
646 1541 699 1557 um.
736 1528 796 1555 Ad1.
833 1527 884 1560 Qi
901 1523 1014 1550 danmum
1026 1518 1122 1554 adfert.
1158 1516 1239 1541 Plaut.
1337 1524 1356 1542 D
1366 1524 1386 1543 A
1395 1524 1410 1543 P
1421 1524 1441 1542 H
1451 1524 1472 1541 N
1481 1523 1498 1542 E
1508 1523 1528 1541 Ν
1539 1522 1552 1541 s
1561 1522 1577 1541 Ε
1587 1522 1610 1545 s,
1622 1515 1714 1541 incolae
1727 1513 1848 1548 Daphnes
1856 1531 1864 1543 ,
1877 1511 1987 1545 Eutrop.
1996 1513 2021 1541 6,
2032 1517 2070 1542 14.
2109 1510 2194 1535 Lucus
2205 1507 2344 1544 Daphnen·

207 1574 237 1601 T
238 1583 292 1601 ruc.
314 1582 338 1604 2,
351 1580 377 1607 7,
393 1580 412 1598 1.
448 1569 495 1597 Sed
514 1570 596 1595 melius
609 1567 742 1593 diuiditur.
1300 1551 1331 1578 fis
1344 1552 1367 1578 S.
1381 1551 1464 1577 Rufus
1476 1551 1553 1576 Breu.
1570 1552 1607 1576 16.

243 1616 262 1637 Ι)
272 1605 376 1635 ΑΜόο
385 1614 400 1634 L
410 1613 426 1633 E
436 1613 458 1636 s,
470 1606 500 1631 is.
514 1614 549 1630 m.
570 1600 728 1637 [Δαμοκλής]
750 1600 841 1625 Nomen
854 1592 1011 1628 assentatoris
1023 1586 1147 1623 Dionysii,
1161 1594 1240 1621 quem,
1251 1596 1289 1620 40
1339 1593 1357 1613 D
1366 1594 1387 1613 A
1396 1593 1410 1612 r
1420 1593 1439 1611 H
1448 1593 1470 1611 N
1480 1593 1488 1611 1
1497 1591 1514 1611 c
1523 1591 1544 1609 v
1554 1591 1585 1616 s,
1610 1592 1641 1616 a,
1665 1592 1720 1609 um.
1756 1582 1818 1608 Adi.
1859 1581 1992 1616 Daphnici
2010 1588 2098 1608 mores
2121 1576 2239 1612 luxuriofi
2265 1577 2342 1603 Volc.

205 1643 317 1682 quomodo
326 1639 660 1675 docueritDiouyfius‚quam
667 1635 793 1673 felixipft
805 1631 869 1666 effes,
882 1635 972 1655 narrat
988 1619 1240 1657 Cic.Tusc.quaest-
1302 1622 1396 1648 Gallie.
1417 1620 1495 1646 Auid.
1508 1619 1572 1645 caff.
1593 1626 1615 1652 ς.
1650 1619 1694 1645 Al.
1711 1616 1868 1651 Daphnidis.

206 1688 231 1714 ς,
245 1688 280 1706 21,
316 1680 360 1705 ΑΙ,
374 1676 519 1703 Democles,
1339 1664 1357 1683 D
1366 1664 1388 1683 A
1397 1663 1411 1682 r
1422 1661 1443 1681 H
1454 1662 1474 1680 N
1485 1663 1494 1680 1
1504 1662 1534 1685 A,
1547 1663 1585 1679 ae.
1605 1654 1625 1679 f.
1663 1654 1769 1678 Gemma.
1791 1652 1858 1678 Plin.
1871 1658 1947 1686 17‚1o
1960 1651 2018 1684 1257
2037 1648 2187 1683 Daphniam
2195 1645 2345 1673 Zoroastres

242 1723 260 1741 D
271 1722 292 1741 Α
302 1720 326 1740 Μ
339 1721 358 1740 O
368 1720 384 1739 h*
393 1719 414 1738 T
423 1720 444 1738 A
453 1720 465 1738 s
476 1732 484 1744 ,
503 1719 541 1737 ae.
576 1719 611 1736 m.
647 1704 811 1741 [Δαμοίτοις]
848 1703 941 1728 Nomen
954 1695 1080 1734 pastoris,
1096 1693 1172 1727 Virg-
1187 1690 1240 1717 E‘il·
1301 1691 1403 1718 morbis
1422 1688 1603 1717 comitialibus
1622 1687 1789 1714 demonstrat.

205 1758 228 1784 3,
244 1758 253 1775 1
277 1749 325 1774 Dic
339 1747 408 1774 mihi
421 1748 547 1773 Damoeta
556 1765 565 1777 ,
584 1752 629 1771 etc.
1338 1735 1357 1754 D
1366 1733 1388 1754 Α
1398 1732 1442 1752 ΡΗ
1452 1733 1474 1752 N
1484 1733 1494 1752 1
1503 1732 1521 1752 D
1531 1733 1539 1751 l
1550 1731 1562 1751 S
1572 1744 1581 1756 ‚
1600 1723 1680 1758 insula
1691 1722 1758 1758 apud
1772 1720 1942 1758 Troglodytas
1960 1724 2160 1746 commemoratur
2180 1726 2195 1742 a
2213 1716 2302 1742 Plinio
2318 1718 2346 1748 6,

239 1789 380 1811 DAMON
410 1788 433 1807 et
450 1781 566 1808 Phintias
580 1776 746 1812 Pythagorei,
761 1774 811 1801 hoc
830 1772 919 1799 animo
938 1770 1008 1796 inter
1029 1768 1054 1794 se
1064 1767 1194 1801 fuerunt,
1211 1765 1240 1800 Yt
1257 1766 1290 1792 45
1302 1772 1341 1796 29·
1363 1763 1496 1789 Ptolemaeo
1516 1760 1629 1793 Δαφνίνη.

206 1828 288 1855 quum
300 1826 391 1844 eorum
405 1816 481 1843 alteri
496 1814 635 1846 Dionysius
647 1820 771 1845 tyrannus
789 1809 860 1835 diem
878 1806 948 1833 necis
967 1800 1156 1831 destinauisset3
1178 1802 1203 1823 et
1220 1804 1242 1823 is
1341 1805 1359 1825 D
1369 1805 1391 1825 Α
1400 1805 1416 1825 p
1424 1804 1445 1824 H
1454 1804 1475 1822 N
1487 1804 1495 1822 1
1505 1804 1528 1826 ς,
1540 1796 1572 1821 is.
1586 1801 1609 1820 et
1623 1794 1680 1821 j'dis.
1693 1801 1729 1819 m,
1753 1793 1782 1819 Α
1792 1787 2158 1826 P03115puers0rmqfiffimu5,
2177 1791 2201 1813 et
2219 1786 2347 1812 Mercurii

208 1855 256 1890 qui
268 1853 350 1880 morti
361 1852 478 1879 addiffisss
490 1851 564 1882 effer,
581 1857 676 1884 paucos
690 1846 739 1873 fibi
753 1845 822 1876 dies,
843 1839 1112 1869 commendandorum
1133 1835 1243 1860 suorum
1294 1834 1369 1870 filius
1388 1832 1544 1867 describitur.
1582 1828 1670 1862 Pastor
1682 1836 1761 1855 autem
1773 1827 1844 1861 fuit,
1857 1829 1900 1862 qui
1912 1835 2010 1852 carmen
2028 1825 2166 1850 Bucolicum
2186 1823 2298 1852 inuenit,
2317 1823 2347 1846 in

207 1890 282 1916 causa
294 1887 481 1923 postulauiffet:
497 1894 541 1912 vas
552 1885 634 1911 factus
648 1883 683 1909 est
696 1882 762 1908 alter
770 1880 826 1906 eius
835 1877 950 1904 sistendi:
970 1882 1015 1907 vt,
1031 1873 1048 1899 fi
1064 1871 1109 1898 ille
1116 1878 1171 1896 non
1182 1866 1241 1894 red-
1302 1871 1391 1897 Sicilia
1410 1869 1480 1893 houm
1499 1871 1611 1892 armenta
1633 1866 1710 1891 multa
1724 1861 1846 1898 pallidis:
1874 1860 1994 1896 postremo
2009 1865 2096 1893 captus
2112 1856 2263 1888 luminibus,
2282 1854 2347 1891 quod

208 1926 275 1957 iret,
304 1922 471 1950 moriendum
488 1921 547 1946 ess'et
565 1919 620 1954 ipfi.
655 1918 712 1951 Qui
726 1924 808 1950 quum
820 1913 852 1940 ad
868 1913 939 1939 diem
954 1912 978 1936 se
991 1907 1139 1945 recepisset,
1159 1902 1242 1930 adrni-
1302 1904 1384 1930 ebrius
1397 1912 1449 1928 cum
1463 1900 1649 1936 alicua-femina
1661 1896 1799 1935 congreffics
1812 1895 1883 1930 effit,
1901 1903 1931 1922 vt
1939 1892 2097 1931 praedictum
2113 1891 2236 1927 eifuerat
2253 1901 2268 1917 a
2278 1899 2348 1926 nym-

207 1967 280 1988 ratus
293 1968 386 1986 eorum
400 1957 477 1983 fidem
490 1962 630 1987 tyrannus,
649 1951 761 1988 petiuit,
778 1955 806 1975 vt
825 1949 849 1974 se
863 1948 895 1975 ad
914 1944 1058 1973 amicitiam
1077 1947 1187 1968 ternum
1202 1936 1244 1964 ad·
1263 1939 1361 1975 §opha
1417 1936 1515 1965 Aufiar
1534 1935 1624 1963 Suidas
1639 1942 1662 1962 et
1675 1936 1776 1962 Aelian.
1788 1935 1816 1959 in
1835 1933 1896 1959 Var.
1919 1932 1953 1957 H.
1973 1939 2011 1960 10,
2031 1934 2065 1960 18.
2107 1927 2165 1955 Vici.
2185 1933 2209 1953 et
2228 1927 2301 1953 Seru.
2314 1925 2349 1953 ad

209 1995 360 2023 scriberent.
397 1994 463 2019 Haec
477 1991 530 2018 Cic.
545 1988 619 2017 Offic.
634 1997 656 2021 3,
666 1995 698 2021 43
713 1996 734 2012 c.
749 1994 783 2010 ιο.
805 1985 922 2010 Meminit
935 1979 1102 2008 ceVal.Max.
1116 1983 1151 2010 47
1160 1975 1243 2001 Ext.1.
1305 1975 1382 2008 Virg.
1397 1973 1448 1999 Ecl.
1462 1981 1485 2004 2,
1499 1980 1511 2005 ς,
1525 1978 1549 1998 ct
1561 1977 1583 2001 8.
1759 1965 1780 2004 fl
1801 1976 1817 1994 2
1851 1966 2045 1994 Grammaticae
2059 1964 2122 1990 artis
2138 1963 2245 1993 seruus,
2265 1969 2283 1988 D
2294 1967 2312 1988 c
2324 1967 2343 1988 c

209 2032 267 2058 Lat.
280 2031 361 2056 Pacat.
374 2030 465 2062 Pancg.
477 2025 584 2053 Theod.
599 2032 628 2059 „17
641 2030 665 2050 et
682 2019 830 2049 Lactantius
845 2026 868 2051 ς,
884 2021 918 2047 18.
1071 2011 1092 2048 θ]
1113 2020 1128 2037 2
1148 2012 1245 2037 Damon
1305 2009 1429 2036 sestertiis
1443 2015 1527 2034 emtus
1541 2007 1585 2033 cst.
1621 2006 1668 2033 Cn.
1681 2002 1834 2030 Pisaurienfi
1847 2002 1993 2030 vendente,
2018 2005 2044 2025 et
2058 2000 2095 2025 M.
2112 1999 2208 2024 Scauro
2227 1997 2347 2031 principe

209 2064 366 2098 Athenicifis
378 2062 488 2097 musteus,
502 2064 572 2088 cuius
586 2061 695 2086 meminit
709 2057 798 2091 Nepos
813 2062 848 2086 15,
861 2061 887 2085 2,
902 2061 921 2078 1.
961 2067 964 2069 >
1306 2044 1421 2070 ciuitatis
1436 2044 1545 2073 licente,
1566 2041 1637 2076 quod
1656 2041 1771 2075 pr'ctium
1786 2037 1904 2065 hominis
1924 2037 1954 2062 in
1972 2034 2084 2061 seruitio
2100 2033 2183 2068 geniti
2199 2033 2346 2059 maximum

247 2107 327 2128 ΒΑΜ
339 2106 359 2127 o
368 2106 383 2125 1>
392 2106 412 2125 H
423 2096 436 2124 1⁴
445 2105 460 2125 L
470 2105 491 2124 v
501 2104 524 2129 s,
544 2097 563 2122 i.
582 2106 617 2121 m.
639 2092 729 2126 Plastes
742 2099 765 2118 ee
773 2089 868 2126 pictor.
904 2087 971 2114 Plin.
985 2091 1020 2117 35,
1032 2091 1060 2109 12
1080 2081 1179 2119 Plastae
1189 2079 1244 2104 lau·
1304 2080 1380 2106 fuisse
1393 2079 1425 2105 ad
1439 2080 1510 2105 suam
1522 2083 1633 2105 aetatem
1645 2075 1726 2111 refert
1741 2074 1808 2101 Plin.
1822 2081 1848 2108 7,
1862 2081 1899 2105 32·
2055 2068 2075 2106 ⁸]
2097 2078 2110 2101 3
2145 2069 2242 2095 Mentio
2256 2076 2301 2103 quo
2320 2076 2347 2093 ue

213 2136 334 2163 datissimi
348 2135 422 2161 fuere
438 2131 611 2166 Damophilus
625 2136 654 2158 et
670 2128 815 2162 Gorgasus,
836 2123 972 2156 iidemque
985 2119 1114 2157 pifflores:
1134 2123 1181 2150 qm
1195 2115 1243 2140 Ce-
1262 2120 1288 2145 55
1297 2116 1334 2152 fit
1355 2115 1444 2141 Cassae
1470 2112 1616 2149 Daphnidis
1640 2110 1760 2138 Scribon.
1775 2117 1825 2143 152.
1857 2108 1899 2134 vbi
1918 2114 2000 2133 tamen
2021 2104 2101 2132 Rhod-
2122 2105 2173 2140 legi
2192 2104 2248 2129 vult
2267 2112 2280 2129 c
2307 2111 2347 2129 iae

213 2172 280 2198 reris
294 2170 384 2198 aedem
398 2170 497 2196 Romae
508 2168 539 2194 ad
550 2167 650 2193 circum
661 2164 805 2191 maximum
817 2166 932 2193 vtroque
946 2163 1040 2191 genere
1054 2158 1117 2179 artis
1129 2153 1189 2177 suae
1203 2159 1245 2175 ex·
1306 2150 1477 2185 daphnitjdis,

214 2207 369 2238 coluerunt,
393 2204 508 2231 versibus
527 2202 658 2236 inscriptis
683 2200 793 2228 Graece,
813 2195 909 2230 quibus
929 2189 1104 2227 significarent
1121 2195 1136 2213 a
1156 2186 1246 2212 dextra
1343 2193 1391 2213 DA
1402 2194 1415 2212 P
1425 2192 1445 2211 H
1457 2192 1479 2212 N
1490 2191 1580 2216 ITIS,
1595 2182 1655 2209 idis.
1670 2182 1689 2208 f.
1711 2178 1888 2207 Alexandrina
1899 2177 1983 2203 laurus
1996 2184 2076 2210 quam
2089 2173 2172 2208 aliqui
2179 2173 2291 2205 Idaeam,
2299 2172 2348 2199 alii

1309 2221 1506 2257 hypoglottion‚
1524 2220 1571 2246 alii
1585 2217 1740 2252 Daphnitin‚
1758 2214 1806 2241 alii
1819 2211 2017 2248 carpophyllon,
2031 2210 2078 2237 alii
2091 2209 2230 2243 hypelaten
2242 2214 2347 2235 vocant.

1308 2258 1405 2284 Ramos
1416 2257 1512 2291 spargit
1524 2264 1539 2282 a
1550 2254 1637 2281 radice
1655 2251 1811 2283 dodrantes,
1833 2248 1940 2283 topiarii
1955 2256 1985 2273 ac
1998 2245 2132 2273 coronarii
2152 2244 2254 2278 operis,
2276 2243 2346 2270 folio

598 2311 628 2342 D
723 2309 750 2339 Α
843 2303 872 2335 Ν
1257 2296 1292 2320 60
1308 2293 1426 2319 acutiore
1445 2300 1524 2326 quam
1540 2290 1638 2322 myrti,
1655 2287 1780 2314 molliore
1799 2290 1824 2312 et
1843 2283 2010 2314 candidiore,
2039 2281 2140 2307 maiore
2160 2280 2258 2306 semine
2278 2279 2349 2306 inter

1309 2328 1377 2355 folia
1389 2327 1480 2354 rubro.
1515 2325 1631 2356 Plurima
1645 2324 1674 2350 in
1688 2322 1742 2355 Ida,
1755 2328 1780 2348 et
1794 2321 1863 2347 circa
1875 2318 2029 2346 Heracleam
2042 2318 2132 2347 Ponti,
2152 2324 2198 2341 nec
2211 2315 2259 2341 nifi
2273 2323 2349 2341 mon-

251 2389 359 2410 DANA
367 2388 394 2414 13,
407 2390 443 2407 σε.
459 2381 478 2407 f.
501 2380 583 2406 Herba
591 2370 950 2411 VieiorialaApul.deHe1-b.
959 2375 996 2403 58.
1015 2367 1081 2394 Plin.
1095 2371 1129 2397 15,
1142 2371 1172 2395 30
1185 2362 1205 2388 s·
1219 2370 1249 2401 39
1309 2364 1370 2390 tofis
1387 2363 1414 2389 in
1425 2362 1499 2389 locis.
1537 2363 1605 2388 Haec
1619 2359 1684 2386 Plin.
1701 2366 1735 2391 ις,
1751 2366 1781 2389 30
1794 2357 1812 2382 s.
1826 2364 1866 2389 39.
1904 2354 1949 2381 Sed
1970 2352 2053 2379 Hard.
2071 2353 2132 2387 legit
2147 2351 2261 2377 Danaen.
2297 2350 2350 2376 Da-

214 2419 255 2446 Est
270 2424 294 2445 et
307 2416 514 2450 chamaedaphne
526 2415 648 2441 siluestris
661 2414 758 2439 frutex.
811 2409 852 2436 Est
864 2414 889 2435 et
904 2403 1095 2434 Alexandrina,
1110 2407 1189 2433 quam
1203 2397 1250 2436 ³¹3?
1309 2398 1412 2433 phnites
1425 2405 1529 2424 uocatur
1547 2396 1624 2431 Apul.
1641 2395 1673 2421 de
1685 2393 1768 2421 Herb.
1783 2400 1823 2426 27.
1860 2388 2006 2425 Daphnitis,
2020 2387 2138 2422 Daphne,
2157 2386 2262 2419 Danae,
2280 2385 2347 2412 Cha-

216 2454 263 2488 qui
277 2453 394 2483 Idaeam,
414 2451 461 2477 alii
479 2449 681 2484 hypoglottion,
707 2447 755 2473 alii
767 2446 891 2476 Dana'e'n,
909 2442 957 2469 alii
977 2435 1182 2474 carpophyllon,
1203 2433 1249 2458 alil
1308 2432 1469 2466 maedaphue
1484 2432 1530 2457 eid.
1544 2440 1565 2457 c.
1581 2436 1618 2463 58.

216 2488 355 2522 hypelaten
366 2492 468 2513 vocant.
505 2487 544 2511 Ita
557 2487 616 2520 legit
631 2482 791 2511 Harduimis,
815 2481 849 2506 al.
862 2477 997 2512 Daphitin.
1263 2468 1295 2499 65
1345 2476 1364 2495 D
1373 2475 1394 2494 A
1403 2475 1418 2494 p
1430 2473 1450 2493 1-1
1461 2474 1483 2493 Ν
1495 2472 1514 2492 ο
1525 2472 1561 2492 [D
1570 2472 1586 2491 F.
1595 2473 1607 2491 s
1616 2485 1624 2496 ,
1645 2464 1674 2489 is.
1694 2463 1713 2488 f.
1732 2459 1902 2494 [δαφνοαδῆε]
1920 2460 1999 2485 Lauri
2006 2457 2109 2492 speciem
2122 2456 2218 2482 habens.
2255 2455 2348 2481 Herba.

254 2530 273 2550 1>
283 2522 333 2549 AN
344 2521 406 2553 Ᾰε,
424 2529 459 2546 es.
480 2520 498 2545 f.
520 2519 626 2552 [Ax-adn]
653 2516 746 2550 Acrisii
758 2525 784 2542 re
803 2518 825 2540 is
832 2515 984 2549 Argiuorum
993 2509 1063 2545 filia,
1079 2514 1150 2542 quam
1163 2503 1248 2530 dicunt
1308 2504 1374 2531 Plin.
1388 2512 1433 2537 24,
1448 2509 1472 2535 ις
1487 2503 1504 2528 s.
1519 2509 1552 2533 90
1574 2499 1616 2526 Est
1629 2505 1654 2524 et
1665 2497 1717 2524 alia
1733 2496 1848 2522 clematis
1857 2493 1984 2528 Aegyptia
1998 2492 2241 2526 cognominc,quae
2248 2491 2280 2516 ab
2288 2489 2348 2516 aliis

218 2558 249 2586 ab
263 2560 318 2585 Ioue
331 2560 357 2583 in
372 2559 428 2582 auri
437 2556 547 2591 plumam
560 2553 671 2588 conuerso
684 2524 845 2585 conipreffizm.
899 2546 983 2574 Ouid.
998 2546 1062 2572 Met.
1075 2551 1104 2574 4,
1118 2543 1164 2567 610
1193 2539 1248 2565 Ne·
1307 2537 1483 2574 daphnoides,
1502 2536 1534 2563 ab
1548 2535 1606 2562 aliis
1621 2531 1809 2569 polygonoides
1821 2536 1946 2560 vocatur,
1963 2528 2034 2554 folio
2047 2526 2126 2558 lauri,
2141 2528 2228 2560 longa,
2250 2525 2350 2552 tenuis-

219 2602 270 2629 que
282 2593 353 2619 enim
371 2591 442 2618 Iouis
461 2591 508 2616 esse
521 2588 627 2623 putabat
661 2587 765 2616 Persea,
784 2592 862 2618 quem
882 2583 975 2616 pluuio
993 2580 1082 2606 Dana'e
1096 2578 1249 2608 conceperat
1311 2583 1376 2609 que:
1401 2573 1522 2600 aduersus
1541 2572 1688 2604 serpentes,
1713 2577 1742 2594 ac
1763 2567 1891 2601 priuatim
1911 2563 2012 2598 aspides
2026 2571 2058 2588 ex
2077 2567 2150 2588 aceto
2170 2567 2232 2595 pota
2250 2559 2349 2586 efficax.

219 2637 295 2656 auro.
330 2628 420 2659 Hanc,
438 2625 575 2660 postquam
594 2633 607 2650 a
622 2624 686 2649 Ioue
700 2620 736 2647 est
754 2620 846 2645 vitiata
856 2637 863 2649 ,
885 2623 956 2650 pater
976 2617 1004 2641 in
1023 2622 1108 2640 arcam
1122 2610 1247 2637 inclusam
1311 2611 1442 2643 Aegyptus
1457 2608 1522 2634 hanc
1532 2606 1647 2633 maxime
1660 2603 1754 2638 gignit.
1914 2597 1935 2636 ἦ
1954 2608 1971 2625 1.
1992 2596 2160 2631 Daphnoides
2175 2598 2247 2622 etiam
2261 2595 2350 2622 Castae

213 2251 293 2278 opera
306 2240 459 2275 Damophili
470 2239 529 2272 esse,
545 2248 560 2265 a
574 2243 647 2273 parte
658 2236 732 2262 laeua
744 2231 859 2267 Gorgafi.

220 2662 402 2699 praecipitauit
415 2662 442 2687 in
454 2669 542 2692 marc,
559 2668 625 2694 quae
638 2658 720 2684 delata
734 2655 765 2681 ad
778 2653 896 2682 Italiam,
918 2652 1025 2677 inuenta
1039 2648 1074 2673 cst
1092 2656 1106 2672 a
1120 2647 1248 2683 piscatore
1264 2652 1298 2678 70
1312 2646 1407 2680 species
1422 2643 1472 2674 est,
1498 2641 1685 2669 lsoscinnamos
1706 2636 1907 2671 cognominata,
1933 2633 2007 2660 cuius
2025 2633 2139 2666 pretium
2160 2631 2260 2657 faciunt
2277 2640 2349 2658 man-

221 2709 281 2727 cum
294 2699 400 2729 Perseo,
416 2705 494 2731 quem
510 2696 565 2722 illic
577 2695 654 2720 enixa
667 2693 769 2722 fuerat,
785 2695 810 2715 et
822 2687 910 2714 oblata
928 2684 984 2719 regi
994 2703 1000 2713 ,
1017 2683 1062 2717 qui
1076 2689 1133 2706 eam
1151 2679 1199 2704 fibl
1213 2679 1249 2702 fe·
1311 2689 1391 2713 gones
1411 2687 1439 2705 x.
1456 2685 1497 2704 CC
1507 2683 1535 2703 C.
1555 2676 1724 2702 Adulteratur
1735 2674 1842 2704 styrace,
1862 2677 1892 2696 vt
1904 2673 1930 2695 in
1949 2671 1987 2694 uit
2000 2668 2109 2699 Plinius,
2123 2673 2148 2693 et
2160 2672 2268 2701 propter
2281 2665 2350 2691 fimi-

221 2736 257 2761 tit
269 2742 392 2760 vxorem:
409 2742 469 2759 cum
482 2740 533 2766 qua
546 2730 625 2756 etiam
641 2727 753 2755 Ardeam
769 2723 900 2751 condidit:
916 2730 931 2747 a
945 2719 1041 2754 quibus
1055 2717 1180 2743 Turnum
1194 2712 1252 2737 vult
1311 2713 1454 2739 titudinem
1467 2712 1595 2736 corticum
1609 2709 1677 2734 lauri
1688 2706 1841 2733 tenuiffirnis
1860 2705 1934 2730 surcu
1947 2704 1977 2729 iS.
2038 2703 2168 2729 Wdfflfin.
2184 2710 2218 2732 12,
2233 2709 2266 2726 20
2281 2701 2300 2726 s.
2313 2708 2348 2734 53.

219 2769 350 2803 Virgilius
366 2768 500 2802 originem
520 2766 631 2792 ducere.
667 2761 793 2789 Habimus
812 2758 917 2786 Seruius
936 2759 963 2782 in
985 2753 1047 2780 illud
1074 2752 1137 2789 Αειιἰ
1157 2756 1190 2782 7,
1210 2754 1252 2780 371
1313 2756 1337 2774 ct
1350 2747 1426 2781 Apul.
1440 2746 1472 2772 de
1488 2744 1569 2770 Herb.
1586 2749 1622 2776 58.
1637 2746 1668 2768 it.
1682 2745 1731 2768 Dio
1744 2750 1764 2766 c.
1779 2749 1806 2773 4,
1822 2748 1860 2772 14.

222 2807 253 2832 Et
272 2805 387 2835 Turno,
413 2803 430 2829 fi
452 2802 537 2837 prima
556 2801 649 2827 domus
666 2801 799 2832 repetatur
815 2794 909 2828 origo,
948 2789 1058 2818 Inachus
1078 2783 1252 2816 Acnfiusque,
1350 2790 1367 2809 D
1377 2789 1421 2808 ΑΡ
1431 2787 1450 2807 Η
1460 2788 1480 2806 N
1493 2787 1550 2810 ON,
1563 2779 1628 2804 (mis.
1651 2786 1677 2803 n.
1713 2777 1724 2809 [
1740 2775 1835 2809 αφνιέν]
1872 2775 2029 2800 Laurentum.
2054 2771 2140 2798 Flexit
2153 2771 2177 2797 se
2190 2770 2218 2796 in
2233 2779 2293 2797 eum
2305 2770 2349 2798 da.

222 2846 307 2876 patres
319 2838 475 2873 mediaeque
489 2838 623 2869 Mycenae.
660 2836 696 2860 De
709 2835 804 2859 Danaa.
831 2828 889 2856 Vid.
901 2828 996 2854 Horat.
1009 2826 1096 2851 Carm.
1109 2831 1132 2853 3,
1145 2822 1183 2850 ¹6,
1199 2826 1216 2843 ι.
1227 2854 1239 2858 ..
1268 2821 1300 2849 75
1312 2817 1420 2853 phnona
1440 2817 1542 2842 Petron.
1555 2824 1576 2841 c.
1591 2815 1642 2840 126.
1715 2812 1793 2838 Mart.
1809 2819 1848 2842 10,
1861 2817 1896 2844 79
1921 2807 2054 2842 Disposuit
2066 2806 2205 2841 daphnona
2216 2807 2263 2832 suo
2276 2806 2351 2833 Tor-

260 2883 278 2903 D
289 2882 308 2902 A
319 2881 340 2900 N
349 2882 371 2901 A
382 2872 484 2905 ssi'vs,
503 2875 606 2908 quinque
613 2869 733 2906 syllabis,
748 2866 806 2893 Adi.
828 2861 970 2899 [δαναήῑος]
997 2861 1040 2892 Vt,
1052 2859 1138 2884 Heros
1152 2855 1251 2880 Danae-
1313 2859 1406 2888 quatus
1421 2852 1449 2877 in
1462 2860 1534 2886 agro.
1570 2849 1706 2875 Castaneas
1718 2852 1821 2873 centum
1835 2845 1902 2872 seuit
1915 2843 2052 2870 Otacilius.
2084 2843 2155 2868 Idem
2170 2850 2202 2872 12,
2216 2849 2255 2873 50.

223 2913 281 2943 ius,
300 2910 328 2936 id
340 2907 386 2942 est,
402 2909 516 2945 Persius,
532 2910 598 2934 lauis
611 2913 634 2932 ct
646 2907 746 2932 Danaas
755 2902 829 2937 filius
847 2898 928 2926 Ouid.
941 2898 1003 2923 Met.
1016 2903 1039 2928 ς,
1053 2903 1071 2920 1.
1172 2927 1176 2931 .
1330 2924 1336 2929 -
1348 2895 1367 2928 1?
1376 2895 1420 2914 Ar
1431 2894 1450 2913 Η
1460 2895 1481 2913 Ν
1490 2894 1510 2912 ν
1519 2892 1531 2912 s
1540 2904 1556 2926 ,q
1568 2885 1647 2911 vntis.
1681 2882 1815 2916 [Δαφνές]
1851 2879 1986 2915 Oppidum
1998 2879 2145 2905 Locrorum
2157 2877 2186 2903 in
2197 2876 2352 2904 litorePho-
2376 2910 2379 2911 .

260 2951 409 2975 DANAVS,
422 2945 439 2970 i.
454 2953 489 2970 nx.
511 2942 627 2976 [Δαναός]
648 2941 701 2967 Beli
711 2939 793 2973 filius,
808 2937 918 2972 Aegyp&
929 2933 1034 2969 frater,
1050 2931 1120 2955 cuius
1134 2932 1252 2961 quinqua·
1314 2924 1397 2956 titiis,
1415 2922 1444 2948 de
1456 2931 1501 2958 quo
1520 2921 1585 2948 Plln.
1603 2929 1632 2953 4,
1646 2926 1671 2953 7.

225 2985 297 3018 ginta
303 2980 374 3016 filiae
386 2982 488 3006 maritos
495 2979 554 3015 suos
567 2976 754 3012 interfecerunt.
785 2972 843 3000 Vid.
870 2978 891 2997 A
900 2976 916 2996 Ε
925 2974 946 2995 G
956 2976 973 2995 Y
982 2975 997 2994 P
1007 2973 1057 2993 TV
1067 2971 1089 2990 S.
1110 2964 1134 2989 Is
1150 2961 1252 2986 Danaus
1354 2965 1372 2985 D
1383 2965 1426 2985 ΑΡ
1439 2964 1452 2983 S
1462 2978 1470 2990 ‚
1496 2957 1543 2991 pis.
1558 2956 1577 2982 f.
1605 2953 1692 2989 [dacin
1710 2950 1796 2985 δαίτῃ]
1833 2949 1909 2985 Apud
1921 2950 2043 2984 antiquos
2057 2947 2192 2975 dicebatur
2204 2956 2244 2974 res
2257 2947 2351 2974 diuina

226 3023 317 3052 9⁰¹⁶OE
330 3015 428 3042 dieitur
442 3014 565 3041 inueniffe
588 3012 654 3038 Plifl-
668 3018 695 3045 72
711 3011 750 3043 5⁶·
1267 2999 1299 3024 80
1316 3003 1384 3029 quae
1402 2992 1481 3020 fiebat
1499 3000 1543 3019 aut
1563 2990 1676 3018 hiberna
1699 2989 1828 3019 semente,
1858 2991 1903 3012 aut
1926 2994 2015 3011 verna.
2048 2984 2120 3019 quod
2140 2983 2298 3009 vocabulum
2317 2991 2351 3009 ex

263 3050 338 3079 DAN
348 3049 369 3077 Ᾰ
378 3058 386 3076 1
395 3071 403 3082 ,
423 3050 452 3076 ab
463 3049 540 3075 eoa'em
552 3049 642 3074 Danao
656 3048 743 3073 Graeci
755 3044 872 3070 dicuntur
885 3038 950 3076 apud
961 3039 1058 3065 Portas.
1093 3033 1169 3066 Virg.
1190 3031 1253 3058 Aen·
1316 3031 1418 3056 Gracco
1429 3028 1583 3059 deducitur,
1603 3024 1672 3060 apud
1685 3033 1751 3059 quos
1764 3023 1791 3049 id
1805 3030 1884 3057 genus
1896 3021 2033 3056 epularum
2060 3018 2110 3046 δαῖς
2125 3018 2232 3045 dicitur.
2282 3019 2352 3044 Haec

226 3096 252 3119 2,
265 3096 300 3120 49
316 3086 419 3113 Timeo
434 3085 535 3111 Danaos
552 3089 578 3110 et
590 3083 659 3109 dona
672 3081 793 3108 ferentes,
1225 3102 1229 3106 ι
1316 3065 1413 3092 Festus.
1450 3065 1505 3090 Huc
1519 3065 1630 3098 partinet
1655 3061 1721 3087 Cato
1735 3059 1765 3084 R.
1781 3059 1811 3084 R.
1826 3065 1865 3090 50,
1885 3066 1898 3082 2
1922 3056 1975 3083 Vbi
1993 3055 2054 3089 daps
2073 3055 2208 3089 profanata
2228 3053 2351 3080 comesta-

263 3118 486 3153 DANA‘iDAE,
506 3128 589 3145 arum.
609 3125 633 3145 et
653 3124 671 3144 D
682 3122 762 3143 ANA
773 3122 781 3140 1
793 3119 834 3139 DE
845 3117 874 3142 S,
894 3119 948 3136 um.
985 3105 1173 3142 Qcinquaginta
1184 3100 1257 3135 filiae
1317 3110 1368 3135 que
1389 3099 1454 3131 erit,
1480 3107 1564 3126 verno
1583 3104 1657 3124 arare
1676 3095 1796 3129 incipito.
1852 3094 1882 3119 Et
1902 3101 1938 3124 131
1966 3092 2064 3125 Dapern
2078 3099 2126 3125 pro
2139 3090 2291 3123 bubuspiro
2303 3089 2350 3114 flo-

229 3158 328 3188 Danai,
353 3157 410 3183 Scn.
429 3155 532 3182 Troad.
553 3157 610 3186 605.
651 3151 723 3179 ldem
743 3151 820 3177 Herc.
840 3148 898 3182 756.
939 3147 976 3171 De
988 3142 1081 3178 J‘abula
1103 3135 1256 3166 Danaidum,
1317 3142 1393 3162 rente
1407 3135 1497 3162 facito.
1533 3133 1621 3160 Postea
1633 3140 1718 3157 verno
1731 3138 1805 3156 arare
1819 3128 1938 3162 incipito.
1992 3129 2022 3153 Et
2036 3135 2076 3157 132
2094 3126 2193 3160 Dapem
2207 3125 2255 3151 hoc
2268 3123 2350 3150 inodo

230 3191 283 3218 vid.
303 3192 411 3217 Lambin,
427 3191 459 3216 ad
478 3191 570 3216 Horat,
586 3190 673 3215 Carm,
686 3196 710 3220 3,
725 3195 758 3218 ῃ,
770 3192 809 3217 23.
830 3192 897 3218 quem
909 3190 957 3206 nan
969 3178 1067 3204 videtur
1079 3171 1173 3210 legiffi',
1193 3177 1257 3196 certe
1272 3174 1301 3203 83
1318 3171 1377 3197 fieri
1390 3175 1504 3205 oportet.
1539 3183 1584 3188 ——
1617 3167 1716 3201 Iupiter
1731 3164 1829 3199 dapatis
1865 3178 1908 3184 ——
1943 3162 2027 3189 macte
2040 3161 2087 3187 hac
2103 3161 2178 3187 illace
2190 3160 2253 3193 dape
2266 3159 2350 3193 pollu-

232 3236 279 3251 mm
292 3226 415 3259 attendiffi
429 3225 548 3253 Broiickh,
563 3227 596 3250 aa
608 3223 675 3250 Tib.
690 3231 708 3254 1,
722 3231 744 3254 3,
758 3228 800 3255 79.
831 3217 887 3244 Via.
901 3215 971 3242 eund.
981 3213 1015 3239 ad
1026 3213 1102 3244 Prop.
1115 3209 1220 3242 3‚7,67·
1317 3206 1397 3232 cenda
1417 3206 1479 3232 esto.
1516 3219 1561 3224 --
1596 3204 1664 3237 Daps
1678 3201 1736 3228 loni
1756 3200 1845 3227 affari-³
1864 3198 1975 3233 pecuina
2013 3212 2059 3217 —
2094 3196 2181 3222 Postea
2201 3195 2264 3228 dape
2281 3194 2350 3221 faeia

270 3268 347 3287 DAN
358 3268 364 3285 1
376 3267 393 3287 C
404 3269 423 3286 v
434 3269 456 3292 S,
472 3270 495 3293 a,
513 3269 568 3287 um.
606 3259 666 3285 Adi,
708 3259 756 3288 Vt,
778 3256 897 3288 Regnum
911 3250 1056 3278 Danicum,
1075 3253 1121 3271 etc.
1315 3242 1394 3268 serite
1407 3241 1530 3272 milium,
1550 3247 1595 3265 etc.
1666 3237 1726 3263 Liu.
1742 3245 1762 3268 1,
1779 3244 1796 3270 7
1822 3236 1899 3261 Tum
1919 3235 2019 3260 sacrum
2038 3231 2136 3258 saelum
2147 3251 2154 3261 ,
2173 3229 2300 3256 adhibitis
2318 3229 2349 3256 ad

268 3294 432 3327 DANsE1,‚
451 3296 506 3322 elis.
525 3302 548 3322 ει
560 3294 700 3325 Danielus,
720 3295 737 3318 ι’.
749 3291 870 3325 Propheta
898 3288 928 3313 V.
941 3287 973 3312 T.
988 3294 1013 3310 v.
1033 3281 1122 3309 lssdor.
1136 3281 1161 3310 6,
1177 3287 1194 3304 1-
1208 3283 1232 3302 et
1244 3284 1257 3302 2
1317 3277 1493 3303 ministerium
1514 3275 1657 3309 dapemque
1675 3271 1778 3299 Potitiis
1798 3280 1827 3297 ac
1846 3269 1966 3297 Pinariis.
2038 3268 2105 3293 Hor.
2118 3267 2205 3292 Carm.
2227 3275 2254 3298 4,
2274 3276 2302 3298 4,
2322 3273 2349 3290 12

234 3337 257 3357 ‘⁸'
267 3337 293 3364 7,
305 3336 326 3359 8-
361 3331 465 3356 Tertul.
480 3334 564 3358 carm.
579 3330 638 3356 adu.
651 3330 732 3356 Marc.
746 3335 769 3359 3,
781 3328 797 3352 6
818 3325 884 3351 Cum
898 3328 1006 3355 maguus
1019 3316 1121 3344 Daniel·
1135 3312 1256 3340 Prudent.
1317 3313 1376 3346 Egit
1388 3321 1463 3338 amor
1477 3311 1548 3344 dapis
1563 3316 1639 3344 atque
1653 3316 1765 3343 pugnae:
1786 3306 1814 3332 de
1829 3307 1920 3341 aquila.
1992 3303 2065 3335 Virg.
2081 3302 2143 3327 Aen.
2164 3310 2185 3333 3,
2200 3309 2248 3335 227
2277 3300 2349 3326 Diri-

234 3364 350 3391 Cathem.
369 3374 396 3398 4,
410 3373 444 3398 70
478 3368 526 3392 His
540 3366 647 3400 sumptis
661 3363 785 3390 Danielus
797 3359 932 3386 excitauit.
1269 3354 1305 3379 90
1316 3348 1444 3383 piuntque
1458 3346 1533 3380 dapes
1543 3366 1550 3378 ,
1567 3344 1741 3377 contactuque
1755 3342 1845 3368 omnia
1858 3340 1974 3366 foedant.
2029 3338 2125 3370 Dapes,
2142 3340 2224 3372 inquit
2243 3335 2350 3362 Nonius

272 3406 289 3425 D
299 3407 318 3425 Λ
328 3407 348 3425 N
359 3407 367 3425 1
378 3407 419 3425 ST
430 3407 449 3425 Λ
460 3419 467 3431 ,
493 3409 530 3426 ae.
560 3411 594 3427 m.
630 3397 752 3435 [clametis
765 3398 777 3430 ]
815 3396 958 3422 fenerator,
980 3388 1086 3424 Qiidam
1105 3383 1222 3423 Danistas
1241 3390 1257 3407 a
1318 3386 1345 3415 6,
1358 3391 1392 3417 72.
1411 3383 1475 3409 Non
1488 3388 1589 3407 tautum
1604 3381 1725 3414 opiparos
1738 3383 1873 3413 apparatus
1888 3381 1931 3401 aut
1945 3373 2090 3407 religiosos,
2108 3372 2170 3398 sicut
2184 3372 2350 3407 plerumque,

237 3434 321 3460 dando
335 3432 414 3460 dic‘l'os
435 3436 544 3466 valuere,
562 3436 624 3479 quod
640 3435 697 3461 dent
714 3433 819 3468 senor&
845 3426 946 3456 Refh'as
967 3432 1045 3451 aurem
1059 3422 1173 3447 «lerinam
1186 3419 1260 3444 aliia
1319 3418 1476 3453 significare.
1498 3417 1539 3442 sed
1564 3423 1590 3442 ct
1617 3415 1754 3443 vitabiles,
1782 3419 1807 3439 et
1828 3410 1949 3438 infandos
1976 3409 2065 3439 cibOS,
2097 3407 2204 3434 auftore
2223 3405 2350 3446 Virgilio,

237 3470 338 3500 Graeco,
353 3469 395 3494 hoc
407 3467 439 3501 nst
458 3469 505 3495 οἱπό
520 3481 550 3495 τε
565 3470 683 3504 aavelg‘ffl,
703 3468 765 3505 quod
783 3464 815 3498 esi
829 3472 945 3491 mutuare.
983 3460 1061 3485 Plaut.
1077 3456 1149 3490 Epid.
1164 3464 1185 3487 1,
1200 3462 1218 3484 1,
1232 3461 1258 3485 51
1319 3455 1449 3489 pofliinius
1461 3453 1556 3479 dicere.
1632 3453 1693 3476 Aen.
1709 3459 1730 3482 3,
1745 3452 1793 3480 630
1828 3448 1898 3473 Nam
1912 3444 1985 3472 limul
2000 3443 2115 3477 expletus
2129 3442 2250 3477 dapibus,
2272 3450 2349 3467 vino-

306 3503 378 3543 Adco
392 3510 526 3538 argentum
540 3504 571 3530 ab
583 3505 677 3531 danista
691 3503 758 3539 apud
769 3500 878 3528 Thebas
890 3495 998 3524 sumsisti
1011 3495 1118 3521 fenon-3
1319 3498 1370 3524 que
1384 3489 1504 3522 sepultus.
1575 3488 1605 3513 Et
1619 3486 1705 3513 ssmal.
1720 3488 1744 3516 6,
1759 3492 1793 3518 79
1828 3484 1899 3515 Qms
1914 3481 1954 3506 illi
1968 3478 2111 3505 Philomela
2123 3479 2206 3512 dapes,
2225 3486 2291 3511 quae
2304 3477 2350 3502 do-

306 3540 336 3564 ln
349 3539 418 3569 (³¹⁰⁵,
439 3539 571 3573 minasque
591 3540 689 3572 argenti
708 3538 818 3573 lingulas
837 3534 932 3561 munis.
955 3539 979 3557 π.
999 3538 1086 3564 papae.
1271 3529 1302 3556 95
1319 3534 1352 3550 na
1367 3524 1473 3558 pararit.
1544 3522 1620 3556 Virg.
1634 3523 1697 3548 Aen.
1718 3528 1744 3554 7,
1761 3527 1800 3552 123
1830 3519 1897 3544 Cum
1911 3522 1935 3542 te
1950 3515 2030 3541 fames
2048 3513 2140 3540 Accifis
2153 3511 2262 3546 dapibus
2275 3517 2350 3546 coget

307 3579 337 3599 Τ.
357 3575 386 3599 lit
400 3574 420 3599 is
434 3574 530 3600 danista
543 3574 648 3599 aduenit
663 3583 711 3600 vna
724 3582 784 3600 cum
794 3580 843 3604 co,
863 3569 909 3604 qui
923 3573 1056 3601 argeutum
1072 3562 1146 3596 petit.
1319 3560 1471 3587 consumere
1491 3558 1597 3584 mensas.
1668 3557 1797 3589 Benignae
1812 3553 1888 3587 dapes
1897 3571 1904 3583 ,
1936 3550 1967 3577 Id
1979 3548 2010 3583 1·st
2022 3552 2109 3576 multae
2121 3555 2144 3574 et
2157 3548 2293 3573 liberaliter
2305 3550 2350 3573 mi-

275 3614 321 3634 DA
333 3616 461 3647 Nistrlc
472 3616 530 3639 vs,
549 3618 572 3639 a,
588 3617 641 3634 11111.
665 3609 723 3634 Adi.
742 3609 924 3644 fmzeratorius.
959 3602 1040 3628 Plaut.
1056 3597 1132 3625 Most.
1146 3605 1168 3627 3,
1182 3602 1203 3626 1,
1217 3597 1259 3622 128
1321 3593 1440 3627 nistratae
1471 3595 1537 3619 Hor.
1552 3592 1632 3627 Epod.
1654 3597 1688 3624 18,
1703 3600 1732 3623 ¹4
1758 3591 1838 3624 Egens
1858 3587 1985 3620 benignae
1999 3585 2128 3612 Tantalus
2148 3584 2248 3617 semper
2267 3582 2348 3616 dapis.

237 3642 322 3668 Genus
335 3642 471 3669 hommum
488 3643 649 3669 danisticum.
1321 3631 1441 3664 Explessffi
1461 3629 1570 3663 dsspibus
1599 3628 1674 3662 Virg·
1696 3628 1758 3652 Aen·
1777 3633 1806 3656 32
1826 3625 1882 3655 630·
1955 3619 2103 3647 ΕΧῙῘΠΙᾶ-ἸΕ
2118 3618 2227 3652 dapibus>
2246 3619 2349 3643 mensae

275 3684 293 3703 Ι)
303 3685 323 3704 A
335 3685 352 3703 Ν
364 3686 399 3710 0,
420 3681 472 3704 cre.
492 3679 573 3712 antiq.
594 3680 667 3708 a'are,
684 3674 833 3708 distribuere.
867 3676 971 3702 Plautus
987 3671 1031 3697 hoc
1044 3668 1115 3696 vrrbo
1123 3666 1196 3702 saepe
1210 3667 1260 3690 vti·
1322 3666 1402 3692 Ouid.
1416 3666 1479 3691 Met.
1495 3673 1526 3696 11,
1540 3672 1590 3689 120.
1661 3663 1740 3689 Ferae
1774 3660 1868 3685 Seneca
1882 3657 1999 3689 Thyeste
2017 3663 2067 3688 ¹30-
2139 3654 2242 3685 Fcstae,
2271 3653 2303 3679 Id
2317 3651 2350 3685 1st

237 3717 293 3741 rur,
318 3722 336 3738 ι’.
356 3722 381 3748 g.
406 3713 482 3739 Most.
502 3722 521 3745 1,
542 3722 567 3745 2,
586 3718 617 3745 48
646 3711 841 3737 Adminiculum
859 3711 895 3737 cis
911 3709 1017 3735 danunt.
1072 3702 1145 3739 6011]-
1159 3700 1223 3727 Fest-
1237 3705 1260 3725 et
1268 3702 1438 3727 roolautforcs
1459 3702 1550 3726 Horat.
1564 3698 1644 3732 Epod.
1658 3707 1684 3730 9,
1698 3706 1715 3722 1.
1785 3695 1922 3720 Humanae
1943 3693 2007 3718 Plin.
2018 3698 2055 3725 17,
2068 3697 2092 3720 9.
2112 3692 2130 3714 i.
2145 3689 2232 3724 faeces
2245 3689 2350 3714 alianae.

239 3747 310 3772 Non.
332 3756 357 3781 2,
375 3756 426 3773 210.
1224 3770 1227 3774 Ι
1322 3736 1459 3770 impolitae
1480 3743 1544 3760 auro
1574 3735 1648 3767 Virg.
1663 3734 1726 3758 Aen.
1748 3739 1770 3761 3,
1787 3737 1837 3761 355.
1908 3724 2026 3754 Inerntae¹
2051 3725 2145 3750 Horat.
2166 3722 2246 3757 Epod.
2266 3732 2287 3754 2,
2308 3728 2349 3755 48-

274 3789 292 3808 1)
302 3789 322 3808 Λ
332 3790 351 3807 Ν
362 3790 399 3809 os
411 3789 428 3806 v
440 3790 462 3813 s,
474 3790 498 3814 a,
515 3791 569 3808 um.
595 3781 654 3807 Adi.
691 3782 738 3806 Pro
751 3779 847 3806 liberali
859 3779 918 3813 figit
935 3780 1026 3804 Parcus
1037 3778 1063 3800 in
1086 3771 1170 3799 Plauti
1185 3769 1258 3804 Epid.
1321 3772 1423 3797 Letalcs
1445 3770 1530 3796 Valer.
1545 3770 1641 3803 Argon.
1657 3777 1678 3799 ε,
1695 3773 1742 3798 135.
1812 3762 1996 3793 Libidinosae‚
2018 3759 2069 3785 vid.
2091 3765 2106 3784 L
2116 3767 2124 3785 1
2134 3765 2149 3786 Β
2160 3765 2214 3785 ET.
2286 3758 2351 3792 Opi-

236 3825 262 3847 2‚
274 3825 349 3857 35¹4-
369 3818 480 3843 etTruc.
497 3825 516 3848 1,
529 3826 549 3849 1,
561 3825 597 3849 44
611 3823 633 3842 et
646 3818 690 3847 64.
745 3814 791 3842 Sed
807 3814 979 3840 Taubmamzus
995 3811 1060 3838 ridet
1078 3816 1102 3835 ee
1122 3806 1259 3834 damnosus
1320 3815 1379 3832 mae
1397 3806 1472 3839 Virg.
1488 3807 1552 3830 Acn.
1567 3813 1589 3836 3,
1603 3813 1659 3836 224.
1701 3800 1757 3827 Vni.
1779 3800 1908 3826 Seruium.
1975 3796 2101 3826 SaliareS,
2119 3794 2171 3820 vid.
2189 3793 2310 3825 Saliaris,
2324 3797 2351 3819 in

236 3858 362 3886 utromque
382 3856 480 3878 retinet.
1321 3850 1333 3869 s
1343 3849 1363 3868 A
1373 3849 1389 3867 1,
1399 3849 1407 3867 1
1417 3848 1435 3867 1.
1507 3840 1611 3865 Securos
1626 3837 1701 3872 dapes
1715 3843 1805 3869 capere
1837 3835 1894 3861 Sen.
1909 3831 2019 3863 Thycst.
2040 3838 2100 3863 450.
2169 3829 2287 3860 Siculae,
2302 3836 2352 3864 pro

274 3891 291 3910 Ι)
302 3889 323 3912 A
334 3894 352 3912 N
363 3886 452 3913 Vniv
464 3894 486 3918 s,
507 3886 525 3912 i.
543 3895 577 3912 u1.
612 3882 750 3916 [amem]
785 3882 850 3910 Plin.
863 3891 889 3915 4,
905 3890 931 3908 12
952 3883 1031 3907 Ortus
1046 3881 1073 3907 in
1087 3878 1154 3912 iugis
1167 3876 1254 3903 Abno-
1269 3879 1396 3907 105Iamis
1415 3882 1438 3902 ct
1451 3873 1585 3912 summo-lis
1604 3874 1671 3900 dixis
1702 3872 1795 3898 Horat.
1809 3871 1896 3898 Carm.
1914 3877 1938 3901 3,
1950 3875 1970 3899 1,
1990 3875 2027 3900 ¹4-
2081 3865 2146 3891 Non
2160 3864 2261 3890 Siculae
2275 3863 2352 3925 dlapes

2241 3901 2282 3926 Du
2295 3907 2350 3926 cem

886 1100 928 1126 deo
939 1098 1037 1134 dignus.
1056 1090 1238 1122 Treb·POlliO
1299 1093 1346 1120 los.
1360 1097 1372 1122 8
1392 1093 1476 1118 Verus
1490 1090 1518 1117 in
1531 1090 1635 1117 deliciis
1647 1088 1716 1124 apud
1730 1086 1899 1115 Antiochiam
1911 1091 1938 1112 et
1952 1084 2079 1120 Daphnen
2099 1084 2178 1111 vixit.
2220 1083 2277 1109 Vid.
2292 1084 2339 1109 Ca*
2383 1114 2388 1118 Ι
