2479 4225
38 215 105 253 601
401 201 433 242 F
521 200 561 239 A
650 197 698 238 M
1512 183 1544 224 F
1618 184 1657 223 A
1739 183 1782 223 N
2093 185 2171 225 602

39 298 124 328 endam
129 300 220 332 parata
227 292 289 329 Jimt
319 290 425 326 leian.
442 289 459 315 l.
478 288 554 315 vestis
573 295 620 322 pai·
637 282 781 312 familiaria
811 281 843 309 D.
855 280 886 307 de
900 287 957 305 aur.
977 282 1002 303 et
1015 284 1068 310 arg·
1133 276 1201 304 didit
1223 277 1324 302 summo
1347 282 1449 309 regno,
1472 274 1555 300 famul
1577 278 1606 299 vt
1633 271 1749 307 optimus
1772 272 1840 299 essct.
1909 274 2056 309 neris-„gae
2076 273 2170 300 famuli

41 335 91 369 leg.
157 330 237 357 Plaut.
252 327 317 354 Pers.
333 336 353 359 Ι,
367 335 389 358 3,
402 333 434 359 43
459 324 622 358 Marsupium
636 321 744 350 habeat,
760 318 828 344 inibi
842 314 986 351 paullulum
1000 321 1071 346 prae·
1135 312 1220 338 Catul.
1234 314 1279 344 61,
1292 320 1331 345 52.
1403 310 1542 335 Saeuitiam
1557 309 1585 335 in
1598 308 1713 334 famulos
1725 306 1851 333 adhibere
1883 310 1937 335 Cic.
1953 310 2005 336 off.
2022 319 2033 335 2
2059 318 2091 343 24
2111 319 2122 336 c
2143 317 2160 343 7

0 388 2 393 .
42 369 114 400 fidii,
133 366 179 401 qui
192 363 351 391 familiarem
364 363 437 388 suam
449 360 539 386 Vitam
552 357 666 385 oblthet
680 356 768 382 modo.
935 347 955 385 ff
978 357 989 379 3
1008 383 1013 387 ἱ
1026 348 1071 373 Fa·
1134 348 1237 373 Vinclis
1251 355 1339 374 arcere
1354 345 1467 371 famulos
1499 344 1536 370 Id.
1551 345 1633 371 Tusc.
1647 352 1676 376 2,
1692 348 1733 377 48.
1888 342 1909 379 ff
1929 353 1944 370 2
1982 329 2044 372 Sunt,
2061 353 2084 371 et
2104 328 2172 371 Deo:

4 422 7 425 -
42 402 167 435 miliariS,
189 401 303 427 Amicum
319 397 450 434 significat
469 395 591 430 nobiscum
611 393 761 428 vasantem,
785 394 807 414 et
818 386 937 412 diuturm
950 387 1072 419 conjucta-
1135 392 1193 409 rum
1208 382 1316 414 famuli,
1336 383 1378 416 qui
1392 381 1554 414 peculiariter
1560 379 1589 415 fi
1602 379 1653 405 illi,-
1664 379 1846 414 coyficraru22t‚
1888 380 1918 404 V·
1929 389 1954 414 g·
1970 381 2023 406 Oui
2026 381 2042 406 d
2066 381 2119 406 Met
2142 389 2153 412 3

43 440 98 468 cline
111 436 177 463 nobis
188 432 347 468 adstriblumi
384 431 451 468 quast
462 435 489 457 in
503 431 581 457 eadem
589 429 695 464 familia
709 426 778 451 nobis
791 419 955 459 coniunHum.
1016 419 1071 457 Cic.
1095 428 1109 454 ς
1136 426 1185 453 374
1211 419 1303 450 Hunc,
1323 416 1413 443 dixere
1422 435 1430 447 ,
1446 421 1532 441 tamen
1546 415 1670 441 comitem
1685 413 1867 448 famulumque
1881 413 2014 439 sacrorum
2035 415 2053 448 (
2060 400 2172 449 Bau-'hij

43 476 75 504 de
87 471 188 501 Amicit.
201 479 227 504 91
247 479 267 495 c.
282 478 317 502 24
347 469 396 495 Sed
408 467 504 497 nescio,
523 474 576 504 quo
590 463 670 491 inodo
683 469 774 488 verum
789 457 834 497 cli,
848 454 923 495 quod,
935 464 963 480 in
976 454 1073 493 Andria
1135 455 1267 488 Cepimus.
1337 452 1393 478 Cic.
1407 451 1438 476 de
1452 450 1544 484 Legib.
1557 459 1584 482 2,
1601 459 1633 476 22
1651 458 1696 482 c.9
1720 451 1822 476 Praeter
1836 448 1929 475 Idaeae
1944 450 2036 475 Matris
2049 450 2162 476 summos

43 507 179 540 familiaris
206 514 280 532 meus
308 504 394 537 dixit,
429 503 592 537 Obsequium
614 499 725 526 amicos,
762 499 859 520 veritas
880 491 973 517 odium
997 496 1073 523 parit.
1135 498 1234 523 cosque
1247 487 1320 515 iustis
1335 487 1444 518 diebus,
1470 494 1502 511 ue
1521 486 1580 520 quis
1600 486 1690 519 stipem
1709 485 1807 519 cogito.
1861 485 1898 510 Ex
1910 484 1955 510 hoc
1966 493 2051 520 genere
2065 471 2174 512 Venerii

41 545 80 574 Id.
92 543 203 582 Philipp.
217 550 248 574 2,
263 549 275 573 3
306 541 347 566 Αιι
366 548 416 573 ego
436 548 489 565 non
507 537 627 564 venirem
645 537 734 559 contra
752 529 869 555 alienum
883 535 931 561 pro
947 525 1074 552 familiari
1136 525 1164 551 de
1178 523 1294 560 quihuss.
1309 524 1326 549 l.
1398 522 1444 549 Sed
1455 521 1537 547 Ouid.
1553 522 1616 546 Met.
1625 527 1647 551 8,
1662 528 1709 556 272
1734 521 1780 547 Sus
1792 525 1848 546 erat
1860 519 1969 546 infestae
1983 520 2107 545 Famulus
2118 522 2173 546 vin·
2218 537 2221 539 -

1 603 7 612 ,
42 587 69 609 et
83 579 221 606 necessario
238 577 317 603 meo?
351 575 403 601 vid.
423 578 597 601 NECESSE.
678 563 900 603 Familiarissiinus
921 562 1019 601 homo,
1049 567 1075 586 et
1136 561 1238 595 dexque
1269 559 1377 585 Dianae.
1449 557 1490 583 Sic
1516 558 1567 582 alsa
1595 556 1682 596 paffim
1708 557 1827 582 “mnan-a
1851 555 1971 591 affignari
1999 556 2024 581 D
2027 556 2054 581 ΙΙ
2081 555 2173 581 macas.

5 641 8 647 ,
42 614 110 644 mihi
121 612 243 640 omnibus
256 611 334 638 rebus
348 609 503 637 coniunEtus
533 609 571 634 Id.
585 606 654 632 Fam.
670 605 713 634 16,
726 610 762 627 21.
834 600 881 625 Vir
894 603 1010 631 optimus
1026 598 1073 622 mi-
1100 608 1129 626 10
1138 596 1212 630 Virg.
1226 596 1290 621 Aen.
1305 602 1333 625 5,
1347 600 1377 626 93
1409 593 1525 617 Incertus
1547 599 1688 625 gemumne
1709 591 1777 623 loci,
1803 590 1967 617 famulumne
1991 590 2107 624 parentis
2127 591 2174 616 effe

0 653 2 656 ,
42 651 72 680 hi
92 659 123 677 ue
136 647 349 676 familiarissimus
378 646 415 672 Id.
430 645 495 672 ibid.
512 652 552 675 13,
565 650 604 674 30.
674 637 790 671 Reginus
809 635 939 668 Scipionis
960 631 1074 658 familia·
1136 637 1217 666 putet.
1288 629 1334 655 Sil.
1348 631 1379 659 6,
1399 632 1444 657 288
1478 626 1598 653 Famulus
1612 626 1744 653 Naiadum
1755 626 1798 662 fir
1816 635 1858 652 em·
1869 625 1911 659 est.
1982 625 2040 651 Val.
2060 625 2129 651 Flac.
2148 634 2159 657 3

43 687 68 716 ri
86 694 152 712 imus
183 684 254 710 Hirt.
268 684 296 709 B.
311 682 368 708 Afr.
383 691 404 708 c.
418 683 458 711 68.
535 675 660 704 Inimicus
673 671 811 699 familiaris
843 669 934 696 Boeth.
952 677 963 700 3
999 668 1075 694 Profa
1137 674 1188 701 457
1215 664 1312 691 Placidi
1326 671 1422 697 angues
1434 662 1587 688 vmbrarum
1600 662 1702 687 famuli.
1753 663 1811 688 ι’ἳι.
1828 667 1844 687 r
1856 669 1875 688 A
1885 668 1909 688 M
1919 668 1938 687 v
1949 667 1995 687 LA
2009 670 2034 686 n.
2049 669 2073 687 2.
2170 644 2177 656 ⁹

47 729 59 739 ι
70 728 134 748 extr.
205 720 242 746 M.
256 718 383 745 Aemilius
397 725 462 744 vnus
474 714 509 741 est
521 721 552 739 ex
564 711 630 737 meis
645 707 851 736 familiariffimis
871 705 927 731 Cic.
939 705 1010 729 Fam.
1024 711 1046 734 3,
1059 711 1077 728 1.
1174 708 1190 728 F
1199 707 1252 727 AM
1262 707 1282 725 v
1291 706 1307 725 ι
1317 706 1337 725 Α
1347 717 1354 729 ,
1373 707 1411 724 ac.
1453 698 1473 723 f.
1516 697 1686 732 [θεράπαινα]
1728 698 1837 723 Ancilla.
1891 697 1945 724 Cic.
1959 697 2043 723 Τιιίς,
2057 704 2080 729 3,
2093 704 2107 722 2
2132 696 2178 722 sin

41 740 81 788 id.
95 755 159 783 ibid.
172 763 183 787 3
195 774 203 787 ,
226 763 235 781 i
269 755 293 780 Is
313 753 349 780 est
363 762 395 780 ex
419 751 483 778 meis
504 746 653 774 domesticis
670 752 749 779 atque
768 742 869 769 intimis
888 739 1076 766 familiaribus.
1138 744 1226 764 autem
1238 736 1325 762 virtus
1339 732 1456 760 subiefia
1469 732 1515 759 sub
1534 741 1622 759 varios
1638 733 1805 766 incertosque
1824 733 1910 765 casus,
1935 732 2034 758 famula
2054 733 2178 758 fortunae

42 793 115 822 Fieri
126 791 286 818 familiarem
299 789 382 820 alicui
405 787 442 814 Id.
455 784 567 818 Philipp.
583 791 607 815 2,
621 786 661 816 78.
732 781 763 806 In
776 775 954 805 familiaribus
968 774 1079 800 alicuius
1097 788 1122 814 ¹5
1138 773 1191 812 cst..
1217 771 1292 805 Virg-
1306 771 1370 796 Aen.
1385 774 1408 800 8,
1421 777 1472 801 411-
1543 768 1645 794 Fideles
1666 769 1762 794 Lucan.
1775 774 1798 800 8,
1811 770 1851 800 63.
1921 769 2053 794 Immunes
2066 776 2177 802 operum

45 828 109 860 effe,
143 826 198 853 vid,
219 833 269 853 lN.
1139 807 1220 835 Ouid.
1239 807 1304 833 Met.
1323 814 1357 838 4,
1385 812 1406 837 5.
1510 804 1609 838 Vrgent
1629 804 1740 830 famulas
1759 803 1895 830 laboribus
1933 803 1972 830 Id.
1994 803 2059 829 ibid.
2078 811 2097 835 4
2142 810 2179 835 3‘.

78 866 394 890 FAM1L1AR1TAs‚
411 855 467 882 atis.
492 854 512 880 f.
547 851 690 887 [vinacii-275,
704 848 833 882 συνήθεια]
876 847 911 873 Ea
923 844 1078 885 consuetudo,
1138 842 1159 882 ¹]
1180 852 1196 869 2
1232 842 1295 869 Sunt
1316 844 1389 866 etiam
1411 840 1527 866 Deorum
1545 839 1667 866 famulae.
1709 840 1738 865 V.
1753 849 1778 875 g.
1793 840 1850 866 Van,
1864 839 1900 865 Η,
1918 847 1943 871 1,
1963 847 2008 871 303
2042 819 2181 865 Dedgnid’a

41 907 102 936 quae
114 895 147 931 esl'
159 900 226 924 inter
233 896 378 933 familiares
389 898 413 918 et
424 893 525 918 amicos.
594 888 663 914 Ter.
677 887 774 913 Heaut.
788 893 809 916 ι,
824 891 851 916 2,
863 891 880 916 9
899 881 971 908 Mihi
986 889 1078 914 magna
1139 887 1281 914 quercum,
1299 875 1469 909 Chaoniique
1484 875 1557 902 vides
1569 876 1694 902 famulam
1708 875 1789 901 Iouis.
1861 876 1892 900 Et
1905 883 1924 907 4
1933 894 1940 906 ,
1964 882 2012 907 520
2046 875 2180 908 Harpyiae

43 943 104 961 cum
117 941 166 966 eo,
185 933 238 959 iam
251 930 312 958 inde
324 936 404 963 vsque
416 935 431 953 a
444 925 558 961 pueritia
567 944 574 955 ‚
590 924 690 958 semper
706 921 759 948 fuit
772 918 948 946 familiaritas.
1021 916 1077 942 Cic.
1140 914 1254 941 famulae
1267 911 1347 938 Iouis.
1420 911 1465 937 Sil.
1476 919 1509 943 13,
1523 920 1567 944 124
1588 911 1696 937 Numen
1709 916 1763 936 erat
1777 910 1830 935 iam
1844 918 1923 936 cerua
1936 910 1988 935 loci
2001 909 2182 944 famulamque

43 969 76 996 de
89 969 196 996 Ainicit.
209 977 240 1001 39
270 967 311 993 Sic
328 972 410 999 quum
429 961 608 996 accepiffemus
628 968 643 986 a
662 957 780 993 patribus
793 955 908 981 maxime
920 951 1123 983 memorabi-20
1139 951 1238 977 Dianae
1256 946 1414 975 Credebant.
1468 946 1639 974 Similiamodo
1652 945 1679 971 de
1691 945 1800 971 Famulo
1814 944 2002 980 obfirmamus.
2074 945 2183 971 Famula

43 1005 97 1032 lem
111 1005 140 1032 C.
154 1004 240 1030 Laelii
255 1008 280 1028 et
293 1001 318 1027 P.
333 998 463 1033 Scipionis
477 996 695 1023 familiaritatem.
767 991 851 1018 Affert
869 988 1079 1016 familiaritatem
1138 993 1218 1012 autem
1231 982 1345 1011 veridici
1360 982 1411 1008 Dei
1441 982 1498 1008 Sen.
1512 983 1602 1016 Again.
1617 989 1671 1014 253.
1703 978 1735 1014 ‘⁷st
1756 978 1899 1013 Cassandra.
1970 980 2094 1007 Famulae
2113 981 2183 1007 Dm,

44 1039 206 1068 consuetudo
230 1038 267 1065 Id.
279 1044 328 1071 pro
341 1035 428 1060 Deiot.
443 1042 474 1066 39
487 1042 509 1059 c.
518 1041 555 1066 14·
627 1029 765 1064 Applicare
777 1027 802 1053 se
821 1025 854 1052 ad
874 1024 984 1051 alicuius
1004 1023 1081 1049 fami·
1138 1021 1282 1048 Semi-iere.
1301 1018 1354 1044 fur.
1370 1026 1424 1043 100.
1462 1019 1559 1044 Furiae.

43 1076 187 1103 liaritatem
211 1072 249 1101 Id.
262 1080 311 1112 pro
325 1070 429 1097 Cluent.
441 1070 487 1102 46.
557 1067 595 1094 Id.
608 1067 679 1093 Fam.
694 1073 727 1096 13,
740 1072 768 1096 19
788 1063 855 1089 Cum
864 1061 967 1093 Lysone
982 1073 1028 1079 —
1043 1058 1079 1085 est
1176 1063 1222 1083 FA
1232 1063 1256 1082 Μ
1266 1062 1286 1079 v
1296 1060 1344 1080 LV
1354 1060 1383 1085 s,
1401 1062 1431 1085 a,
1454 1062 1508 1080 um.
1544 1051 1604 1078 Adi.
1642 1049 1789 1083 [οἷκετικός]
1836 1049 1918 1075 Ouid.
1931 1058 1962 1076 ex
1975 1050 2049 1076 Pont.
2066 1059 2082 1077 2
2108 1059 2123 1077 2
2151 1056 2183 1080 80

44 1111 114 1138 mihi
142 1124 186 1130 —
205 1106 371 1135 familiaritas
398 1120 444 1125 -—
461 1102 558 1131 officiis
581 1103 638 1128 eius
658 1099 767 1131 multis,
789 1098 870 1124 etiam
891 1094 1079 1122 consuetudine
1141 1093 1198 1119 Nec
1211 1090 1350 1125 dedignata
1363 1088 1399 1114 est
1413 1088 1523 1115 abiectis
1535 1087 1622 1120 Illyris
1635 1086 1715 1113 armis
1723 1086 1879 1111 Caesareum
1892 1084 1993 1111 famulo
2007 1070 2105 1112 vertic'e
2113 1070 2183 1112 f'erre

63 1145 198 1173 uotidiana
208 1143 241 1170 fic
254 1142 289 1169 est
301 1141 398 1172 Aucta,
424 1146 452 1167 vt
473 1139 542 1165 nihil
560 1138 590 1164 fit
603 1135 784 1164 familiaritate
799 1132 886 1159 nostra
906 1130 1119 1168 coniundhusg
1142 1127 1245 1162 pedem.
1300 1124 1425 1152 Famulus
1440 1130 1548 1156 vertex,
1562 1127 1621 1159 iuga
1635 1124 1753 1148 montium
1769 1123 1796 1146 in
1827 1117 1949 1152 vastarem
1962 1118 2073 1148 redat‘ia,
2146 1121 2184 1148 Id,

44 1182 84 1212 Id.
97 1180 209 1215 Philipp.
222 1188 250 1211 2,
263 1187 292 1210 23
309 1187 331 1203 c.
348 1186 377 1203 10
415 1176 509 1203 Cacsar
518 1174 571 1201 fuit
582 1173 705 1204 felicior,
728 1171 783 1204 ipse
801 1169 873 1196 enim
892 1167 1047 1201 Pompeium
1068 1174 1083 1192 a
1141 1163 1206 1190 Fast.
1228 1171 1253 1193 i,
1271 1163 1316 1191 286
1347 1159 1511 1187 Tradiderat
1531 1158 1643 1185 famulas
1665 1157 1719 1183 iarn
1735 1156 1787 1182 tibi
1830 1155 1912 1182 benus
1932 1164 2021 1190 aquas.
2093 1156 2185 1188 Tyros

46 1226 103 1246 mea
121 1215 301 1243 familiaritate
320 1212 458 1239 disiunxit.
542 1207 690 1243 Compleffl
704 1206 775 1233 areta
796 1203 993 1234 familiaritate,
1028 1201 1082 1228 vid.
1143 1197 1243 1226 famula
1264 1196 1315 1223 Sil.
1331 1205 1357 1228 ι,
1376 1203 1420 1230 74.
1456 1196 1498 1221 vbi
1516 1194 1585 1230 conf.
1600 1192 1725 1220 Drakenb.
1796 1191 1906 1217 Dextras
1920 1191 2029 1217 famulas
2043 1190 2075 1217 ad
2088 1192 2187 1225 praelia

47 1259 65 1284 c
73 1259 91 1280 o
99 1258 146 1279 ΜΡ
156 1258 171 1277 L
181 1257 198 1277 E
206 1256 222 1276 C
230 1257 251 1276 'r
260 1256 278 1276 o
289 1256 318 1276 R.
409 1247 531 1275 Conflare
560 1243 771 1271 familiaritatem
783 1260 790 1272 ‚
827 1239 882 1266 vid.
914 1245 931 1265 c
942 1245 961 1265 o
970 1245 991 1264 N
1002 1244 1018 1264 F
1027 1244 1043 1263 ι,
1053 1243 1083 1264 o.
1142 1235 1239 1261 excitat
1265 1233 1363 1259 Lucan.
1376 1240 1404 1264 4,
1416 1239 1477 1266 207.
1548 1229 1669 1256 Ministra
1682 1234 1708 1254 et
1721 1226 1819 1253 famula
1833 1227 1952 1261 corporis
1967 1226 2003 1253 cst
2018 1236 2058 1253 res
2072 1227 2188 1254 familia-

0 1299 5 1321 χ
48 1286 209 1316 Εοηίιιιιθῐιις
222 1286 323 1312 summa
336 1283 520 1310 familiaritate
540 1281 596 1308 Cic.
608 1280 640 1306 de
652 1280 755 1310 Orant,
769 1285 801 1310 24
815 1283 870 1311 c.7.
919 1273 992 1314 Conf.
1004 1273 1083 1299 Id.de
1143 1271 1180 1298 ris
1206 1269 1263 1295 Cic.
1275 1268 1357 1294 Tusc.
1373 1275 1392 1297 i,
1406 1275 1438 1299 45
1458 1276 1478 1292 c.
1493 1274 1518 1298 31
1528 1272 1571 1300 pr.
1642 1263 1721 1290 Ouid.
1738 1264 1797 1288 Am.
1811 1272 1837 1294 2,
1851 1270 1883 1296 7,
1896 1271 1923 1288 21
1945 1262 2138 1295 Qiis‘Veneris
2151 1264 2188 1289 fa-

51 1323 162 1360 Offii‚5;
179 1331 199 1347 c.
209 1328 246 1356 17.
315 1320 415 1346 Sallust.
437 1339 443 1345 .
464 1338 470 1344 .
490 1319 613 1351 Quorum
623 1315 665 1342 hic
673 1313 881 1341 familiaritatem
889 1309 1015 1336 eximiam
1024 1317 1084 1334 con.
1092 1319 1123 1343 30
1144 1304 1232 1332 mulae
1244 1302 1376 1330 connubia
1388 1302 1457 1328 liber
1471 1302 1557 1334 inire,
1574 1301 1720 1334 Tergaque
1735 1298 1876 1333 complecti
1890 1297 2002 1324 vei-bere
2022 1297 2090 1325 secta
2107 1294 2188 1325 velit}

53 1360 170 1396 sequutus
183 1358 277 1384 fuerat.
355 1353 512 1382 Coun-aciae
531 1350 732 1379 consuetudines
744 1355 771 1376 ct
783 1346 994 1376 familiaritates,
1018 1343 1085 1370 mul-
1145 1344 1163 1368 i.
1185 1339 1300 1368 ancillam
1313 1347 1403 1365 amare.

53 1400 140 1430 tueque
151 1402 208 1420 cum
220 1391 310 1419 multis
323 1400 364 1418 res
378 1390 548 1423 rationesque
578 1387 635 1414 Cic.
651 1385 704 1412 Off.
719 1394 738 1415 i,
752 1392 778 1417 53
792 1393 814 1410 c.
827 1391 864 1418 ¹7-
937 1381 1039 1407 Dedere
1059 1379 1084 1405 se
1180 1383 1196 1403 F
1205 1383 1226 1402 Α
1235 1382 1259 1401 Μ
1269 1373 1289 1401 ὗ
1298 1381 1313 1400 L
1325 1381 1344 1401 0
1354 1381 1372 1400 R
1382 1393 1389 1405 ,
1408 1373 1457 1399 ari.
1482 1372 1547 1406 Dep.
1585 1367 1715 1404 [δελεύω]
1751 1369 1858 1396 seruire.
1893 1368 1948 1394 Cic.
1956 1367 2024 1403 apud
2033 1368 2106 1394 Non.
2117 1376 2186 1400 2‚313

53 1427 118 1458 bene
126 1429 227 1471 'penitus
240 1428 268 1454 in
282 1427 491 1454 familiaritatem
505 1423 615 1451 alicuius
639 1421 677 1449 Id.
692 1422 769 1460 Verr.
783 1428 806 1452 2,
820 1421 874 1451 169.
944 1415 1087 1455 Deuincire
1147 1411 1188 1439 Est
1201 1411 1272 1437 enim
1286 1418 1366 1445 genus
1378 1408 1489 1435 iniustae
1500 1406 1651 1446 seruitutis,
1672 1413 1755 1439 quum
1768 1404 1797 1430 hi
1810 1405 1869 1430 sunt
1881 1404 1999 1435 alterius,
2019 1404 2066 1438 qui
2079 1404 2117 1430 sui
2133 1405 2190 1438 pos.

51 1465 224 1493 familiaritate
248 1463 286 1490 Id.
300 1463 371 1489 Fam.
386 1471 419 1495 13,
432 1470 469 1494 ¹9-
540 1459 646 1486 Habere
658 1455 852 1484 familiaritates
866 1452 929 1480 fidas
942 1457 1087 1479 amantium
1148 1449 1207 1474 sunt
1221 1447 1283 1473 effe:
1318 1454 1400 1480 quum
1412 1450 1501 1470 autem
1519 1442 1548 1468 hi
1567 1441 1738 1468 famulantur.
1809 1440 1876 1466 Plin.
1890 1448 1922 1471 2,
1940 1442 1970 1471 63
2008 1440 2042 1466 Vt
2057 1440 2190 1466 alimentis

50 1509 97 1528 nos
108 1500 254 1527 amicorum
279 1498 318 1526 Id.
331 1498 383 1525 Off.
399 1507 426 1530 2,
440 1505 470 1529 39
489 1505 510 1522 c.
520 1500 542 1525 8.
601 1493 670 1521 Add.
683 1493 753 1518 Suet.
767 1490 836 1518 Tib.
852 1499 874 1516 c.
890 1497 925 1521 ςι.
998 1486 1123 1524 Impli-33
1148 1482 1292 1510 famuletur
1303 1480 1408 1507 nostris.
1478 1478 1547 1505 Ibid.
1562 1487 1583 1504 c.
1596 1484 1613 1512 7
1638 1477 1757 1503 Externis
1772 1475 1934 1501 famulantur
1947 1475 2032 1500 sacris.
2085 1475 2189 1501 Labore

49 1536 102 1563 cari
114 1534 339 1566 familiaritatibus
352 1533 463 1560 alicuius
472 1551 479 1563 ‚
504 1530 558 1557 vid.
575 1536 619 1556 ΙΜ
628 1536 643 1555 Ρ
654 1535 688 1554 Li
697 1534 714 1554 C
723 1534 751 1554 o.
845 1523 969 1551 inductus
982 1523 1089 1549 consue.
1149 1517 1266 1546 iucundo
1279 1516 1405 1543 famulari
1431 1514 1517 1541 Catul.
1530 1516 1578 1544 62,
1592 1515 1641 1539 161-
1803 1509 1823 1546 ἢ
1845 1519 1858 1536 2
1895 1511 2033 1536 Famulare
2047 1509 2129 1536 abisue
2142 1514 2192 1536 vti.

47 1570 138 1599 tudine
151 1577 177 1598 et
189 1570 368 1597 familiaritate
383 1568 511 1601 Quintius
525 1565 589 1592 fecit
614 1565 670 1599 Cic.
679 1571 728 1597 pro
742 1561 835 1596 Qiint.
850 1569 887 1586 iz.
957 1558 1090 1585 Insinuare
1147 1561 1191 1581 tur
1202 1560 1249 1589 pro
1258 1550 1347 1583 δκλέν,
1368 1554 1395 1577 in
1402 1550 1549 1585 seruitutem
1558 1548 1679 1584 redigere,
1698 1546 1816 1573 Tertull.
1825 1546 1902 1581 Apol.
1911 1554 1933 1572 c.
1943 1554 1967 1572 21
1987 1547 2055 1572 Cum
2062 1546 2191 1572 elementa

47 1607 74 1634 se
86 1607 115 1634 in
126 1606 334 1633 familiaritatem
347 1604 459 1631 alicuius
479 1601 517 1628 Id.
531 1609 580 1636 pro
594 1599 701 1626 Caecin.
715 1606 738 1630 ¹3
751 1607 772 1624 c.
781 1604 803 1629 5.
832 1596 885 1622 vid.
903 1600 963 1620 iNs
973 1601 1014 1620 IN
1025 1600 1045 1619 v
1059 1599 1089 1619 o.
1150 1588 1306 1623 (Christus)
1326 1587 1380 1621 ipsa
1395 1586 1544 1612 famularet.

46 1642 189 1670 Intercedit
200 1640 368 1667 familiaritas
376 1658 383 1670 ,
406 1638 459 1664 uid.
475 1644 483 1663 1
495 1644 514 1669 N
528 1642 549 1662 Τ
560 1643 576 1662 Ε
585 1643 603 1661 R
611 1642 628 1661 C
636 1642 653 1661 Ε
662 1641 680 1660 D
689 1640 718 1660 o.
760 1633 828 1659 Ter.
843 1631 950 1657 Phorm.
966 1638 992 1662 4,
1006 1638 1015 1655 1
1023 1648 1030 1660 ,
1050 1635 1089 1663 ¹7·
1186 1632 1202 1652 F
1212 1631 1233 1651 A
1241 1631 1266 1650 Μ
1274 1630 1294 1649 V
1304 1630 1320 1649 L
1329 1630 1352 1649 A
1360 1628 1383 1647 Ν
1392 1629 1405 1648 s
1414 1642 1422 1654 ,
1442 1622 1473 1647 is.
1509 1619 1601 1646 Partic.
1645 1618 1690 1649 Vt,
1709 1618 1825 1643 Fortuna
1838 1615 1983 1642 famulante
1991 1615 2095 1648 aliquid
2106 1624 2183 1649 agere

48 1678 222 1711 cic.QFrat.
235 1685 256 1708 1,
271 1684 280 1702 ι
301 1676 331 1701 In
345 1673 483 1709 prouincia
494 1680 559 1698 vero
567 1671 631 1705 ipsa,
645 1669 750 1704 siquem
763 1676 789 1694 es
802 1666 903 1697 na&uS‚
916 1664 964 1699 qui
976 1665 1006 1690 in
1016 1669 1088 1691 tuam
1097 1676 1133 1702 40
1149 1664 1167 1688 i.
1190 1660 1332 1687 Adiuuante
1344 1657 1454 1693 fortuna
1499 1655 1592 1682 Claud.
1613 1652 1645 1680 de
1666 1654 1695 1679 Β.
1717 1653 1775 1678 Get.
1790 1659 1839 1684 513.
1927 1649 2088 1676 Famulantis
2109 1637 2194 1677 fistulci

48 1713 256 1740 familiaritatem
269 1710 371 1745 penitus
384 1709 504 1739 intrarit,
532 1707 579 1742 qui
600 1705 679 1732 nobis
701 1710 761 1730 ante
775 1703 860 1729 fuerit
871 1702 991 1735 ignotus:
1027 1699 1089 1726 huic
1150 1695 1252 1724 Phoebi
1277 1694 1338 1720 Stat.
1352 1692 1417 1718 Silu.
1432 1700 1453 1723 3,
1467 1699 1490 1723 3,
1505 1698 1542 1722 58.

6 1754 10 1759 ¹
50 1754 177 1784 quantum
191 1746 350 1773 credendum
366 1745 395 1771 sit
407 1744 478 1771 vide.
550 1742 677 1776 Recipere
690 1740 809 1773 aliquem
828 1738 856 1764 in
877 1735 1089 1763 familiaritatem
1185 1737 1201 1757 F
1212 1737 1234 1756 A
1243 1736 1267 1755 M
1276 1735 1350 1753 VLA
1359 1734 1380 1752 N
1390 1733 1412 1752 Τ
1421 1734 1438 1752 Ε
1448 1733 1476 1752 R.
1511 1724 1580 1750 Adu.
1622 1721 1816 1753 [οἰκετευτικῶς]
1871 1718 1937 1745 Idem
1951 1717 1984 1751 est
1997 1719 2062 1754 quod
2075 1720 2195 1755 Supplici.

0 1804 3 1808 >
48 1783 87 1811 1d.
102 1783 167 1809 ibid.
182 1791 207 1814 i,
220 1791 242 1808 2.
312 1781 410 1808 Venire
429 1780 456 1806 in
475 1777 681 1805 familiaritatem
701 1775 812 1800 alicuius
844 1772 883 1798 Id.
903 1772 976 1796 Fam.
996 1777 1030 1803 7,
1053 1775 1088 1799 ι5.
1148 1772 1202 1797 ter,
1227 1771 1251 1789 et
1268 1766 1296 1788 in
1316 1761 1413 1787 modum
1425 1761 1531 1795 famuli.
1623 1757 1695 1782 Non.
1711 1764 1741 1787 2,
1755 1763 1791 1787 33¹
1833 1754 2015 1786 Fainulanter,
2031 1755 2193 1790 suppliciter.

48 1820 81 1845 Ee
93 1820 169 1844 Verr.
189 1826 218 1849 2,
237 1819 283 1849 169
300 1825 322 1842 c.
335 1824 379 1850 70.
449 1814 556 1840 Vei-sari
576 1813 604 1837 in
627 1810 809 1836 familiaritate
827 1805 939 1832 alicuius
971 1804 1027 1829 Cic.
1040 1811 1089 1836 pro
1148 1799 1242 1825 Accius
1253 1797 1364 1827 Tereo,
1401 1794 1500 1820 Semele
1514 1798 1605 1818 natum
1618 1791 1712 1821 affare,
1730 1797 1756 1816 et
1769 1790 1928 1816 famulanter
1942 1797 2008 1824 pete.

47 1853 129 1880 eom,
150 1852 222 1878 Βὸῃ),
234 1856 272 1883 58,
1094 1844 1127 1869 45
1185 1839 1202 1858 F
1212 1839 1234 1857 A
1243 1838 1266 1856 M
1278 1836 1299 1855 v
1311 1837 1328 1855 L
1338 1832 1360 1856 Ᾱ
1370 1837 1388 1856 R
1397 1836 1406 1855 1
1416 1835 1429 1854 s
1439 1848 1446 1859 ‚
1466 1838 1489 1854 e.
1527 1827 1586 1853 Adi.
1624 1825 1774 1860 [olm-iudx]
1829 1825 1903 1860 Quod
1910 1830 2019 1860 pertinet
2031 1825 2195 1861 adsumulum

82 1893 181 1914 FAM1
191 1890 355 1912 LiARi-:sc
365 1889 402 1918 o,
425 1884 478 1908 ere.
531 1879 621 1906 Sidon.
634 1876 714 1912 Epist.
728 1883 760 1909 7,
781 1882 797 1900 2
821 1871 999 1899 Summatibus
1013 1871 1089 1897 inno·
1146 1866 1196 1902 fiuc
1204 1866 1339 1902 famulam.
1411 1865 1467 1890 Cic.
1483 1864 1566 1890 Tusc.
1584 1871 1593 1888 1
1616 1871 1637 1887 c.
1650 1867 1683 1895 48
1721 1862 1777 1894 Qu
1790 1861 1815 1886 se
1828 1861 1856 1886 in
1869 1860 1971 1886 medios
1985 1861 2095 1887 immitit
2108 1862 2195 1888 hostes

48 1923 158 1954 tescere,
175 1919 387 1947 familiarescere.
1149 1901 1276 1930 famulari
1295 1900 1390 1927 veste-⁴
1462 1900 1523 1925 Iura
1542 1897 1682 1924 famularia
1703 1896 1782 1928 dare,
1808 1903 1854 1930 pro
1875 1898 1999 1929 imperare
2016 1899 2106 1931 populo
2125 1900 2196 1933 regia

85 1964 164 1986 FAM
174 1964 182 1983 1
194 1961 286 1982 LiAR
296 1953 331 1980 ἴα
342 1960 398 1984 vs,
413 1961 442 1983 a,
457 1960 512 1978 uin.
549 1948 609 1977 Adi.
647 1945 964 1983 Adfamiliampcrtinens.
999 1940 1090 1968 Cellae
1143 1936 1275 1974 potestate.
1347 1933 1430 1962 Ouid.
1444 1935 1507 1960 Met.
1523 1943 1557 1965 ις,
1573 1941 1621 1966 597
1655 1932 1682 1958 Si
1696 1932 1809 1957 Romam
1827 1932 1949 1964 intrarit,
1974 1932 2115 1958 famularia
2136 1942 2195 1960 iura

50 1992 237 2024 familiaricae,
257 1990 297 2016 vel
308 1989 385 2016 sellae
392 1991 494 2023 potiar,
513 1985 619 2012 Vitruu.
634 1985 666 2018 6,
679 1991 717 2009 10.
751 1987 775 2007 et
787 1981 864 2007 Varr.
878 1978 910 2005 de
923 1978 954 2004 R.
970 1977 1001 2004 R.
1016 1985 1042 2009 ι,
1055 1984 1090 2008 13,
1148 1974 1282 2000 daturum.
1354 1971 1448 1997 Manus
1462 1969 1599 1995 famularis
1625 1967 1680 1993 Sen.
1697 1968 1775 1993 Herc.
1789 1967 1849 1992 Oet.
1865 1969 1923 1999 564.
1994 1967 2091 1994 Turba
2121 1968 2195 1995 Idem

51 2039 72 2065 4
83 2029 159 2066 finit,
177 2036 222 2063 quo
229 2026 316 2062 saturi
328 2027 365 2051 ire
372 2024 454 2060 fhlcm
465 2043 472 2055 ‚
493 2019 629 2056 ἐφεδρῶνες.
1099 2017 1130 2042 50
1151 2007 1270 2041 Thyeste
1284 2014 1341 2039 901.
1413 2006 1454 2032 Sic
1466 2003 1564 2031 Turba
1578 2002 1715 2029 famularis
1729 2004 1827 2028 mensas
1848 2001 1955 2028 instruit
1987 2002 2049 2029 Stat.
2065 2003 2151 2029 Achil.
2165 2012 2196 2036 2,

89 2070 228 2092 FAMiLi
241 2069 262 2088 A
273 2069 291 2087 R
302 2058 314 2087 i
324 2067 345 2087 'r
355 2065 372 2085 F.
383 2066 411 2085 R.
447 2058 515 2084 Adu.
553 2056 670 2088 [elman
687 2051 825 2087 γνωρίμως]
860 2052 879 2076 i.
895 2046 1092 2083 Adfimilitudi-
1152 2048 1196 2084 ⁶7:
1351 2037 1372 2077 fl
1395 2049 1407 2066 2
1444 2040 1598 2071 Famulare,
1620 2040 1742 2064 Neutrum
1752 2057 1758 2068 ,
1779 2045 1827 2072 pro
1841 2037 1907 2064 Adu.
1943 2038 1956 2071 [
1969 2037 2080 2064 almund„
2089 2040 2102 2073 ]
2145 2040 2179 2066 Vt

53 2110 105 2130 nem
109 2099 293 2138 familiarium,
312 2102 336 2122 et
355 2095 406 2130 (vt
421 2096 459 2120 ita
471 2092 573 2125 dicam)
593 2087 736 2122 Domestica
820 2085 900 2112 Plaut.
915 2083 984 2111 Rud.
999 2092 1021 2114 2,
1034 2092 1061 2116 4,
1074 2084 1091 2109 6
1150 2081 1266 2107 Timens
1281 2077 1420 2108 famulare,
1440 2080 1457 2102 i.
1484 2077 1556 2102 More
1564 2075 1661 2110 famuli
1683 2074 1815 2099 Stat.Silu.
1828 2082 1849 2105 3,
1858 2082 1876 2103 1,
1889 2082 1934 2107 40,
2187 2059 2196 2072 '

55 2136 96 2164 Ah
105 2135 216 2162 nimium
231 2132 399 2159 familiariter
410 2138 452 2156 me
465 2127 594 2155 attrectas.
665 2125 735 2151 Ter.
746 2121 829 2148 Andr.
845 2130 854 2147 i
863 2140 869 2151 ,
884 2129 909 2152 1,
923 2125 956 2152 84
988 2118 1092 2145 Reiecit
1188 2121 1204 2141 F
1215 2121 1235 2141 A
1246 2121 1269 2140 Μ
1278 2119 1299 2138 v
1308 2120 1324 2138 L
1334 2115 1384 2138 ᾹΤ
1393 2119 1411 2137 v
1422 2119 1434 2137 s
1444 2131 1452 2143 ,
1474 2111 1514 2137 (ιε.
1546 2120 1581 2136 ιιι.
1619 2111 1630 2140 [
1643 2109 1782 2148 θερααςειά]
1835 2109 1890 2134 Cic.
1905 2108 1936 2134 de
1950 2108 2058 2134 Amicit.
2073 2116 2106 2143 72
2140 2111 2197 2144 Qd

16 2199 17 2202 ,
53 2173 84 2205 ,se
99 2171 128 2198 'in
139 2179 198 2198 eum
211 2170 273 2195 flens
283 2188 289 2198 ,
316 2175 395 2202 quam
407 2161 593 2191 familiariter!
663 2157 843 2186 Familiariter
857 2155 998 2182 domestica
1011 2153 1094 2187 adspi-
1151 2148 1317 2184 aliquamdiu
1331 2152 1438 2182 propter
1454 2146 1630 2180 ignorantiam
1644 2144 1731 2178 stirpis
1745 2151 1769 2170 ct
1787 2145 1889 2178 generis
1902 2144 1930 2170 in
1943 2144 2071 2170 famulatu
2087 2145 2198 2172 suen-nt·

2 2222 4 2226 v
16 2214 18 2268 J
60 2206 153 2239 cimus,
168 2211 192 2232 et
203 2206 304 2239 semper
315 2202 416 2229 iudicio
429 2201 508 2227 fauor
522 2197 605 2225 officit
628 2196 686 2222 Sen.
700 2194 733 2221 de
745 2194 870 2226 Tranqu.
883 2192 932 2217 An.
947 2199 968 2216 c.
977 2190 1127 2225 isubfin.55
1152 2186 1190 2213 Id.
1205 2184 1258 2211 Off.
1271 2192 1293 2216 3,
1309 2191 1350 2217 117
1364 2192 1385 2208 c.
1394 2191 1420 2214 33
1441 2183 1529 2215 Qiain
1542 2181 1622 2207 miser
1637 2180 1743 2206 virtutis
1757 2180 1897 2206 famulatus
1906 2180 2044 2206 seruientis
2053 2181 2197 2214 voluptati!

88 2240 185 2268 uinffll.
197 2249 230 2273 2,
242 2247 259 2274 7
291 2240 366 2272 Qiae
377 2236 424 2272 ipfi
437 2235 659 2270 composuerunt,
688 2231 742 2257 iam
760 2227 920 2255 familiarius
934 2226 1024 2252 animo
1045 2226 1092 2250 suo
1152 2221 1226 2257 Conf.
1240 2218 1371 2246 Columel.
1386 2218 1467 2252 praef.
1481 2226 1509 2244 io
1540 2216 1694 2243 Miseri-imo
1713 2215 1852 2242 famulatu.
1941 2216 2037 2242 Grauis
2055 2216 2198 2243 fanmlatus

17 2289 18 2292 ¹
58 2243 171 2312 affigat,
188 2276 306 2312 vtfacilc
320 2268 420 2301 redemit
432 2275 459 2298 in
471 2273 619 2297 memoriam.
690 2264 821 2299 Qiinffil.
837 2272 855 2293 i,
870 2271 883 2288 2
907 2262 937 2288 Et
951 2261 980 2287 in
995 2260 1090 2295 primis
1154 2258 1212 2284 Sen.
1228 2254 1338 2289 Hippoi.
1352 2254 1370 2280 s.
1382 2262 1418 2280 io.

57 2321 85 2340 ea
95 2310 211 2339 habenda
231 2319 292 2338 cura
312 2309 364 2342 est,
392 2314 421 2335 vt
445 2309 467 2334 is
489 2306 600 2332 omnino
623 2302 668 2329 fiat
692 2300 772 2328 nobis
788 2298 959 2326 familiariter
975 2296 1091 2323 Amicus.
1188 2298 1268 2319 FAM
1280 2297 1299 2316 V
1310 2297 1325 2315 L
1339 2295 1453 2320 1TAS,
1479 2287 1537 2314 Stis.
1577 2287 1598 2313 f.
1656 2285 1722 2312 Idem
1743 2286 1808 2322 quod
1825 2285 1945 2312 Seruitus.
2003 2285 2096 2312 Accius
2110 2287 2179 2313 Nam

37 2356 42 2363 ‘
55 2348 134 2376 Plaut.
148 2348 218 2374 Men.
234 2355 261 2378 2,
272 2355 295 2379 3,
308 2354 334 2377 23
364 2345 445 2371 Certo
464 2343 526 2369 haec
539 2340 635 2367 mulier
648 2343 692 2365 aut
705 2337 808 2366 insana,
833 2340 878 2361 aut
891 2333 966 2360 ebria
978 2332 1014 2359 est
1026 2331 1093 2358 Mes·
1155 2327 1291 2362 postquam
1305 2333 1400 2360 paruos
1413 2333 1461 2350 vos
1475 2323 1597 2358 oppressit
1610 2322 1753 2348 famulitas.
1822 2321 1916 2347 Pacuu.
1937 2322 2012 2354 Qtos
2025 2329 2102 2348 vexat
2115 2308 2200 2350 famuf

55 2383 141 2416 senio,
177 2391 243 2418 quae
277 2380 413 2408 hominem
445 2379 566 2412 ignotum
591 2373 742 2408 Compellet
764 2380 808 2397 ine
831 2376 886 2397 tani
912 2367 1134 2395 fainiliariter.60
1153 2364 1230 2395 litas,
1249 2362 1305 2394 vis,
1324 2360 1438 2395 egestas,
1459 2359 1558 2388 fames,
1575 2357 1708 2388 formido,
1728 2366 1820 2392 pauor.
1876 2357 1945 2382 Haec
1959 2358 2031 2383 Non.
2046 2366 2077 2389 2,
2092 2366 2144 2391 319,

0 2435 5 2459 .'
18 2423 19 2426 ’
53 2418 201 2455 Compleffl
212 2418 330 2452 aliquem
343 2415 513 2456 familiariter
538 2412 602 2451 Plin.
617 2409 696 2444 Epist.
710 2417 742 2441 9,
762 2415 798 2440 19.
869 2404 908 2431 Id.
926 2403 993 2430 ibid.
1008 2412 1024 2436 9
1033 2411 1092 2443 ⁵.¹9
1189 2405 1205 2426 F
1216 2405 1237 2438 A
1246 2405 1270 2424 Μ
1281 2404 1301 2422 ν
1312 2404 1328 2423 1.
1337 2404 1346 2423 1
1355 2403 1376 2423 T
1385 2404 1395 2422 i
1408 2402 1428 2420 v
1441 2402 1465 2421 M
1475 2415 1483 2427 ,
1497 2395 1524 2435 .i·.
1538 2403 1563 2420 n.
1599 2391 1720 2433 [ᾂελιία]
1758 2392 1833 2420 Idem.
1870 2392 1965 2423 Varro,
1985 2393 2060 2426 Apud
2073 2394 2199 2427 ignauum

0 2463 19 2494 ij
52 2455 109 2490 Ipse
123 2456 179 2481 suin
191 2453 261 2480 testis
270 2473 279 2485 ,
293 2451 463 2478 familiariter
475 2448 508 2475 ab
522 2456 554 2473 eo
567 2445 684 2472 Dilectus
700 2443 877 2481 probatusque
891 2439 969 2467 semel
982 2447 1094 2465 omnino
1154 2434 1294 2461 dominum
1303 2452 1310 2464 ‚
1328 2433 1396 2458 duro
1410 2430 1546 2470 famulitio
1558 2428 1704 2455 adstriCmS.
1777 2427 1949 2454 famulitium
1967 2429 2111 2462 antiquitus
2129 2429 2199 2455 dice·

0 2490 10 2517 l
52 2499 94 2518 ine
106 2489 230 2518 audiente
244 2486 412 2522 prouefihnn.
482 2484 551 2509 Ter.
566 2480 647 2507 Andr.
662 2488 682 2511 i,
695 2488 715 2511 ι,
725 2484 758 2511 84
782 2478 834 2504 Hic
850 2484 944 2511 paruae
958 2475 1094 2501 consuetu.
1153 2470 1248 2502 batur,
1268 2468 1340 2503 quod
1353 2476 1421 2493 nunc
1441 2467 1594 2492 Seruitium.
1633 2464 1698 2490 fest.
1875 2460 1895 2499 ff
1916 2471 1933 2488 2
1970 2464 2089 2495 Familia,
2116 2465 2201 2490 Serno-

2 2519 4 2525 *
18 2529 19 2535 ¹
53 2526 123 2553 dinis
136 2525 211 2551 causa
223 2528 339 2549 mortem
354 2520 433 2546 huius
453 2524 506 2545 tam
527 2518 588 2544 Fert
609 2515 794 2545 familiariter,
820 2512 900 2543 dotet,
923 2518 953 2538 vt
964 2510 990 2545 fi
1001 2508 1095 2546 fuiſjbt
1153 2516 1210 2533 rum
1223 2514 1336 2531 numerus
1357 2502 1475 2529 Macrob.
1490 2502 1592 2527 Saturn.
1605 2508 1629 2531 1,
1643 2507 1659 2533 7
1668 2506 1712 2534 pr.
1747 2499 1819 2523 Vnus
1832 2506 1846 2523 e
1859 2497 2010 2530 famulitio,
2034 2499 2076 2523 cui
2092 2499 2200 2532 pronjn,

47 2568 114 2598 pari·
120 2560 248 2595 familiae.
318 2556 385 2582 Plin.
400 2555 428 2581 in
441 2555 533 2588 Paneg.
548 2558 590 2587 87,
604 2560 616 2584 3
649 2552 703 2577 Vos
717 2557 840 2584 quoque,
858 2555 924 2582 quos
937 2555 1030 2582 parens
1048 2554 1095 2571 no-
1109 2539 1141 2572 63
1155 2542 1195 2568 cia
1209 2546 1265 2568 erat
1285 2539 1427 2566 admittere
1445 2538 1564 2563 volentes
1587 2534 1726 2561 dominum
1745 2532 1896 2559 conuenire.
1968 2533 2009 2559 Sic
2027 2533 2201 2561 Famulitium

54 2597 105 2623 ster
118 2593 289 2621 familiariter
302 2592 431 2626 Inspicere
443 2590 576 2625 dignatur,
595 2588 685 2613 fouete
698 2585 827 2612 iudicium
839 2585 905 2616 eius,
919 2582 991 2618 quod
1002 2581 1035 2608 de
1047 2590 1094 2608 vo-
1154 2578 1288 2607 aulicum,
1314 2574 1441 2608 Spartian.
1462 2573 1491 2598 in
1512 2572 1569 2597 Seu.
1588 2579 1609 2596 c.
1623 2571 1640 2595 6
1663 2568 1770 2603 appellat
1792 2568 1905 2593 Famulot
1924 2577 2004 2594 omnes
2023 2570 2185 2604 Imperatori,-

55 2631 96 2658 bis
110 2630 203 2657 habet:
236 2628 279 2654 hic
292 2627 376 2654 vester
389 2625 474 2653 labor.
544 2624 624 2651 Plaut.
637 2622 698 2649 Aul·
712 2630 740 2654 2,
754 2629 774 2653 ι,
787 2628 811 2652 ι5
841 2620 877 2646 Vt
890 2625 962 2645 tuam
976 2626 1032 2644 rem
1045 2625 1094 2650 ego
1155 2622 1214 2648 quos
1228 2611 1319 2637 lustin.
1332 2606 1519 2635 Ministeriales
1532 2606 1643 2635 domus,
1662 2611 1687 2629 et
1697 2603 1808 2637 hospitii
1821 2608 1846 2628 et
1859 2602 1950 2637 palatii
1964 2610 2049 2630 vocat.
2122 2590 2201 2640 Apuli

53 2673 142 2694 tecum
167 2665 210 2692 hic
230 2664 366 2698 Loquerer
391 2660 570 2688 familiariter.
643 2659 684 2685 sic
707 2657 763 2684 Cic.
786 2655 880 2682 Diuin.
894 2655 971 2680 Verr.
986 2660 1016 2686 37
1029 2661 1050 2677 c.
1068 2659 1096 2676 12
1156 2647 1233 2680 Apol.
1248 2649 1332 2678 p.283,
1348 2652 1357 2669 1
1387 2641 1524 2669 Famulitii
1538 2639 1697 2674 paucitatem
1709 2637 1882 2672 opprobrare,

54 2704 74 2731 F
76 2701 234 2729 amiliariter
246 2705 332 2726 tecum
345 2699 460 2732 Loquar.
529 2695 599 2721 Ter.
611 2694 708 2719 I-Ieaut.
722 2700 742 2721 i,
757 2699 777 2724 i,
790 2693 807 2716 6
829 2690 937 2715 Tamen
951 2687 994 2713 vel
1011 2686 1097 2712 virtus
1191 2688 1207 2707 F
1216 2686 1271 2706 AM
1280 2686 1301 2705 V
1312 2685 1328 2704 1.
1337 2684 1388 2704 AT
1399 2684 1410 2703 1
1423 2684 1441 2704 O
1449 2696 1457 2708 ‚
1478 2676 1547 2702 onis.
1574 2675 1593 2701 f.
1639 2672 1786 2707 [δέλευσις]
1839 2673 1924 2705 Idem,
1943 2673 1972 2698 id
1983 2672 2016 2706 est
2032 2675 2184 2701 Famulorum

55 2745 100 2766 tua
114 2746 170 2768 me,
194 2735 237 2762 vel
250 2734 371 2762 vicinitas
399 2730 490 2767 (quod
502 2738 552 2765 ego
572 2729 601 2755 in
621 2727 770 2762 propinqua
782 2730 855 2759 parte
868 2722 1001 2748 amicitiae
1014 2722 1097 2755 puto)
1110 2722 1145 2750 70
1150 2715 1354 2752 famularumque
1366 2711 1506 2739 multitudo.
1564 2709 1642 2744 Apul.
1657 2718 1673 2736 2
1685 2717 1730 2745 pr.
1765 2709 1796 2735 Et
1812 2717 1872 2734 ecce
1889 2708 2029 2735 mulierem
2049 2695 2201 2744 quampiani

55 2774 134 2805 facit,
160 2778 188 2799 vt
201 2777 226 2798 te
240 2769 362 2796 audacter
375 2769 498 2795 Moneam
507 2786 516 2799 ,
535 2771 561 2791 et
579 2762 758 2790 familiariter.
828 2757 960 2792 Quinctil.
974 2764 1001 2790 ς,
1022 2763 1039 2790 7
1073 2756 1097 2781 Is
1157 2751 1293 2786 frequenti
1318 2749 1437 2782 stipatam
1462 2746 1644 2774 famulatione.
1708 2744 1787 2771 Glofl'.
1818 2745 1878 2770 Vet.
1907 2744 1927 2770 F
1929 2745 2073 2779 annulatio,
2108 2743 2201 2773 damu.

14 2822 15 2825 ¹
43 2809 186 2838 ,veriffime
204 2805 348 2841 praecipit,
371 2804 487 2839 primum
507 2801 556 2828 effe
573 2801 602 2826 in
615 2798 663 2825 hac
678 2804 751 2832 parte
763 2793 882 2822 officium
895 2791 1034 2824 Oratoris,
1069 2796 1099 2816 vt
1157 2785 1293 2814 Onomast.
1307 2786 1365 2810 Vet.
1382 2782 1546 2813 Famulatio,
1565 2780 1691 2816 θεραπεία.

56 2851 139 2874 totam
152 2844 255 2870 causam
270 2840 440 2867 familiariter
447 2837 544 2865 Norit:
579 2833 651 2870 quod
665 2833 718 2860 sine
732 2831 814 2858 dubio
828 2829 860 2857 ad
872 2829 963 2855 omnia
976 2826 1098 2862 pertinet.
1195 2829 1211 2849 F
1220 2828 1275 2848 AM
1284 2828 1305 2847 V
1316 2826 1333 2845 L
1344 2827 1366 2846 A
1377 2826 1399 2846 T
1411 2825 1430 2845 0
1441 2826 1459 2845 R
1468 2838 1477 2851 ,
1496 2818 1560 2844 oris.
1577 2825 1614 2842 m.
1661 2814 1728 2850 apud
1739 2814 1801 2840 Stat.

56 2881 138 2909 Plaut.
152 2879 235 2906 Trin.
250 2886 281 2909 2,
298 2886 326 2909 2,
341 2884 375 2909 54
401 2873 500 2909 Edepol
512 2871 649 2899 hominem
666 2867 845 2895 Praedicatum
863 2865 948 2891 ferme
961 2862 1100 2890 familiari·
1193 2863 1304 2885 FAMV
1313 2863 1330 2882 L
1340 2861 1418 2882 ΛΤΚ
1429 2862 1437 2880 1
1447 2862 1481 2886 x,
1500 2853 1558 2880 icis.
1579 2852 1598 2878 f.
1633 2851 1728 2877 Donat.
1741 2850 1774 2876 ad
1786 2850 1854 2876 Ter.
1870 2850 1950 2876 Andr.
1964 2858 1985 2882 ι,
1999 2858 2019 2882 1,
2034 2859 2045 2883 3
2078 2851 2203 2886 coquin,³

57 2922 114 2949 ter,
137 2914 193 2949 Qi
212 2911 320 2949 quidem
334 2919 469 2946 nunquam
489 2917 536 2944 per
548 2908 675 2934 virtutem
687 2913 744 2931 rem
758 2901 906 2935 confregit,
932 2905 1011 2933 atque
1030 2903 1098 2932 eget.
1110 2899 1143 2928 75
1157 2892 1304 2920 medicinae
1318 2890 1472 2917 famulatrix
1487 2889 1532 2915 est.
1603 2887 1693 2914 Sidon.
1708 2887 1798 2912 Carm.
1813 2894 1829 2911 2
1839 2904 1846 2916 ,
1860 2891 1900 2915 128
1933 2886 2096 2913 Famulatrix
2110 2896 2203 2921 penna,

14 2972 15 2977 ,
58 2961 85 2989 q.
97 2951 122 2977 d.
136 2950 190 2986 ipsa
201 2956 245 2976 tua
252 2947 408 2984 praedicatio
415 2946 502 2982 facit,
517 2950 546 2970 vt
553 2943 711 2979 familiarem
723 2939 790 2966 illum
802 2945 870 2977 cuum
884 2941 1017 2975 appareat,
1033 2943 1100 2974 quem
1193 2936 1210 2956 F
1218 2936 1240 2956 A
1248 2935 1273 2955 Μ
1281 2934 1302 2953 V
1310 2933 1327 2953 L
1337 2933 1359 2954 A
1369 2933 1390 2953 'r
1399 2932 1418 2952 0
1428 2933 1447 2952 R
1456 2933 1465 2951 1
1474 2932 1495 2951 V
1506 2932 1518 2951 s
1526 2944 1535 2957 ,
1554 2932 1568 2950 a
1576 2943 1585 2956 ‚
1605 2932 1659 2949 uin.
1694 2921 1762 2961 Adi..
1791 2921 1912 2948 Tertull.
1926 2921 1959 2948 ad
1973 2922 2084 2948 Nation.
2099 2931 2122 2955 2,
2138 2932 2175 2956 ¹4-

60 2986 189 3026 indi'gpum
200 2988 239 3011 ita
250 2983 342 3010 laudes.
373 3017 379 3022 ⁸
415 2982 471 3008 Cic.
487 2981 540 3007 Att.
554 2987 579 3011 9,
594 2987 605 3010 3
637 2978 712 3010 Qiae
726 2975 813 3014 soluto
826 2981 917 2999 animo
929 2970 1100 3009 fauuliariter
1195 2971 1275 2992 FAM
1285 2970 1306 2990 v
1315 2970 1332 2990 L
1341 2968 1445 2990 ABVN
1454 2968 1473 2988 D
1482 2967 1503 2987 V
1512 2967 1542 2993 s,
1561 2968 1592 2991 a,
1612 2967 1667 2984 um.
1710 2956 1773 2984 Adi.
1830 2955 1905 2983 Idem
1918 2956 1979 2984 adu.
1992 2957 2074 2985 Marc.
2086 2966 2109 2991 3,
2123 2966 2150 2993 7.

62 3021 143 3048 scribi
155 3020 252 3052 solent,
267 3017 434 3053 temporibus
445 3016 487 3043 his
500 3013 684 3042 excluduntur.
753 3011 852 3036 viuere
869 3017 929 3034 cuin
948 3015 1002 3041 quo
1022 3005 1099 3031 fami-
1531 3021 1555 3053 F
1652 3020 1679 3051 A
1776 3018 1807 3050 N

65 3056 156 3082 liarius
181 3055 279 3090 Id.lpro
295 3054 367 3081 Cael.
384 3063 406 3080 c.
416 3062 452 3086 23.
523 3051 623 3078 Viuere
635 3044 833 3074 familiariss'ime
852 3049 931 3078 atque
949 3040 1099 3069 amicissime

65 3089 106 3118 ld.
119 3090 233 3117 Diuinat.
250 3092 324 3116 Verr.
340 3099 349 3116 1
361 3107 370 3119 ,
383 3098 414 3122 29
436 3098 457 3115 c.
477 3096 502 3120 9.
574 3084 611 3112 Id.
625 3085 679 3111 Att.
692 3084 708 3109 6
719 3102 727 3115 ,
749 3083 766 3107 6
803 3079 883 3107 Nihil
897 3078 969 3105 enim
982 3077 1100 3111 turpius,
1115 3076 1148 3103 80
1197 3079 1213 3100 F
1223 3076 1408 3099 ANATICV
1419 3076 1465 3129 S,d
1483 3067 1537 3094 vid.
1557 3073 1634 3094 ΒΑΝ
1644 3071 1706 3092 νΜ.

1196 3111 1383 3138 FANDVS,
1418 3107 1471 3131 vi.
1494 3110 1599 3130 FARl.

66 3134 146 3188 guam
159 3133 216 3151 cum
228 3133 259 3151 eo
269 3125 371 3152 bellum
384 3133 494 3159 gerere,
516 3122 625 3157 quicum
649 3117 819 3145 familiariter
840 3114 954 3142 Vixeris.
1026 3112 1100 3139 Idem

79 3169 143 3203 ’er-r.
156 3169 175 3193 4
188 3168 208 3185 c.
219 3168 248 3185 20
282 3161 434 3188 Praesertim
447 3167 530 3194 quum
542 3158 564 3184 is
579 3158 609 3183 L.
624 3155 731 3182 Sisenna
749 3152 885 3179 defensore
897 3157 944 3177 tuo
956 3154 1010 3176 tam
1023 3147 1100 3175 fami-
1196 3150 1213 3170 F
1222 3151 1243 3170 A
1253 3150 1274 3169 N
1284 3148 1300 3168 E
1309 3148 1321 3168 s
1332 3148 1375 3172 11,
1396 3139 1488 3175 populi
1501 3139 1531 3166 in
1542 3139 1649 3166 Oceano
1665 3133 1869 3170 Septentrionali
1877 3153 1886 3166 ,
1909 3132 1956 3168 qui
1982 3133 2035 3167 (ut
2045 3137 2083 3160 ait
2096 3134 2161 3160 Plin.
2174 3144 2204 3169 4,

66 3197 172 3224 liariter
185 3195 312 3222 vteretur.
381 3197 422 3224 Sic
434 3194 501 3231 apud
513 3193 579 3220 Plin.
591 3194 649 3219 Iun.
684 3188 863 3216 Fainiliariter
875 3184 1034 3220 completffl,
1050 3190 1099 3219 pro
1161 3188 1185 3211 13
1199 3179 1217 3205 s.
1228 3181 1281 3213 27)
1311 3183 1365 3203 tam
1378 3175 1487 3211 grandes
1508 3173 1607 3201 habent
1619 3181 1709 3205 aures,
1731 3177 1758 3197 vt
1775 3179 1868 3197 eorum
1888 3168 1957 3195 nuda
1971 3178 2082 3204 corpora
2095 3170 2203 3196 auribus

66 3232 155 3260 eodem·
168 3265 174 3270 ,
252 3258 253 3262 ,
281 3264 286 3270 Ι
338 3228 359 3267 ff
387 3241 403 3258 2
439 3231 577 3258 Peculiaris
594 3230 661 3255 ratio
675 3223 707 3259 cst
729 3223 849 3251 Frontin.
862 3222 894 3249 de
906 3221 1003 3248 Colon.
1023 3229 1048 3254 p.
1062 3227 1103 3251 119
1160 3219 1341 3253 conte-gantur.
1413 3211 1536 3238 Panotios
1548 3207 1681 3247 substituit
1700 3209 1773 3235 Salm.
1786 3215 1815 3233 ex
1834 3204 1893 3232 nid.
1911 3213 1950 3237 ιι,
1969 3213 1998 3237 3,
2017 3207 2142 3238 πανωγιὶςς,
2161 3208 2204 3241 qui

67 3269 152 3303 Agros
166 3273 196 3292 in
207 3264 337 3292 montibus
349 3267 461 3294 Romani
474 3269 629 3300 acceperunt
641 3260 824 3292 familiariter,
842 3261 860 3285 i.
869 3265 917 3294 per
924 3256 1054 3293 familias.
1117 3252 1146 3281 85
1162 3253 1210 3277 toti
1216 3251 1270 3283 Jmt
1283 3250 1348 3279 ὦτοι,
1366 3249 1385 3273 ι’.
1402 3256 1482 3273 aures.

103 3309 120 3330 F
130 3308 184 3329 AM
193 3306 288 3327 INAR
297 3306 331 3336 E,
347 3311 396 3337 pro
409 3303 503 3329 Dicere
517 3299 632 3335 antiquis
645 3299 674 3324 in
686 3297 742 3324 vsu.
771 3295 837 3322 Fest.
1197 3291 1214 3312 F
1223 3292 1245 3312 A
1254 3290 1275 3310 Ν
1286 3290 1302 3310 Ε
1311 3291 1323 3310 S
1332 3291 1353 3310 T
1363 3290 1382 3309 R
1395 3289 1404 3309 1
1416 3290 1438 3310 s.
1502 3279 1593 3313 [Φοίνον
1618 3279 1735 3313 Quas-imi
1749 3278 1762 3311 ]
1831 3276 1945 3303 Colonia
1967 3275 2113 3310 Pomponio
2133 3284 2164 3308 2,
2185 3285 2205 3309 4

106 3344 184 3366 FAM
196 3342 207 3362 1
218 3342 254 3368 X,
273 3335 328 3362 icis.
346 3346 382 3364 m.
419 3339 512 3365 Tumor
525 3339 552 3363 in
562 3335 624 3371 pede
635 3339 799 3361 armentorum
811 3329 878 3365 apud
887 3325 1101 3362 Veget.Mulom.
1162 3319 1195 3356 est
1205 3341 1213 3354 ,
1241 3328 1312 3356 quam
1326 3319 1390 3345 Plin.
1409 3327 1437 3354 3,
1452 3326 1482 3352 ¹4
1513 3318 1614 3343 Fanum
1634 3316 1767 3341 Fortunae
1784 3312 1905 3347 appellat,
1937 3318 1960 3337 et
1981 3315 2038 3337 item
2061 3312 2160 3337 Ptolem.
2180 3322 2203 3344 3,

68 3383 97 3409 4,
113 3382 155 3406 19,
170 3380 191 3399 ²·
263 3370 360 3405 Gargil·
371 3374 448 3407 Mart.
463 3382 489 3405 23
520 3371 587 3408 apud
602 3379 664 3407 quas
686 3377 715 3394 ne
731 3366 855 3394 emendare
869 3362 1016 3401 festinemus
1030 3360 1104 3397 facit
1162 3359 1241 3384 Porro
1255 3365 1285 3382 ea
1303 3354 1418 3382 Colonia
1438 3354 1485 3380 fita
1507 3352 1544 3378 est
1562 3360 1616 3377 non
1635 3349 1727 3385 procul
1743 3357 1758 3375 a
1779 3348 1887 3374 flumine
1906 3348 2044 3378 Metauro,
2067 3353 2097 3373 vt
2115 3346 2204 3374 ibidem

68 3409 176 3438 Colum·
191 3409 215 3438 6,
231 3414 268 3438 12,
282 3413 307 3431 2·
333 3406 375 3432 vbi
387 3411 424 3435 ita
436 3410 492 3436 MS.
507 3407 650 3438 Medicam,
676 3404 728 3431 Hic
743 3402 814 3429 ‘idem
828 3400 946 3435 sanguis,
965 3397 1013 3424 nisi
1028 3396 1104 3422 emis-
1162 3393 1230 3420 Plin.
1244 3389 1333 3419 auflor
1353 3389 1394 3424 est.

69 3447 112 3474 sus
130 3442 227 3474 fuerit,
251 3440 374 3481 famicem
405 3444 424 3477 (
427 3446 493 3481 vulg.
505 3443 622 3474 saniem)
656 3439 773 3472 creabit,
798 3437 845 3473 qui
865 3436 884 3464 si
904 3432 1105 3470 suppurauerit‚
1115 3436 1152 3462 90
1202 3434 1219 3454 Ρ
1231 3435 1253 3454 A
1262 3435 1313 3454 NN
1322 3434 1331 3452 i
1340 3434 1362 3453 A
1378 3435 1455 3462 gens,
1478 3433 1490 3450 e
1503 3432 1550 3458 qua
1562 3431 1588 3449 v.
1595 3430 1621 3458 g.
1633 3420 1680 3447 duo
1692 3423 1759 3446 inter
1773 3420 1892 3446 Oratores
1906 3415 2031 3443 Ciceroni
2044 3424 2206 3445 numeramur

68 3480 142 3510 tarde
159 3476 351 3514 percurabitur.
1165 3464 1194 3491 in
1208 3464 1290 3490 Bruto
1303 3465 1336 3489 26
1369 3463 1475 3488 Horum
1496 3458 1623 3494 (inquit)
1647 3455 1775 3483 aetatibus
1792 3452 1909 3480 adiuncti
1930 3451 1982 3477 duo
1996 3452 2026 3478 C.
2041 3452 2151 3486 Fannii,
2172 3454 2204 3480 C.

105 3521 186 3544 FAM
198 3519 218 3540 0
229 3519 241 3538 S
251 3520 271 3539 V
281 3519 311 3544 s,
345 3509 398 3537 vid.
416 3518 495 3540 FAM
506 3521 537 3541 Α,
1164 3500 1251 3526 Marci
1264 3498 1317 3525 filii
1336 3497 1460 3527 fuerunt;
1483 3503 1611 3529 *quorum
1630 3493 1660 3519 C.
1679 3490 1809 3520 Fannius,
1835 3488 1882 3522 qui
1896 3493 1913 3513 C
1927 3492 1947 3512 0
1957 3493 1980 3512 s.
2004 3496 2063 3513 cum
2082 3488 2206 3516 Domitio

105 3558 123 3579 1⁷
133 3558 154 3579 A
163 3557 189 3577 M
198 3555 218 3574 V
228 3556 244 3575 L
255 3568 263 3581 ,
277 3546 330 3581 flue
348 3544 502 3575 FAMVLV
511 3555 524 3574 s
533 3569 541 3581 ‚
560 3549 579 3575 i,
611 3557 648 3574 m,
692 3546 705 3580 [
718 3544 804 3576 δῑξλος,
824 3542 930 3573 οἰκέτης,
947 3537 1080 3574 μιιθοφόρος
1092 3537 1105 3570 ]
1163 3535 1218 3560 fuit
1227 3554 1235 3567 ,
1257 3543 1335 3561 vnam
1350 3533 1501 3559 orationem
1514 3531 1547 3556 de
1560 3529 1637 3556 sociis
1651 3533 1677 3554 et
1689 3527 1796 3553 nomine
1811 3523 1922 3554 Latino,
1948 3528 2039 3549 contra
2056 3524 2204 3552 Gracchum

65 3586 193 3624 fignificat
206 3585 315 3612 Seruum.
385 3580 486 3621 Festus,
510 3584 614 3611 Famuli
628 3582 706 3617 origo
720 3581 752 3608 ab
771 3579 845 3606 Oscis
859 3576 1001 3612 dependet:
1036 3572 1105 3607 apud
1165 3570 1290 3604 reliquit,
1317 3570 1376 3595 sane
1390 3574 1416 3594 et
1429 3566 1526 3593 bonam
1539 3571 1566 3591 et
1584 3563 1712 3591 nobilem.
1784 3560 1858 3585 Alter
1877 3564 1965 3584 autem
1983 3559 2012 3585 C.
2035 3559 2148 3586 Fannius
2166 3562 2205 3587 M.

73 3631 138 3657 quos
151 3622 253 3650 Seruus,
273 3616 361 3645 Famel
372 3615 514 3644 dicebatur.
563 3618 640 3646 Vnde
653 3624 679 3645 et
691 3615 803 3644 Familia
816 3619 909 3640 vocata
920 3612 966 3639 est.
1022 3609 1105 3640 Idem,
1122 3610 1154 3637 95
1167 3606 1195 3632 F.
1209 3605 1240 3631 C.
1263 3605 1348 3631 Laelii
1361 3612 1457 3638 gener,
1473 3608 1498 3628 et
1512 3600 1649 3631 moribus,
1668 3603 1693 3624 et
1712 3598 1719 3623 ι’
1741 3596 1768 3622 so
1781 3593 1885 3620 dicendi
1900 3602 1995 3627 genere
2009 3593 2111 3622 durior.
2166 3598 2206 3623 De

72 3656 240 3688 FamiliareS,
260 3655 297 3681 Ex
310 3652 400 3680 eadem
414 3651 524 3678 familia.
575 3655 663 3681 Postea
675 3653 725 3680 hoc
737 3651 846 3678 nomine
859 3648 939 3675 etiam
951 3644 1055 3673 Famuli
1062 3652 1105 3678 ap·
1165 3641 1207 3667 his
1217 3641 1294 3675 plura
1306 3640 1372 3675 apud
1384 3639 1439 3665 Cic.
1449 3640 1477 3664 in
1491 3638 1582 3663 Bruto.
1707 3605 1759 3663 ἦρξ’
1794 3630 1893 3656 Fannia
1901 3629 1954 3655 Lex
1963 3649 1971 3661 ,
1990 3629 2104 3663 [Φάννιος
2117 3631 2205 3665 νόμος]

74 3693 165 3728 pellari
177 3695 335 3725 coeperunt,
355 3692 502 3722 permutata
513 3687 526 3713 1
538 3696 595 3715 cum
606 3691 630 3716 v
645 3689 730 3716 litera,
801 3686 858 3713 Cic,
873 3684 905 3710 de
922 3681 1015 3716 Legib,
1031 3688 1063 3712 2,
1077 3687 1105 3711 19
1166 3678 1242 3708 Qiae
1261 3675 1312 3708 (vt
1326 3677 1364 3701 ait
1379 3674 1447 3700 Gell.
1462 3682 1488 3705 2,
1501 3674 1554 3706 24)
1573 3669 1641 3696 ludis
1657 3666 1797 3696 Romanis,
1815 3664 1880 3691 item
1896 3664 1966 3691 ludis
1980 3665 2078 3699 plebeis
2088 3672 2113 3693 et
2121 3667 2205 3693 Satur-

23 3744 27 3755 ι
74 3738 97 3755 e.
112 3733 126 3759 8
156 3727 240 3754 Feriis
255 3725 342 3759 iurgia
360 3727 518 3753 amonento,
534 3730 624 3758 easque
643 3724 672 3751 in
691 3722 796 3750 famulis
805 3741 814 3753 ‚
836 3719 964 3754 operibus
983 3715 1106 3752 patratis,
1165 3710 1269 3737 nalibus
1281 3716 1306 3736 et
1319 3710 1378 3736 aliis
1389 3709 1546 3744 quibusdam
1558 3704 1649 3732 diebus
1662 3703 1690 3727 in
1702 3701 1814 3736 singulos
1826 3700 1880 3727 dies
1892 3706 2014 3726 centenos
2027 3702 2094 3727 aeris
2108 3701 2205 3728 insumi

24 3795 26 3804 Ι
61 3763 198 3793 habento.
267 3759 383 3788 Martial.
396 3767 422 3791 9,
436 3761 470 3792 67
488 3757 521 3783 ad
533 3757 687 3792 Herculem,
713 3758 841 3793 Argolico
860 3754 989 3781 famulum
1005 3759 1060 3778 non
1078 3756 1104 3776 te
1167 3745 1300 3773 concess'it:
1335 3745 1476 3780 decemque
1488 3743 1546 3769 aliis
1559 3739 1652 3767 diebus
1665 3738 1694 3763 in
1714 3737 1820 3770 fingulis
1837 3735 1968 3762 menfibuss
1987 3737 2114 3763 tricenos:
2149 3744 2205 3762 cae-

76 3799 172 3827 seruire
186 3805 312 3831 tyranno,
335 3792 510 3830 (Eurystheo)
533 3792 657 3820 Vidiss‘ent
670 3800 774 3828 gentes,
800 3793 928 3825 saeuaque
946 3796 1028 3823 regna
1042 3786 1159 3821 patmon
1167 3782 1230 3809 teris
1242 3788 1330 3807 autem
1344 3781 1469 3807 omnibus
1482 3778 1574 3805 diebus
1587 3775 1676 3800 denos.
1719 3772 1776 3799 Vid.
1790 3771 1908 3799 Macrob.
1925 3772 2026 3798 Saturn.
2042 3780 2063 3804 3,
2079 3780 2115 3805 17.

76 3835 159 3870 Itaque
171 3843 219 3861 vion
228 3833 324 3869 semper
331 3831 430 3867 seruum
442 3834 521 3855 notat.
591 3828 631 3854 Sic
649 3828 706 3855 Seii.
719 3830 798 3855 Herc.
812 3829 872 3855 Oet.
888 3828 938 3858 364
964 3822 1065 3858 Hesione
1077 3821 1108 3848 ab
1206 3823 1381 3843 FANNIANV
1392 3824 1446 3848 s,a‚
1455 3824 1509 3841 um.
1530 3811 1589 3837 Adi.
1617 3810 1651 3835 Vt
1659 3808 1791 3835 Fanniana
1804 3807 1919 3842 epitome
1927 3808 2001 3833 Bruti
2012 3807 2066 3833 Cic.
2075 3808 2126 3832 Att.
2136 3813 2172 3837 η,
2181 3813 2204 3837 5.

77 3870 178 3896 Hercule
189 3869 300 3896 concess'a
313 3866 415 3893 famulo
429 3865 465 3891 eli·
488 3863 624 3890 Telamoni.
713 3864 816 3890 Luci-et.
833 3872 861 3895 3,
881 3865 944 3894 1048
974 3857 1107 3893 Scipiades
1208 3858 1224 3878 F
1235 3859 1286 3878 AN
1300 3858 1371 3884 VM,
1392 3852 1410 3878 i.
1444 3861 1470 3877 n.
1508 3847 1634 3881 [fist-ms,
1648 3844 1719 3877 ναδς]
1774 3843 1922 3878 Templum
1938 3843 2053 3872 dicium,
2074 3848 2101 3866 vt
2120 3844 2204 3875 inquit

77 3903 140 3931 belli
152 3904 267 3936 fulmen,
286 3901 453 3936 Carthaginis
468 3899 565 3925 horror
587 3897 645 3923 Ossa
658 3896 730 3924 de’dit
743 3904 839 3929 terrae,
857 3895 968 3932 proinde
980 3904 1008 3921 ac
1023 3892 1106 3920 famul
1169 3888 1270 3918 Festus,
1290 3895 1305 3912 a
1317 3887 1423 3918 Fando,
1442 3885 1512 3920 quod
1525 3881 1605 3908 fando
1621 3880 1795 3907 consecratur.
1832 3880 1870 3905 uel
1881 3888 1895 3905 a
1909 3879 2014 3907 Fauno,
2034 3876 2081 3909 qui
2094 3876 2205 3909 primus,

68 3939 181 3976 „infimus
195 3940 263 3966 elset.
313 3940 370 3965 Alii
381 3939 465 3973 legunt
478 3933 568 3961 Famul
580 3931 725 3967 improbus.
783 3934 892 3966 Famul,
909 3934 991 3967 inquit
1000 3929 1108 3957 Nonius
1166 3921 1265 3950 auftore
1278 3922 1364 3949 Probo
1380 3922 1545 3948 Grammatico
1563 3916 1597 3944 ad
1609 3916 1705 3950 Georg.
1721 3923 1745 3946 1,
1760 3924 1789 3941 io
1820 3915 1877 3941 fani
1893 3913 2015 3940 conditor
2027 3911 2088 3936 fuit.
2159 3909 2205 3936 Sed

77 3983 104 4009 ²,
115 3984 161 4008 322
186 3974 317 4001 Famulus.
328 4009 355 4037 Π
387 3972 451 3999 Enn.
466 3977 479 4001 ε
507 3968 648 3997 Mortalem
662 3967 763 3994 summa
775 3967 881 3995 fortuna
895 3972 1018 4002 repente,
1041 3963 1160 3995 Reti-105
1167 3959 1274 3987 Cincius
1289 3963 1314 3984 et
1321 3957 1427 4018 ἕείῐῑιις
1438 3954 1504 3991 apud
1515 3954 1588 3981 Seru.
1601 3951 1634 3979 ad
1647 3951 1664 3978 l.
1678 3960 1699 3978 c.
1721 3950 1796 3978 aiunt
1808 3950 1841 3977 ab
1858 3948 1979 3976 Euandro
1996 3947 2112 3973 Faunum
2126 3944 2205 3971 deum

208 4017 230 4038 v
239 4016 258 4037 0
267 4016 293 4037 Ι...
356 4027 364 4036 .
830 4013 832 4016 ⁴
1358 4002 1373 4028 Ε
1393 4001 1408 4027 Ε
1422 4000 1438 4026 ἓ
2120 3980 2208 4015 appel-
