2479 4225
89 149 140 190 121
305 153 309 162 ·
461 130 498 170 D
587 130 621 170 E
710 130 736 169 S
1569 134 1607 174 D
1698 136 1732 176 Ε
1819 137 1863 179 Τ
2162 158 2221 185 122

88 219 196 248 caminis
216 219 243 246 si
262 219 383 251 iubeam,
397 225 443 247 etc.
484 219 564 245 Venus
576 218 605 244 de
623 220 730 245 Vulcano
746 218 780 245 ad
791 218 906 244 Martem.
980 218 1011 245 In
1023 217 1119 244 balneo
1184 228 1243 245 euas
1260 218 1379 246 defluum
1392 221 1512 257 Athenas..
1585 223 1728 251 Desumere
1748 223 1796 252 fibi
1816 225 1931 262 aliquem
1946 228 2046 257 liosscin
2068 231 2126 258 Liu.
2140 233 2166 265 6,
2180 242 2220 261 20.

89 256 155 283 Cels.
171 263 191 288 ς,
203 263 247 290 27,
260 263 284 282 2.
319 254 392 290 Conf.
408 256 434 287 6,
447 256 473 286 6,
487 262 528 287 29.
599 255 744 281 December
763 253 798 279 est
812 252 917 283 mentis,
934 262 1016 287 quum
1036 254 1118 292 maxi-
1185 254 1256 281 Idem
1271 260 1308 287 38,
1344 275 1350 280 .
1388 275 1394 281 .
1433 257 1515 284 Recio
1529 257 1624 285 itinere
1637 259 1734 286 duxisti
1752 262 1896 289 exercitum
1914 264 1946 291 ad
1959 274 2012 298 cos,
2026 276 2091 302 quos
2104 268 2155 295 tibi
2173 268 2221 295 ho-

87 301 130 318 me
142 290 234 317 ciuitas
247 289 352 317 desudat
368 290 424 315 Scn.
439 290 483 323 Ep.
499 295 532 319 18.
604 291 660 316 Cic.
675 289 706 315 de
720 287 818 314 Sene&
834 293 860 319 38
883 296 903 312 c.
919 296 939 313 11
974 289 1003 313 In
1023 288 1064 315 bis
1076 288 1118 315 de·
1184 290 1232 317 stes
1247 290 1421 317 dcsumserasZ

87 326 179 354 sudans
193 332 269 360 atque
281 324 431 355 elaborans,
445 325 564 359 corporis
580 326 649 353 vii-cs
665 332 717 350 non
731 331 886 362 magnopere
902 322 1028 349 delidcro.
1221 332 1239 350 D
1248 332 1283 351 1-:s
1293 323 1393 352 v⁰PJ3R.
1430 327 1496 353 Adu.
1533 325 1612 363 [δίνη
1624 327 1732 364 ἄνωθεν]
1769 329 1836 357 Idem
1848 333 1911 368 quod
1924 333 1952 360 de
1963 337 2070 373 partefi
2083 338 2133 364 Ioco
2147 338 2222 375 Supe-

125 367 217 388 DESV
227 366 245 386 D
255 368 274 387 Α
286 367 375 392 TVS,
395 369 422 390 a,
438 368 492 386 um.
527 361 619 387 Partic.
659 359 705 389 Vt,
719 357 818 384 Grassh
833 358 945 384 b³ls³¹¹¹fl
958 359 1061 385 surculo
1076 358 1119 385 de·
1143 361 1156 388 5
1184 363 1249 387 riore
1262 361 1335 395 Virg.
1351 362 1415 387 Aen.
1431 371 1457 394 4,
1471 372 1509 389 121

65 390 68 395 ¹
87 396 175 424 sudata
201 395 320 422 Prudent.
339 395 458 422 Cathem.
479 403 501 428 ς,
521 401 565 425 118.
634 393 761 420 Desudata
785 392 885 419 iudicia
912 393 1006 425 Claud.
1025 395 1118 429 Paneg.
1285 397 1335 423 His
1349 405 1399 431 ego
1412 398 1558 430 nigrantem
1571 398 1705 428 commista
1719 400 1845 434 grandine
1859 401 1989 435 nimbum,

88 431 174 460 Mallii
192 430 300 457 Theod.
316 439 346 457 11.
382 430 438 457 Post
452 430 584 457 desudatas
599 428 710 455 militiae
723 427 845 454 excubias
864 428 953 454 Sidon.
966 430 1010 464 Ep.
1023 432 1048 461 6,
1063 439 1081 456 1.
1287 432 1355 458 Dum
1370 431 1499 466 trepidant
1511 433 1582 466 alae,
1602 435 1732 470 saltusque
1752 436 1875 472 indagine
1887 438 2004 472 cingunt,

122 472 244 492 DESVD
254 473 305 493 AT
315 474 323 492 1
335 472 354 492 ο
364 486 372 498 ,
391 466 459 492 onis.
480 466 498 492 f.
532 463 681 492 Scribonius
695 463 794 497 Largus
815 472 900 497 comp.
915 472 966 496 253.
1005 465 1118 492 Iul.Fir-
1288 468 1404 501 Desuper
1424 468 1567 494 infundam.

87 501 148 527 mie.
185 520 192 527 .
230 521 236 528 .
273 521 280 527 .
317 501 409 528 Nimia
430 501 595 527 desudatione
614 497 725 524 dissolui.
755 533 760 538 ι
780 499 859 526 Mart.
879 500 976 534 Capell.
996 502 1012 526 6
1029 510 1055 535 p.
1074 506 1118 534 189
1184 501 1250 527 Cato
1264 508 1325 532 c.18
1351 505 1403 529 Aut
1415 502 1488 529 binas
1504 512 1551 536 pro
1565 503 1670 538 lingulis
1684 504 1792 541 desuper
1805 507 1906 541 ponito.
1977 508 2069 535 Tacit.
2083 519 2108 543 2,
2122 515 2150 538 16
2174 513 2219 540 So.

86 535 229 563 Desudatio
243 545 357 570 curaque
369 536 515 562 disti-iclior
529 533 637 561 forenfis
652 533 833 560 fabulationis.
1146 536 1203 562 1011
1218 536 1342 564 Cherusci
1364 539 1425 572 iuga
1445 538 1611 571 insederunt,
1624 547 1651 566 vt
1669 542 1856 575 praeliantibus
1869 543 1995 570 Romanis
2009 544 2118 579 desuper
2133 548 2219 575 incur-

121 578 217 598 DESV
227 579 276 599 DA
287 578 308 598 'r
320 578 339 597 O
351 578 368 598 R
379 580 387 598 1
398 579 416 598 v
426 579 466 604 M,
491 571 520 597 ii.
545 578 571 595 n.
606 567 683 603 Apud
696 569 810 596 Celsum.
849 589 856 596 .
895 589 902 597 .
937 590 944 597 .
1183 577 1281 599 retent.
1319 574 1391 600 fior.
1405 582 1428 606 3,
1443 582 1465 605 3,
1480 575 1516 599 16.
1553 574 1611 600 Liu.
1625 583 1669 609 24,
1684 585 1724 609 34.

122 613 141 632 D
151 613 166 632 E
176 614 188 633 s
197 615 217 634 v
226 614 242 634 r.
251 614 270 634 o
279 626 287 639 ,
302 614 350 641 pro
370 617 414 642 quo
430 607 546 637 maluere,
1220 613 1238 632 D
1249 614 1264 633 Ε
1272 616 1284 634 s
1294 615 1313 634 v
1324 616 1338 635 P
1347 615 1362 634 Ε
1372 616 1390 635 R
1401 615 1422 634 N
1432 615 1457 635 Ε.
1485 608 1552 635 Adu.
1580 609 1653 635 Idem.
1692 613 1797 639 Vitruu.
1819 621 1855 644 10,
1873 620 1906 639 22
1941 613 2119 649 Temperanit
2136 616 2220 644 ahena

122 648 140 668 D
152 649 166 669 ,3
177 649 264 669 svns
274 647 291 667 C
301 649 320 667 o
335 661 342 672 ‚
367 643 425 675 cui,
443 644 494 668 ere.
516 639 611 665 Neutr.
647 639 660 672 [
673 638 769 671 αήθέω,
788 638 900 669 dumam
913 641 925 674 ]
961 640 1119 667 Contrarium
1183 650 1266 677 aquae
1279 643 1406 670 feruentis
1421 650 1446 670 et
1460 644 1524 678 picis
1538 644 1679 679 desuperne
1697 654 1787 674 contra
1802 648 1884 682 capita
1898 648 2021 676 hostium.

86 674 118 709 ‘ss
132 677 205 704 verbo
218 678 392 704 Consuescet-e
403 677 455 712 sinit*
472 674 617 701 Affuescere
631 683 635 699 :
664 681 687 700 et
698 673 829 711 fignificat
842 677 938 702 Morem
951 676 1025 711 sicum
1041 678 1118 702 inter·
1219 684 1237 716 D
1249 684 1262 702 1³
1273 685 1286 704 s
1298 685 1315 703 v
1328 686 1344 705 R
1354 685 1374 706 G
1384 685 1419 710 O,
1443 679 1531 713 rrexi,
1549 681 1602 706 ere.
1638 681 1667 707 In
1683 683 1798 710 secessum
1813 684 1852 710 ire
1871 683 1902 709 ad
1915 684 2105 711 exonerandam
2120 685 2217 712 aluum.

84 715 191 739 mittere.
246 713 293 738 Sil.
316 721 338 745 3,
352 720 397 747 573
431 711 498 736 Gens
518 709 584 735 ferri
607 710 722 743 patiens,
741 719 770 736 ac
792 711 858 737 laeta
878 710 986 737 domare
1006 710 1117 744 labores,
1140 721 1164 747 15
1183 712 1300 739 Scribon.
1316 715 1392 748 Larg.
1408 723 1444 740 112
1466 714 1580 748 Qlotles
1601 715 1792 744 desurrcxerint
1811 719 1957 745 torminosi.
1999 720 2071 747 Idem
2092 728 2135 753 142
2162 722 2219 748 Te-

85 747 221 774 Paullatim
241 748 349 782 antiquo
368 752 469 782 patrum
488 743 614 771 desuescit
633 744 739 771 honori.
935 743 955 782 fl
977 755 992 772 2
1028 744 1120 773 Afime
1183 748 1286 773 nesmus
1299 749 1334 774 est
1346 749 1464 775 irritatio
1476 750 1584 776 vltimae
1604 753 1682 785 partis
1698 753 1791 780 directi
1812 754 1943 780 intestini:
1963 755 1991 780 in
2005 764 2058 790 quo
2073 756 2173 790 saepius
2188 757 2219 783 li-

84 782 198 809 Desueui
210 783 301 815 illum,
315 791 362 818 pro
374 779 509 808 Desuefeci
522 779 616 813 illum,
630 779 658 806 id
672 780 724 813 est,
738 780 952 807 consuetudinem
971 781 995 807 ci
1015 781 1119 809 abstuli.
1182 783 1227 809 bet
1240 783 1377 818 desurgere
1391 784 1444 810 sine
1458 786 1540 811 causa.
1576 787 1694 814 Proderit
1712 789 1743 815 ad
1763 789 1811 815 hoc
1825 790 1928 824 quoties
1942 788 2132 824 desurrexerit,
2152 792 2219 819 vino

83 818 243 851 Titinnius,
262 818 383 845 Parasitos
399 815 506 847 amoui,
525 815 648 842 lenonem
666 815 773 843 aedibus
788 816 932 848 absterrui,
947 816 1071 850 dcssneui,
1085 826 1118 843 ne
1181 818 1351 845 austerissimo
1366 826 1391 845 et
1402 828 1468 854 aqua
1480 820 1678 851 calidasoucre.
1721 824 1778 849 Vul.
1796 825 1901 855 Turneb.
1924 832 1962 859 17,
1978 834 2015 861 17.
2051 827 2092 853 Sic
2112 835 2135 853 et
2153 828 2219 854 Plin.

83 862 137 888 quo
151 854 183 880 ad
196 863 302 880 coenam
318 854 367 879 iret
385 856 457 877 extra
470 850 608 878 confilium
624 859 720 878 meum.
759 853 825 878 Haec
843 852 915 878 Non.
930 860 955 884 2,
970 861 1024 885 ¹99·
1183 858 1221 885 28,
1235 861 1264 887 ¹4
1282 855 1445 887 Tcnesmus,
1459 855 1485 881 id
1500 856 1534 881 est
1544 876 1551 888 ,
1567 856 1665 883 Crebra
1680 859 1800 885 voluntas
1814 859 1976 894 dcsurgendi.
2014 863 2055 888 Ita
2067 864 2128 898 legit
2135 863 2218 890 Hard.

120 891 336 920 DESVETV8‚
355 895 384 920 2,
405 894 458 912 um.
495 887 562 912 Part.
599 886 710 921 [αἠθὴς,
730 886 866 921 dauni-ins]
903 889 929 913 A
948 887 1118 923 consuetudine
1130 897 1163 915 20
1182 890 1249 915 Hor.
1271 889 1320 916 Sat.
1343 898 1365 923 2,
1379 899 1404 922 2,
1418 893 1452 925 76
1479 891 1569 922 Vides,
1581 899 1608 918 vt
1625 893 1736 926 pallidus
1755 894 1842 919 omnis
1870 896 1959 921 Coena
1984 895 2102 931 desurgat
2124 897 2220 925 dubia:

82 932 196 951 remotus.
250 925 328 951 Arma
347 922 421 955 virg.
436 922 501 947 Aen.
518 930 541 954 2,
557 930 614 954 509.
669 922 756 949 Corda
777 922 849 949 Idem
871 923 935 948 Aen.
958 931 976 954 1,
993 925 1051 957 7²⁶·
1087 925 1118 949 Et
1180 925 1224 950 vbi
1237 924 1331 959 quidem
1341 928 1465 960 simplicis
1475 925 1683 962 significationem
1697 928 1783 960 habet,
1798 938 1821 964 q.
1835 929 1859 955 d.
1879 931 1964 964 surgat
1976 932 2008 958 de
2022 941 2111 959 coena.

82 960 147 986 Aen.
162 962 188 992 6,
203 964 247 992 814
269 960 323 984 Iam
337 956 440 983 desueta
451 957 594 991 triumphis
621 958 742 992 Agmina.
814 956 874 983 Liu.
891 967 912 990 3,
926 963 953 990 38
978 958 1116 993 Postquam
1216 965 1235 985 D
1246 965 1262 985 Ε
1273 967 1285 986 s
1296 967 1316 986 v
1326 967 1344 986 R
1355 967 1371 985 R
1384 968 1499 988 1-:CT10
1510 982 1517 994 ,
1536 963 1604 988 onis.
1630 963 1650 989 f.
1686 963 1800 990 Marcell.
1816 965 1914 997 Empir.
1927 975 1948 990 c.
1963 974 2003 1000 27.

81 995 170 1021 audita
189 1003 240 1021 vox
258 993 286 1019 in
303 993 365 1018 foro
385 992 420 1018 est
439 993 593 1026 praeconis,
621 994 705 1019 Patres
726 993 755 1019 in
773 994 874 1019 curiam
893 994 925 1020 ad
945 994 1117 1020 Decemuiros
1217 1001 1437 1022 DESVRSVM.
1469 997 1536 1023 Adu.
1561 1001 1579 1023 ι’.
1605 997 1722 1034 drorfiam.
1764 998 1883 1025 Tertuu.
1909 999 1941 1026 de
1960 1001 2109 1037 praescript.
2129 1012 2151 1030 c.
2173 1006 2218 1039 46.

80 1032 215 1062 vocantis,
233 1028 304 1055 velut
324 1036 394 1054 noua
414 1036 454 1053 res
474 1028 555 1063 (quia
569 1029 769 1055 intermiserunt
787 1028 888 1055 iamdiu
903 1038 1005 1055 morem
1025 1031 1115 1056 consu-
1179 1030 1301 1064 Fulgent.
1314 1030 1345 1057 ad
1359 1031 1438 1057 Prob.
1455 1031 1485 1058 de
1499 1034 1573 1058 Orat.
1587 1042 1610 1058 c.
1624 1042 1650 1065 4.

81 1065 153 1092 lendi
167 1066 288 1095 Senatus)
303 1063 487 1089 mirabundam
506 1063 610 1098 plebem
631 1064 763 1090 conuertit
777 1064 905 1099 quidnam
918 1064 1057 1097 incidisset,
1070 1074 1116 1091 cur
1125 1074 1156 1100 25
1216 1072 1235 1091 D
1244 1073 1260 1093 Ε
1269 1073 1283 1093 s
1293 1074 1311 1093 Υ
1319 1072 1338 1092 Ι)
1347 1073 1363 1092 E
1373 1074 1392 1093 R
1400 1073 1420 1094 o
1432 1086 1440 1098 ,
1469 1068 1521 1094 vid.
1554 1074 1572 1093 D
1582 1073 1598 1094 E
1608 1074 1620 1094 S
1631 1075 1639 1094 1
1649 1074 1667 1094 D
1677 1074 1692 1094 E
1701 1075 1720 1094 R
1731 1073 1762 1094 0.

80 1109 112 1127 ex
125 1107 196 1127 tanto
210 1098 350 1125 interuallo
361 1107 419 1125 reni
432 1098 564 1125 desuetam
584 1100 746 1133 vsurparent.
817 1099 891 1126 Idem
905 1105 929 1132 8,
967 1120 973 1126 .
1012 1120 1018 1126 .
1061 1102 1116 1127 Iam
1626 1135 1628 1138 Α

80 1136 182 1171 pridem
201 1134 306 1162 desueto
321 1134 436 1160 Samnite
451 1134 593 1161 clamorem
607 1135 723 1161 Romani
743 1135 873 1162 exercitus
894 1135 956 1170 pati.
1027 1137 1117 1163 Retra-
1550 1140 1580 1171 D
1660 1167 1664 1170 .
1684 1141 1710 1173 Ε
1813 1140 1848 1172 Τ

82 1171 152 1198 clare
166 1169 246 1197 verba
258 1168 361 1196 desueta
380 1169 462 1196 Ouid.
474 1170 560 1197 Trist.
574 1178 596 1203 5,
611 1177 638 1204 7,
653 1173 692 1203 63.

122 1212 186 1233 DEs
196 1212 215 1231 V
225 1211 288 1232 Esc
298 1211 369 1231 END
379 1212 399 1231 v
409 1211 421 1231 S
430 1225 439 1238 ,
464 1214 477 1231 a
486 1225 494 1238 ,
520 1215 574 1231 um.
611 1205 671 1232 Adi.
709 1205 909 1239 [οἴη-θησόμενος]
945 1206 1076 1239 Qtimffil.
1096 1215 1120 1240 3,
1216 1213 1235 1233 D
1245 1214 1261 1233 E
1270 1212 1343 1235 TEG
1354 1214 1373 1234 ο
1383 1228 1390 1240 ,
1410 1208 1452 1241 xi,
1479 1208 1550 1235 &um
1559 1229 1567 1242 ‚
1587 1211 1642 1236 ere.
1678 1209 1859 1244 [alnos-eydg'w,
1878 1209 2042 1251 sanandum]
2078 1212 2220 1246 Denudare,

78 1247 93 1273 8
104 1248 166 1268 extr.
186 1241 257 1267 Haec
274 1240 449 1267 adolescentes
462 1241 511 1267 fibi
529 1241 623 1275 scripta
635 1241 731 1273 sciant,
749 1241 828 1267 aliter
841 1250 921 1276 quam
938 1241 1037 1269 diciuri
1057 1242 1115 1276 fint,
1126 1250 1156 1274 30
1180 1249 1202 1268 et
1214 1246 1320 1277 aperire.
1358 1244 1437 1270 Plaut.
1452 1245 1556 1271 Mostel.
1578 1254 1597 1276 1,
1611 1253 1636 1278 2,
1651 1247 1685 1271 60
1713 1246 1792 1271 Venit
1806 1246 1926 1279 ignauia:
1951 1255 1979 1272 ea
1999 1247 2067 1273 1111111
2086 1249 2221 1283 tempestas

77 1276 193 1304 exerceri
207 1276 305 1307 velint,
326 1282 352 1303 et
365 1276 393 1302 in
407 1276 586 1303 desuescendis
599 1284 745 1303 morentur.
1181 1278 1247 1304 fuit:
1268 1279 1303 1304 Ea
1318 1279 1385 1305 mihi
1404 1280 1518 1306 aduentu
1536 1282 1582 1306 suo
1600 1280 1754 1315 grandinem
1775 1282 1941 1316 imbremque
1957 1282 2059 1308 attulit:
2094 1284 2164 1310 Haec
2177 1294 2220 1311 ve-

114 1313 356 1342 DESVETVDQ
375 1312 435 1338 inis.
456 1312 476 1338 f.
513 1312 641 1345 [αἰήᾶαα]
678 1313 738 1338 Liu.
753 1320 773 1343 1,
787 1320 814 1344 19
847 1311 1028 1346 Mitigandum
1045 1312 1116 1339 fero-
1180 1313 1333 1340 recundiam
1347 1315 1415 1341 mihi
1430 1322 1455 1341 et
1469 1316 1577 1342 virtutis
1590 1315 1699 1342 modum
1713 1316 1872 1348 deturbauit,
1887 1317 2034 1352 deiecitque
2048 1317 2101 1352 (stc
2113 1320 2160 1355 leg.
2171 1328 2221 1355 pro

76 1356 132 1374 cem
152 1347 277 1381 populum
297 1355 433 1373 armorum
450 1347 621 1374 desuetudine
641 1355 726 1380 ratus,
748 1348 840 1373 Ianum
860 1346 892 1373 ad
913 1347 1034 1373 infimum
1044 1367 1050 1378 ‚
1070 1355 1115 1374 etc.
1182 1349 1265 1381 texit)
1279 1350 1429 1385 detexitque
1442 1360 1456 1377 a
1468 1361 1509 1377 me
1523 1351 1607 1378 illico.
1659 1353 1690 1377 Et
1705 1360 1724 1384 1,
1739 1361 1759 1383 3,
1774 1360 1791 1386 7
1811 1353 1881 1378 Haec
1897 1353 1941 1378 illa
1955 1353 1990 1378 est
2005 1353 2141 1387 tempestas
2155 1364 2222 1387 mea,

32 1382 38 1386 ”
76 1381 193 1415 Refides,
207 1387 232 1409 et
245 1382 413 1409 desuetudine
427 1383 496 1409 tardi
508 1383 592 1410 Ouid.
607 1384 670 1409 Met.
686 1392 726 1417 14,
740 1386 798 1417 43⁶.
835 1383 926 1417 Longa
940 1383 1014 1409 Idem
1028 1383 1114 1409 Trist.
1181 1384 1250 1411 mihi
1265 1394 1331 1419 quae
1344 1385 1498 1413 modestiam
1517 1395 1623 1413 omnem
1636 1386 1750 1419 detexit,
1762 1387 1843 1413 tectus
1857 1397 1907 1422 qua
1922 1388 1971 1414 fui.
2042 1389 2134 1416 Ense-m
2153 1391 2221 1418 dete-

73 1424 98 1451 5,
109 1426 136 1452 7,
151 1425 190 1452 57.
262 1418 320 1452 le.
336 1418 362 1444 in
376 1419 393 1445 Ι.
419 1419 446 1445 51
466 1419 554 1445 seruus
569 1417 592 1455 ᾗ.
609 1419 695 1445 Huius
713 1420 745 1445 D,
759 1418 791 1445 ad
806 1417 823 1444 l.
837 1418 929 1452 Aquil.
946 1419 1034 1444 Huius
1052 1419 1116 1453 legis
1126 1430 1153 1456 35
1181 1429 1242 1454 gere
1263 1421 1357 1455 vagina
1380 1422 1426 1448 Sil.
1447 1431 1482 1454 13,
1496 1424 1548 1451 168.
1620 1422 1775 1449 Membrana
1808 1423 1908 1449 det-:sta
1937 1423 2056 1450 Scribon.
2076 1428 2136 1452 206.
2173 1428 2220 1453 Per

72 1453 212 1479 seeundum
225 1453 333 1487 quidem
347 1461 423 1488 caput
441 1455 469 1480 in
487 1454 688 1481 desuetudinem
702 1454 780 1481 abiit.
851 1455 900 1480 Per
917 1453 1116 1480 desuetudinem
1180 1457 1368 1482 translationem
1375 1468 1382 1482 .·
1419 1458 1478 1483 Liu.
1494 1466 1531 1490 10,
1545 1467 1563 1491 4
1584 1458 1623 1484 Ite
1641 1458 1735 1492 igitur:
1757 1459 1853 1490 Dicite,
1867 1458 1962 1493 inquit,
1977 1459 2096 1494 detegant
2110 1462 2221 1496 nequid·

72 1488 154 1514 tacito
169 1490 291 1515 omnium
304 1490 428 1516 consensu
442 1490 511 1524 leges
524 1490 687 1525 abrogantur
702 1490 797 1516 Iulian.
814 1488 843 1515 in
856 1489 874 1516 l.
893 1490 931 1516 De
946 1489 1044 1524 quibus
1058 1499 1115 1516 cau·
1181 1500 1260 1526 quam
1274 1492 1392 1519 conditas
1406 1493 1520 1519 infidias.
1575 1493 1686 1519 Laceros
1699 1499 1770 1519 artus
1779 1513 1787 1526 ‚
1800 1500 1825 1519 et
1839 1493 1947 1527 grandia
1962 1493 2060 1529 detegit
2073 1497 2124 1523 offa
2138 1497 2220 1524 Ouid.

74 1522 106 1552 fis
124 1523 156 1550 D.
170 1523 203 1550 de
218 1524 329 1559 legibus.
1181 1527 1288 1560 Met.·9,
1303 1530 1356 1560 169.
1402 1528 1479 1554 Fac'ta
1492 1528 1612 1562 detegere
1625 1528 1707 1554 variis
1725 1529 1811 1554 modis
1829 1528 1901 1555 Idem
1916 1529 2003 1556 Trist.
2017 1539 2042 1562 2,
2056 1540 2112 1564 432.
2168 1534 2220 1559 Im.

107 1565 151 1585 DE
160 1567 172 1586 s
182 1566 227 1586 VE
236 1559 282 1587 Ι-’Ᾰ
291 1567 307 1587 C
316 1569 325 1586 1
335 1567 354 1587 o
363 1579 370 1590 ,
395 1560 435 1586 eci
444 1581 452 1593 ,
473 1560 578 1593 aetum,
605 1562 659 1587 ere.
695 1560 896 1596 Confioetudinem
909 1563 1117 1594 praetermittere,
1181 1561 1262 1588 belles
1276 1563 1378 1588 animos
1391 1564 1489 1589 Lucan.
1504 1571 1527 1595 5,
1541 1572 1592 1594 322.
1663 1563 1870 1598 Imprudentiam
1883 1565 1953 1590 suam
1965 1564 2086 1599 detegere
2100 1567 2220 1594 Scribon.

70 1595 112 1620 vel
129 1596 276 1631 relinquere.
320 1596 376 1622 Cic.
391 1605 440 1630 pro
453 1596 558 1622 Cluent.
574 1604 614 1622 110
628 1606 650 1622 c.
662 1604 698 1628 40
730 1595 986 1629 Multitudineinque
1005 1596 1058 1621 iam
1074 1595 1117 1621 de·
1126 1608 1163 1632 40
1180 1597 1258 1630 Epist.
1296 1617 1303 1622 .
1340 1616 1346 1623 .
1417 1598 1498 1624 Ouid.
1515 1597 1547 1623 de
1561 1599 1624 1624 Arte
1638 1599 1697 1624 Am.
1712 1607 1737 1630 2,
1752 1604 1802 1632 428
1839 1599 1926 1624 Flecte
1940 1600 2006 1630 iter,
2019 1606 2044 1625 et
2057 1603 2163 1627 monitu
2177 1602 2220 1628 de-

71 1629 214 1657 suefaetam
226 1640 241 1657 a
259 1631 433 1658 concionibus
452 1631 485 1657 ad
498 1631 595 1657 veteris
615 1631 811 1657 consuetudinis
826 1630 1027 1656 similitudinem
1041 1639 1117 1656 reuo-
1179 1637 1238 1665 tege
1259 1632 1337 1657 Furta
1356 1641 1426 1658 mco.
1495 1633 1633 1659 Orationis
1653 1634 1704 1659 offa
1727 1633 1858 1666 anc‘lil.
1872 1633 1900 1659 in
1914 1634 2034 1660 Prooem.
2048 1643 2067 1661 1.
2136 1637 2221 1671 Magi-

71 1672 183 1692 cauerat.
1180 1675 1219 1692 cas
1234 1667 1360 1693 vanitates
1378 1668 1444 1693 Plin.
1459 1670 1503 1702 26,
1518 1672 1540 1697 8.
1612 1668 1693 1694 Ouid.
1708 1667 1786 1702 Epist.
1801 1670 1825 1698 6,
1841 1677 1878 1702 40
1907 1669 2013 1702 Detegit
2032 1670 2141 1704 ingenio
2156 1673 2221 1698 Vul-

109 1707 152 1726 DE
161 1708 174 1727 s
183 1708 203 1726 v
212 1708 228 1727 E
238 1707 272 1727 ΡΙ
282 1708 300 1728 o
310 1721 318 1732 ,
345 1701 393 1727 eri.
430 1700 552 1734 [αἶηθὲω]
586 1701 663 1726 Varr.
677 1699 709 1727 de
722 1701 753 1726 R.
769 1700 800 1726 R.
816 1709 839 1732 2,
852 1708 869 1732 9
896 1699 1006 1726 Duobus
1026 1699 1117 1725 mensi·
1178 1710 1240 1727 nera
1252 1701 1321 1728 Γ3ξ13
1334 1703 1389 1728 suo.

71 1733 122 1760 bus
150 1736 242 1769 primis
267 1744 282 1762 a
303 1742 378 1770 partu
401 1744 455 1762 non
475 1734 664 1769 disiunguntur
679 1744 694 1761 a
708 1731 796 1761 'matre
809 1753 817 1766 ,
835 1734 878 1760 sed
899 1734 1052 1759 minutatim
1073 1734 1116 1759 de·
1146 1749 1147 1752 =
1215 1742 1342 1762 DETEC
1355 1744 1447 1769 Tvs,
1472 1745 1502 1768 a,
1529 1745 1583 1763 um.
1626 1737 1719 1763 Partic.
1756 1736 1997 1773 [ἐπεςεγασμένος]
2045 1741 2092 1772 Vt,
2113 1741 2221 1770 Dete&a

71 1769 192 1795 suesiunt.
1122 1775 1156 1801 4,·
1178 1770 1250 1795 fraus
1269 1771 1328 1796 Liu.
1342 1780 1383 1801 22,
1398 1781 1438 1804 43.
1473 1771 1556 1798 Aedes
1577 1771 1790 1804 detecta,-Tekio
1804 1772 1931 1808 spoliata:
1973 1774 2064 1809 Nepos
2086 1784 2126 1810 ις,
2146 1786 2186 1810 20,
2206 1788 2220 1811 3

109 1805 282 1834 υΕεῦσο,
303 1805 347 1835 xi,
366 1807 419 1830 Ere.
457 1803 525 1828 Idem
544 1802 611 1836 quod
619 1801 726 1835 simplex
740 1803 812 1835 Sugo.
847 1800 944 1826 Pallad.
960 1809 981 1832 1,
994 1809 1011 1832 9
1044 1802 1075 1827 Et
1095 1801 1113 1827 fi
1178 1805 1269 1837 Quum
1282 1806 1357 1831 aedes
1371 1808 1444 1833 Iouis
1458 1807 1569 1833 Feretrii
1588 1807 1715 1833 vetustate
1735 1814 1814 1842 atque
1833 1808 1935 1834 incuria
1953 1809 2053 1837 detecta
2069 1813 2220 1845 prolabere-

69 1845 121 1871 qua
138 1837 284 1864 fundentur
303 1846 335 1863 ex
354 1837 470 1871 poculis,
496 1836 624 1861 velociter
645 1841 718 1869 rapta
737 1834 870 1869 desugent.
906 1837 944 1861 De
959 1836 1113 1867 carbonibus,
1177 1845 1229 1865 tur.
1285 1841 1346 1866 Liu.
1360 1850 1405 1874 42,
1418 1851 1433 1868 2
1453 1843 1551 1868 Eodem
1566 1851 1635 1869 anno
1649 1842 1724 1870 aedes
1736 1844 1846 1870 Iunonis
1861 1843 1985 1871 Laciniae
2004 1846 2112 1872 deiefm.
2175 1849 2218 1874 Pa.

61 1872 195 1909 sabulone,
211 1872 350 1907 ctfauilla,
365 1880 424 1907 quac
434 1869 627 1906 substernuntur
635 1873 789 1905 pauimentis
802 1870 978 1906 aedificiorum,
991 1872 1111 1906 loquitur.
1176 1874 1272 1901 tefaeta
1287 1881 1313 1901 et
1324 1876 1425 1902 detecla
1438 1878 1492 1903 Cic.
1508 1878 1586 1904 Acad.
1601 1887 1630 1911 4,
1667 1898 1674 1905 .
1712 1899 1718 1904 .
1789 1879 1852 1905 Caci
1867 1878 1966 1905 dete&a
1980 1881 2052 1914 regia
2066 1882 2140 1915 Virg.
2154 1883 2218 1911 Aen,

104 1914 122 1933 D
131 1914 147 1934 E
156 1915 168 1934 s
177 1915 198 1933 ν
207 1914 223 1933 1.
233 1912 277 1934 co
288 1926 296 1938 ,
315 1912 366 1933 are.
401 1906 552 1941 Persiaelcare.
588 1907 713 1940 Aequora
725 1905 837 1932 desulcat
853 1906 943 1940 glebae
953 1905 1016 1933 ditis
1024 1907 1112 1933 Cleta-
1178 1915 1200 1940 8,
1213 1919 1270 1942 24¹·
1343 1912 1392 1937 Pro
1407 1912 1490 1939 Nudo.
1511 1913 1591 1939 Ouid.
1600 1913 1664 1940 Fast.
1672 1922 1698 1945 2,
1711 1922 1755 1946 301
1775 1914 1854 1939 Nunc
1868 1922 1974 1948 quoque
1991 1915 2087 1942 detecti
2100 1918 2220 1945 referunt

67 1941 151 1969 benus
170 1944 265 1970 Auien.
280 1942 379 1976 Perieg.
393 1950 450 1975 959.
1121 1948 1154 1973 50
1176 1946 1339 1972 monimenta
1352 1948 1448 1974 vetusti
1473 1949 1573 1980 Moris,
1590 1954 1614 1974 et
1628 1949 1746 1983 antiquas
1759 1948 1931 1975 testificantur
1944 1958 2015 1983 opes.
2070 1953 2156 1986 Caput
2174 1953 2218 1980 de-

66 1980 75 2007 Ϊ
102 1985 121 2004 D
130 1985 147 2005 Ε
156 1986 169 2006 s
178 1985 198 2004 V
209 1985 225 2004 1.
237 1984 259 2004 'r
270 1984 289 2004 0
298 1984 333 2009 R,
356 1977 409 2004 vicl.
438 1983 456 2002 D
465 1983 481 2003 13
490 1983 521 2003 Si
534 1983 550 2002 L
562 1983 572 2002 1
582 1982 611 2002 o.
823 2003 825 2007 ,
1175 1980 1273 2012 tectus,
1289 1982 1316 2008 id
1329 1982 1379 2012 est,
1393 1983 1454 2009 Sine
1467 1983 1547 2016 galea.
1563 1983 1678 2009 Seruius.
1701 1984 1777 2017 Virg.
1791 1984 1855 2010 Aen.
1872 1993 1911 2015 10,
1927 1992 1974 2015 133.
2008 1986 2120 2020 Compar.
2135 1989 2217 2016 Soliti.

76 2043 78 2045 .
104 2020 251 2046 DESVM,
271 2013 361 2045 defui,
379 2012 468 2038 deess'e.
506 2012 646 2045 [ἐλλείπω]
685 2011 744 2037 Non
755 2010 847 2044 adeste:
869 2017 893 2037 et
911 2011 1008 2047 quidem
1027 2011 1109 2038 deesse
1173 2015 1240 2042 Edit.
1256 2016 1361 2043 Salmas.
1377 2026 1398 2043 c.
1414 2026 1444 2049 30
1465 2018 1627 2050 Hyacinthus
1644 2019 1772 2053 propensa
1786 2019 1970 2052 perspicuitate
1983 2019 2122 2048 detefflor.

67 2045 187 2082 dicimus,
203 2058 262 2084 quae
278 2047 355 2081 adisti?
368 2048 499 2076 debeba›zt;
518 2046 600 2072 abesse
614 2049 704 2077 etiam,
718 2056 779 2081 quae
792 2056 841 2073 non
859 2050 1015 2082 requimmus.
1052 2048 1107 2074 Cic.
1209 2058 1335 2078 DETEC
1347 2059 1431 2085 T10,
1452 2054 1518 2079 onis.
1541 2054 1559 2079 f.
1597 2053 1656 2087 le.
1678 2072 1684 2078 .
1707 2071 1713 2078 .
1734 2073 1741 2079 .
1766 2054 1888 2080 Dercetio
1907 2055 2010 2081 mortis.
2037 2056 2155 2085 Tei-tull.
2175 2058 2217 2086 ad-

66 2084 150 2112 Bruto
164 2086 214 2119 276
227 2093 248 2109 e.
262 2088 294 2114 80
318 2085 377 2110 Hoc
389 2092 471 2108 vnum
486 2082 528 2108 illi
540 2101 548 2113 ‚
560 2081 578 2107 fi
595 2081 665 2107 nihil
679 2082 802 2108 Vtilitatis
822 2082 949 2113 habebat,
962 2082 1064 2108 abfuit:
1089 2082 1106 2108 si
1171 2088 1239 2112 vers.
1254 2087 1336 2113 Marc.
1351 2097 1378 2121 4,
1391 2090 1421 2119 36
1448 2088 1612 2114 Descendiffe
1626 2088 1711 2114 Iesum
1723 2087 1756 2115 ad
1769 2088 1945 2116 detectionem
1959 2091 2100 2119 Creatoris.

68 2128 133 2154 opus
146 2126 202 2146 erat
214 2119 308 2146 defuit.
378 2118 446 2145 Ter.
460 2117 567 2143 Phorm.
581 2126 607 2149 2,
622 2126 641 2149 1,
657 2119 692 2149 69
723 2117 787 2144 Non
806 2118 893 2150 ratio,
910 2126 1003 2143 verum
1017 2126 1144 2152 argen-55
1206 2128 1224 2147 D
1234 2128 1360 2149 ETECT
1370 2128 1389 2147 O
1401 2129 1435 2155 R,
1453 2123 1517 2149 oris.
1547 2132 1583 2148 m.
1619 2123 1739 2150 Tertull.
1761 2123 1861 2150 aduers.
1882 2125 1962 2152 Marc.
1981 2135 2009 2161 4,
2028 2130 2060 2159 36
2091 2129 2217 2156 Detee’mr

69 2160 127 2181 tum
139 2154 238 2181 deerat·
282 2154 359 2189 Vitg·
373 2148 426 2180 Ecl·
443 2158 465 2184 8,
479 2155 514 2187 67
536 2152 614 2179 Nihil
636 2152 680 2178 hic
694 2152 741 2178 nifi
755 2153 871 2179 carmina
884 2153 984 2180 desunt.
1042 2153 1104 2191 *De-
1169 2156 1314 2183 Creatoris.
1365 2157 1441 2184 Idem
1463 2157 1565 2186 aduers.
1585 2159 1688 2185 Valent.
1708 2168 1730 2185 c.
1744 2166 1757 2191 3
1779 2166 1844 2187 exer.
1883 2160 2010 2188 Detecior
2041 2164 2123 2190 totius
2156 2174 2217 2192 eon·

67 2191 116 2217 else
134 2190 215 2217 alicui
234 2198 331 2224 opera,
344 2196 389 2216 etc.
406 2192 424 2216 i.
445 2198 494 2215 non
510 2191 602 2214 iuuare.
640 2188 696 2214 Cic.
714 2189 785 2214 Fam.
800 2198 818 2222 1,
829 2197 847 2221 9
872 2188 992 2215 Tantum
1006 2194 1105 2220 emtor,
1167 2192 1300 2218 scientiae,

64 2234 95 2252 vt
108 2234 195 2260 neque
208 2225 314 2256 amicis,
332 2234 418 2259 neque
431 2224 510 2250 etiam
522 2223 709 2255 alienioribus,
723 2233 814 2258 opera,
822 2224 942 2257 confilio,
955 2223 1046 2250 labore
1060 2223 1104 2249 de·
1205 2234 1223 2254 D
1232 2233 1276 2253 ΕΤ
1286 2234 1303 2254 Ε
1313 2232 1406 2260 NDo,
1427 2230 1479 2255 gre,
1517 2228 1638 2263 [οἷῃήμι]
1673 2229 1746 2264 Qffld
1758 2236 1850 2256 tentum
1863 2231 1904 2257 vel
1920 2234 2109 2261 ,mentum-ems
2121 2236 2216 2269 laxare,

67 2261 122 2288 [1111.
163 2262 205 2288 Sic
224 2261 312 2287 Deeffe
333 2261 423 2287 causae
442 2259 578 2286 eounnuni
604 2259 660 2286 Cic.
681 2261 758 2286 Verr.
771 2269 790 2293 4
810 2269 831 2285 c.
845 2261 884 2291 63.
954 2260 1103 2286 Contraria:
1168 2269 1192 2288 st
1199 2261 1238 2296 fic
1249 2263 1366 2298 auferre,
1387 2263 1415 2289 de
1429 2264 1594 2290 tabernaculis
1601 2265 1626 2300 s.
1640 2265 1779 2297 tentoriis,
1797 2275 1850 2293 cum
1861 2267 1971 2302 funibus
1983 2275 2007 2293 et
2014 2271 2121 2303 paxillis
2131 2272 2215 2306 βίαια-

65 2297 122 2323 Cic.
135 2295 167 2323 de
180 2296 274 2323 Diuin.
287 2305 307 2328 1,
321 2298 350 2322 61
375 2296 436 2322 Siue
448 2295 517 2321 deest
531 2301 638 2322 naturae
651 2294 803 2330 quippiam,
817 2295 870 2321 siue
884 2294 1011 2326 abundat,
1024 2301 1103 2329 atque
1113 2299 1147 2325 60
1169 2301 1205 2324 tis
1223 2305 1410 2332 componuntur.
1446 2300 1518 2325 Caes.
1533 2300 1562 2326 B.
1575 2300 1605 2326 C.
1618 2305 1684 2333 3,-85
1710 2301 1760 2327 His
1780 2301 1929 2329 constitutis
1948 2303 2043 2337 rebus,
2070 2306 2142 2340 signo
2160 2308 2216 2334 iam

65 2331 157 2359 effluit.
228 2332 322 2358 Defuit
334 2332 359 2358 ei
372 2332 483 2358 Animus
496 2330 530 2358 ab
543 2331 624 2357 initio
639 2331 694 2357 Cic.
709 2329 741 2356 ad
756 2331 866 2357 Brutum
880 2331 925 2365 Ep.
940 2339 976 2357 10.
1031 2330 1104 2357 Idem
1169 2332 1344 2368 professionis
1360 2333 1438 2366 dato,
1459 2334 1687 2370 tabernaculisque
1705 2336 1824 2363 detensis.
1876 2338 1937 2365 Liu.
1952 2347 1992 2372 41,
2007 2348 2019 2371 3
2049 2340 2160 2369 Nautiei
2177 2349 2214 2369 ta-

65 2367 134 2394 Phili
154 2377 178 2402 p.
191 2376 215 2397 2,
230 2374 259 2401 71
288 2368 344 2394 Cur
361 2368 387 2393 ei
401 2367 474 2394 Bello
495 2372 551 2393 tum
569 2372 677 2401 propter
697 2366 868 2393 timiditatem
882 2372 956 2392 tuam
969 2372 995 2393 et
1015 2365 1105 2392 libidi-
1168 2368 1308 2396 bernacula
1323 2369 1476 2396 detendunt,

65 2411 110 2429 nes
148 2403 253 2435 emisti?
326 2402 396 2429 Defit
414 2402 483 2429 mihi
503 2402 532 2428 in
550 2401 597 2428 hac
616 2408 689 2436 parte
702 2402 778 2428 Fides
799 2401 881 2429 Ouid.
900 2403 964 2428 Met.
990 2410 1029 2434 10,
1048 2410 1105 2433 302-
1204 2410 1435 2437 DETENTVS,
1457 2411 1641 2438 DETENTIO,
1662 2412 1854 2439 DETENTOR,
1872 2408 1925 2436 vid.
1948 2414 2099 2437 DET1NE0.

64 2439 121 2465 Cic.
135 2438 167 2464 de
181 2439 255 2465 Orat.
269 2446 289 2470 1,
302 2443 333 2468 80
357 2437 438 2472 Quod
451 2437 469 2464 li
485 2437 538 2464 tibi
550 2443 652 2464 tantum
673 2438 701 2463 in
715 2437 792 2464 nobis
806 2438 913 2464 videtur
926 2438 989 2469 ess'e,
1009 2436 1106 2471 quibus
1202 2446 1221 2465 D
1231 2446 1302 2466 ETE
1313 2446 1334 2464 Ν
1344 2447 1366 2466 Τ
1377 2445 1396 2466 ο
1406 2460 1413 2473 ,
1441 2444 1491 2467 τιτι».
1516 2442 1657 2475 frequent.
1675 2451 1703 2467 ex
1723 2442 1845 2469 Detineo.
1872 2443 1890 2470 1.
1906 2447 1934 2471 16
1953 2445 2019 2470 cod.
2041 2445 2149 2473 Theod.
2177 2447 2210 2474 de

63 2474 144 2500 etiam
157 2473 174 2499 fi
189 2473 325 2507 Ingenium
334 2493 343 2505 ,
359 2479 388 2500 vt
400 2479 428 2500 tu
444 2479 532 2508 putaS,
546 2482 599 2499 non
612 2473 727 2499 maxime
741 2472 844 2505 defuit,
856 2472 977 2500 doftrina
991 2478 1061 2498 certe
1080 2477 1106 2498 et
1127 2473 1159 2504 65
1167 2475 1322 2501 Tironibus
1331 2495 1339 2508 ,
1356 2476 1431 2502 Serui
1445 2485 1511 2511 quos
1525 2477 1623 2503 militia
1637 2483 1735 2504 armata
1749 2478 1871 2504 detentat.
1907 2480 1939 2504 Et
1950 2480 2108 2506 Fortunatus
2121 2483 2210 2510 carm,
2239 2500 2240 2503 ,

65 2509 152 2535 otium
165 2528 173 2541 ,
198 2515 224 2535 et
247 2508 353 2535 hercule
368 2508 448 2535 etiam
471 2508 584 2534 studium
606 2508 674 2534 illud
693 2508 798 2534 dicendi
824 2508 984 2535 acerrimum
1006 2508 1101 2534 defuit.
1168 2520 1201 2543 11,
1217 2519 1244 2543 19
1263 2511 1320 2537 Nec
1334 2511 1397 2537 volo
1411 2521 1478 2538 nunc
1492 2512 1582 2538 absens
1594 2521 1645 2538 vna
1660 2512 1778 2538 detenter
1790 2519 1819 2538 vt
1835 2512 1908 2538 hora.

64 2544 165 2578 Lingua
179 2544 266 2578 palato
281 2553 334 2570 non
348 2543 417 2571 deest
437 2543 517 2570 Ouid.
530 2544 609 2578 Epist.
626 2551 661 2576 15,
675 2553 719 2570 111.
791 2544 881 2573 Deess'e
894 2543 1023 2569 occationi
1043 2543 1103 2569 Liu.
1203 2553 1222 2572 D
1233 2553 1248 2572 Ε
1258 2553 1279 2572 T
1290 2552 1307 2571 Ε
1318 2553 1368 2571 NT
1378 2553 1491 2579 ΑΤῙΟ,
1509 2548 1575 2573 onis.
1600 2547 1621 2572 f.
1658 2547 1718 2579 le.
1733 2547 1750 2571 l.
1765 2554 1777 2577 ,-
1803 2547 1863 2581 Dig.
1883 2547 1915 2572 de
1928 2547 2048 2582 impensis
2063 2550 2092 2576 in
2109 2561 2149 2578 res
2162 2552 2210 2579 do-

63 2587 105 2613 27,
121 2585 157 2609 28-
214 2579 280 2606 Ρ1111-
296 2589 330 2613 11,
342 2588 372 2612 25
407 2579 547 2614 Nulloque
565 2586 701 2606 momento
714 2578 838 2606 meditari
851 2580 935 2611 cessat,
947 2588 980 2608 ne
997 2579 1102 2614 quando
1166 2582 1210 2608 tal.
1232 2580 1352 2607 Manebit
1367 2582 1477 2607 maritus
1491 2582 1519 2607 in
1534 2590 1623 2607 rerum
1637 2580 1859 2614 detentationem,
1873 2582 1957 2608 donec
1974 2585 1998 2610 ei
2012 2585 2127 2613 satisfiat,

67 2613 129 2641 defit
140 2615 284 2641 Occasioni.
354 2614 451 2641 Officio
465 2616 511 2641 suo
524 2620 549 2641 et
562 2615 667 2641 muneri
676 2615 730 2642 Cic.
745 2615 827 2641 Tuse.
840 2624 863 2647 3,
875 2623 899 2647 15
915 2624 934 2642 c.
949 2623 974 2649 7.
1021 2614 1103 2640 Ouid.
1202 2623 1244 2642 DE
1254 2622 1447 2642 ΤΕΝΤΑΤΟ
1457 2623 1475 2641 R
1490 2635 1497 2646 ,
1518 2616 1581 2641 oris.
1601 2625 1637 2641 m.
1672 2615 1689 2641 1.
1707 2624 1720 2641 2
1739 2616 1805 2642 cod.
1827 2617 1859 2643 de
1880 2617 1970 2645 fundis
1988 2619 2144 2656 limotroph.
2180 2622 2207 2649 Si

65 2649 129 2675 Met.
144 2658 179 2679 12,
193 2659 211 2683 4
232 2650 327 2676 Defuit
347 2649 436 2676 officio
451 2650 549 2676 Paridis
570 2651 715 2685 praesentia
729 2650 826 2676 Tristi.
898 2650 1054 2675 Orationem
1069 2649 1100 2674 ad
1117 2661 1153 2688 70
1167 2651 1305 2684 quisquam
1324 2650 1406 2676 fuerit
1426 2649 1574 2677 detentator
1594 2651 1725 2677 inuentus.
1745 2664 1750 2670 ›
1779 2653 1811 2677 Et
1831 2651 1848 2678 l.
1861 2659 1878 2686 7
1893 2657 1976 2688 princ.
1995 2656 2062 2682 Cod.
2082 2658 2114 2684 cle
2135 2667 2206 2692 prae.

64 2684 174 2710 alicuius
194 2684 234 2710 rei
254 2684 467 2717 disceptationem
486 2684 567 2709 decss'e
593 2685 648 2710 Cic.
670 2684 701 2709 de
720 2685 789 2718 Lege
809 2685 872 2718 Agr.
896 2693 941 2716 40.
1013 2684 1101 2709 Alieni
1165 2686 1252 2719 script.
1265 2686 1335 2711 XXX
1348 2685 1388 2711 vel
1401 2686 1446 2711 XL
1459 2694 1519 2712 ann.
1545 2686 1674 2720 Extranei
1683 2686 1827 2720 suppositae
1839 2687 1879 2713 rei
1894 2689 2079 2717 detentatores.

64 2719 231 2753 prudentiam
251 2719 279 2744 in
298 2718 407 2744 conlilio
421 2717 527 2744 defuifl'e
545 2718 619 2744 Idem
633 2720 703 2744 Fam.
719 2727 757 2750 10,
770 2726 806 2752 17.
878 2719 942 2744 Non
963 2718 1048 2744 deerit
1060 2718 1102 2743 Sa·
1200 2726 1218 2746 D
1227 2727 1273 2747 ΕΤ
1282 2727 1299 2746 E
1310 2727 1349 2746 PE
1358 2727 1370 2746 s
1379 2727 1395 2747 C
1404 2726 1422 2746 o
1432 2739 1440 2752 ,
1461 2722 1515 2747 ere.
1550 2721 1640 2747 Primo
1654 2721 1756 2755 frigore
1769 2724 1927 2750 autumnalis
1940 2734 2051 2753 aurorae
2062 2728 2203 2762 detepesce.

63 2754 149 2788 pienti
165 2753 238 2788 quod
258 2760 315 2788 agat
335 2753 373 2780 Id.
388 2752 466 2779 Acad.
481 2762 509 2786 4,
545 2772 552 2778 .
591 2772 597 2778 .
687 2753 743 2779 Cic.
762 2754 815 2778 Att.
830 2761 857 2785 4,
872 2761 900 2778 10
939 2753 997 2779 Nec
1009 2759 1100 2779 metuo
1162 2755 1207 2782 bat
1218 2755 1306 2782 Sidon.
1319 2755 1397 2790 Epist.
1413 2763 1435 2787 5,
1451 2763 1488 2789 17.

63 2795 150 2816 tamen
164 2798 196 2814 ne
210 2789 278 2815 mihi
291 2790 382 2815 Sermo
395 2788 457 2814 defit
471 2788 515 2814 abs
529 2794 570 2819 tc,
587 2796 641 2822 qno
660 2797 818 2822 magnopere
831 2787 955 2813 dele&or.
1028 2788 1101 2814 Idem
1199 2797 1241 2816 DE
1251 2797 1272 2816 T
1281 2797 1298 2816 E
1307 2797 1342 2821 R,
1368 2790 1508 2822 Deterior,
1529 2790 1710 2823 Deterrimus‚
1734 2791 1787 2818 vid.
1810 2798 1827 2819 D
1837 2800 1883 2820 ET
1892 2801 1908 2820 E
1917 2802 1935 2821 R
1945 2802 1974 2822 Ο.

62 2833 111 2859 pro
125 2824 199 2850 Rosc.
215 2825 303 2850 Amer.
319 2833 365 2857 104
378 2834 399 2850 c.
414 2826 445 2856 36
478 2823 549 2849 Mihi
568 2822 689 2854 ausculta,
704 2823 764 2849 vide
776 2832 809 2848 ne
817 2823 889 2848 Tibi
904 2822 976 2848 defis-
1032 2824 1099 2848 Hor.
1116 2826 1148 2853 75
1200 2831 1219 2851 D
1229 2833 1245 2851 Ε
1256 2832 1330 2852 TER
1340 2832 1430 2857 GEO,
1455 2835 1497 2858 es,
1522 2828 1562 2853 vel
1588 2833 1631 2853 DE
1641 2833 1745 2854 TERG
1757 2833 1776 2853 0
1786 2848 1794 2860 ‚
1820 2829 1856 2861 is,
1881 2829 1915 2862 fi,
1940 2832 2012 2864 sum,
2036 2835 2081 2859 Ere
2106 2840 2130 2859 et
2150 2836 2201 2861 ere.

64 2861 113 2887 sat,
127 2868 149 2892 2,
164 2868 184 2891 1,
199 2867 227 2893 ¹7
248 2859 326 2885 Hand
339 2859 406 2885 mihi
419 2859 515 2891 deero,
541 2859 630 2891 Quum
645 2866 685 2883 res
699 2858 752 2892 ipsa
766 2858 842 2883 feret.
914 2858 978 2884 Non
987 2857 1042 2884 Sibi
1056 2858 1100 2884 de·
1162 2859 1327 2895 [oc‘malue‘ofaug
1339 2861 1522 2896 οἷπομέργνυμι]
1543 2862 1608 2888 Idem
1621 2863 1685 2898 quod
1694 2863 1823 2900 Tergendo
1831 2872 1957 2902 purgare,
1970 2869 2010 2893 vel
2023 2869 2123 2904 auferre
2135 2870 2202 2897 adeo.

64 2895 100 2921 est
113 2895 148 2926 is,
162 2895 209 2929 qui
231 2894 295 2921 facit
309 2901 334 2920 et
347 2894 420 2928 quod
440 2894 457 2920 li
470 2895 534 2928 opus
553 2893 603 2924 est,
617 2899 642 2919 et
654 2893 725 2933 quod
739 2898 853 2927 oportet.
868 2893 964 2919 Acron.
1035 2894 1100 2919 Non
1160 2896 1243 2927 Plaut.
1257 2897 1328 2922 Men.
1344 2905 1361 2927 1,
1377 2905 1397 2929 1,
1412 2905 1428 2923 2
1454 2898 1570 2923 Mensam
1585 2898 1691 2932 quando
1711 2898 1761 2924 edo
1777 2899 1910 2935 detergeo.
1946 2902 2076 2930 Columcl.
2090 2912 2111 2936 3,
2150 2925 2156 2931 .
2194 2926 2201 2932 .

63 2929 135 2957 Tibi
148 2929 231 2956 defuit
244 2939 304 2956 cura
311 2937 355 2956 aut
370 2929 484 2956 studium
500 2930 527 2955 in
541 2935 614 2955 tanto
629 2928 717 2955 officio
726 2929 781 2955 Cic.
796 2928 908 2963 Philipp.
924 2937 949 2960 9,
964 2937 982 2954 1.
1028 2929 1100 2955 Tibi
1161 2932 1273 2965 onties
1287 2932 1383 2958 falcem
1395 2933 1510 2964 acueris,
1529 2942 1559 2959 ea
1574 2933 1643 2967 pelle
1656 2934 1738 2960 aciem
1753 2934 1892 2970 detergito.
1963 2938 2050 2964 Fletus
2063 2939 2201 2974 detergunt

57 2966 164 2992 nullum
184 2974 198 2992 a
212 2974 254 2991 me
272 2965 385 2998 amoris,
398 2965 503 2991 nullum
524 2964 619 2997 studii,
632 2964 735 2991 nullum
755 2964 858 2999 pietatis
877 2962 995 2990 officium
1014 2964 1100 2991 defuit
1161 2967 1271 2993 stamine
1289 2967 1381 2994 Claud.
1395 2968 1422 2993 in
1435 2968 1543 3002 Eun-op.
1557 2977 1580 2999 2,
1595 2976 1649 3003 375.
1701 2969 1781 2996 Ouid.
1796 2972 1860 2997 Met.
1876 2981 1909 3004 13,
1924 2976 1977 3007 746
2006 2975 2137 3001 Lacrimas
2157 2976 2200 3002 de-

63 3002 117 3028 Cic.
133 3009 181 3036 pro
194 3001 290 3028 Milon.
308 3010 356 3028 101.
427 3001 499 3027 Idem
516 3001 569 3027 Att.
588 3009 610 3032 3,
646 3019 653 3025 .
690 3020 696 3026 .
732 3001 761 3026 In
778 2999 859 3026 Trib.
874 2999 942 3034 pleb.
958 3000 1016 3026 Des.
1035 3001 1096 3026 reli·
1115 3007 1147 3032 80
1159 3008 1271 3037 tergere.
1327 3004 1450 3038 Deterget
1464 3004 1488 3029 se
1503 3003 1592 3039 lingua
1607 3004 1653 3031 bos
1666 3005 1770 3031 Colum.
1784 3009 1809 3038 6,
1824 3010 1848 3037 6,
1865 3017 1883 3033 1.
1937 3009 2072 3043 Detergeri
2091 3011 2198 3044 spongia

63 3045 114 3071 qua
127 3037 180 3071 spes
194 3036 242 3062 est:
262 3046 340 3071 quam
350 3036 367 3062 li
381 3036 540 3070 exspectaro,
554 3045 609 3062 non
619 3035 670 3062 erit
685 3034 757 3070 quod
770 3041 842 3070 putes
855 3044 897 3061 me
911 3036 999 3061 causae
1014 3045 1096 3068 meae,
1159 3038 1231 3065 Iden·
1246 3041 1272 3070 6,
1286 3046 1311 3071 9,
1326 3048 1343 3064 1.
1378 3048 1415 3071 12,
1430 3044 1473 3072 48,
1486 3048 1508 3071 3.
1579 3041 1627 3067 Per
1646 3042 1851 3067 translationem:
1876 3049 1906 3069 vt
1918 3043 2060 3078 Detergere
2075 3040 2196 3078 Fastidia,

62 3072 201 3099 Voluntati
213 3080 334 3098 meorum
348 3072 463 3098 defiuss'c.
535 3072 599 3098 Non
613 3072 714 3097 animus
728 3072 780 3105 eis,
802 3070 844 3097 scd
863 3071 941 3097 Vires
957 3070 1097 3098 defuerunt
1158 3080 1203 3109 pro
1217 3074 1328 3110 Auferre
1346 3074 1478 3101 Columel.
1499 3080 1520 3105 8,
1539 3083 1577 3107 10,
1592 3083 1613 3108 5.
1668 3076 1831 3111 Lanuginem
1849 3078 1934 3112 pomis
1952 3079 2070 3111 cydoniis
2090 3082 2194 3107 Colum.

62 3107 100 3134 Id.
115 3116 162 3142 pro
175 3107 257 3134 Flacc.
271 3110 309 3134 61.
380 3108 476 3133 Paucae
495 3107 628 3133 centuriae
647 3106 679 3133 ad
692 3107 865 3134 Consulatum
884 3105 1024 3133 defuerunt
1039 3107 1095 3134 Cic.
1163 3118 1197 3142 12,
1211 3119 1253 3144 45,
1268 3118 1292 3136 z.
1347 3111 1415 3137 Hor.
1430 3109 1481 3137 Od.
1498 3119 1517 3144 ¹,
1532 3118 1558 3145 7,
1573 3119 1597 3143 15
1623 3110 1703 3137 Albus
1716 3118 1741 3138 et
1755 3112 1868 3140 obscuro
1883 3113 1998 3148 deterget
2012 3115 2102 3141 nubila
2123 3116 2195 3143 caelo

64 3141 95 3169 de
109 3143 177 3169 clar.
196 3143 270 3169 Orat.
289 3150 341 3178 237.
362 3146 380 3169 i.
396 3143 527 3179 suffragia
543 3149 687 3177 paucarum.
765 3142 842 3169 Deest
859 3142 1022 3176 paullulum,
1041 3143 1095 3169 vid.
1158 3145 1238 3180 Saepe
1253 3146 1349 3172 Notus.
1419 3145 1545 3172 Somnum
1559 3146 1693 3181 detergere
1707 3147 1804 3181 pollice
1823 3148 1912 3174 Claud.
1925 3149 1952 3175 in
1966 3151 2078 3183 Epithal.
2098 3151 2194 3178 Pallad.

36 3177 38 3181 '
63 3183 264 3206 PAVLLVLVM.
334 3179 400 3205 Plin.
412 3187 495 3211 2,109
515 3178 572 3204 Nec
584 3178 691 3204 defuere
705 3184 865 3213 geometrae,
880 3178 926 3212 qui
940 3179 1094 3213 interpreta-
1113 3182 1141 3211 8,-
1158 3189 1198 3214 27.
1269 3180 1380 3215 Spurcit'
1433 3181 1564 3208 Columel.
1584 3191 1602 3213 1,
1621 3190 1642 3214 5.
1715 3182 1816 3209 Nubila
1836 3183 1934 3210 detersa
1953 3185 2034 3211 radiis
2055 3185 2147 3212 Claud.
2161 3186 2194 3213 de

65 3218 152 3240 rentur
165 3213 307 3247 significare
321 3214 456 3248 epistolam
468 3223 484 3240 a
496 3213 585 3240 medio
600 3220 727 3240 terrarum
742 3213 807 3240 orbe
820 3214 927 3239 missam.
965 3214 1020 3240 Cic.
1035 3218 1095 3240 con'-
1159 3216 1228 3242 Sext.
1241 3217 1318 3243 Cons.
1333 3218 1405 3243 Hon.
1421 3225 1473 3250 539.
1547 3218 1588 3245 Sic
1600 3217 1706 3252 Rubigo
1720 3218 1818 3245 detersa
1833 3219 1877 3245 Sil.
1890 3228 1917 3252 4,
1930 3228 1966 3246 12.
2002 3220 2074 3255 Conf.
2088 3222 2192 3248 Petron.

66 3252 106 3272 tra
117 3247 184 3275 Rull.
198 3257 222 3279 2,
236 3257 269 3281 90
283 3258 303 3274 e.
317 3257 343 3282 33
363 3251 462 3276 Verum
475 3248 669 3282 arbitrabatur,
682 3258 735 3275 non
748 3249 839 3275 defore
853 3249 900 3284 qui
919 3248 964 3274 illa
976 3249 1094 3275 restitue·
1156 3260 1178 3277 c.
1194 3260 1221 3277 22
1234 3258 1257 3277 at
1272 3260 1318 3284 135.
1466 3250 1487 3289 fl
1507 3261 1523 3279 2
1560 3253 1617 3288 Obs.
1634 3253 1688 3279 Cic.
1703 3254 1756 3280 Att.
1770 3263 1809 3288 14,
1824 3263 1851 3281 10
1875 3255 1954 3288 Qiod
1973 3256 2090 3289 quaeris,
2103 3257 2191 3284 iamne

66 3287 132 3308 rent·
197 3284 252 3311 Cic.
269 3285 321 3318 Qi.
334 3285 415 3311 Fratr.
429 3294 453 3316 2,
468 3290 481 3314 8
505 3285 576 3311 Huic
595 3285 722 3311 conuiuio
742 3293 806 3318 puer
825 3285 941 3319 optimus
962 3286 1013 3317 Q.
1033 3291 1093 3311 tuus
1156 3286 1187 3313 ad
1203 3293 1309 3313 centena
1325 3287 1505 3314 Cluuianum?
1529 3287 1670 3314 aduentare
1690 3288 1808 3317 videtur:
1833 3290 1876 3316 sed
1897 3291 1984 3324 primo
2008 3298 2077 3316 anno
2097 3292 2190 3320 LXXX

65 3325 202 3351 meusque,
215 3320 284 3353 quod
301 3321 441 3354 perleuiter
453 3327 600 3346 commotus
615 3321 710 3352 fuerat,
723 3320 818 3347 defuit.
844 3319 964 3351 Iudicat,
977 3318 1095 3354 desidera·
1156 3322 1317 3349 detersimus.
1352 3324 1440 3350 Iamne
1454 3322 1486 3350 ad
1505 3329 1611 3349 centena
1626 3323 1803 3351 Cluuianum?
1819 3325 1923 3359 fiihaml.
1944 3324 2115 3353 Perducatur:
2132 3337 2190 3355 nam

65 3359 116 3378 tam
128 3352 194 3378 illius
211 3355 347 3389 assentiam,
418 3356 508 3383 Tacit.
521 3357 588 3382 Hist.
602 3365 630 3389 4,
645 3365 666 3382 11
697 3356 753 3382 Nec
767 3356 855 3382 decrat
868 3356 921 3390 ipse
934 3355 964 3381 sti
985 3362 1040 3382 atus
1055 3366 1093 3383 ar·
1111 3366 1147 3391 90
1155 3356 1254 3393 epistola
1271 3368 1330 3394 quae
1344 3358 1458 3395 sequitur
1473 3362 1605 3393 proxima,
1622 3358 1662 3392 fic
1678 3363 1731 3392 ait,
1752 3360 1790 3386 De
1810 3361 1958 3391 Cluuiano,
1978 3369 2017 3386 res
2032 3361 2063 3387 ad
2082 3369 2189 3390 centena

65 3388 131 3419 mis,
144 3395 277 3422 apparatu,
289 3390 382 3417 incessu
394 3391 513 3418 excubiis
524 3392 579 3418 vim
593 3391 717 3426 principis
735 3390 884 3425 complecti.
940 3365 1012 3417 ldi’em
1025 3393 1093 3419 Ann.
1154 3394 1317 3428 perducitur.
1353 3394 1440 3430 Sensus
1453 3395 1486 3427 est
1497 3404 1504 3418 .·
1529 3394 1602 3429 ‚Quod
1611 3394 1679 3429 scire
1696 3398 1736 3421 vis
1754 3405 1811 3421 num
1824 3396 1864 3420 hic
1878 3396 1997 3421 Cluuiana
2007 3396 2070 3422 bona
2082 3401 2120 3424 ita
2132 3408 2189 3424 con-

65 3431 105 3455 ¹4³
118 3431 147 3454 39
167 3422 223 3448 Nec
235 3423 314 3452 defuit
327 3427 470 3459 Polycletus
481 3436 535 3461 quo
548 3428 642 3453 minus.
689 3425 774 3453 Paullo
786 3429 860 3453 aliter
880 3426 993 3461 Capitol.
1009 3428 1092 3454 Gord.
1146 3428 1292 3463 stituerim,
1311 3435 1340 3455 vt
1363 3438 1392 3456 ex
1409 3430 1449 3456 his
1464 3427 1568 3465 posthac
1587 3436 1688 3456 centena
1702 3429 1817 3465 Jifslertia
1838 3433 1969 3464 quotannis
1987 3438 2072 3466 capere
2086 3433 2187 3468 posfim:

63 3464 123 3485 tert.
139 3466 160 3483 c.
174 3466 198 3488 31
218 3457 273 3484 Nec
285 3460 368 3488 defuit
379 3469 408 3489 vt
421 3463 526 3489 Senatus
535 3463 567 3489 de
581 3462 621 3489 his
634 3462 727 3497 rebus,
735 3471 799 3497 quas
813 3471 866 3488 non
879 3469 1009 3495 mouerat,
1019 3463 1093 3490 falle·
1153 3466 1221 3491 breui
1227 3465 1346 3501 staturum
1353 3465 1427 3499 spero
1439 3472 1467 3490 vt
1480 3468 1516 3491 ita
1523 3464 1574 3498 stt:
1596 3471 1619 3491 et
1630 3465 1675 3491 hoc
1694 3466 1744 3501 ipso
1759 3475 1836 3496 anno,
1851 3474 1895 3499 quo
1909 3466 2050 3492 Cluuianum
2064 3467 2187 3495 heredita-

62 3498 153 3525 retur,
173 3495 190 3518 i.
210 3493 310 3520 Accidit
321 3503 349 3522 vt
355 3498 500 3533 falleretur.
553 3498 610 3525 Nec
623 3498 707 3530 deest,
715 3505 762 3533 pro
776 3499 853 3524 Licet.
889 3498 933 3524 Sil.
948 3501 974 3530 6,
988 3507 1015 3525 10
1034 3499 1092 3525 Nec
1153 3508 1200 3527 tem
1220 3500 1308 3533 udiui,
1329 3501 1420 3527 LXXX
1438 3501 1487 3526 HS.
1509 3503 1569 3535 cepi.
1605 3501 1731 3526 Centena:
1752 3501 1850 3526 Centum
1862 3501 1913 3527 Hs.
1927 3504 1954 3526 in
1966 3501 2080 3538 ⁴singulos
2093 3514 2186 3531 annos:

63 3536 171 3555 cernere
190 3527 287 3554 deerat·
476 3530 496 3570 fl
518 3542 530 3559 2
573 3534 639 3560 Idem
660 3533 759 3559 videtur
770 3532 916 3569 significare
934 3534 998 3568 quod
1015 3537 1091 3560 mino·
1111 3541 1143 3566 93
1153 3542 1181 3562 vt
1194 3538 1220 3561 in
1233 3536 1357 3562 Paradox.
1377 3536 1455 3570 Capit
1468 3535 1513 3562 ille
1528 3544 1558 3561 ex
1572 3535 1624 3561 suis
1639 3535 1752 3569 praediis
1765 3536 1880 3561 sexcenta
1895 3536 1951 3568 HS,
1969 3546 2018 3571 ego
2033 3544 2140 3565 centena
2153 3548 2185 3566 ex

63 3573 113 3591 rem
126 3562 180 3597 effi,
194 3564 309 3598 relinqui.
342 3566 394 3593 Cic.
406 3568 472 3603 apud
483 3569 551 3596 Gell.
566 3578 586 3601 1,
601 3578 634 3596 22
658 3569 715 3595 Nec
728 3577 793 3595 vero
807 3569 913 3595 scientia
927 3569 993 3595 iuris
1007 3570 1090 3596 maio-
1153 3572 1228 3597 meis.
1261 3571 1434 3598 Cluuianum:
1459 3572 1577 3597 Cluuiana
1596 3580 1649 3602 res,
1663 3580 1732 3605 quam
1752 3579 1780 3595 ex
1799 3571 1880 3596 Cluuii
1897 3571 2031 3598 hereditate
2050 3581 2184 3609 acceperat.

62 3599 136 3627 ribus
150 3599 201 3625 suis
215 3599 253 3631 Q,
263 3598 352 3625 Aelius
364 3601 475 3630 Tubero
488 3604 589 3635 dcfuin
608 3604 731 3631 desidua
743 3605 822 3630 etiam
832 3605 971 3639 superfuit.
1008 3603 1090 3639 Potest
1152 3606 1316 3633 Aduentare:
1335 3606 1379 3632 Ad
1392 3613 1501 3638 centena,
1508 3603 1626 3640 fruHum
1638 3613 1791 3631 cmitcnorum
1799 3604 1976 3641 ftstertiorum.
2012 3608 2186 3636 Detersimus:

62 3638 133 3662 etiam
139 3633 298 3670 fignificat,
312 3643 327 3660 a
341 3638 468 3664 maioribus
473 3641 530 3675 suis
539 3640 646 3676 defecit,
660 3640 756 3666 illorum
763 3640 831 3675 spem
843 3639 965 3673 destituit.
1151 3643 1270 3676 Cepimus.
1286 3640 1333 3668 Sed
1344 3640 1466 3674 venustius
1479 3641 1635 3667 Detersimus
1649 3649 1718 3674 quam
1730 3641 1847 3675 Cepimus.
1882 3643 1924 3669 Sic
1941 3649 2005 3669 certe
2025 3646 2124 3671 Manat.
2140 3655 2184 3672 nec

97 3678 116 3697 D
125 3676 141 3696 Ε
151 3676 224 3700 FV.T
235 3675 256 3694 V
267 3676 285 3695 R
295 3677 314 3695 V
323 3676 352 3701 S,
372 3678 401 3702 ἃ,
415 3680 468 3700 um.
496 3676 562 3701 Part.
597 3676 671 3702 Curt.
684 3683 707 3707 3,
722 3680 745 3707 8,
759 3677 784 3701 6.
1150 3680 1277 3711 quisquam
1289 3677 1383 3703 melius.
1454 3677 1550 3703 Remos
1563 3675 1711 3708 detergere,
1724 3682 1773 3709 pro
1786 3676 1942 3711 abrumpere,
1957 3678 2098 3715 defringere
2109 3681 2182 3707 Caes.

96 3712 138 3732 DE
148 3712 191 3732 FO
201 3711 243 3731 RE
253 3724 261 3737 ,
279 3704 346 3731 modo
359 3705 482 3734 habuimus
493 3719 521 3736 ex
535 3711 589 3737 Cic.
603 3717 694 3738 contra
707 3710 775 3737 Rull.
789 3719 812 3743 2,
824 3719 859 3743 90
880 3719 901 3737 c.
914 3718 950 3742 33.
985 3711 1088 3746 Reliqua
1097 3720 1143 3738 100
1151 3713 1177 3739 B.
1199 3714 1228 3739 C.
1250 3722 1270 3745 1,
1289 3717 1325 3744 58.
1396 3713 1535 3746 Detcrgere
1557 3712 1682 3736 sarmenta
1702 3710 1734 3737 de
1756 3711 1896 3738 arboribus
1918 3715 2030 3747 putatis,
2055 3722 2080 3740 ct
2097 3716 2182 3742 vineis

58 3741 110 3769 uid.
130 3741 176 3777 suo
196 3741 255 3766 loco.
1150 3749 1216 3774 Cato
1230 3757 1251 3774 c,
1265 3754 1305 3781 37.
1342 3748 1382 3774 Sic
1400 3748 1533 3780 detergere
1548 3744 1682 3779 palmites,
1688 3752 1737 3780 pro
1750 3747 1901 3783 Defringere
1912 3749 2043 3775 Columel.
2057 3759 2085 3782 4,
2100 3759 2140 3784 27,
2155 3753 2179 3777 6.

96 3783 115 3802 D
131 3783 147 3802 E
163 3783 175 3802 S
190 3776 211 3802 ὗ
226 3782 252 3802 Μ
268 3781 288 3801 0
299 3795 308 3807 ²
332 3774 394 3807 ¹¹¹s¹ae
419 3782 517 3809 mmm,
542 3780 594 3806 ere.
636 3780 795 3815 [λαμβάνω,
815 3780 979 3814 οἷνααρέωμαι]
1021 3780 1087 3806 Idem
1150 3785 1181 3810 Et
1196 3794 1223 3816 4,
1238 3787 1278 3816 26,
1292 3791 1304 3815 3
1334 3783 1410 3809 Neue
1430 3784 1481 3808 iam
1500 3786 1627 3806 tumentes
1646 3789 1762 3815 gemmae
1777 3783 1969 3814 detergeantur.
2039 3786 2131 3811 Claud.
2146 3787 2178 3811 de

59 3811 122 3849 quod
138 3812 248 3850 Sumere,
263 3810 408 3846 praesertim
428 3820 480 3837 cum
496 3814 578 3846 plures
597 3817 769 3852 intelliguntur
788 3817 828 3842 vel
843 3817 935 3850 plura,
952 3815 981 3841 de
1001 3816 1088 3851 quibus
1149 3820 1226 3846 Cons.
1241 3817 1313 3845 Mall.
1327 3818 1434 3844 Theod.
1448 3825 1492 3848 190
1512 3816 1560 3855 Tu
1571 3817 1657 3850 prima
1670 3816 1805 3843 hominem
1818 3818 1977 3845 siluestribus
1991 3821 2070 3846 antris
2089 3821 2178 3852 Elicis,

60 3845 169 3873 tollatur.
206 3846 264 3872 Liu.
283 3856 312 3879 4,
331 3854 358 3878 55
389 3847 447 3873 Duo
471 3846 563 3881 singuli
582 3850 691 3884 singulos
713 3852 761 3878 fibi
780 3851 905 3878 Consules
924 3851 1085 3878 asseruandos
1149 3862 1174 3881 et
1188 3855 1270 3882 foedo
1289 3853 1401 3887 detergis
1414 3851 1512 3879 saecula
1526 3850 1607 3879 vic'iu.
1626 3852 1651 3880 b.
1666 3862 1685 3879 e.
1706 3853 1777 3880 Facis
1790 3855 1858 3880 velut
1870 3855 2001 3886 nitidiora,
2015 3855 2117 3890 foedum
2138 3858 2175 3881 vi·

60 3880 152 3908 affidua
162 3890 241 3916 opera
253 3881 398 3909 desumunt.
453 3883 520 3910 Hor.
533 3884 610 3918 Epist.
623 3894 648 3918 2,
661 3895 686 3919 2,
698 3892 722 3918 81
743 3887 881 3922 Ingenium
893 3886 942 3913 sibi
955 3886 1026 3922 quod
1040 3896 1082 3914 va·
1091 3898 1135 3925 105·
1143 3889 1208 3917 Hum
1224 3890 1360 3924 detergens.

210 3924 290 3946 vot..
312 3918 350 3945 11.
1297 3924 1334 3956 Q
2009 3928 2173 3958 Derrmvs,
