2479 4225
289 194 363 234 399
701 172 846 215 E.R
924 169 940 208 1
1778 159 1815 200 E
1898 159 1932 203 R
2011 159 2029 201 Ι
2351 173 2428 212 400

292 272 319 302 ὅ,
334 280 359 304 4.
428 266 493 294 Plin·
507 273 546 301 37,
560 274 583 298 ²,
603 265 647 292 vbi
658 262 687 291 de
694 262 795 299 succino
802 260 826 296 s-
841 255 945 287 eleffro,
964 254 1037 295 N³J¹¹
1055 253 1126 288 quod
1140 249 1282 283 Aeschylus
1295 248 1324 276 in
1387 249 1538 286 Erigimur,
1555 250 1663 278 altiores
1676 248 1735 290 sieri
1754 246 1893 281 videmur,
1909 249 2025 289 humana
2044 248 2214 290 despicimus,
2232 248 2427 290 cogitantesque

293 305 395 335 Iberia,
413 302 462 328 hoc
476 301 526 334 est,
545 301 573 327 in
586 300 726 335 Hispania,
747 298 886 324 Eridanum
899 292 946 317 effe
960 289 1050 330 dixit,
1061 288 1226 327 eundemque
1239 285 1326 326 appel·
1387 287 1480 327 supera
1499 293 1576 322 atque
1596 286 1714 313 caelestia
1727 305 1734 317 ,
1757 284 1820 310 haec
1834 284 1921 311 nostra
1938 292 2032 319 exigua
2054 292 2079 312 et
2099 292 2211 326 minima
2228 291 2429 325 contemnimus.
2449 305 2452 313 .

294 340 342 367 lari
357 337 533 368 Rhodanum
565 335 702 370 Euripides
721 332 805 358 rursus
824 335 849 354 et
866 326 1022 361 Apollonius
1043 332 1071 352 in
1090 323 1226 350 Adriatlco
1246 321 1325 347 litore
1389 323 1470 349 Ouid.
1484 324 1549 349 Met.
1563 331 1604 354 12,
1625 329 1675 355 374
1703 321 1786 355 Aeger
1806 320 1960 354 (centaurus
1975 331 1990 347 a
2004 322 2126 355 vulnere)
2146 330 2175 346 iu
2193 320 2292 347 hostem
2309 326 2429 354 erigitur.
2451 341 2453 346 .

294 374 426 401 confluere
441 372 597 399 Rhodanum
612 378 636 397 et
649 369 759 397 Padum,
776 363 923 391 faciliorem
936 361 1042 388 veniam
1062 359 1124 386 facit
1145 357 1260 392 ignorati
1273 357 1327 383 suc-
1390 359 1421 389 In
1435 358 1533 392 digitos
1548 358 1677 391 Qiinftil.
1692 365 1723 389 2,
1742 364 1763 387 3.
1848 355 1900 381 Sub
1920 364 1994 382 auras
2015 355 2129 390 erigitur
2148 355 2238 382 lumen
2255 355 2430 390 repercuffiim

294 409 357 436 cini.
410 410 494 444 Neque
510 408 544 434 ad
556 406 702 434 Eridanum,
719 408 791 434 neque
804 398 837 424 ad
847 397 990 424 Rhodanum
1008 397 1118 423 inueniri
1123 393 1266 430 succinum,
1280 391 1328 428 sed
1349 405 1363 433 5
1391 393 1489 427 Virgil.
1502 394 1567 420 Aen.
1581 399 1604 426 8,
1618 400 1657 426 25.
1729 392 1829 417 Contra
1843 391 1958 425 aliquem
1971 392 2039 427 erigi
2052 393 2113 419 Stat.
2121 390 2212 419 Theb.
2227 396 2251 424 8,
2264 394 2322 424 693.
2374 390 2432 419 Cic.

294 445 328 472 ad
340 443 463 478 Boruffiae
471 443 578 479 fluuium
593 440 698 466 Raduna
712 434 819 464 dietum,
834 432 904 459 hodie
912 433 981 468 satir
993 430 1096 464 constat.
1221 461 1227 468 ¹
1393 428 1425 454 de
1438 428 1496 454 Fin.
1513 439 1531 462 1,
1546 432 1577 464 57
1596 429 1644 455 Sed
1658 434 1688 454 vt
1702 427 1743 453 his
1756 427 1834 453 bonis
1847 426 1993 460 erigimur,
2011 436 2076 462 quae
2089 426 2265 461 exspefihmus
2275 446 2283 458 ,
2303 426 2335 452 fic
2356 425 2433 452 laeta.

332 487 348 506 E
357 486 375 506 R
386 479 421 506 sG
433 477 449 505 ἕ
458 486 476 505 R
485 485 503 504 ο
514 485 549 508 N,
567 475 644 501 ontis.
681 480 716 497 m.
753 468 843 496 Herba
852 487 861 500 ,
879 477 894 494 a
906 467 1000 495 nostris
1019 471 1128 493 vocatur
1139 463 1248 502 Senecio
1281 475 1328 502 -.-·
1391 472 1453 491 mur
1466 463 1592 499 hiS‚quae
1602 463 1780 491 recordamur.
1962 459 1983 499 ff
2003 472 2022 496 4
2056 463 2170 498 figerere
2183 468 2206 489 et
2213 462 2321 497 Erigere
2332 461 2433 496 miscen-

296 515 434 549 trixaginis
449 513 544 548 specie,
562 515 587 535 et
600 506 728 537 mollitia,
745 503 882 531 cauliculis
895 501 1113 530 subrubicundis:
1134 499 1249 525 nascitur
1261 502 1287 524 et
1300 506 1333 523 m
1353 507 1357 511 ·
1391 505 1433 527 tur
1446 508 1462 525 a
1477 499 1606 532 librariis,
1628 499 1682 525 vid.
1697 496 1822 525 Drakenh.
1837 495 1870 522 ad
1882 495 1928 522 Sil.
1940 504 1974 529 4,
1991 503 2046 527 280.
2430 498 2435 501 “

296 551 391 585 tegulis
405 556 430 576 et
443 550 470 575 in
482 546 571 574 muris.
607 543 713 568 Nomen
728 539 777 566 hoc
792 539 887 566 Graeci
902 538 1044 570 dederunt,
1057 536 1119 570 quia
1131 543 1194 560 vere
1209 533 1329 560 canescit.
1427 541 1444 561 E
1454 541 1472 561 R
1482 541 1545 561 IGE
1557 541 1580 561 N
1593 541 1621 566 s,
1641 535 1717 561 entis.
1755 533 1846 562 Partic.
1883 531 1995 566 Vulgata
2006 532 2088 560 Num.
2098 542 2139 566 24,
2153 540 2174 559 2.
2211 538 2235 559 et
2249 531 2435 566 Psalm.112‚7.

296 588 381 621 Caput
396 586 450 612 cius
458 579 590 609 numerosa
597 576 725 603 diuiditur
734 576 859 609 lanugine
869 582 915 601 etc.
924 574 1038 606 Plin.2,·,
1049 581 1082 604 ι3.
1119 571 1208 596 Graece
1221 568 1332 604 ἧρίγερον,
1345 585 1375 605 10
1427 575 1497 596 ERE
1507 575 1524 596 C
1535 577 1557 596 T
1566 576 1587 596 V
1596 575 1609 595 S
1619 589 1628 602 ,
1652 578 1677 602 a,
1701 578 1755 596 um.
1791 568 1883 594 Partic.
1919 566 2096 603 [οἶνορθωθοὶε]
2133 568 2188 594 Cic.
2209 568 2242 594 de
2255 568 2329 595 Orat.
2343 576 2369 599 1,
2388 571 2433 600 148

295 621 362 657 quast
381 628 407 647 tu
429 619 495 645 dicas
513 619 539 641 in
552 622 612 646 ,vere
631 615 681 638 iam
693 610 872 647 senescentem,
888 616 993 646 propter
1006 614 1117 644 pappos,
1135 607 1238 633 canitiei
1252 604 1331 641 finili
1394 605 1466 632 Haec
1480 606 1564 639 igitur
1577 604 1712 632 ethorum
1727 604 1822 631 fimitia
1837 604 1894 630 iura
1907 602 1966 628 suae
1980 602 2095 630 ciuitatis
2113 604 2297 638 ignorantem,
2317 601 2435 630 eredium

290 657 390 692 fimiter.
1297 645 1300 647 ’
1393 646 1420 667 et
1434 641 1529 667 celsum
1542 640 1622 667 alacri
1637 646 1662 666 et
1676 647 1782 674 promto
1797 648 1861 671 ore,
1880 647 1909 664 ac
1926 638 2001 664 vultu
2023 638 2073 663 huc
2093 645 2171 674 atque
2189 639 2253 665 illuc
2272 638 2416 664 intuentem
2423 653 2435 672 ,-
2467 650 2471 667 ,ψ

335 698 378 718 ER
391 691 539 716 iciovs,
558 692 582 715 a,
601 691 654 708 um.
691 679 751 707 Adi.
787 680 892 707 Petron.
908 680 1011 714 Fragm.
1032 687 1056 713 p.
1069 679 1112 707 681
1137 673 1259 714 Erigidus
1272 673 1331 700 stri·
1392 683 1439 703 etc.
1510 676 1600 703 Crinis
1619 675 1736 708 erestus,
1760 675 1813 702 vid.
1834 674 1959 701 Drakenb.
1979 673 2013 699 ad
2030 673 2076 700 Sil.
2090 681 2115 705 2,
2133 676 2191 704 668.
2276 674 2337 700 Liu.
2352 681 2383 705 2,
2401 679 2447 708 54.

297 727 345 753 etis
359 724 402 758 qui
417 728 504 755 regnat
520 721 548 746 in
562 718 656 745 onibus
670 716 776 743 horror.
833 716 917 743 Simile
933 721 957 741 et
973 712 1157 750 compositione,
1173 708 1332 747 etjigmfica·
1393 713 1484 745 Qmm
1497 712 1570 746 plebs
1590 711 1617 737 in
1629 711 1690 738 foro
1704 711 1790 738 effeta
1804 711 1851 736 exs
1866 709 1999 736 effatione
2014 708 2101 736 staret,
2172 709 2228 736 Cic,
2242 709 2357 743 philipp,
2371 717 2399 740 4,
2413 710 2447 736 111
2468 721 2469 726 ,

297 765 359 789 tione
373 766 454 782 nomen
472 757 546 782 alteri
559 752 695 787 Egelidus,
715 751 743 777 de
759 759 805 787 quo
816 750 841 786 s
856 752 875 778 l.
1347 761 1357 780 1
1393 748 1448 781 Ego
1462 757 1509 774 vos
1526 746 1652 774 Ardentes
1668 752 1693 772 et
1707 746 1809 772 erecssios
1827 754 1840 772 a
1874 744 2026 771 libertatem
2046 745 2249 778 recuperandam
2263 743 2435 771 adhortabor.
2466 751 2469 774 ι

331 800 348 820 Ε
360 799 377 819 R
388 791 400 818 1u
408 798 473 823 GO,
493 790 545 822 exi,
565 789 665 818 θόῒῑῐΰὶ,
686 789 739 813 &ffi-
776 785 911 821 [drof36w,
924 783 1034 817 drudao'w]
1069 783 1161 819 ngssre
1174 784 1201 807 1⁷²
1209 779 1330 820 ‚fi‘blimess
1393 783 1467 809 Idem
1480 783 1512 810 de
1525 783 1619 810 Natur.
1635 782 1714 808 Deor.
1729 790 1755 813 2,
1769 791 1806 815 40
1831 781 1950 807 Primum
1970 788 2014 806 eos
2032 779 2115 806 humo
2137 781 2279 812 excitatos,
2299 779 2390 806 Celsos
2410 781 2437 806 et
2466 797 2469 807 ‚

295 827 440 863 PraePOst'iO
458 828 520 851 enim
534 833 584 850 eam
598 827 648 849 vim
664 823 735 850 habe!
743 840 751 854 ι
769 830 841 856 quam
859 824 886 847 in
899 819 1033 851 eminere,
1051 819 1182 849 emicare,
1196 815 1330 851 Jlmfll'bu-V·
1394 818 1497 845 ereoos
1516 817 1668 849 constituit,
1691 823 1720 842 vt
1739 816 1851 843 deorum
1873 816 2056 850 cognitionem
2072 815 2174 841 caelum
2196 815 2328 842 intuentes
2345 821 2437 848 capere
2466 826 2468 831 v

293 864 349 890 Cic.
368 870 416 896 pto
436 862 510 887 Rosc.
530 860 618 886 Amet.
632 866 661 891 19
687 859 773 892 Quem
794 855 869 882 simul
887 862 965 890 atque
983 854 1077 887 attigi,
1099 853 1186 879 statim
1202 853 1284 878 homo
1306 851 1332 876 se
1394 854 1502 888 possent.
1606 854 1699 879 Horat.
1713 851 1792 885 Epist.
1806 860 1827 884 1,
1840 860 1861 884 1,
1876 854 1910 884 69
1932 852 1972 877 An
1986 851 2034 885 qui
2051 850 2176 877 fortunae
2193 856 2219 877 te
2232 850 2385 886 responsare
2398 850 2438 876 su-

293 898 383 925 ercxit.
479 896 633 922 Contraria:
666 894 721 920 Cic·
743 892 775 919 de
793 891 885 926 Leglb·
906 900 931 922 1,
952 892 986 916 26
1023 890 1095 916 Nam
1116 897 1198 923 quum
1217 892 1331 925 caetera}
1394 889 1491 924 perbae
1527 888 1656 915 Liberum
1674 894 1700 913 et
1718 886 1836 913 ereetum
1855 887 1973 921 praesens
1992 886 2115 913 hortatur
2135 891 2161 911 et
2179 888 2274 920 optat}
2344 884 2393 911 Sil.
2408 892 2440 918 4,

292 934 434 960 animantes
446 929 577 957 abiecisset
597 929 630 956 ad
643 929 758 964 pastum,
777 927 861 953 solum
874 926 1011 954 hominem
1027 924 1112 951 erexit
1128 935 1134 950 :
1162 929 1188 950 et
1207 922 1239 950 ad
1255 921 1332 953 caeli,
1343 942 1379 961 20
1395 944 1402 950 .
1440 944 1446 951 ,
1481 939 1526 944 —
1562 924 1665 950 ereetus
1679 923 1707 948 in
1719 923 1803 949 Auras
1838 922 1862 948 lt
1875 922 1987 957 sonipeq,
2034 921 2116 948 Ouid,
2126 922 2220 953 Met,3,
2232 929 2272 953 43,
2323 921 2355 948 Ῑῃ
2368 921 2440 954 spem

293 968 362 1003 quasi
376 967 540 1001 cognationis
552 965 738 999 domiciliique
752 963 856 998 pristini
870 960 1037 995 conspet‘tum
1050 959 1185 986 excitauit.
1256 958 1331 984 Pseu·
1394 959 1497 987 eree‘ms
1510 960 1600 986 Tacit.
1614 959 1681 985 Hiss.
1696 967 1716 990 1,
1731 967 1758 991 4.
1829 957 1938 984 Animus
1958 957 2043 984 alacer
2062 963 2087 983 et
2102 956 2203 983 erectus
2222 957 2278 982 Cic.
2290 956 2323 982 de
2336 954 2439 988 Senetsta

292 1003 403 1030 do—Cic.
422 1008 509 1036 anteq.
528 1002 578 1029 iret
597 1002 626 1027 in
643 1000 704 1027 exil.
725 1008 754 1032 14
780 999 849 1025 Nam
867 1006 920 1029 me,
940 1004 1018 1031 quem
1037 995 1128 1030 paullo
1149 999 1209 1020 ante
1222 993 1332 1019 fortuna
1394 1002 1434 1030 75.
1493 995 1606 1022 Animus
1622 996 1712 1026 sanus,
1734 991 1851 1024 ereo’tus,
1869 998 1894 1019 et
1914 992 2060 1027 despiciens
2080 992 2218 1019 fortunam
2240 992 2327 1018 Se'nec.
2347 992 2438 1028 Ερ.9;

293 1043 409 1065 erexerat
423 1037 455 1065 ad
468 1038 594 1072 gloriam,
613 1036 697 1062 virtus
713 1034 808 1062 extulit
822 1033 854 1060 ad
867 1032 987 1063 laudem,
1008 1031 1121 1065 populus
1136 1029 1234 1056 tribuit
1247 1027 1332 1054 hono·
1395 1030 1506 1057 Animus
1521 1030 1623 1058 eree‘tus
1644 1037 1670 1056 et
1689 1029 1800 1055 minime
1820 1027 1988 1062 perturbatus
2006 1029 2062 1055 Cic.
2077 1029 2131 1054 Att.
2149 1036 2187 1059 10,
2201 1034 2238 1061 17.
2328 1026 2439 1054 Animis

291 1083 362 1101 rem:
382 1073 494 1100 eundem
507 1072 629 1099 Tribuni
646 1072 722 1098 furor
733 1070 876 1104 exagitatus
891 1067 992 1102 depulit
1006 1067 1038 1093 ad
1052 1066 1236 1092 calamitatem.
1273 1064 1331 1090 Cic.
1395 1075 1503 1101 magnus
1515 1072 1540 1093 et
1556 1065 1656 1093 ereohis
1670 1065 1743 1092 Idem
1758 1073 1807 1098 pro
1821 1064 1909 1090 Deiot.
1921 1065 1951 1095 36
1971 1073 1992 1090 c.
2002 1072 2034 1096 13.
2070 1062 2117 1091 Sed
2130 1065 2204 1089 etiam
2217 1065 2255 1089 ita
2262 1061 2439 1098 Cic.Philipp·,

292 1118 340 1144 pro
355 1109 437 1135 Planc.
451 1117 475 1140 33
503 1117 523 1134 c.
539 1116 563 1139 ι3
588 1107 642 1133 Vbi
655 1106 701 1133 illa
720 1106 827 1139 antiqua
840 1104 963 1135 libertas,
979 1111 1046 1137 quae
1066 1102 1141 1128 malis
1156 1100 1273 1135 oppressa
1287 1100 1332 1125 Ci-
1343 1120 1359 1139 2
1396 1110 1423 1137 7,
1435 1103 1470 1128 26
1489 1112 1509 1129 c.
1522 1111 1539 1135 9
1560 1102 1593 1128 At
1608 1109 1674 1127 vero
1689 1100 1787 1133 erecti,
1806 1099 1896 1130 citati,
1915 1100 2015 1133 parati,
2034 1099 2129 1126 armati
2144 1098 2240 1124 animis
2260 1098 2313 1124 iam
2326 1098 2376 1124 esse
2386 1097 2440 1127 dep

292 1144 391 1171 vilibus
406 1143 536 1170 EXtollcre
550 1144 604 1169 iam
617 1148 702 1177 caput,
722 1147 748 1167 et
763 1140 905 1175 aliquando
917 1144 1032 1166 recreata
1045 1138 1070 1163 se
1085 1138 1187 1171 erigere
1200 1135 1331 1162 debebat?
1395 1136 1496 1164 bemus,
1543 1139 1621 1169 Item,
1640 1135 1748 1162 Ereehis
1762 1134 1845 1161 animi
1862 1134 1908 1161 Sil.
1924 1143 1959 1166 ¹3,
1989 1154 1996 1161 ,
2034 1154 2040 1161 ,
2113 1134 2218 1168 capillo
2231 1133 2320 1160 erefto
2333 1133 2443 1167 euolarq

293 1180 364 1207 Idem
379 1188 426 1214 pro
441 1180 527 1205 Domo
546 1179 589 1205 sua
606 1187 636 1211 25
661 1177 857 1210 Ciuitatemque
876 1174 986 1202 sraelam
1004 1173 1080 1199 malis
1091 1193 1099 1205 ,
1119 1178 1236 1204 mutam,
1257 1170 1332 1197 debi-
1397 1181 1430 1199 ex
1443 1173 1535 1207 aliquo
1549 1173 1608 1199 loco
1620 1171 1697 1199 Au&
1709 1171 1742 1197 ad
1756 1172 1874 1197 Herenn.
1888 1180 1916 1203 4,
1929 1173 1972 1202 69.
2043 1170 2134 1196 Comis
2148 1169 2242 1196 creetis
2256 1168 2362 1195 discussa
2375 1169 2441 1200 serta

293 1216 408 1247 litatam,
427 1214 556 1241 abiectam
575 1219 663 1246 metu,
683 1212 715 1239 ad
730 1212 846 1246 aliquam
864 1212 935 1246 spem
949 1208 1094 1240 ubertatis,
1114 1214 1139 1234 et
1155 1207 1280 1242 pristinae
1292 1206 1332 1232 di·
1396 1208 1493 1234 Lucan.
1508 1215 1531 1240 5,
1545 1215 1595 1242 ι7ι.
1666 1206 1755 1233 Crinis
1775 1205 1876 1232 erectus
1894 1206 1986 1231 horret
2005 1205 2063 1231 Sen.
2078 1205 2157 1231 Herc.
2172 1205 2233 1231 Oet.
2255 1205 2273 1230 s.
2287 1206 2312 1230 6.
2367 1201 2440 1240 Conf.

292 1252 399 1286 gnitatis
417 1251 508 1276 erexit.
614 1249 674 1275 Liu.
691 1257 738 1280 30,
758 1256 781 1280 ις
805 1254 869 1273 extr.
898 1247 932 1272 Iis
951 1243 1100 1271 honoribus
1122 1243 1242 1270 mollitus
1261 1242 1332 1276 regis
1392 1243 1579 1270 Drakenborch.
1594 1242 1627 1269 ad
1639 1242 1683 1269 Sil.
1700 1250 1725 1274 2,
1739 1243 1798 1272 668.
1881 1240 1981 1267 Cristae
2001 1240 2045 1266 Sil.
2059 1248 2086 1274 7,
2104 1243 2162 1270 686,
2234 1239 2364 1268 Criu-ibus
2384 1241 2440 1274 erg.

292 1287 409 1326 animus,
427 1285 582 1319 teretiusque
595 1280 625 1310 iri
636 1285 706 1319 spem
720 1283 894 1318 propinquam
906 1280 1009 1308 sublato
1021 1279 1152 1314 Syphace,
1172 1285 1218 1322 etc.
1274 1277 1332 1318 Eri·
1342 1300 1375 1324 30
1394 1279 1445 1319 &tis
1463 1279 1510 1319 Sil.
1524 1287 1550 1312 9,
1567 1282 1621 1312 595.
1688 1278 1776 1312 Equus
1790 1277 1919 1319 inlarmos
1934 1275 2036 1318 ereokus
2054 1276 2115 1317 Stat.
2123 1274 2215 1318 Theb.
2229 1278 2257 1308 6,
2270 1282 2327 1308 502.
2393 1275 2440 1316 *Iu-

293 1330 354 1357 gere
369 1331 396 1348 in
411 1321 503 1355 gradus
523 1319 654 1347 Columel.
673 1324 701 1351 8,
723 1326 756 1352 ι5.
958 1314 979 1353 q
1001 1324 1018 1342 2
1054 1313 1212 1347 Suhsttznttua
1225 1324 1232 1338 :
1269 1314 1331 1339 Liu.
1394 1314 1464 1341 dices
1479 1315 1534 1341 c1c.
1544 1315 1616 1341 Brut.
1628 1323 1648 1341 c.
1664 1321 1696 1347 54
1714 1320 1737 1339 ct
1751 1318 1792 1346 84.
1819 1322 1836 1337 1.
1851 1319 1958 1344 attenti,
1978 1318 2070 1337 mtentz
2083 1318 2201 1337 orattom.
2268 1312 2344 1337 Mens
2356 1311 2440 1345 Qun·
2466 1323 2467 1326 ι

291 1366 320 1389 3,
342 1362 366 1386 18
405 1357 482 1382 Hunc
506 1355 597 1382 ducem
623 1355 721 1386 secuti,
748 1352 928 1388 nequidquam
952 1350 1157 1379 reclamantibus
1177 1348 1330 1381 Tribunis,
1395 1350 1452 1377 ffil.
1475 1359 1500 1383 1,
1522 1358 1544 1382 3.
1614 1349 1722 1375 Ρεᾶιοιε
1742 1347 1831 1375 οιεόἱο
1848 1346 1983 1374 ambulare
2003 1346 2140 1373 Claudian.
2161 1346 2190 1372 in
2209 1346 2317 1381 Eutrop.
2338 1355 2364 1379 1,
2382 1347 2439 1379 306.

292 1393 319 1419 in
342 1392 441 1419 cliuum
462 1391 644 1426 Capitolinum
676 1390 781 1424 erigunt
800 1389 900 1415 Aciem.
955 1389 987 1414 Et
1015 1390 1053 1413 ita
1078 1387 1159 1422 saepe.
1213 1385 1254 1413 Sic
1273 1385 1332 1411 Ta·
1395 1387 1492 1413 Prorae
1505 1386 1566 1412 Stat.
1577 1384 1670 1411 Theb.
1686 1392 1705 1415 1,
1719 1392 1774 1419 375.
1843 1384 1908 1415 Pyra
1923 1382 1970 1408 sub
1983 1391 2057 1409 auras
2071 1382 2158 1409 etesia
2173 1382 2248 1416 Virg.
2262 1384 2326 1408 Aen.
2340 1390 2369 1415 4,
2381 1389 2440 1416 504.

292 1428 334 1454 cit.
355 1427 421 1454 Hist.
442 1436 475 1460 4,
496 1435 535 1461 71.
581 1434 604 1453 et
626 1428 688 1461 Agr.
713 1435 733 1451 c.
756 1430 781 1455 18
809 1431 830 1450 et
852 1426 890 1456 36.
1009 1422 1121 1448 Aculeos
1141 1420 1261 1447 iudicum
1280 1420 1332 1447 eri·
1395 1422 1480 1448 Status
1494 1421 1596 1448 erectus
1609 1426 1635 1446 et
1649 1419 1729 1446 cclsm
1743 1420 1798 1456 Cic.
1813 1418 1841 1444 in
1854 1419 1929 1445 Orat.
1943 1426 1982 1451 59.
2053 1418 2114 1444 Liu.
2128 1428 2156 1452 4,
2174 1425 2208 1443 22
2233 1417 2348 1444 Perfossa
2367 1426 2382 1444 a
2401 1417 2441 1444 calz

292 1472 352 1498 gere
373 1463 401 1489 in
421 1472 493 1494 rem,
517 1463 546 1488 in
562 1462 646 1493 vitia,
671 1462 700 1487 in
719 1469 820 1491 meree,
840 1460 869 1485 iu
890 1464 1009 1493 tempora
1030 1459 1086 1484 Cic.
1108 1466 1156 1492 pro
1174 1456 1267 1483 Caelio
1287 1464 1329 1488 29.
1364 1476 1374 1484 .
1394 1457 1453 1484 stris
1472 1463 1577 1489 monte,
1600 1455 1686 1482 erecta
1704 1456 1732 1481 in
1751 1463 1839 1481 arcem
1852 1456 1902 1480 Via
1922 1454 1965 1479 est.
2036 1453 2098 1479 Stat.
2113 1452 2206 1480 Theb.
2228 1455 2259 1484 6,
2278 1455 2329 1488 756
2355 1454 2443 1487 Qem

291 1499 440 1525 Continuata
454 1497 609 1532 metaphora:
630 1498 686 1523 Cic.
701 1504 749 1529 pro
763 1496 833 1528 Lege
847 1494 941 1520 Manil.
957 1502 984 1526 23
1006 1492 1233 1527 Diffidentemque
1252 1491 1332 1518 rebus
1346 1478 1374 1503 3'
1394 1493 1469 1519 vinei
1480 1492 1550 1519 haud
1565 1492 1724 1526 quisquam,
1743 1491 1821 1516 saeuo
1840 1499 1887 1515 nec
1901 1489 2027 1523 sanguine
2045 1489 2114 1523 tingi
2148 1489 2243 1520 Malit,
2262 1496 2288 1515 et
2301 1488 2392 1514 erefito
2411 1488 2442 1521 ti>-

292 1535 344 1560 suis
357 1533 532 1562 confirmauit,
549 1538 574 1559 et
587 1531 721 1559 Afflioum
735 1531 829 1562 erexit,
844 1529 1027 1564 perditumque
1041 1529 1183 1555 recreauit.
1229 1528 1332 1561 Agmen
1394 1534 1463 1555 meat
1476 1526 1620 1562 speetacula
1634 1527 1714 1552 Voto.
1773 1525 1869 1551 Erecto
1880 1532 1960 1555 voto,
1982 1528 2001 1550 i.
2014 1523 2131 1559 suspenso
2140 1524 2233 1559 fauore
2243 1530 2350 1558 propter
2363 1527 2442 1555 incer-

293 1569 321 1595 in
335 1569 428 1594 collem
441 1568 485 1594 Sil.
498 1575 578 1600 3‚512.
614 1565 654 1600 Est
668 1566 777 1593 Liuiana
785 1566 916 1601 formula,
935 1574 960 1590 υ.
972 1573 997 1600 g.
1013 1573 1036 1596 2,
1050 1572 1085 1595 3ι.
1099 1574 1122 1595 7,
1134 1572 1167 1595 34
1187 1569 1233 1588 etc.
1276 1562 1333 1588 Ali·
1394 1570 1447 1590 tum
1464 1561 1588 1589 viHoriae
1602 1564 1702 1587 exitum.
1773 1560 1868 1586 Vultus
1882 1560 1982 1586 erectos
1998 1562 2029 1586 ad
2044 1560 2127 1586 iidcra
2141 1558 2234 1585 tollere
2250 1557 2331 1584 Ouid.
2344 1559 2407 1586 Met.
2420 1566 2442 1593 ¹0

293 1612 372 1638 quem
387 1605 504 1637 erigere,
529 1602 571 1629 Ad
591 1602 695 1628 diuitias
715 1609 738 1627 et
756 1601 858 1627 honores
876 1600 1002 1627 extollere:
1022 1600 1120 1625 Lucan.
1134 1598 1166 1624 ad
1180 1598 1266 1624 Pison.
1280 1605 1332 1631 227
1397 1601 1437 1629 86.
1509 1598 1649 1632 Comparat.
1686 1595 1712 1622 Si
1727 1595 1786 1629 quis
1807 1595 1844 1621 est
1861 1596 1950 1630 paullo
1969 1595 2101 1627 ereeiior,
2116 1593 2238 1628 quamuis
2254 1592 2441 1628 voluptateta.

294 1639 428 1665 Maecenas
446 1638 546 1671 tragico
560 1638 719 1671 quatientem
736 1636 835 1670 pulpita
849 1636 932 1662 caestu
968 1635 1058 1661 Erexit
1071 1636 1180 1661 Varum.
1275 1633 1331 1658 Cic.
1358 1651 1375 1669 0
1396 1634 1501 1668 piatur,
1518 1632 1634 1659 occultat
1654 1636 1679 1657 et
1697 1631 1835 1656 dissimulat
1855 1631 2002 1665 appetitum
2015 1630 2159 1664 voluptatis
2175 1629 2231 1656 Cic.
2243 1627 2319 1656 offic.
2333 1637 2344 1656 1
2363 1637 2384 1654 e.
2398 1637 2436 1660 30.

294 1674 407 1707 Philipp.
422 1680 444 1705 5,
460 1681 470 1698 ι
490 1674 576 1706 Atque
589 1678 616 1698 vt
630 1673 717 1698 oratio
729 1671 874 1698 Consulum
889 1671 1013 1697 Animum
1027 1679 1117 1696 meum
1131 1668 1228 1699 erexit,
1249 1669 1332 1702 spem·
1397 1668 1535 1701 Ereffior,
1565 1671 1583 1693 i.
1605 1667 1755 1702 Generosos,
1776 1667 1965 1702 Magnanimus.
2044 1666 2102 1692 Cic.
2121 1664 2154 1691 ad
2172 1664 2244 1690 Brut.
2263 1671 2291 1691 ιο
2304 1663 2438 1690 Erectio:

295 1717 346 1743 que
366 1708 455 1734 attulit
473 1716 527 1733 non
546 1707 628 1732 modo
647 1707 734 1733 salutis
754 1706 961 1738 conseruandae,
980 1714 1075 1732 verum
1095 1705 1176 1731 etiam
1196 1703 1333 1738 dignitatis
1397 1705 1504 1730 Senatus
1519 1710 1574 1730 erat
1587 1712 1641 1728 non
1656 1702 1793 1728 sententiis
1806 1701 1890 1727 solum
1908 1701 2021 1733 nostris,
2040 1701 2082 1727 sed
2101 1699 2329 1727 cohortationibus
2346 1698 2442 1724 exeita·
2468 1721 2471 1733 ι

294 1744 417 1779 pristinae
434 1742 634 1777 recuperandae·
703 1741 776 1767 Idem
795 1742 847 1767 Ast·
863 1750 887 1772 ¹²
908 1743 935 1767 16
961 1741 1022 1767 med.
1050 1739 1233 1773 Qiamobrem
1253 1739 1279 1764 P.
1301 1738 1332 1763 C.
1397 1745 1446 1765 tus.
1498 1739 1638 1764 Claudian.
1656 1737 1689 1763 de
1703 1737 1791 1771 Aponi
1806 1737 1878 1764 Baln.
1892 1745 1914 1764 11
1938 1737 2001 1763 Alto
2016 1736 2084 1762 colle
2103 1736 2209 1767 minor,
2229 1735 2313 1770 planis
2326 1732 2441 1761 erectior

293 1780 388 1812 erigite
401 1779 526 1808 Animos,
545 1778 656 1804 retinete
668 1776 780 1804 vestram
793 1776 957 1810 dignitatem.
1028 1776 1084 1802 Cic.
1098 1783 1147 1808 pro
1160 1774 1265 1800 Cluent.
1280 1780 1332 1797 200
1396 1773 1468 1798 aruis
1506 1773 1656 1806 Conspicuo
1670 1773 1755 1798 cliuus
1774 1773 1894 1798 molliter
1913 1772 1978 1798 orbe
1997 1778 2090 1798 tumet.
2306 1795 2308 1797 ,

294 1814 350 1846 Qli
364 1822 432 1841 nunc
450 1814 567 1847 primum
585 1813 641 1847 post
656 1812 728 1838 illam
747 1812 894 1843 flammam,
914 1811 1029 1838 aliorum
1049 1809 1120 1836 fatto
1143 1814 1170 1834 et
1188 1807 1333 1841 cupiditate
1362 1825 1373 1832 ..
1433 1813 1599 1833 ERECTE.
1635 1806 1704 1831 Adu.
1721 1810 1790 1832 cuius
1804 1807 1916 1841 Compar.
1929 1807 1995 1841 apud
2007 1807 2140 1833 Ammian.
2156 1813 2189 1839 ις,
2206 1814 2236 1832 ιο
2254 1804 2374 1831 Erefflus
2389 1803 2441 1841 iarn
2463 1811 2465 1819 ⁴

293 1849 446 1878 excitatam,
466 1848 509 1881 spe
523 1847 623 1873 vestrae
641 1847 781 1880 aequitatis
796 1848 899 1881 erigere
912 1847 1053 1875 Animum,
1071 1850 1096 1871 et
1116 1843 1234 1878 paullum
1252 1841 1332 1875 respi-
1360 1835 1371 1850 ³
1395 1841 1573 1876 loquebatur,
1597 1843 1615 1866 i.
1630 1841 1741 1867 liberius.

292 1892 351 1911 rare
365 1892 379 1909 a
392 1889 464 1909 metu
476 1882 571 1915 coepit.
614 1882 755 1908 'Animum
769 1882 904 1911 demissum
917 1887 942 1908 et
955 1881 1102 1915 oppreffum
1116 1880 1154 1905 Id.
1169 1887 1218 1912 pro
1228 1877 1333 1904 Cluent.
1434 1884 1451 1904 Ε
1461 1884 1479 1903 R
1488 1884 1504 1903 Ε
1513 1883 1577 1903 cT1
1588 1883 1623 1907 ο,
1647 1876 1716 1901 onis.
1753 1875 1772 1901 s.
1809 1874 1916 1901 Vitruu.
1931 1883 1969 1907 10,
1982 1883 1995 1908 5
2015 1881 2081 1901 extr.
2104 1874 2166 1901 Sine
2177 1874 2315 1909 tignorum
2330 1873 2440 1901 erefflo.

293 1924 322 1951 38
341 1928 362 1945 c.
377 1927 413 1945 21.
484 1917 593 1943 Animos
607 1916 709 1949 erigere
723 1915 755 1941 ad
768 1916 928 1942 audiendum
941 1916 997 1942 Cic.
1011 1914 1090 1941 Acad.
1105 1923 1133 1946 4,
1148 1922 1170 1939 11
1190 1922 1246 1945 c.4.
1273 1911 1333 1937 Vid.
1396 1912 1484 1938 nibus.
1536 1910 1673 1944 Augustin.
1686 1911 1768 1936 Serm.
1784 1918 1793 1936 1
1820 1910 1849 1936 in
1861 1911 1922 1945 Vig.
1936 1911 2008 1937 Pent.
2033 1911 2073 1937 De
2089 1911 2192 1936 summa
2208 1910 2361 1941 erefflone,
2379 1909 2440 1937 vlti-

294 1960 434 1981 MENTFS.
470 1967 515 1972 --
549 1951 581 1979 ad
595 1949 780 1977 aemulandum
794 1951 860 1976 Plin.
875 1951 933 1975 Pan.
943 1956 989 1983 70,
1003 1957 1025 1980 3.
1097 1948 1209 1973 Animus
1224 1945 1338 1979 erigitur
1396 1955 1439 1972 ma
1453 1945 1604 1971 deieffitione
1615 1945 1753 1970 damnatus
1767 1944 1812 1970 est.

294 1989 486 2024 exspetStationc
498 1996 586 2014 rerum
598 1986 729 2013 bonarum
741 1985 797 2012 Cic.
812 1985 843 2011 de
858 1984 950 2018 Legib.
965 1992 991 2015 2,
1004 1987 1044 2012 28-
1103 1984 1183 2008 Arces
1196 1981 1257 2007 Stat.
1266 1979 1331 2006 Silu.
1345 1997 1376 2023 30
1434 1986 1451 2005 E
1460 1986 1478 2006 R
1487 1978 1500 2005 ἶ
1510 1986 1530 2006 G
1539 1978 1558 2005 ὀ
1567 1987 1588 2005 Ν
1598 1986 1614 2005 E
1624 1998 1632 2010 ,
1653 1988 1687 2006 es.
1725 1979 1744 2004 f.
1782 1978 1930 2012 [Ἠριγόνῃ]
1967 1979 2033 2004 Filia
2053 1979 2150 2010 Icarii,
2177 1984 2201 2004 et
2212 1978 2288 2014 fhror
2300 1980 2438 2016 Penelopes:

294 2034 317 2058 3,
331 2034 349 2052 1.
421 2023 578 2050 Auditorem
598 2022 715 2056 erigere,
735 2019 768 2053 est
787 2027 907 2046 attentum
919 2019 1023 2055 facere:
1043 2017 1100 2045 Cic.
1114 2019 1189 2043 Orat.
1204 2024 1248 2042 122
1272 2022 1333 2054 935
1397 2024 1458 2051 quae
1465 2021 1565 2050 patrem
1579 2014 1652 2049 suum
1665 2023 1680 2039 a
1692 2011 1793 2045 rtfiicis
1811 2012 1902 2045 ebriis,
1922 2013 2007 2047 quibus
2026 2012 2077 2048 ipft
2095 2013 2166 2049 usum
2182 2016 2239 2040 vini
2254 2013 2438 2049 monstrumne,

295 2060 368 2094 Qud
384 2061 456 2086 enim
471 2059 524 2085 iam
540 2058 670 2092 scquitur‚
688 2056 760 2091 quod
779 2056 886 2090 quidem
907 2054 972 2082 artis
987 2053 1033 2086 fit,
1059 2052 1107 2079 nisi
1128 2051 1215 2079 ordiri
1235 2057 1335 2078 oratio·
1397 2051 1500 2086 occisum
1514 2053 1552 2076 ita
1570 2051 1649 2081 luxit,
1670 2055 1699 2074 vt
1705 2048 1813 2084 seipsam
1827 2054 1891 2083 prae
1908 2048 1989 2074 dolore
2001 2048 2169 2084 ficspenderit.
2223 2049 2273 2077 Sed
2287 2050 2438 2087 miseratione

295 2104 370 2127 nem,
388 2096 416 2121 in
429 2104 483 2129 quo
501 2100 546 2120 aut
559 2093 716 2120 concilietur
734 2091 864 2123 Auditor,
885 2097 929 2117 aut
948 2090 1080 2123 erigatur,
1098 2094 1143 2114 aut
1162 2092 1235 2122 paret
1254 2088 1281 2113 se
1299 2084 1333 2112 ad
1397 2086 1495 2124 deorum
1507 2092 1602 2111 mutata
1609 2084 1669 2120 fuit
1681 2088 1709 2109 in
1723 2081 1820 2116 caeleste
1825 2083 1942 2120 signum,
1957 2084 2021 2119 quod
2038 2085 2116 2120 Virgo
2130 2083 2235 2114 dicitur.
2276 2086 2342 2112 Haec
2352 2083 2434 2121 paullo

296 2130 455 2157 discendum.
497 2129 555 2156 Vid.
568 2137 623 2155 mox
644 2127 749 2154 Eretffhis
762 2126 852 2153 Iudex.
886 2128 980 2160 Nempe
998 2127 1043 2159 qui
1056 2125 1145 2150 volunt
1158 2124 1261 2149 libenter
1274 2128 1335 2156 per·
1397 2122 1512 2156 copiosius
1526 2120 1625 2155 Hygin.
1645 2119 1663 2145 f.
1680 2128 1730 2152 130.
1772 2119 1821 2146 Vbi
1832 2122 1899 2146 inter
1912 2121 1973 2152 alia,
1992 2120 2106 2154 Erigone
2119 2119 2220 2154 signum
2232 2119 2436 2155 virginis,qu2m

295 2170 374 2201 cipere
385 2169 534 2197 orationem,
550 2164 652 2190 fuscum
664 2163 765 2189 auribus
777 2169 854 2188 totum
866 2168 945 2197 paene
957 2167 1045 2194 corpus
1059 2162 1166 2195 erigunt.
1204 2160 1241 2184 De
1254 2157 1333 2183 Auri·
1349 2169 1377 2196 55
1396 2166 1446 2183 nos
1458 2156 1587 2182 Iustitiam
1600 2155 1766 2190 appellamus.
1807 2154 1866 2181 Vid.
1882 2161 1903 2180 A
1913 2161 1925 2181 s
1935 2160 1984 2181 ΤΚ
1993 2162 2014 2182 Α
2023 2162 2081 2182 ΕΑ.
2151 2155 2247 2190 Virgil.
2262 2156 2358 2190 Georg.
2372 2163 2400 2190 1,
2410 2162 2436 2187 33

295 2200 449 2234 busflatim.
497 2201 552 2227 Cic.
568 2201 642 2226 Verr.
656 2207 676 2231 1,
689 2203 719 2228 28
743 2199 806 2232 Q1o
821 2204 940 2231 tempore
953 2196 1036 2230 igitur
1053 2196 1137 2221 Aure·
1153 2192 1232 2219 iudex
1251 2192 1334 2226 erige-
1398 2194 1459 2226 Qia
1471 2192 1544 2218 locus
1557 2191 1697 2225 Erigonem
1710 2191 1794 2222 inter‘³
1814 2190 1960 2225 Chelasque
1973 2191 2109 2226 sequentes
2144 2191 2277 2218 Panditur.
2333 2189 2450 2220 richila:

296 2243 346 2268 ret,
360 2236 529 2270 animumque
543 2233 694 2261 attenderet.
737 2233 795 2260 Vni.
815 2239 892 2260 ARR
902 2237 941 2258 1G
951 2238 966 2258 E
976 2238 1028 2257 RE.
1100 2230 1165 2256 Plin.
1179 2238 1201 2262 5,
1216 2237 1235 2261 4
1253 2227 1333 2253 Erexi
1399 2228 1461 2255 Stat.
1475 2226 1566 2254 Theb.
1582 2235 1618 2259 11,
1638 2229 1697 2260 645.
1767 2226 1901 2261 Erigonen
1919 2235 1934 2252 a
1948 2227 2046 2254 Baccho
2064 2225 2219 2262 compressam
2226 2225 2306 2262 suff
2324 2229 2352 2252 in
2369 2233 2436 2252 vuar!
2451 2235 2455 2242 =

298 2273 380 2300 Aures
395 2280 460 2298 tuas.
496 2272 584 2305 Quam
597 2270 643 2296 diu
656 2277 722 2295 nunc
736 2273 857 2303 oportet,
877 2274 958 2302 quam
970 2265 1065 2293 blande
1077 2273 1163 2300 roges,
1183 2270 1211 2291 vt
1230 2263 1334 2297 reliqua
1398 2270 1494 2290 mutato
1508 2262 1576 2289 docet
1591 2263 1672 2289 Ouid.
1689 2262 1752 2288 Met.
1768 2264 1794 2294 6,
1809 2270 1851 2295 125
1870 2261 1953 2288 Liber
1965 2267 1993 2287 vt
2006 2262 2138 2295 Erigonen
2152 2261 2217 2291 falsa
2234 2261 2368 2294 deceperit
2379 2268 2436 2287 vua.
2447 2278 2456 2285 .,

298 2308 444 2342 cognoscas.
538 2307 621 2339 Caput
631 2304 844 2339 expergefactum
857 2304 961 2330 Lucret.
974 2311 996 2335 5,
1010 2309 1083 2336 1207.
1154 2299 1270 2327 Caudam
1285 2298 1334 2324 fal·
1398 2299 1474 2335 Conf.
1492 2298 1594 2333 Ampel.
1614 2297 1646 2324 de
1665 2306 1692 2324 12
1709 2297 1812 2332 Signis,
1835 2304 1859 2324 et
1871 2296 1939 2323 Min.
1953 2296 2007 2323 Fel.
2020 2305 2058 2328 21,
2072 2297 2110 2323 16.

298 2350 379 2370 catam
392 2344 419 2368 in
433 2341 545 2368 sublime
560 2341 624 2367 Plin.
642 2348 679 2373 10,
692 2348 729 2366 ιι.
800 2339 901 2365 Αιιέἲοι·
913 2338 944 2365 ad
957 2338 1073 2364 Herenn.
1088 2345 1116 2370 4,
1128 2344 1144 2362 2
1165 2336 1235 2362 Nam
1249 2342 1332 2368 quum
1341 2345 1376 2370 50
1435 2341 1452 2361 Ε
1463 2341 1482 2360 R
1494 2342 1502 2360 1
1515 2341 1535 2361 G
1546 2340 1566 2360 o
1577 2341 1596 2360 N
1609 2334 1642 2360 ἐι
1652 2341 1670 2360 v
1682 2341 1712 2366 s,
1729 2342 1759 2365 a,
1780 2341 1834 2358 um.
1871 2332 1932 2358 Adi.
1969 2330 2144 2366 [Ἧριγόνειος]
2186 2330 2237 2362 Vt,
2256 2329 2336 2356 Canis
2348 2329 2436 2366 Erigo-

297 2387 337 2405 res
352 2377 561 2412 probabiliores,
578 2382 633 2402 tum
648 2375 787 2401 hominum
805 2374 890 2400 studia
908 2374 941 2400 ad
961 2373 1119 2400 imitandum
1136 2371 1264 2398 alacriora
1278 2369 1335 2396 red·
1398 2370 1475 2396 ricius
1490 2369 1570 2396 Ouid.
1585 2369 1649 2396 Fast.
1666 2377 1687 2402 5,
1700 2376 1754 2403 723.
1778 2371 1797 2394 i.
1805 2368 1890 2398 Canis,
1907 2366 1975 2400 fidm
1987 2365 2093 2399 caeleste.
2135 2365 2194 2393 Vid.
2207 2365 2307 2399 Hygin.
2316 2364 2378 2392 Fab.
2386 2373 2435 2397 130.

297 2414 345 2445 dit,
366 2414 448 2438 immo
461 2413 541 2446 erigit
557 2413 678 2437 omnium
692 2409 856 2444 Cupiditates
866 2429 874 2442 ,
895 2415 921 2436 et
938 2409 1008 2436 acuit
1027 2407 1191 2434 industriam.
1266 2405 1333 2431 Plin.
1437 2411 1481 2432 ER
1491 2412 1530 2432 1G
1540 2412 1618 2432 ONV
1629 2412 1657 2437 s,
1673 2405 1691 2431 i.
1712 2414 1747 2432 m.
1778 2402 1866 2430 Piktor
1881 2402 1996 2438 insignis.
2032 2402 2099 2428 Plin.
2112 2408 2150 2434 35,
2164 2408 2187 2426 ιι
2211 2400 2334 2435 Namque
2345 2400 2435 2434 Erigo-

297 2448 375 2482 Epist.
389 2454 411 2479 8,
425 2457 437 2479 3
458 2448 535 2473 Erexi
549 2446 773 2482 Exspeohtionem
788 2451 859 2472 tuam
868 2465 876 2477 ,
895 2454 973 2479 quam
987 2452 1083 2470 vereor
1096 2452 1129 2468 ne
1143 2442 1264 2469 destituat
1278 2449 1336 2467 ora·
1399 2449 1463 2473 nus,
1483 2441 1588 2475 inquit,
1607 2441 1688 2467 tritor
1701 2441 1825 2466 colorum
1838 2438 1952 2465 Nealcae
1966 2436 2076 2472 pistoris
2089 2437 2118 2463 in
2132 2441 2234 2462 tantum
2250 2435 2304 2469 ipse
2316 2435 2435 2469 profecit,

296 2484 336 2510 tio
352 2483 379 2509 in
392 2491 482 2509 manus
495 2483 587 2508 sumta.
659 2482 756 2508 Fumus
770 2481 883 2515 erigitur
897 2480 928 2506 ad
943 2479 1025 2507 sidera
1042 2479 1139 2512 Virgil.
1154 2479 1217 2505 Aen.
1232 2486 1263 2509 9,
1281 2485 1335 2508 239.
1396 2483 1426 2502 vt
1439 2476 1571 2504 celebrem
1591 2476 1671 2503 etiam
1690 2474 1848 2510 discipulum
1871 2473 2012 2508 reliquerit
2031 2471 2143 2504 Pasiam,
2171 2471 2282 2499 fratrem
2299 2470 2436 2505 Aeginetae

296 2519 413 2545 Gradum
428 2519 547 2552 erigere,
573 2520 591 2543 i.
612 2517 688 2542 altius
705 2517 802 2547 tollere,
820 2517 952 2577 vtg'olcnt,
971 2518 1013 2550 qui
1031 2515 1163 2550 ascendunt
1182 2515 1271 2539 cliuum
1290 2513 1336 2538 ali·
1347 2528 1364 2553 6
1397 2511 1507 2538 fiftoris.
2406 2514 2409 2518 '

298 2563 378 2589 quem:
399 2554 444 2579 Sil.
461 2564 486 2586 3,
500 2561 547 2585 529
585 2554 700 2586 Quoque
726 2552 808 2586 magis
826 2552 854 2577 su
876 2551 930 2577 iere
950 2550 1030 2584 iugo,
1055 2556 1135 2584 atque
1153 2548 1265 2575 euadere
1285 2546 1333 2573 nifi
1365 2533 1378 2560 ς
1434 2553 1587 2574 ERIGVO
1599 2565 1607 2578 ,
1627 2550 1681 2572 are.
1717 2544 1822 2571 Pluuias
1841 2553 1920 2578 aquas
1942 2542 2060 2577 eriguari
2078 2541 2212 2579 conuenit.
2261 2541 2304 2568 sic
2320 2539 2387 2567 Ptin.
2401 2546 2436 2576 17.

299 2590 410 2616 Erexcre
425 2588 558 2620 Gradum,
576 2588 667 2614 crescit
679 2586 764 2613 labor.
820 2587 866 2613 Sil.
880 2597 909 2620 4,
923 2593 972 2620 279
993 2586 1098 2612 Tantus
1114 2584 1238 2610 semifero
1253 2583 1336 2614 Chry·
1398 2584 1432 2609 26
1457 2583 1474 2608 s.
1490 2591 1536 2616 40,
1565 2588 1614 2616 pro
1630 2582 1733 2617 vulgato
1756 2579 1855 2606 eriuari
1883 2580 1933 2614 legi
1953 2580 2010 2605 vult
2035 2577 2114 2604 eodem
2132 2578 2207 2614 JenJu
2229 2576 2332 2612 Salmas.
2355 2576 2436 2603 Exerc-

299 2632 346 2650 xus
364 2622 410 2649 sub
427 2623 531 2656 pectore
553 2631 673 2648 murmur
708 2623 851 2656 Torquet,
877 2628 903 2648 et
923 2621 1070 2648 horrisonis
1091 2619 1235 2646 vlulatibus
1256 2618 1337 2653 erigit
1393 2625 1421 2654 p.
1442 2628 1494 2652 415,
1521 2617 1538 2643 b
1552 2617 1576 2643 D
2410 2613 2416 2622 '¹

300 2659 364 2686 Iras.
439 2658 525 2683 Senec.
544 2657 651 2689 Hippol.
673 2658 691 2682 s.
709 2665 737 2682 10
767 2657 892 2684 Caerulea
911 2663 1000 2683 taurus
1019 2656 1086 2682 colla
1105 2655 1226 2682 sublimi·
1245 2662 1337 2689 gerens
1434 2660 1452 2680 E
1460 2660 1480 2680 R
1491 2661 1499 2679 1
1509 2660 1534 2680 M
1543 2659 1595 2679 AN
1603 2658 1625 2678 T
1635 2657 1655 2678 Η
1665 2658 1686 2677 V
1695 2657 1708 2677 s
1716 2669 1724 2681 ,
1749 2656 1772 2676 et
1791 2656 1808 2676 E
1817 2656 1836 2676 R
1846 2657 1856 2676 1
1865 2656 1890 2676 Μ
1900 2656 1922 2676 Α
1931 2655 1951 2674 N
1961 2655 1982 2675 'r
1991 2655 2011 2674 Η
2021 2655 2030 2674 1
2039 2654 2060 2674 V
2070 2655 2100 2680 s,
2125 2646 2179 2673 vid.
2205 2650 2438 2679 ERYMANTavgi

300 2694 384 2720 erexit
397 2692 475 2719 altam
489 2692 575 2718 fronte
595 2691 723 2717 viridanti
737 2691 836 2717 Iubam.
906 2693 1016 2718 Manum
1036 2693 1153 2725 erigere,
1179 2691 1207 2717 de
1225 2692 1273 2720 iis,
1292 2692 1336 2725 qui
1342 2708 1379 2736 70
1435 2695 1478 2715 ER
1489 2696 1497 2715 1
1508 2695 1529 2714 N
1539 2695 1561 2715 Α
1572 2692 1589 2714 C
1600 2694 1610 2713 1
1618 2693 1639 2712 V
1648 2694 1660 2713 s
1668 2706 1676 2718 ,
1699 2685 1753 2712 vid.
1775 2691 1795 2712 H
1804 2692 1820 2711 E
1828 2692 1846 2711 R
1855 2692 1864 2710 1
1872 2691 1895 2710 N
1905 2691 1926 2711 A
1935 2689 1952 2709 C
1962 2691 1971 2710 1
1982 2690 2003 2708 V
2012 2690 2035 2709 s.
2418 2692 2428 2723 3

297 2735 394 2764 pugnae
403 2730 490 2762 parati
498 2727 574 2762 sunt:
598 2724 651 2751 vicl.
665 2726 800 2751 Burmann.
817 2726 849 2750 ad
860 2726 971 2758 Q‘me‘t.
985 2729 1011 2757 6,
1026 2736 1045 2758 4
1065 2736 1080 2760 p
1103 2734 1161 2759 370.
1216 2726 1335 2752 Mentem
1436 2731 1480 2750 ER
1489 2724 1557 2750 I'NE
1567 2730 1585 2750 ο
1595 2730 1607 2749 S
1617 2742 1625 2754 ,
1650 2723 1690 2748 vel
1710 2727 1771 2748 ERI
1780 2727 1801 2747 N
1810 2727 1830 2745 V
1840 2727 1868 2751 S,
1887 2720 1906 2746 i.
1930 2727 1966 2745 m.
1994 2717 2115 2753 [Ἐρι’νεσς,
2128 2717 2231 2753 Ἐρῖνος]
2267 2717 2385 2753 Herba,q

302 2765 414 2797 erigere,
437 2764 506 2788 Foru
517 2764 598 2788 animo
613 2759 672 2793 effe:
693 2760 788 2785 Lucan.
803 2764 826 2791 8,
837 2762 871 2792 76
907 2775 951 2780 —
987 2761 1059 2793 erige
1076 2762 1210 2791 Mentem,
1244 2760 1275 2785 Et
1292 2766 1337 2785 tua
1398 2760 1466 2786 Plin.
1482 2768 1519 2792 23,
1532 2767 1548 2793 7
1569 2759 1586 2785 s.
1601 2761 1631 2790 65
1656 2758 1766 2790 Propter
1779 2755 1953 2790 gentilitatem
1971 2763 2025 2780 cum
2042 2753 2166 2788 caprifico
2181 2755 2312 2789 coniungit
2335 2767 2381 2773 —

303 2807 361 2825 cum
377 2798 436 2824 fatis
449 2798 530 2831 pietas
544 2796 665 2822 decertet.
734 2795 788 2820 Cic.
803 2803 851 2827 pro
867 2793 928 2819 Sull.
942 2801 968 2826 53
986 2804 1008 2819 c.
1024 2803 1045 2820 ιι
1067 2795 1165 2827 Erigite
1178 2795 1280 2820 Mentes
1293 2802 1337 2819 au-
1400 2803 1504 2828 cunque
1517 2794 1639 2827 decerpta
1653 2798 1740 2818 manat
1758 2791 1824 2817 Ιειᾶὶε
1837 2791 1924 2817 multo
1935 2795 1961 2816 et
1973 2789 2054 2816 dulci.
2110 2787 2244 2822 Graecific
2255 2789 2406 2823 vocantCap

302 2841 396 2867 resque
411 2833 520 2863 vestras,
538 2837 563 2857 et
575 2840 616 2856 me
630 2830 661 2856 de
677 2829 814 2855 inuidiofis
829 2828 906 2855 rebus
915 2849 923 2861 ,
941 2835 970 2854 vt
984 2829 1028 2854 ille
1042 2835 1131 2862 putat,
1149 2828 1281 2854 dicentem
1300 2834 1337 2853 at-
1401 2828 1487 2854 ficum.
1530 2828 1599 2854 Vnde
1612 2835 1635 2852 ct
1648 2828 1708 2852 vrbs
1721 2829 1748 2852 in
1757 2825 1866 2858 Doride,
1879 2835 1894 2852 a
1906 2824 2024 2861 caprifico
2037 2822 2108 2851 ditia
2120 2822 2153 2857 eli
2165 2824 2302 2857 Erineum,
2312 2830 2343 2850 vt
2353 2822 2412 2851 au&

303 2869 413 2895 tendite.
481 2867 613 2893 Oceanum
626 2865 708 2898 erigat
721 2865 806 2891 Titan
820 2865 915 2891 Lucan.
931 2872 949 2894 1,
961 2866 1016 2896 416.
1086 2863 1166 2889 Ouid.
1176 2864 1241 2888 Met.
1253 2864 1337 2896 4‚146
1347 2880 1379 2907 7.
1398 2862 1431 2896 qli
1443 2862 1539 2889 Strabo.
1572 2861 1620 2888 Sed
1904 2872 1907 2873 ⁷

304 2903 344 2930 Ad
358 2911 454 2929 nomen
464 2901 581 2928 Thisbes
595 2900 692 2928 Oculos
708 2901 735 2926 in
749 2907 834 2926 morte
847 2905 966 2934 granatos
1001 2899 1123 2930 Pyramus
1137 2898 1230 2923 erexit.
1276 2897 1334 2923 Cic.
1366 2890 1378 2906 ³
1434 2904 1451 2923 E
1461 2904 1479 2923 R
1488 2904 1497 2922 1
1506 2904 1528 2922 N
1538 2903 1555 2923 E
1564 2903 1582 2923 o
1592 2903 1604 2922 s
1614 2915 1621 2926 ,
1648 2895 1762 2922 Achaiae
1776 2895 1904 2930 oppidum
1917 2895 1985 2922 Plin.
1997 2903 2026 2928 4,
2039 2901 2062 2927 ς.
2416 2901 2429 2917 “,

304 2948 354 2974 pro
369 2940 436 2964 Sext.
451 2940 481 2966 68
500 2946 521 2963 c.
535 2946 568 2969 3ι.
635 2936 715 2962 Causa
730 2934 830 2969 erigere
845 2935 942 2961 Oculos
962 2939 986 2960 ct
1000 2935 1092 2960 viuere
1110 2933 1222 2959 videtur.
1294 2933 1338 2958 Pa.
1436 2939 1453 2958 E
1463 2939 1481 2957 R
1491 2939 1500 2958 1
1511 2940 1531 2958 N
1541 2938 1563 2957 N
1573 2938 1611 2963 Α,
1628 2939 1658 2957 ae
1671 2941 1679 2962 ;
1704 2933 1745 2957 vel
1762 2938 1909 2958 ERINNE
1920 2950 1928 2963 ,
1948 2940 1983 2957 es.
2020 2929 2040 2956 f.
2076 2927 2210 2961 [Ήρίννα]
2247 2928 2321 2961 Teia,
2341 2929 2390 2961 uel,
2409 2931 2438 2956 oe

304 2975 383 3001 triam
404 2974 521 3007 erigere,
551 2975 568 2998 i.
588 2972 700 2997 celebrem
712 2970 811 2998 reddere
829 2970 966 2996 Claudian.
980 2970 1058 2995 Cons.
1072 2968 1143 2994 Mall.
1159 2966 1268 2994 Theod.
1285 2974 1336 2999 130.
1401 2968 1447 2993 alii
1466 2968 1567 2993 volunt.
1586 2967 1674 2993 Lesbia
1693 2974 1736 2992 aut
1748 2968 1836 3000 Tella,
1860 2968 1961 2993 Parma
1968 2964 2043 3000 fuit,
2064 2965 2172 2989 carmine
2187 2961 2310 2996 illustris,
2330 2963 2362 2991 Sa
2374 2955 2437 2999 pb&

304 3009 394 3036 Pectus
407 3009 467 3035 Stat.
481 3008 563 3034 Achil.
579 3015 597 3038 1,
611 3015 666 3039 543.
736 3004 866 3032 Perditam
881 3005 1047 3031 Prouinciam
1062 3005 1162 3038 erigere
1181 3008 1206 3029 et
1220 3011 1338 3029 recreare
1401 3004 1525 3038 aequalis,
1544 3009 1582 3034 et,
1603 3009 1631 3028 vt
1642 3003 1725 3036 placet
1756 3001 1896 3033 uibusclam,
1915 3003 2002 3026 amica.
2038 3000 2159 3025 Ponamus
2178 3000 2290 3026 ultimum
2309 2971 2436 3032 Dissio-hob

304 3046 360 3071 Cic.
377 3045 453 3070 Verr.
467 3051 489 3076 3,
503 3051 543 3069 212
566 3052 586 3069 e.
599 3051 635 3075 91.
701 3040 806 3067 Plebem
819 3041 850 3067 ad
864 3042 888 3067 se
901 3041 1000 3072 erexit,
1018 3044 1035 3065 i.
1044 3040 1174 3074 fauentem
1186 3038 1238 3073 fibi
1256 3037 1337 3064 reddi·
1349 3055 1381 3080 30
1402 3040 1611 3073 Epigrammatis,
1630 3037 1694 3072 quod
1710 3038 1725 3063 h
1758 3045 1812 3064 etur
1828 3037 1932 3064 Anthol.
1946 3046 1971 3066 1,
1992 3038 2033 3071 9‘7,
2053 3044 2082 3068 ¹4
2117 3034 2214 3067 Σαπφὼ
2232 3032 2256 3060 δ’
2270 3034 2355 3069 ἧρίννης
2372 3031 2436 3068 ’ὄσ-σῇ
2459 3047 2461 3051 ·

303 3080 343 3106 dit
359 3080 429 3106 Flor.
450 3088 471 3111 3,
492 3086 529 3111 ι7,
549 3086 570 3111 5.
612 3076 668 3103 Vici.
683 3077 770 3103 Graeu.
789 3079 815 3102 in
829 3078 874 3102 loc.
945 3076 1000 3101 Cic.
1016 3076 1092 3101 Attic.
1115 3081 1137 3106 3,
1153 3083 1180 3107 19
1206 3074 1337 3100 Poffumus
1400 3075 1524 3108 μελέεσσιν
1537 3073 1646 3106 ἀμείνων,
1680 3072 1773 3107 ’Halym
1786 3073 1884 3106 σαπφὲς
1899 3070 1980 3097 τόσσον
1992 3072 2016 3098 ἢν
2030 3069 2175 3105 ἑξαμέτροις.
2196 3073 2214 3096 i.
2229 3070 2328 3105 Qianto
2340 3069 2440 3100 Erimn

303 3116 383 3142 etiam
398 3123 466 3141 nunc
480 3112 679 3148 Rempublicam
692 3113 810 3146 erigere,
830 3111 847 3137 si
862 3111 995 3137 communi
1013 3110 1121 3136 consilio
1141 3110 1276 3144 negotium
1294 3109 1337 3134 ad·
1399 3112 1426 3134 in
1444 3111 1543 3144 Lyricis
1558 3108 1652 3143 Sappho
1667 3107 1852 3142 praestantior,
1870 3113 1940 3133 tanto
1960 3105 2071 3140 Sapphus
2088 3106 2193 3141 gloriam
2206 3106 2302 3131 Erinna
2321 3107 2436 3133 Hexame·
2462 3122 2463 3125 =

304 3150 520 3178 ministrabimus.
591 3148 672 3174 Scalas
686 3147 718 3173 ad
733 3147 838 3174 moenia
851 3153 876 3172 et
889 3146 920 3172 ad
934 3155 1039 3172 murum
1055 3146 1113 3171 Liu.
1128 3154 1165 3177 32,
1184 3167 1189 3172 .
1216 3164 1223 3171 .
1280 3145 1336 3171 Cic.
1400 3148 1450 3171 tris
1459 3144 1598 3179 praecellit.
1635 3144 1753 3168 Meminit
1767 3150 1789 3169 et
1804 3144 1921 3176 Propert.
1936 3149 1960 3172 2,
1973 3149 1995 3172 3,
2007 3149 2033 3166 22
2059 3141 2090 3166 Et
2103 3141 2147 3167 sua
2161 3149 2221 3167 cum
2232 3141 2355 3175 antiquae
2369 3148 2436 3174 com-

305 3186 337 3213 dc
351 3188 423 3213 Orat.
439 3194 463 3217 2,
477 3193 508 3217 54
529 3184 675 3211 Paullulum
690 3184 715 3209 se
731 3183 831 3214 erexit,
850 3188 875 3208 et
890 3181 991 3207 addidit
1009 3181 1133 3207 historiae
1152 3180 1281 3207 maiorem
1299 3181 1338 3206 so·
1403 3180 1486 3206 mittit
1506 3179 1598 3214 scripta
1618 3178 1751 3204 Corinnae
1786 3178 1963 3211 Carminaque
1981 3176 2089 3202 Erinnes
2111 3184 2166 3202 non
2183 3182 2257 3211 putat
2274 3185 2358 3212 aequa
2375 3175 2434 3203 fidu.
2456 3175 2461 3198 ῗ

304 3231 368 3248 num
388 3222 461 3247 vocis
479 3221 522 3246 vir
543 3219 657 3254 optimus
670 3218 748 3245 Crassi
768 3218 908 3244 familiaris
921 3217 1073 3251 Antipater,
1088 3223 1135 3242 etc.
1205 3216 1235 3241 Se
1249 3216 1337 3242 rursus
1351 3233 1379 3258 Β..
1401 3215 1475 3250 Conf.
1489 3215 1554 3241 Plin.
1568 3223 1610 3247 34,
1624 3218 1647 3242 8.
1681 3214 1785 3249 Reliqua
1802 3222 1850 3239 non
1858 3213 1921 3248 fient
1932 3211 2006 3238 huius
2017 3213 2071 3237 loci.
2254 3221 2256 3224 >
2314 3240 2321 3245 .

304 3257 387 3283 erexit
402 3255 554 3283 Macedonia
564 3275 572 3287 ‚
591 3259 609 3280 ι’.
622 3254 747 3280 rebellarent
759 3254 830 3280 Flor.
846 3262 914 3285 2,12‚
928 3262 945 3278 1.
981 3252 1053 3287 Conf.
1069 3252 1140 3277 Idem
1154 3259 1177 3283 2,
1191 3258 1226 3285 17,
1242 3258 1274 3283 ις.
1312 3257 1335 3276 et
1367 3245 1378 3261 ³
1438 3257 1480 3277 ER
1492 3258 1501 3277 1
1511 3258 1531 3277 N
1541 3257 1562 3276 N
1574 3257 1591 3275 Y
1604 3256 1616 3275 s
1626 3268 1632 3279 ‚
1652 3248 1681 3274 is.
1709 3249 1728 3274 f.
1766 3248 1901 3282 [Ἔριννιῖς]
1932 3248 2009 3273 Furia
2025 3246 2161 3282 infernalis
2176 3255 2192 3272 a
2206 3249 2367 3282 contentione,
2378 3251 2434 3282 quat

305 3301 328 3324 3,
345 3300 382 3326 17,
395 3295 420 3318 6.
491 3292 546 3318 Cic.
556 3299 603 3325 pro
616 3290 703 3316 Deiot.
719 3295 746 3321 38
768 3290 830 3316 Νοιι
842 3288 947 3322 dubito,
965 3288 1029 3322 quin
1041 3287 1094 3313 tuis
1111 3287 1205 3317 literis,
1224 3294 1336 3320 quarum
1400 3286 1456 3312 Eris
1472 3284 1503 3318 est
1519 3287 1596 3321 (ἔζης)
1617 3283 1696 3309 dicta.
1732 3285 1769 3310 De
1782 3293 1865 3319 regum
1878 3283 1941 3309 aulis
1954 3283 2011 3308 Sen.
2021 3284 2098 3308 Herc.
2111 3282 2172 3308 Oet.
2186 3284 2238 3314 609
2258 3282 2349 3309 Tenet
2362 3286 2432 3309 aur}-

305 3327 452 3362 excmplum
471 3326 537 3360 legi,
560 3334 625 3360 quas
643 3325 675 3351 ad
694 3333 753 3350 eum
774 3325 928 3351 Tarracone
949 3323 1009 3349 huic
1024 3321 1154 3348 Blesamio
1174 3321 1285 3352 dedisti,
1305 3321 1336 3347 Se
1399 3327 1455 3347 tum
1470 3322 1552 3347 limen
1566 3320 1683 3351 Erinnys.
1755 3320 1785 3344 Et
1799 3321 1950 3353 Agamemn.
1965 3323 1991 3350 83
2012 3320 2140 3352 Quaeque
2153 3317 2277 3351 superbos
2294 3317 2348 3344 vrit
2361 3317 2432 3348 Etim*-

304 3364 385 3396 magis
399 3365 477 3389 etiam
491 3362 620 3391 erexerit,
639 3360 672 3387 ab
690 3361 815 3394 omnique
834 3359 1000 3386 solicitudine
1020 3357 1181 3384 abstraxerit.
1262 3355 1336 3382 Idem
1398 3366 1461 3389 nys,
1498 3356 1603 3383 Nimias
1617 3356 1718 3388 semper
1730 3355 1854 3380 comitata
1871 3354 1972 3380 domos.
2043 3353 2164 3380 Crudelis
2177 3353 2238 3379 Stat.
2247 3352 2337 3379 Theb.
2345 3359 2369 3385 8,
2376 3355 2407 3383 68
2423 3363 2437 3379 .’

305 3399 342 3431 Q
353 3400 426 3424 Fratr
449 3406 468 3429 1,
486 3406 497 3429 3
526 3397 603 3431 Erige
623 3402 648 3422 te
664 3402 689 3422 et
701 3396 835 3427 confirma,
854 3396 870 3421 fi
886 3404 951 3429 quae
971 3392 1103 3420 subeunda
1122 3391 1260 3417 dimicatio
1275 3391 1333 3417 erit.
1348 3408 1382 3432 90
1399 3392 1464 3418 Feta
1483 3397 1573 3426 regnat
1586 3390 1695 3422 Erinnys
1707 3389 1787 3415 Ouid.
1795 3390 1858 3417 Met.
1867 3398 1885 3420 1,
1895 3397 1949 3419 241.
2004 3389 2100 3415 Feralis
2114 3389 2299 3421 Lucan.10,59.
2351 3388 2396 3415 Fla
2434 3396 2439 3422 f

305 3434 361 3459 Cic.
379 3433 410 3458 de
424 3434 483 3467 Leg.
498 3433 559 3466 Agr.
572 3441 597 3464 2,
612 3433 642 3462 86
662 3432 748 3463 Haec,
764 3440 831 3465 quae
845 3430 934 3465 procul
950 3435 1021 3456 erant
1040 3437 1053 3454 a
1066 3426 1203 3462 conspe-Clu
1217 3427 1336 3460 imperii,
1400 3428 1494 3453 misera
1508 3428 1565 3453 Scn.
1578 3427 1656 3452 Herc.
1671 3426 1723 3451 fur.
1738 3429 1796 3459 928.
1866 3424 1945 3450 Ouid.
1961 3425 2024 3451 Met.
2039 3433 2056 3455 1,
2071 3432 2117 3459 725
2137 3423 2257 3450 Protinus
2272 3422 2374 3456 exarsit,
2387 3425 2437 3458 nde*¹

305 3477 358 3493 non
374 3468 457 3493 solum
476 3468 638 3499 afflixerunt,
658 3466 700 3492 sed
720 3467 798 3492 etiam
819 3475 850 3491 ne
863 3465 967 3500 quando
980 3470 1093 3491 recreata
1108 3463 1244 3496 exsurgere
1258 3467 1335 3496 atque
1399 3468 1518 3497 tempora
1532 3462 1633 3488 distulit
1647 3461 1717 3490 irae,
1752 3459 1964 3494 Horrificamque
1980 3460 2074 3492 oculis,
2092 3459 2234 3493 animoque
2247 3457 2347 3485 obiecit
2359 3454 2437 3492 Erit-iffi

305 3503 407 3536 erigere
421 3503 451 3527 Sc
464 3504 575 3536 poss'cnt,
594 3501 727 3534 funditus,
747 3507 775 3528 vt
790 3501 862 3533 dixi,
884 3501 1047 3527 sustulerunt.
1106 3498 1179 3525 Idem
1193 3497 1224 3523 dc
1238 3498 1334 3523 Natur.
1399 3506 1462 3529 nyn.
1532 3495 1656 3530 Improba
1671 3496 1716 3521 Sil.
1732 3504 1766 3527 13,
1802 3515 1809 3522 .
1847 3515 1853 3521 .
1925 3496 2012 3522 Insana
2033 3501 2123 3530 regnat
2143 3495 2252 3525 Erinnys
2272 3493 2352 3520 Ouid.
2367 3483 2437 3521 Melcl

307 3538 385 3563 Dcor.
394 3546 417 3565 2,
427 3546 468 3569 114
486 3539 534 3563 llic
548 3539 604 3564 Sese
618 3538 727 3564 infernis
741 3546 754 3563 e
767 3537 884 3571 partibus
898 3537 976 3570 erigit
990 3535 1080 3567 hydra.
1101 3543 1129 3560 ex
1140 3533 1241 3574 quodam
1251 3534 1334 3559 Porta.
1401 3541 1433 3563 11,
1448 3541 1484 3565 14.
1537 3532 1677 3558 Nofturua
1689 3530 1776 3556 Valer.
1787 3531 1885 3564 Argon.
1900 3539 1921 3562 3,
1934 3540 1969 3563 19.
2040 3530 2160 3557 Pronuba
2173 3529 2283 3561 Erinnys
2296 3538 2338 3555 me
2351 3524 2431 3559 duxilss

305 3572 469 3605 Quinflil.1n
483 3581 598 3605 prooem.
608 3576 623 3599 6
640 3572 688 3600 Sed
702 3573 745 3599 vel
759 3579 866 3608 propter
880 3571 929 3598 hoc
943 3580 990 3597 nos
1002 3576 1178 3596 contumacius
1192 3568 1332 3607 erigemus.
1346 3578 1379 3604 95
1398 3571 1446 3594 int.
1465 3571 1491 3593 in
1505 3567 1637 3593 thalamum
1652 3568 1769 3600 Pompeii.
1818 3567 1871 3592 Vox
1885 3567 2008 3593 Corneliae
2026 3568 2198 3593 lamentantis,
2211 3564 2303 3599 sortem
2316 3565 2388 3601 suam
2403 3564 2428 3590 ἰὴ

2472 2759 2479 2997 ᾼᾉ-,μμ-κῂῖ

304 3607 412 3640 Serpens
426 3607 537 3640 erigitur
550 3608 628 3634 Ouid.
642 3609 704 3635 Met.
717 3616 751 3641 ις,
765 3616 822 3642 737.
915 3607 998 3633 Series
1018 3607 1128 3640 vsusque
1148 3604 1269 3630 laborum
1283 3612 1334 3629 eri·
1398 3606 1509 3639 coniugis
1517 3602 1600 3639 suga,
1622 3601 1688 3635 apud
1700 3601 1795 3627 Lucan.
1815 3606 1844 3633 8,
1863 3610 1905 3633 90.
1975 3602 2057 3629 Saeua
2075 3601 2131 3628 Sen.
2145 3599 2237 3626 oetan.
2252 3603 2299 3625 ιέι.
2371 3601 2437 3626 Ριτίἑ4

304 3643 342 3675 git
357 3643 451 3668 Lucan.
468 3651 486 3671 1,
501 3650 552 3674 124.
581 3646 599 3668 i.
618 3644 695 3669 enchir
716 3643 749 3669 ad
762 3644 883 3679 summam
901 3642 1061 3668 nobilitatem.
1135 3639 1265 3673 Quinotil.
1280 3648 1305 3671 2,
1320 3647 1331 3670 3
1397 3644 1462 3673 pert.
1478 3647 1502 3671 2,
1515 3640 1549 3668 16,
1562 3646 1595 3670 29
1618 3637 1693 3663 Τυηι
1707 3645 1748 3661 mc
1762 3636 1803 3662 vel
1817 3638 1928 3671 tragicae
1939 3638 2040 3664 vexetis
2053 3637 2187 3667 Erinnyes.
2242 3635 2342 3661 Tristis
2354 3633 2426 3669 Virg-

305 3678 369 3704 Non
384 3676 479 3703 excidit
497 3676 581 3708 mihi,
599 3678 717 3711 scripfiss’c
736 3688 778 3705 me
796 3679 824 3705 in
837 3678 908 3704 libro
924 3677 1030 3712 priore,
1048 3685 1128 3710 quum
1147 3676 1282 3710 potiorum
1303 3675 1331 3700 in
1396 3675 1460 3700 Aen.
1477 3683 1503 3705 z,
1516 3681 1570 3708 337.
1639 3673 1696 3698 Scn.
1711 3671 1804 3698 Oftau.
1818 3681 1870 3705 913.
1939 3673 2025 3700 Vltrix
2040 3672 2148 3702 Erinnys
2162 3670 2289 3697 succiueia
2303 3669 2437 3705 anguibtiU}

303 3713 399 3738 scholis
422 3711 598 3738 eruditionem
616 3713 677 3744 effe,
700 3722 778 3747 quam
799 3713 873 3740 domi
893 3713 1021 3743 dicerem,
1047 3711 1172 3737 libentius
1192 3711 1223 3737 Se
1246 3711 1332 3745 prima
1397 3711 1470 3736 Idem
1483 3709 1576 3737 oetan.
1592 3710 1647 3739 263.
1720 3708 1795 3733 Ferte
1815 3708 1881 3734 faces
1903 3708 1930 3733 in
1950 3717 2010 3741 me,
2032 3715 2094 3742 quas
2113 3706 2188 3731 fertis
2208 3705 2334 3738 Erinnyes
2352 3705 2434 3732 Atra·

303 3748 409 3780 Studia,
429 3754 583 3781 tenerosque
598 3748 729 3780 prot'cslus
749 3749 779 3774 ad
795 3750 970 3775 imitationem
988 3746 1246 3780 condiscipulorum,
1265 3754 1331 3780 quae
1340 3757 1386 3775 100
1398 3744 1478 3771 Ouid.
1492 3744 1569 3778 Epist.
1583 3752 1614 3775 11,
1630 3751 1679 3775 103.
1751 3743 1863 3775 Ciuilis,
1878 3743 1959 3777 sia-or
1972 3744 2027 3769 belli
2041 3742 2123 3769 ciuilis
2140 3741 2236 3767 Lucan.
2250 3749 2278 3773 4,
2293 3746 2345 3775 187.
2385 3740 2425 3766 Pa·
2436 3736 2445 3762 ¹l

300 3783 406 3810 facilior
419 3783 491 3811 essct.
512 3784 622 3816 erigere.
710 3783 793 3809 Siluas
807 3785 924 3817 erigere,
943 3787 961 3810 i.
976 3785 1046 3820 ligna
1063 3785 1090 3808 in
1100 3789 1190 3816 pyram
1210 3778 1330 3813 exstruere
1397 3781 1464 3806 triae
1477 3779 1624 3806 communis
1640 3778 1748 3810 Erinnys
1762 3779 1857 3813 Vix-gil.
1873 3780 1936 3804 Aen.
1950 3788 1975 3812 2,
1990 3786 2043 3813 573.
2076 3778 2114 3802 De
2129 3777 2230 3803 Heleno.
2273 3777 2313 3803 Sic
2333 3776 2424 3802 Lucan.
2445 3784 2451 3799 ’-

300 3818 397 3845 Lucan.
413 3826 438 3853 7,
451 3823 508 3852 807.
578 3817 667 3842 Virtus
680 3817 796 3844 Romana
808 3819 919 3852 erigitur
929 3819 1003 3845 Idem
1017 3826 1043 3852 7,
1059 3823 1108 3850 383.
1179 3817 1264 3843 Vndas
1278 3817 1329 3842 eri·
1397 3824 1435 3846 10,
1449 3824 1479 3847 59
1501 3815 1570 3841 Latii
1588 3813 1678 3840 feralis
1693 3814 1818 3846 Erinnys,
1837 3814 1865 3839 de
1879 3816 2014 3849 Cleopatra.
2085 3811 2196 3844 Erinnys
2213 3810 2247 3845 cst
2267 3814 2340 3838 etiam
2352 3811 2425 3838 Cere·
2446 3811 2448 3815 ’

298 3854 337 3887 git
352 3859 444 3888 pontus
457 3854 484 3879 in
497 3852 614 3886 scopulos
628 3853 721 3878 Lucan.
736 3861 757 3885 5,
770 3854 856 3881 605.
898 3854 980 3881 Ouid.
991 3855 1054 3880 Met.
1071 3862 1109 3886 14,
1123 3859 1168 3886 107
1202 3867 1248 3872 -—
1283 3851 1327 3877 illa
1394 3850 1431 3878 tis
1446 3851 1584 3885 epitheton:
1611 3848 1662 3875 vid.
1676 3850 1768 3884 Rclnes.
1783 3850 1901 3884 Inscript-
1915 3850 1954 3876 Cl.
1968 3857 1988 3880 1,
2002 3855 2029 3880 35
2046 3855 2071 3881 p.
2084 3849 2127 3872 62.
2423 3851 2426 3853 '

298 3889 342 3915 diu
359 3890 468 3916 Vultum
487 3888 580 3914 tellure
599 3893 731 3913 moratum
769 3887 865 3915 Erexit.
953 3889 1048 3916 Vultus
1076 3888 1159 3914 erexit
1181 3886 1327 3913 rubicunda
1428 3892 1444 3912 Ε
1455 3892 1473 3911 R
1483 3893 1491 3911 1
1501 3892 1522 3911 Ν
1534 3891 1552 3910 v
1565 3891 1594 3916 s,
1630 3884 1682 3910 vicl.
1715 3891 1729 3910 13
1740 3891 1775 3911 R1
1790 3891 1895 3912 NEVS.

295 3924 399 3952 Phoebe
417 3925 503 3951 Senec.
517 3923 626 3958 Hippoi.
645 3923 663 3949 s·
677 3924 701 3947 ⁶·
896 3922 916 3959 ff
934 3933 960 3955 3,
983 3925 1042 3961 Ohs.
1073 3924 1129 3950 Cic.
1144 3922 1220 3950 Acad.
1234 3932 1263 3956 4,
1281 3929 1324 3957 127
1338 3933 1382 3960 ¹05
1427 3925 1693 3950 antornons,
1720 3920 1738 3946 i.
1774 3929 1810 3946 m.
1845 3917 2016 3955 [Ἐμοφᾰρσς]
2063 3916 2264 3951 Theophrastus
2283 3916 2374 3943 auctor
2387 3911 2421 3940 est

2368 3948 2419 3976 ‘etse
