2479 4225
49 170 116 256 379ἓ
432 195 465 236 Ε
555 197 583 237 P
661 198 703 238 H
870 234 871 237 ,
1543 197 1576 238 Ε
1677 201 1705 241 Ρ
1794 204 1809 243 1
2111 215 2180 258 378

50 291 117 321 vedu
134 294 210 324 atque
231 287 359 322 premii-a,
385 290 412 312 et
429 284 514 312 veluti
532 286 709 320 praefocatio,
729 294 780 321 qua
798 284 846 311 sibi
866 292 1024 325 quemquam
1044 284 1081 310 ir·
1144 292 1266 314 cerentur
1278 288 1377 313 sumtus
1395 288 1506 326 minime
1518 289 1659 316 necessarii.
1716 290 1812 317 Similis
1824 300 1876 319 erat
1888 283 2055 323 Columnarii
2067 296 2180 330 exaoio,

18 318 21 327 '
50 326 124 363 misse
135 329 240 359 repente
253 322 417 354 existimant,
436 321 483 355 qui
497 321 607 348 semibus
623 321 742 357 oppressis
761 328 854 354 corpus
868 325 1015 352 exanimet,
1036 328 1079 345 ne-
1144 323 1188 348 hoc
1203 321 1235 355 est
1248 323 1338 349 tributi
1350 325 1376 348 in
1384 324 1498 359 Jrngulas
1510 324 1603 351 aedium
1617 327 1739 352 columnas
1753 329 1876 362 imperari.
1902 332 1958 357 Viti.
1972 332 2017 367 sno
2031 334 2089 360 loco.

68 370 99 393 ue
111 359 219 387 clamare
231 357 372 392 permittat.
425 358 488 390 Quo
501 357 543 387 fit,
562 363 590 384 vt
602 358 643 384 sae
661 366 675 383 e
689 361 851 395 erumpentes
865 364 919 395 non
933 354 1080 396 articiilatzu
1148 392 1152 397 ι
1182 364 1198 384 13
1211 366 1225 384 r
1235 366 1243 384 1
1254 364 1270 384 C
1282 364 1302 383 H
1314 364 1335 398 ᾼ
1347 364 1365 383 R
1378 364 1384 382 1
1396 366 1425 397 s,
1446 359 1475 385 is.
1495 359 1513 385 f.
1550 360 1714 395 [Ἐπίχαρις]
1750 362 1850 388 Mulier
1870 363 1992 392 libertina
2013 368 2079 399 suit,
2100 375 2178 402 quam

61 397 92 424 ed
104 395 207 422 confusa
218 402 284 419 voce
299 392 453 418 exclament.
510 392 626 426 Qiidam
656 391 750 452 cuique
766 390 939 417 immanibus
953 389 1079 430 ad-hcluu-
1146 401 1173 418 ι11
1194 393 1379 433 coniuratione
1396 393 1548 427 Pffoniana,
1567 396 1634 426 iuss'u
1655 397 1772 423 Neronis
1791 406 1837 432 per
1855 400 1945 425 omnia
1963 402 2040 428 sortia
2061 402 2179 438 exempla

49 439 92 460 tur
103 429 178 462 vifis,
196 434 225 455 vt
240 434 264 454 et
280 429 306 454 se
320 428 411 454 videre
425 427 529 454 credant
544 429 687 455 irruentem
711 425 764 457 ibi,
785 431 810 451 et
824 426 899 451 vsurn
921 425 1079 460 turpissimae
1101 430 1116 457 5
1145 435 1300 460 cruciatam,
1319 437 1373 454 non
1385 428 1510 460 verbera,
1530 440 1583 457 non
1597 432 1670 467 ignes
1680 452 1688 465 ,
1706 441 1759 459 non
1774 434 1957 468 torquentium
1972 436 2010 462 ira
2026 439 2180 470 peruincere

48 464 165 496 libidinis
182 463 396 499 persuadentem,
416 469 460 489 etc.
508 465 617 499 Longius
635 463 697 487 enim
719 466 742 486 ct
760 460 867 487 morbum
889 467 912 487 et
930 464 1080 487 curationem
1145 464 1248 497 potuit,
1262 469 1291 490 vt
1305 464 1330 489 se
1343 463 1474 490 consciam
1493 464 1630 493 fateretur]
1672 468 1729 494 Vid.
1744 469 1813 495 Tac.
1827 469 1893 497 Ann.
1911 477 1945 502 ις,
1958 478 1981 501 5¹
1996 478 2018 496 ct
2033 480 2071 506 57.

47 502 204 540 persequitur.
249 500 305 530 Huc
317 498 415 535 referas
427 500 502 524 locum
516 497 649 532 Augustin.
663 495 695 521 de
708 496 792 522 Ciuit.
807 496 856 522 Dei
874 503 908 528 ις,
920 505 949 528 23
969 497 1000 522 Et
1014 504 1079 536 quo-
1182 505 1197 524 Ε
1206 507 1220 525 ι’
1231 506 1239 524 1
1250 505 1267 526 C
1279 506 1299 525 H
1308 505 1328 525 A
1339 506 1357 526 R
1367 506 1391 524 Μ
1400 505 1420 524 v
1430 506 1443 524 S
1453 518 1461 529 ‚
1487 499 1505 525 i.
1534 510 1568 529 ιιι,
1605 502 1792 538 [Ἐπίχαρμος]
1829 505 1925 532 Siculus
1939 507 2014 534 Poe-m
2029 508 2138 534 (janneus
2156 515 2180 535 ct

47 538 118 566 niam
133 534 293 562 creberrima
306 534 375 560 fama
390 533 441 566 est,
456 533 584 567 inultique
599 533 625 557 se
637 536 775 565 expertos,
795 531 838 557 vel
856 531 890 557 ab
902 532 957 564 eis,
977 540 1024 566 qm
1037 539 1080 557 ex·
1146 534 1321 570 Philosophus,
1340 533 1497 573 Pythugorae
1513 536 1628 574 auditor,
1643 538 1747 574 scripsit
1765 541 1793 565 de
1812 547 1902 567 natura
1920 550 2001 567 rerum
2020 548 2042 567 ct
2060 544 2180 570 nirzlae'cina

64 571 114 599 erti
127 571 219 602 essent,
239 569 271 595 de
284 578 398 603 quorum
412 569 462 595 lide
480 566 651 595 dubitandum
664 574 718 592 non
731 566 783 598 est,
801 566 897 592 audisse
914 566 1080 599 confirmant,
1144 572 1338 596 commentarios.
1375 569 1393 594 F.
1413 568 1525 595 icharmi
1538 571 1691 599 sententiam
1713 575 1745 601 dc
1759 581 1843 603 morte
1857 575 2008 611 resertCic.
2023 575 2104 603 Tnsc.
2119 587 2138 610 1,
2156 587 2179 612 ις

63 607 165 634 iluanos
180 611 204 632 et
217 606 335 637 Faunos,
354 613 419 639 quos
437 604 516 638 vulgo
529 601 640 628 Incubos
654 607 765 634 vocant,
784 601 922 637 improbos
942 603 1016 637 saepe
1037 611 1078 628 ex·
1096 610 1124 628 10
1145 605 1235 630 Emori
1255 604 1332 631 nolo:
1359 604 1384 630 se
1422 613 1465 632 me
1485 605 1532 631 esse
1551 613 1686 635 mortuum
1704 609 1771 636 nihil
1792 611 1922 637 existimo.
1978 611 2044 638 Hor.
2059 613 2136 646 Epist.
2159 623 2181 646 2,

45 643 134 670 stitisse
151 639 308 668 mulieribus
320 660 328 672 ,
347 646 372 666 et
392 637 620 672 earumappetiffe
639 646 667 663 ac
685 637 809 671 peregisse
827 636 1016 664 concubitum:
1054 644 1080 664 ct
1146 648 1167 671 1,
1187 647 1217 674 57
1238 639 1342 665 Plautus
1362 638 1393 666 ad
1416 640 1564 675 exemplum
1580 643 1658 669 Siculi
1681 654 1822 679 properare
1836 647 1995 680 Epicharmi,
2030 648 2104 683 Cous,
2124 649 2180 674 Cic,

43 677 173 714 quosdam
192 676 346 707 daemones,
366 684 432 710 quos
449 673 539 700 Dusios
556 672 626 698 Galli
645 678 813 706 nuncupant,
834 672 900 699 hanc
920 671 1013 699 assidue
1032 673 1080 699 im-
1144 676 1197 700 Att.
1215 683 1235 706 1,
1250 683 1277 706 ¹9
1303 675 1406 701 Crebro
1420 676 1488 701 mihi
1503 677 1578 703 vafer
1594 678 1638 704 ille
1647 680 1748 706 Siculus
1762 681 1903 709 insusurrat
1916 682 2085 717 Epicharmus
2100 684 2182 709 canti·

42 708 201 741 vmunditiam
220 717 246 737 et
265 717 365 737 tentare
383 716 409 737 et
426 707 542 739 efficere,
560 707 646 741 plures
668 707 784 742 talesque
804 709 962 740 asseuerant,
980 715 1009 735 vt
1028 708 1079 735 hoc
1143 710 1229 736 lenam
1244 710 1315 736 illam
1332 710 1417 736 suam:
1446 712 1515 744 Νῖῖφε
1535 713 1577 746 nu)
1595 715 1699 746 ‘asama’
1716 716 1806 742 οῑπιςὲῑν
1826 717 1907 752 ἄρθρα
1927 720 2009 743 ταῦτα
2027 721 2071 744 τῶν
2087 720 2180 755 φρενῶν.

46 756 141 783 negare
159 746 338 781 impudentiae
356 745 493 775 videatur:
526 751 581 769 non
601 742 644 769 hic
662 743 763 778 aliquid
780 743 864 770 audeo
882 741 1014 776 diffinire,
1034 751 1078 770 etc.
1143 747 1376 779 Interpretationem
1391 746 1575 773 Ciceronianam
1581 747 1672 781 statim
1685 750 1769 777 damus
1783 755 1809 778 in
1829 759 2057 780 EP1CHARM1VS.

45 783 181 819 Ephialten
200 782 300 808 Plinius
320 782 392 808 vocat
402 780 553 811 Faunorum
573 777 707 811 ludibria,
726 787 772 811 25,
786 789 805 813 4
830 780 901 805 Haec
914 779 1035 806 medetur
1056 787 1080 806 et
1098 783 1123 810 ις
1182 786 1480 813 EPICHARMIVS,
1500 791 1531 814 a,
1550 792 1603 810 um.
1643 786 1702 812 Adi.
1739 788 1794 813 Cic.
1815 787 1846 813 de
1867 789 1941 815 Petit.
1956 790 2034 815 cons.
2055 797 2086 821 30
2123 788 2183 823 Epi-

44 820 193 847 Faunorum
214 818 242 843 in
260 817 348 852 quiete
364 813 500 845 ludibriis,
527 813 555 839 de
573 815 679 840 Paeonia
697 816 816 849 loquitur.
862 813 921 841 Vid.
941 820 1081 841 FAVst.
1144 815 1290 842 charmium
1305 815 1372 842 illud
1383 822 1486 848 teneto,
1507 827 1602 845 neruos
1616 827 1694 855 atque
1712 828 1783 849 artus
1803 824 1850 849 esse
1863 824 2020 859 sapientiae,
2031 833 2086 851 non
2103 830 2184 851 teme-

42 853 155 880 Videtur
168 853 318 879 illusionem
329 850 394 878 hanc
406 847 546 884 expressisse
560 849 635 884 Virg.
645 850 709 876 Aen.
723 858 758 882 12,
771 854 822 883 908
846 856 892 876 etc.
928 849 1002 886 Conf.
1016 849 1080 883 Voff.
1143 860 1172 877 re
1193 850 1325 889 credere:
1367 885 1378 889 -

40 889 71 916 de
83 889 213 916 [domam
224 897 287 922 3›55
304 893 354 920 etQ
1154 891 1161 893 ’
1181 892 1197 912 E
1208 891 1378 925 PmHERss
1388 892 1413 911 M
1424 892 1443 912 A
1454 907 1463 919 ,
1484 888 1541 915 atis.
1559 897 1584 915 n.
1622 889 1806 926 [ἐπιχείρημα]
1844 893 1974 927 Quinetil.
1990 901 2012 926 ς,
2028 904 2067 927 ιο,
2083 902 2100 927 4
2125 894 2184 930 Epi.

77 931 94 951 E
106 929 316 954 PHIPHVM,
339 921 358 947 i.
391 928 418 946 n.
455 919 600 953 [ἐφίππιον]
637 920 813 946 Ornamentum
830 927 944 954 equorum
958 917 1006 951 cst,
1019 926 1080 955 pro·
1145 920 1267 947 cherema
1281 921 1390 954 Valgius
1409 923 1593 956 aggreffioncm
1612 932 1705 956 vocat3
1735 927 1824 953 Celsus
1842 936 1929 954 autem
1950 929 2048 956 indicat
2062 940 2115 956 non
2136 940 2185 957 no-

37 963 95 996 prie
106 961 141 986 T,-
161 962 227 985 mim
239 953 572 994 flustragulafignificans,
592 954 679 1015 auibus
691 955 730 980 illi
734 952 885 987 sternuntur
897 965 905 979 :
922 954 998 1016 ζείλαε
1012 959 1079 991 equis
1094 964 1129 982 20
1144 956 1222 983 stram
1243 955 1508 990 administrationem,
1528 959 1570 986 sed
1585 960 1666 994 ipsam
1682 969 1748 995 rein,
1761 970 1839 996 quam
1858 964 2040 997 aggredimur,
2061 966 2078 991 i.
2094 975 2115 992 e.
2137 968 2184 992 Ar-

41 995 77 1021 ad
86 969 238 1028 infidentium
250 990 379 1027 impositae.
435 991 529 1016 Horat.
545 991 591 1024 Epi
617 1010 622 1015 .
637 999 657 1022 1,
671 998 711 1022 14,
724 998 762 1024 44
789 990 870 1024 Optat
888 998 920 1024 ep
941 990 1012 1024 ippia
1032 992 1078 1018 bos
1145 997 1379 1026 gumentum,quo
1392 993 1495 1027 aliquid
1509 995 1648 1028 probaturi
1663 996 1765 1027 sumuS,
1784 998 1863 1023 etiam
1877 999 1894 1024 li
1907 1000 2025 1026 nondum
2040 1002 2127 1027 verbis
2141 1010 2184 1028 ex-

40 1030 116 1066 piger
151 1034 223 1064 optat
235 1035 308 1054 arare
320 1024 442 1052 caballus.
478 1025 520 1051 vbi
533 1025 603 1061 conf.
617 1025 750 1052 Scholiast.
778 1025 846 1051 Gell.
862 1032 884 1059 ς,
898 1034 910 1058 5
930 1026 1080 1060 Equitatum
1144 1028 1294 1063 planatum,
1308 1028 1361 1053 iam
1375 1032 1461 1054 tamen
1476 1035 1563 1056 mente
1576 1037 1745 1064 conceptum,
1758 1031 1923 1065 epicherema
1940 1034 2002 1060 dici.
2058 1037 2125 1062 Aliis
2145 1037 2185 1063 vi-

39 1049 141 1098 frenis',
165 1062 312 1099 ephippiis,
331 1060 492 1092 monilibus,
511 1060 626 1095 phaleris
639 1059 858 1094 praefulgentem.
913 1061 985 1087 Non.
1000 1071 1021 1094 2,
1039 1071 1082 1094 3¹2
1146 1062 1237 1094 detur,
1255 1071 1310 1089 non
1330 1061 1498 1095 destinatam,
1517 1064 1559 1091 vel
1580 1065 1750 1099 inchoatam,
1777 1066 1820 1092 sed
1840 1068 1983 1100 perfec'lam
2001 1070 2185 1102 probationem

41 1100 201 1136 Ephippium
213 1104 315 1132 tegmen
327 1096 390 1132 equi
402 1095 434 1122 ad
447 1095 556 1122 mollem
569 1095 704 1123 veeturam
717 1101 844 1130 paratum.
916 1097 1002 1123 Varro
1015 1098 1082 1124 Cato
1145 1098 1310 1124 hoenomen
1326 1098 1444 1132 accipere
1453 1119 1460 1131 ‚
1473 1106 1499 1126 et
1518 1100 1640 1126 vltimam
1659 1101 1781 1135 speciem.
1818 1102 1936 1137 Ideoque
1956 1105 2061 1137 propria
2075 1107 2129 1132 eius
2144 1116 2186 1141 ap-

40 1151 87 1159 .-
122 1135 193 1163 Mihi
209 1141 291 1169 puero
325 1147 370 1153 —
395 1131 448 1158 fuit
464 1140 547 1166 equus
566 1131 618 1157 sine
636 1129 772 1166 ephippio.
843 1132 915 1158 Caes.
929 1132 957 1158 B.
970 1134 1002 1159 G.
1018 1143 1051 1167 4,
1064 1143 1080 1160 2
1096 1139 1127 1165 25
1145 1133 1255 1168 pellatio
1274 1139 1301 1159 et
1312 1134 1427 1160 maxime
1448 1136 1475 1161 in
1495 1135 1540 1161 vsu
1558 1135 1639 1169 posita
1655 1136 1707 1168 est,
1726 1145 1777 1171 qua
1797 1136 1956 1171 significatur
1969 1146 2039 1165 certa
2058 1141 2186 1174 quaedam

40 1171 70 1198 d?
83 1172 220 1202 Germanis,
242 1169 337 1202 Neque
355 1175 448 1194 eorum
467 1166 588 1193 moribus
607 1166 710 1201 turpius
733 1166 950 1202 quidquam-aut
969 1169 1081 1196 inertius
1145 1169 1287 1196 sententiae
1305 1170 1517 1203 comprehensio,
1536 1179 1603 1205 quae
1623 1179 1655 1197 ex
1674 1172 1759 1198 tribus
1779 1173 1922 1199 minimum
1942 1174 2060 1208 partibus
2080 1176 2186 1204 constat.

40 1206 161 1239 habetur,
179 1213 257 1240 quam
275 1197 408 1238 ephippiis
421 1202 471 1234 vti,
490 1209 535 1228 etc.
1145 1204 1262 1239 Quidam
1272 1204 1443 1239 Epicherema
1453 1206 1592 1232 Rationem
1606 1207 1812 1241 appellauerunt.
1849 1209 2187 1241 Cice1·0(Auet.ad1—1eren.

75 1249 93 1269 E
107 1248 123 1268 Ρ
136 1247 158 1268 Η
171 1248 181 1267 1
199 1246 214 1265 Ρ
230 1247 245 1266 Ρ
260 1247 270 1266 1
283 1246 306 1265 A
319 1245 342 1265 Τ
360 1246 390 1270 1,
432 1239 559 1272 [ἓφίππιοι
577 1237 698 1271 ἔχοντες]
764 1237 815 1271 Qui
849 1237 965 1273 ephippia
992 1239 1083 1265 habent
1144 1249 1171 1272 2,
1185 1243 1219 1271 z)
1237 1240 1332 1266 melius
1345 1241 1595 1268 Ratiocinationcm.
1615 1243 1677 1269 Sunt
1696 1244 1731 1269 ibi
1746 1245 1831 1278 plura.
1868 1244 1942 1271 Idem
1956 1253 1978 1278 ς,
1995 1254 2033 1278 14,
2049 1255 2077 1279 ¹4
2099 1247 2187 1280 Qiam

38 1280 67 1304 i„
79 1280 156 1314 equis.
173 1283 178 1285 ·
191 1275 263 1302 Caes.
276 1273 339 1301 Bell.
353 1273 421 1300 Gall.
434 1282 461 1306 4,
473 1281 489 1299 2
510 1273 606 1307 Neque
619 1281 712 1299 eorum
724 1272 845 1298 moribus
860 1275 963 1307 turpius
978 1280 1024 1300 aut
1039 1275 1080 1301 in·
1145 1276 1327 1302 affiimtionem
1342 1276 1523 1310 (probandam
1538 1277 1636 1309 intell.)
1654 1278 1702 1304 alii
1717 1279 1847 1305 rationem
1859 1287 1973 1312 vocant,
1989 1281 2036 1307 alii
2049 1282 2187 1316 Epichere-

39 1312 123 1340 trtius
143 1310 269 1343 habetur,
296 1318 375 1344 quam
391 1308 523 1344 ephippiis
542 1307 581 1334 vti
597 1319 602 1334 :
641 1308 730 1343 itaque
747 1307 780 1334 ad
799 1309 919 1343 quemuis
937 1318 1079 1337 numerum
1093 1316 1125 1341 30
1144 1320 1195 1338 ma.
1250 1311 1421 1346 Epichcrema
1438 1319 1525 1339 autem
1538 1313 1613 1339 nullo
1630 1313 1719 1340 differt
1732 1323 1745 1340 a
1761 1315 1938 1349 Syllogismis,
1959 1316 2006 1342 nisi
2021 1317 2092 1350 quod
2106 1318 2147 1344 illi
2162 1323 2188 1345 et

37 1347 271 1383 ephippiatorum,
286 1345 407 1380 quamuis
425 1344 518 1379 pauci,
537 1343 611 1370 adire
625 1343 729 1370 audent.
1144 1347 1232 1382 plures
1245 1346 1344 1374 habent
1357 1348 1451 1381 species
1461 1367 1468 1379 ‚
1482 1354 1508 1374 et
1521 1357 1582 1374 vera
1596 1348 1726 1382 colligunt
1741 1351 1824 1376 veris:
1849 1351 2052 1385 Epicherematis
2065 1353 2187 1387 frequen-

75 1389 93 1410 Ε
105 1389 120 1409 P
130 1389 151 1408 H
161 1380 205 1409 61)
215 1389 224 1408 1
234 1401 243 1414 ,
263 1389 350 1407 orum.
376 1380 412 1415 pl.
449 1379 556 1406 Firmic.
571 1380 598 1411 6:
611 1387 642 1411 32
665 1380 755 1405 titulus
767 1376 816 1411 est,
838 1379 978 1406 Generales
994 1380 1080 1407 cuius·
1144 1383 1201 1409 tior
1213 1382 1283 1409 circa
1297 1382 1437 1409 credibilia
1452 1383 1488 1409 est
1503 1384 1570 1409 vsus.
1606 1383 1677 1410 Nam
1697 1384 1715 1411 li
1728 1386 1891 1420 contingeret
1903 1388 2005 1422 semper
2016 1389 2187 1416 controuersa

0 1422 1 1447 3
36 1426 89 1454 que
102 1417 237 1452 geniturae
248 1415 363 1451 ephodi,
386 1418 405 1442 i.
427 1414 605 1456 Ingrffones,
624 1417 717 1447 initia,
735 1420 759 1440 et
772 1413 949 1447 hfiitutiones.
1144 1417 1262 1444 confessis
1276 1418 1405 1453 probare,
1426 1419 1472 1445 vix
1485 1419 1545 1445 esset
1558 1419 1585 1445 in
1599 1419 1649 1445 hoc
1665 1429 1760 1454 genere
1776 1422 1833 1447 vsus
1844 1423 1966 1449 oratoris.
2006 1424 2140 1451 Tribuitur
2154 1431 2187 1451 et-

72 1460 90 1479 Ε
102 1459 118 1479 1²
128 1459 150 1479 H
159 1451 178 1480 ὅ
188 1458 275 1484 Rvs,
296 1460 315 1478 1.
350 1457 394 1477 m.'
423 1449 556 1486 [Ἔφορος]
591 1448 800 1486 Historicusfuit
814 1450 942 1482 eumaeus,
961 1450 1082 1486 Isocratis
1143 1457 1193 1480 iam
1207 1463 1222 1480 a
1240 1454 1384 1489 quibusdam
1398 1454 1524 1481 Ciceroni
1537 1455 1590 1482 Att.
1605 1463 1625 1487 1,
1639 1464 1677 1488 ¹4·
1714 1456 1762 1483 Sed
1778 1457 1867 1483 Graeu.
1884 1467 1908 1492 p.
1920 1463 1947 1491 85
1962 1464 2012 1492 pro
2024 1458 2147 1492 diflionffi
2167 1460 2186 1487 fi

0 1479 1 1500 ἶ
33 1487 144 1520 auditor,
162 1493 186 1514 et
197 1487 377 1524 candifizpulus
394 1487 559 1521 Theopompi:
583 1489 653 1512 cuius
666 1489 744 1512 vitam
758 1485 898 1521 etscrtpta.
942 1487 1000 1513 Vid.
1014 1486 1082 1522 apud
1096 1491 1124 1518 33
1143 1497 1261 1523 vnquam
1275 1488 1344 1516 mihi
1362 1489 1542 1524 ἐπιχειρήματα
1558 1490 1772 1524 suppeditarunt,
1790 1493 1865 1518 multo
1874 1494 1951 1528 plura
1964 1493 2051 1526 habet,
2069 1494 2187 1530 ἐπιχειρή-

33 1523 143 1552 Suidam.
179 1522 252 1559 Conf.
266 1522 375 1557 Qun&
389 1529 450 1553 10,1
469 1531 493 1557 p.
508 1530 555 1555 901
574 1522 660 1548 Burm.
1142 1534 1216 1559 ματα
1232 1528 1335 1551 omittit.
1387 1525 1445 1550 Sen.
1462 1526 1591 1551 Controu.
1613 1534 1622 1551 1
1646 1534 1766 1559 prooem.
1788 1536 1812 1561 p.
1833 1534 1869 1561 74
1899 1527 1932 1555 de
1953 1529 2046 1556 Porcio
2069 1531 2186 1562 Latrone,

71 1565 88 1585 E
102 1565 117 1585 P
131 1565 153 1585 Η
167 1565 187 1585 0
203 1565 222 1584 R
238 1565 248 1586 1
307 1557 447 1592 [Ἔφοροι]
508 1555 678 1593 Magistratus
696 1555 957 1587 Lacedaemoniorum,
975 1556 1007 1582 ab
1025 1556 1079 1591 ἔφα·
1144 1560 1244 1593 Aliquo
1270 1559 1315 1586 die
1338 1559 1406 1585 nihil
1426 1565 1530 1593 praeter
1549 1560 1747 1593 Epicheremata
1769 1561 1910 1594 scriberet,
1937 1564 2029 1598 aliquo
2051 1565 2094 1591 die
2116 1565 2186 1592 nihil

32 1594 88 1631 ςᾷν.
124 1595 204 1620 Erant
217 1579 279 1620 enim
298 1593 393 1628 ephori
406 1594 470 1619 tales
489 1592 555 1627 apud
566 1591 783 1630 Lafcdaemonios,
807 1593 890 1626 quales
906 1591 973 1626 apud
990 1593 1079 1618 Roma·
1143 1601 1246 1629 praeter
1259 1594 1467 1626 Enthymemata.
1503 1594 1571 1621 Add.
1585 1595 1676 1623 lfidor.
1689 1605 1712 1629 2,
1727 1606 1750 1630 9.
1787 1598 1913 1625 scribitur
1926 1602 1999 1625 etiam
2012 1600 2188 1633 Epichirema,

34 1639 81 1656 nos
95 1629 204 1656 Tribuni
216 1629 312 1663 plebis,
331 1631 374 1663 qui
387 1637 402 1654 a
419 1628 571 1663 Theopompo
583 1628 623 1660 Jic
640 1627 743 1661 oppositi
759 1626 859 1661 regebus
866 1626 943 1661 fimt,
963 1633 993 1652 vt
1013 1627 1080 1662 apud
1148 1629 1206 1656 Vid.
1226 1630 1318 1666 Scalig.
1332 1629 1360 1655 de
1371 1630 1407 1656 Re
1420 1631 1488 1656 Pofft.
1505 1639 1530 1662 3,
1544 1640 1582 1664 7¹·

33 1666 157 1692 Romanos
171 1664 315 1700 Confidibus
330 1663 446 1690 Tribuni.
506 1664 540 1689 Vt
557 1665 620 1688 enim
636 1672 650 1687 a
663 1661 806 1697 Consulibus
824 1661 858 1687 ad
879 1662 1004 1688 Tribunos
1019 1669 1080 1696 pro·
1090 1669 1128 1693 40
1177 1672 1219 1691 Ep
1229 1672 1237 1690 1
1248 1670 1266 1691 c
1278 1671 1350 1691 HIM
1359 1672 1380 1691 Α
1390 1672 1441 1692 SIS
1450 1685 1458 1697 ,
1488 1665 1682 1698 [ἕπιχείμασκ]
1709 1673 1769 1700 quae
1793 1664 1862 1698 effit,
1881 1666 2010 1693 audiamus
2030 1668 2095 1694 Plin.
2108 1674 2143 1702 ¹8,
2157 1677 2187 1702 23

34 1708 123 1726 vocare
134 1694 234 1735 quis'que
249 1705 365 1734 poterat.-
385 1697 425 1732 fic
438 1697 624 1724 Lacedaemmzii
641 1706 657 1723 a
669 1696 776 1733 Regibus
788 1696 822 1723 ad
834 1696 960 1731 Ephoros.
1009 1698 1078 1724 Satis
1143 1701 1161 1726 s.
1178 1707 1210 1733 57
1241 1700 1281 1726 Ita
1300 1699 1345 1732 fit,
1362 1706 1391 1726 vt
1412 1700 1481 1726 tradi
1501 1709 1555 1725 non
1575 1699 1667 1733 poffint
1687 1705 1757 1726 certa
1776 1700 1890 1726 siderum
1908 1707 2037 1736 tempora.
2079 1704 2187 1732 Accedit

35 1732 132 1767 constat
149 1734 179 1760 ab
197 1734 308 1768 Ephoris
321 1736 399 1770 Reges
417 1730 520 1764 εὶεέἶοι,
544 1734 607 1759 alios
614 1731 728 1768 fugiſji‘,
745 1732 808 1758 alios
827 1735 978 1758 interemtos.
1019 1732 1078 1758 Vld.
1143 1735 1255 1760 confessa
1265 1743 1355 1760 rerum
1367 1734 1527 1766 obscuritas,
1541 1743 1609 1759 nunc
1622 1741 1826 1774 praecurrente,
1835 1744 1882 1761 nec
1895 1738 1985 1770 paucis
1999 1738 2107 1772 diebus,
2121 1746 2187 1766 tem-

37 1770 94 1796 Cic.
107 1769 139 1796 de
152 1769 244 1803 Legib.
261 1778 282 1802 3,
298 1771 334 1796 16.
388 1769 461 1795 Idem
475 1767 551 1795 offic.
565 1777 587 1800 2,
602 1773 633 1796 80
661 1768 697 1792 Ac
709 1773 818 1800 propter
836 1766 888 1792 hoc
900 1767 1016 1792 iniuriae
1035 1775 1079 1799 ge·
1142 1769 1270 1802 pestatum
1289 1769 1451 1802 significatu,
1470 1768 1542 1803 quod
1567 1770 1728 1803 προχείμασιν
1754 1770 1808 1803 (stc
1828 1771 1910 1797 Hard.
1930 1774 1963 1799 al.
1984 1773 2185 1808 Prochimazin)

35 1813 85 1831 nus
98 1804 302 1830 Lacedaemonii
314 1804 476 1836 Lysandrum
490 1802 625 1835 Ephorum
646 1801 812 1834 expulerunt.
881 1800 949 1825 Add.
965 1800 1034 1832 Nep.
1049 1808 1078 1831 4,
1141 1803 1236 1828 Graeci
1258 1809 1371 1835 vocant,
1390 1813 1460 1830 nunc
1481 1804 1680 1837 postuenjeme³
1701 1805 1773 1839 quod
1794 1805 1948 1839 §mxcisaam
1967 1810 2018 1840 (HL
2038 1811 2186 1844 Epichima—

33 1847 58 1871 3,
70 1846 93 1872 ς.
111 1837 236 1870 -Ανιζβοι,
251 1840 325 1864 Polit.
338 1848 366 1867 2,
381 1847 405 1870 7.
449 1838 480 1861 Et
498 1845 528 1860 ex
545 1835 684 1860 recentibus
698 1836 759 1859 Nic.
774 1835 849 1868 Cmg.
870 1833 899 1858 de
911 1835 972 1868 Rep.
986 1834 1075 1859 Laced.
1092 1840 1126 1865 45
1141 1837 1203 1867 zin)
1225 1843 1251 1861 et
1264 1837 1419 1872 plerumque
1438 1839 1501 1865 alias
1516 1839 1594 1865 citius
1608 1839 1671 1865 alias
1686 1840 1785 1867 tardius
1801 1842 1866 1868 caeli
1878 1843 1972 1869 effeetu
1987 1844 2018 1870 ad
2032 1851 2128 1872 terram
2142 1847 2185 1873 de-

35 1883 58 1904 2,
71 1883 98 1906 4,
130 1878 154 1898 et
171 1871 230 1897 Vbb.
243 1873 319 1897 Emm.
340 1872 358 1896 l.
368 1879 384 1901 3
406 1871 492 1895 Graec.
507 1875 556 1894 vet.
789 1872 791 1874 “
1139 1871 1227 1897 ciduo.
1265 1871 1312 1898 Sed
1322 1873 1416 1906 Veget.
1431 1881 1453 1906 ς,
1469 1883 1497 1900 ιο
1525 1875 1578 1900 Aut
1592 1875 1660 1901 circa
1676 1875 1746 1902 diem
1758 1876 1868 1909 statum,
1881 1884 1926 1903 aut
1946 1885 2020 1911 ante,
2034 1880 2075 1906 vel
2096 1882 2185 1916 postea

68 1904 252 1937 EPHY⁹RA‚
282 1913 321 1931 ae.
356 1904 377 1930 f.
409 1901 550 1938 [Ἔφοροι]
594 1900 712 1936 Nympha
726 1901 821 1928 Oceani
840 1907 863 1927 et
884 1901 995 1936 Tethyos
1006 1900 1076 1937 filia.
1139 1905 1303 1940 tempestat-es
1317 1907 1376 1934 fieri
1390 1915 1554 1943 compertum
1568 1910 1613 1935 est.
1650 1911 1724 1937 Vnde
1744 1912 1927 1945 praecedentes
1945 1916 2120 1950 προχεῖμασιν,
2141 1927 2184 1944 na-

33 1943 71 1971 De
84 1950 133 1978 qua
145 1940 241 1975 Virgil.
258 1940 359 1974 Georg.·
369 1948 398 1973 4,
411 1946 467 1972 343.
502 1938 564 1964 Stat.
577 1936 670 1964 Theb·
683 1946 718 1976 43
739 1944 778 1970 59-
818 1936 892 1972 Conf-
912 1939 1023 1972 Interpr.
1043 1939 1078 1964 ad
1141 1943 1238 1968 scentes
1256 1942 1301 1969 die
1313 1942 1436 1970 sollemni
1454 1946 1624 1977 ἔπιχείμασιν,
1645 1945 1832 1981 subsequentes
1847 1949 2032 1982 μεταχείμασιν
2052 1960 2185 1988 nuncupa.

34 1977 79 2006 Sil,
90 1985 131 2011 <¹4³
143 1978 200 2009 636.
394 1971 414 2010 fl
435 1983 452 2000 2.
487 1973 591 2008 Ephyra
603 1976 672 2004 item,
681 1974 737 2006 Jtue
749 1971 862 2007 Ephyre,
881 1972 941 1998 urbs
953 1974 1076 2005 Achaiae,
1139 1982 1244 2003 verunt,
1354 1982 1357 1986 ·

35 2022 93 2050 quae
102 2010 182 2048 postea
195 2010 331 2038 Corinthus
343 2007 414 2036 dieta
426 2008 468 2043 est.
518 2008 601 2036 Ouid.
615 2009 680 2035 Met.
694 2016 717 2040 2,
728 2016 782 2041 240
806 2024 852 2027 —
875 2008 979 2043 quaerit
988 2009 1076 2048 'Boeo-
1096 2017 1128 2043 50
1176 2019 1192 2038 E
1201 2019 1216 2038 P
1225 2019 1234 2037 1
1243 2018 1260 2037 C
1269 2018 1289 2037 H
1299 2018 1339 2038 γε
1348 2020 1358 2038 1
1367 2018 1395 2044 s,
1417 2013 1448 2039 is.
1469 2013 1489 2039 f.
1526 2014 1672 2048 [ἐπίχυσις]
1713 2015 1783 2049 Vqfis
1794 2026 1870 2052 genus
1883 2015 1916 2050 est
1929 2019 2004 2046 Varr.
2019 2020 2051 2047 de
2066 2021 2095 2048 L.
2111 2023 2140 2049 L.
2155 2032 2184 2057 4,

35 2049 73 2076 tia
85 2048 196 2077 Dircen,
231 2047 316 2080 Argos
330 2046 507 2078 Amymonen,
526 2044 630 2079 Ephyre
644 2043 784 2076 Pyrenidffl?
801 2043 892 2070 Vndfls·
928 2043 1075 2070 Corlmhsss
1140 2050 1174 2074 26
1194 2057 1217 2081 p.
1233 2055 1267 2079 3¹,
1282 2049 1315 2073 26
1352 2048 1382 2074 In
1395 2048 1504 2075 huiusce
1523 2049 1666 2085 (fimpuIi)
1681 2051 1770 2077 locum
1789 2053 1817 2078 in
1829 2053 1962 2080 conuiuiis
1977 2064 1991 2080 e
2007 2056 2115 2083 Graecia
2129 2060 2183 2085 suc-

0 2079 1 2090 *
35 2090 109 2112 antea
120 2082 221 2118 Ephyra
239 2081 310 2108 dieta
325 2081 392 2108 Plin.
405 2090 434 2115 4,
447 2089 474 2114 4.
547 2081 606 2107 Fuit
624 2086 647 2106 et
660 2080 712 2105 alta
731 2079 834 2105 eiusdem
854 2082 962 2105 nominis
974 2080 1034 2105 vrbs
1048 2082 1076 2105 in
1140 2082 1207 2109 cessit
1228 2082 1368 2116 Epichysis.
1404 2086 1498 2110 Nomen
1520 2085 1592 2110 habet
1610 2084 1658 2111 α’πᾰ
1684 2088 1718 2111 τῖς
1742 2087 1861 2119 ἐπιχύειν,
1886 2089 1910 2115 h.
1930 2099 1949 2115 e.
1971 2091 2001 2116 ab
2018 2095 2044 2117 in
2063 2093 2182 2121 “mendo-

37 2121 109 2156 Epiro
121 2129 129 2144 :
166 2119 260 2153 aliaque
283 2116 370 2152 rursus
392 2119 420 2142 in
439 2115 540 2152 finibus
563 2114 699 2149 Theffiiliae
712 2125 719 2139 :
757 2118 815 2141 item
839 2116 903 2141 aliae
930 2117 1075 2147 nonnullae,
1145 2118 1214 2144 Vnde
1230 2119 1342 2144 nonnulli
1358 2121 1432 2144 etiam
1447 2119 1650 2146 Infundibulum
1670 2121 1714 2147 hoc
1730 2126 1826 2148 nomine
1842 2125 1976 2159 appellant.
2018 2128 2035 2153 P
2048 2134 2099 2154 aut.
2115 2129 2182 2157 Rud.

34 2183 39 2187 ᾗ
56 2164 97 2187 ua,-
111 2153 168 2181 vide
185 2152 252 2189 apud
270 2153 427 2188 Stephanum.
496 2150 615 2186 Ephyre,
647 2150 736 2177 Insula
757 2150 794 2176 est
815 2150 844 2176 in
866 2150 922 2177 linu
946 2151 1074 2184 Argolico
1140 2160 1163 2187 ς,
1177 2162 1203 2185 2,
1217 2161 1244 2185 32
1274 2153 1369 2186 Sinus,
1384 2154 1531 2188 Epichysis,
1546 2155 1700 2188 cantharus,
1719 2157 1810 2191 gaulus
1830 2159 1999 2196 cyathosque.
2040 2164 2099 2190 Vid.
2117 2166 2183 2192 Tur-

58 2188 103 2216 lin.
116 2199 149 2223 4,
167 2197 203 2215 12.
1091 2193 1120 2219 ςς
1138 2189 1193 2215 neb.
1209 2188 1314 2224 Aduers.
1329 2199 1368 2220 22,
1380 2199 1418 2220 3⁰-
1439 2197 1463 2216 et
1476 2191 1565 2226 scalig.
1579 2191 1613 2216 ad
1625 2193 1700 2218 Varr.
1722 2195 1738 2218 l.
1753 2203 1774 2218 c.

75 2231 92 2252 E
101 2231 116 2251 Ρ
125 2230 196 2251 HYR
205 2229 220 2249 Ε
229 2223 272 2250 “ι”Α
282 2229 295 2250 s
303 2242 311 2255 ‚
331 2221 396 2249 fidis.
421 2222 441 2248 f.
467 2220 632 2257 [Ἔφομμοὶς]
669 2221 737 2256 Qae
750 2219 784 2253 est
798 2230 827 2247 ex
835 2221 945 2255 Ephyra.
981 2220 1073 2247 Claud.
1176 2230 1192 2250 E
1200 2231 1214 2250 Ρ
1224 2232 1232 2250 ι
1243 2230 1260 2250 c
1273 2231 1281 2249 1
1291 2231 1313 2250 Τ
1321 2231 1342 2251 H
1350 2232 1372 2250 A
1381 2232 1399 2251 R
1408 2233 1417 2251 1
1426 2232 1438 2252 s
1448 2232 1472 2251 M
1482 2233 1502 2252 A
1512 2246 1520 2258 ‚
1537 2227 1594 2253 atis.
1615 2236 1641 2253 n.
1679 2227 1885 2264 [ἓπικιθοέριο-μοι]
1927 2232 2021 2259 Vltima
2028 2239 2093 2269 pars
2104 2235 2182 2272 fabu-

37 2259 73 2287 de*
82 2260 109 2286 B.
122 2260 179 2286 Get.
192 2259 242 2292 629
269 2258 373 2284 Scilicet
391 2258 544 2292 Argolicas,
565 2255 794 2292 Ephyreiadesque
809 2256 909 2292 puellas
945 2257 1076 2291 Coeperat
1136 2261 1189 2290 lae,
1208 2269 1279 2295 quam
1292 2267 1367 2286 cantu
1379 2261 1491 2287 citharae
1502 2261 1620 2298 finirent.
1656 2263 1775 2289 Tertull.
1789 2264 1848 2291 adu.
1863 2265 1922 2292 Val.
1935 2276 1955 2294 c.
1969 2276 2005 2299 33.

33 2300 61 2322 ει
72 2293 189 2329 pulchras
206 2294 260 2320 iam
278 2293 552 2320 fastidireLacaenas.
1176 2302 1191 2321 E
1206 2302 1222 2321 Ρ
1237 2303 1245 2321 1
1261 2302 1278 2321 C
1293 2302 1309 2320 1.
1325 2303 1334 2321 1
1352 2303 1374 2322 N
1389 2302 1410 2321 Τ
1427 2302 1444 2322 Ε
1462 2304 1492 2328 s,
1510 2306 1550 2323 ae.
1571 2307 1607 2324 m.
1638 2298 1679 2325 Ab
1698 2298 1824 2333 ἓπικλίνω,
1842 2302 1945 2328 inclino.
1978 2304 2073 2331 Terrae
2093 2312 2182 2334 motus.

71 2335 88 2356 Ε
98 2337 113 2356 P
122 2337 143 2356 n
154 2336 172 2356 Y
181 2336 230 2356 RA
239 2336 284 2356 ev
293 2337 322 2362 s,
349 2331 390 2356 vel
413 2336 430 2356 E
440 2337 455 2355 Ρ
465 2336 485 2356 ιι
494 2336 512 2354 ι’
523 2336 542 2355 R
553 2328 569 2354 1‘3
580 2334 602 2354 v
616 2335 645 2360 s,
670 2336 699 2359 a,
723 2336 778 2353 um.
814 2327 875 2354 Adi.
911 2327 1073 2362 [Ἐφυραῖος]
1140 2331 1218 2366 Apul.
1232 2330 1265 2356 de
1281 2331 1383 2357 Mundo
1402 2341 1427 2366 p.
1446 2337 1501 2364 398·
1519 2331 1564 2359 Ed.
1578 2334 1645 2360 Colu.

33 2365 182 2392 Corinthius.
223 2366 320 2391 Lucan.
334 2367 361 2398 6,
375 2372 404 2400 17
427 2364 526 2393 Insedit
539 2364 639 2390 castris:
660 2362 848 2398 Ephyraeaque
860 2364 967 2391 moenia
980 2364 1073 2390 seruat·
1084 2370 1119 2394 60
1176 2372 1193 2392 E
1204 2373 1236 2393 ΡΙ
1247 2371 1264 2392 C
1276 2373 1298 2392 N
1307 2373 1322 2391 Ε
1333 2373 1358 2392 Μ
1368 2373 1377 2392 1
1386 2373 1404 2393 D
1415 2375 1423 2393 1
1435 2375 1444 2393 1
1454 2387 1462 2399 ³
1480 2376 1567 2395 Orum-
1588 2379 1623 2395 ¹¹¹·
1644 2368 1851 2405 ['E⁷f‘’‘¹‘’¹1⁴⁶¹3¹'⁰¹]
1872 2372 1988 2399 Graeciae
1997 2376 2093 2410 P⁰P¹d¹3
2113 2376 2180 2403 Plin-

31 2400 104 2436 Conf-
117 2401 160 2427 Sjl'
175 2408 215 2433 14,
228 2405 275 2430 181.
1138 2410 1167 2434 4,
1178 2409 1195 2436 7
1217 2401 1245 2427 de
1254 2403 1358 2428 Graecia
1372 2409 1395 2428 et
1407 2404 1507 2436 Attica,
1525 2404 1636 2437 Locris,
1651 2405 1753 2432 Deinde
1760 2406 1935 2441 Epicnemidii
1950 2411 2180 2444 cognominantur,

64 2435 195 2463 EPHY“R
205 2437 221 2461 ἐ
232 2434 274 2461 fv
284 2442 312 2465 s,
335 2443 362 2467 a,
386 2443 441 2460 um.
479 2433 538 2460 Adi.
575 2433 738 2470 [Ἐφυρῆιος]
775 2434 851 2468 Virg.
867 2434 962 2467 Georg.
979 2443 1004 2466 2,
1018 2436 1074 2468 464
1138 2437 1205 2464 olim
1217 2437 1323 2471 Leleges
1336 2437 1475 2472 appellati,
1500 2448 1547 2474 per
1567 2449 1633 2475 quos
1650 2442 1735 2467 amnis
1749 2442 1884 2477 Cephissus
1903 2444 2024 2472 defertur
2041 2446 2070 2471 in
2097 2456 2178 2474 mare.

2 2482 14 2494 =.
29 2471 171 2505 illusasque
184 2479 249 2496 auro
262 2469 360 2501 vestes,
377 2468 560 2503 Ephyreiaque
577 2477 653 2501 aera,
678 2472 697 2495 i.
711 2470 881 2496 Corinthiaco.
918 2469 991 2506 Conf.
1011 2470 1073 2496 Stat.
1136 2475 1233 2500 Nomen
1245 2479 1325 2499 autem
1338 2471 1371 2507 qs?
1382 2483 1398 2500 a
1415 2481 1495 2500 monte
1508 2478 1592 2502 vicino
1607 2476 1743 2503 Cnemide.

29 2506 122 2533 Theb.
141 2515 170 2537 2,
188 2512 247 2539 207.
1173 2515 1190 2534 E
1206 2515 1221 2534 P
1236 2515 1245 2534 1
1259 2515 1276 2535 C
1290 2515 1309 2533 0
1323 2516 1339 2535 Ε
1354 2516 1376 2535 Ν
1390 2516 1412 2536 V
1425 2516 1446 2535 M
1457 2527 1465 2539 ‚
1501 2511 1648 2546 [ἐπίκοινον]
1685 2513 1773 2538 Latine
1786 2512 1965 2539 Promiseuum
1980 2514 2081 2542 dicitur.
2110 2516 2178 2543 Cha-

70 2546 144 2567 ΕΒΗ
156 2546 240 2572 YRI,
260 2547 347 2565 orum.
382 2547 419 2565 m.
455 2537 594 2574 [Ἒφύροι]
630 2539 696 2566 Plin.
709 2547 744 2573 4,
763 2548 780 2566 2
804 2540 962 2567 Aetolorum
980 2541 1075 2577 populi
1090 2543 1121 2575 65
1138 2544 1182 2571 ris.
1197 2552 1209 2569 2
1228 2553 1252 2578 p.
1273 2551 1318 2578 127
1331 2551 1375 2579 pr.
1413 2545 1562 2572 Promiscua
1586 2548 1645 2572 sunt
1666 2547 1790 2579 nomina,
1816 2555 1884 2580 quae
1902 2549 1997 2575 Graeci
2015 2550 2117 2576 ἐπίκοινα
2136 2561 2179 2586 ap.

3 2579 4 2582 ’
33 2572 190 2607 Athamanes
202 2593 211 2607 ,
235 2573 389 2610 Tymphaei
403 2594 412 2608 ,
437 2574 554 2609 Ephyri,
580 2581 626 2601 etc.
1137 2580 1252 2614 pellant,
1264 2585 1293 2605 vt
1304 2579 1401 2614 paffi’r,
1415 2581 1516 2614 aquila,
1530 2579 1639 2613 mustela.
1677 2582 1747 2608 Haec
1765 2582 1836 2608 enim
1857 2582 1903 2609 sub
1924 2593 1978 2610 vno
1999 2594 2094 2619 genere
2113 2587 2178 2614 duo-

1136 2614 1309 2641 rum'habent
1324 2614 1492 2640 imeneorum.
1530 2615 1600 2641 Nam
1613 2615 1732 2651 pastorem
1746 2617 1874 2644 feminam
1893 2620 2052 2653 accipimus,
2067 2629 2092 2648 et
2107 2626 2177 2658 aqui-

414 2648 441 2678 Ε
545 2648 567 2678 Ρ
671 2649 684 2678 1
1136 2651 1185 2675 Iam
1205 2654 1230 2673 et
1248 2647 1388 2680 mustelam,
1408 2657 1475 2682 quae
1493 2650 1637 2677 masculino
1652 2661 1760 2686 quoque
1774 2661 1869 2686 genere
1883 2654 2073 2689 intelligimus,
2086 2666 2178 2692 quam-

1135 2684 1176 2709 vis
1191 2683 1323 2709 feminino
1338 2692 1432 2716 genere
1446 2690 1547 2711 tantum
1561 2686 1690 2713 dicantur.
1747 2688 1878 2721 Quinem.
1894 2698 1914 2721 1,
1926 2699 1945 2723 4
1971 2691 2028 2718 Nec
2041 2692 2126 2719 statim
2138 2694 2177 2720 di-

68 2714 215 2745 Epi’ALo
225 2724 255 2749 s,
274 2716 294 2743 i.
330 2725 366 2742 m.
402 2715 542 2750 [ἤπίοελος]
580 2715 661 2740 Genus
672 2714 759 2750 febris
770 2713 803 2747 est
817 2724 845 2741 ex
855 2718 954 2749 pituita
973 2715 1071 2751 quidem
1086 2724 1122 2752 70
1138 2719 1263 2752 ligentem
1281 2718 1379 2752 putabo
1392 2719 1438 2753 qui
1457 2722 1621 2754 promiscua,
1639 2731 1707 2756 quac
1723 2723 1854 2756 Epicoena
1866 2724 2006 2759 dicuntur,
2020 2728 2177 2756 ostenderit:

24 2752 147 2790 frigida,
162 2752 209 2788 std
224 2756 322 2784 vitrea,
336 2747 545 2787 putrefafiaque:
565 2759 649 2775 nomen
662 2753 685 2775 ei
698 2749 767 2775 dedit
775 2751 874 2784 placidi
883 2752 989 2785 pellacia
998 2755 1073 2786 ponti
1137 2754 1165 2780 in
1179 2753 1275 2788 quibus
1289 2755 1362 2780 sexus
1375 2760 1486 2789 vterque
1506 2765 1553 2790 per
1564 2757 1679 2783 ‘alterum
1694 2764 1809 2792 apparet.
1866 2760 1933 2787 Gell.
1949 2770 1982 2794 13,
1998 2770 2014 2797 7
2042 2764 2176 2792 Homerus

22 2789 137 2826 subdola,
158 2797 229 2823 quam
243 2789 331 2814 Graeci
344 2792 434 2813 vocant
447 2784 506 2811 οἶλός
521 2785 650 2815 irriti-tnnc.
687 2786 755 2811 Haec
771 2787 917 2812 Hermolaus
930 2785 1072 2820 lnd.Casti-
1135 2789 1239 2819 leones,
1257 2789 1290 2814 fic
1304 2790 1376 2815 enim
1395 2790 1507 2817 feminas
1527 2801 1634 2826 quoque
1653 2793 1727 2819 virili
1747 2803 1843 2828 genere
1862 2796 1990 2830 appellat,
2005 2799 2076 2832 quod
2091 2809 2176 2834 gram-

0 2832 1 2839 1
28 2827 157 2862 gan-onum
172 2824 282 2849 minian,
296 2824 354 2849 licet
366 2821 433 2857 apud
446 2822 553 2847 Plinium
568 2820 647 2855 ipsum
661 2820 761 2854 nonfit.
796 2855 801 2860 ι
1135 2824 1226 2850 marici
1246 2825 1355 2850 ἐπίκοινον
1374 2832 1483 2858 vocant,
1504 2825 1591 2861 plures
1605 2828 1713 2862 gignere
1725 2835 1802 2864 atque
1819 2830 1929 2858 educare
1945 2835 2045 2860 catulos
2064 2834 2141 2862 dixit.

67 2864 272 2890 EPIBADES,
288 2867 342 2884 um.
371 2858 391 2884 f.
428 2853 575 2889 [ἓπιέῗοῖδες]
612 2857 703 2881 Naues.
739 2855 845 2895 lezan.
861 2856 889 2882 in
903 2856 938 2882 l.1
958 2854 982 2892 §.
993 2865 1019 2882 12
1039 2857 1070 2882 D.
1171 2866 1211 2886 ΕΡ
1222 2865 1394 2886 ICOPANO
1405 2868 1444 2892 N,
1463 2862 1482 2887 i.
1512 2871 1538 2888 n.
1574 2863 1749 2900 [ἐπικοπανόν]
1791 2867 1878 2902 Mensa
1905 2872 2049 2902 coquinaria
2081 2873 2176 2898 Polluci

31 2894 64 2922 de
75 2893 233 2921 exercitoria
248 2891 370 2925 afflone,
388 2891 523 2926 Qiaedam
539 2891 608 2917 enim
622 2899 701 2917 naues
714 2899 865 2928 onerariae,
887 2893 1014 2926 quaedam
1030 2895 1070 2924 (vt
1087 2897 1119 2925 75
1133 2892 1181 2927 est:
1201 2894 1265 2930 quod
1277 2895 1375 2921 verbum
1389 2894 1483 2928 exstare
1497 2901 1523 2924 in
1539 2899 1676 2925 Menandri
1691 2899 1810 2934 Meffbnia
1823 2903 1887 2928 idem
1905 2904 2029 2938 affinxerat.
2065 2907 2132 2932 (lain
2151 2914 2176 2933 et

0 2935 1 2941 ¹
32 2930 79 2965 ipsi
93 2929 200 2961 dicunt)
219 2927 327 2955 ἓπιέοίδες
341 2929 407 2954 sunt.
445 2927 557 2962 Bayfius,
576 2925 718 2959 Epibades,
737 2925 829 2958 alfiae,
850 2933 879 2952 vt
891 2930 986 2962 opinor,
1002 2926 1069 2962 quasi
1133 2930 1198 2965 apud
1214 2931 1348 2967 Iuriscons
1362 2931 1478 2958 Florent.
1492 2934 1523 2959 D.
1537 2933 1569 2960 de
1584 2935 1718 2969 supelle&
1733 2936 1782 2970 leg,
1803 2938 1832 2963 jd
1844 2934 1941 2965 verbum
1955 2932 2174 2976 ΠΡΕΠ-ωῑοιίθηε

31 2965 196 3000 Epibatides‚
216 2963 250 2990 ad
271 2964 381 2999 epibatas
393 2964 491 2998 solum,
515 2965 534 2988 i.
550 2961 658 2988 viiiores
674 2962 844 2988 traiiciendos.
921 2964 950 2989 Et
957 2962 1067 2998 fortaffi
1131 2975 1204 3002 quam
1218 2964 1424 3001 praestruximus.
1445 2968 1509 2995 Cael.
1522 2971 1612 3005 Antiq.
1624 2970 1693 2997 Lec'i.
1709 2982 1733 3005 7,
1747 2982 1782 2998 12.

31 3001 154 3037 legendum
167 2999 372 3035 apudIurisconſs
384 2997 546 3033 Epibatides.
589 2997 646 3023 Vid.
660 2997 798 3024 Aeiuariae
811 3006 900 3029 naues,
916 3001 942 3024 in
957 3006 1067 3025 NAVIS.
1171 3007 1187 3027 E
1199 3008 1230 3028 ΡΙ
1241 3007 1258 3027 C
1270 3003 1290 3028 ὁ
1299 3009 1313 3028 Ρ
1322 3009 1343 3027 V
1352 3008 1364 3028 S
1373 3022 1381 3034 ,
1402 3012 1415 3029 a
1424 3023 1431 3035 ,
1452 3013 1506 3030 um.
1539 3004 1598 3031 Adi.
1635 3007 1784 3042 [ἐπίκωπος]
1820 3009 1904 3035 Remis
1934 3008 2079 3042 instruHus.
2116 3013 2173 3039 Cic.

68 3042 278 3068 EPIBATAE,
298 3044 384 3061 arum.
421 3043 456 3060 m.
494 3031 646 3066 [ἔπιὲοἷτης]
679 3034 777 3059 Milites
796 3033 915 3068 claffiarii
934 3034 1067 3060 dicuntur:
1132 3038 1182 3063 Att.
1199 3039 1281 3070 14,16
1314 3038 1417 3071 Qlinto
1431 3048 1513 3066 nonas
1533 3041 1706 3069 conscendens
1725 3043 1757 3070 ab
1777 3044 1862 3070 hortis
1882 3044 2020 3072 Cluuianis
2040 3047 2068 3072 in
2084 3047 2172 3074 Phase-

32 3071 58 3099 h.
71 3080 91 3097 e.
110 3073 200 3102 milites
218 3074 246 3097 in
265 3071 366 3097 nauibus
385 3075 511 3096 merentes.
578 3069 684 3095 Vitruu.
697 3077 728 3100 2,
745 3074 758 3098 8
785 3078 845 3104 quos
863 3069 1067 3104 modo-Epibatas
1080 3076 1112 3101 80
1131 3073 1185 3098 lum
1199 3073 1354 3106 epicopum,
1368 3073 1413 3100 has
1426 3074 1488 3102 dedi
1506 3076 1604 3104 literas.
1639 3080 1697 3105 Alii
1713 3080 1799 3115 legunt
1814 3079 1978 3114 Episcopum.
2014 3082 2110 3108 Similis
2129 3093 2172 3110 va-

33 3113 189 3137 uocauerunt,
195 3104 283 3139 statim
296 3105 384 3132 deinde
396 3106 504 3140 appellat
517 3104 624 3131 milites.
692 3104 763 3131 Hirt.
777 3105 803 3131 B.
817 3104 891 3131 Alex.
909 3115 929 3131 c.
946 3114 966 3131 ιι
985 3106 1066 3140 Capta
1129 3111 1207 3134 rictas
1225 3106 1257 3141 est
1272 3109 1325 3134 Att.
1340 3117 1362 3141 ς,
1378 3118 1408 3136 ιι.

0 3155 1 3158 =
37 3140 72 3167 est
85 3150 135 3167 vna
148 3141 263 3168 hostium
274 3141 448 3176 quadriremis
463 3140 576 3174 degressa
593 3139 629 3166 est
641 3139 737 3172 altera,
756 3140 852 3167 deinde
870 3140 993 3167 omnibus
1012 3142 1066 3175 epi·
1168 3150 1209 3169 Εἰ)
1220 3150 1227 3168 ι
1238 3150 1254 3170 C
1264 3151 1281 3170 R
1291 3151 1311 3170 A
1321 3151 1367 3171 TE
1378 3152 1406 3175 s,
1426 3144 1456 3173 is.
1477 3154 1512 3172 m.
1548 3146 1728 3183 [Ἐπικράτης]
1765 3148 1962 3176 Atheniensium
1978 3151 2097 3186 princeps
2112 3152 2168 3179 Cic.

34 3175 102 3203 batis
113 3177 231 3203 nudatae.
299 3177 372 3204 Idem
387 3177 414 3204 B.
429 3177 512 3202 Afric.
529 3184 550 3209 ς,
565 3184 598 3202 20
618 3174 711 3210 ibique
726 3176 829 3202 Getulis
842 3176 997 3210 remigibus,
1012 3177 1066 3212 epi·
1130 3179 1201 3205 Fam.
1219 3181 1256 3211 16,
1271 3187 1309 3205 21.
1381 3181 1439 3206 Fuit
1453 3186 1580 3216 praeterea
1603 3183 1734 3217 Epicrates
1758 3183 1883 3218 Bidinus,
1907 3195 1921 3212 a
1941 3187 1970 3213 C.
1993 3188 2073 3214 Verre
2093 3188 2170 3214 bonis

35 3211 153 3245 batisque
172 3211 297 3246 complet.
331 3212 400 3239 Add.
421 3211 488 3238 ibid.
507 3221 528 3238 c.
541 3214 575 3237 62
595 3218 618 3237 et
631 3213 671 3243 632
723 3213 799 3246 Apud
813 3213 917 3239 Graecos
931 3212 1066 3246 Epibatae,
1129 3214 1250 3247 euersus,
1269 3221 1299 3240 vt
1317 3214 1381 3241 idem
1395 3216 1449 3242 Cic.
1462 3225 1553 3244 narrat
1569 3219 1597 3244 in
1612 3220 1689 3246 Verr.
1706 3228 1731 3251 2,
1745 3228 1769 3252 9.

31 3253 80 3282 pro
98 3245 239 3273 Vestoribus
251 3250 324 3273 etiam
335 3251 502 3284 accipiuntur.
543 3246 725 3280 lsid.Schffr.
740 3248 768 3274 a'e
779 3249 854 3274 milit.
865 3257 920 3273 nau.
936 3258 960 3280 2,
971 3257 995 3279 3-
1083 3251 1111 3280 85
1166 3257 1181 3276 E
1192 3257 1206 3276 r
1218 3256 1226 3274 1
1239 3257 1256 3276 c
1266 3257 1284 3276 R
1294 3248 1317 3276 A⁰
1328 3256 1350 3276 'r
1362 3258 1417 3284 rs,
1437 3252 1469 3278 is.
1486 3261 1521 3281 ιη,
1542 3254 1704 3289 [smum-³2²5]
1730 3254 1958 3291 1J·,-„·P01ffl‚qm-
1975 3266 2056 3283 rerum
2074 3260 2169 3292 Pomm

70 3287 316 3316 EPIBATHRA,
344 3292 382 3310 ae.
420 3283 440 3309 f.
477 3281 639 3318 [ἔπιέοἷθρα]
680 3283 765 3310 Scalae
783 3286 912 3315 nauticae,
933 3283 1020 3319 quibus
1037 3285 1066 3309 in
1128 3283 1171 3318 esi,
1189 3294 1234 3320 quo
1247 3288 1343 3312 nomine
1357 3287 1411 3315 Cic.
1425 3288 1479 3314 Ait.
1494 3297 1518 3321 2,
1532 3298 1544 3321 3
1567 3291 1704 3325 Pompeium
1717 3289 1855 3327 fignificat.
1874 3293 2030 3328 Explicantus
2049 3294 2126 3318 losum
2141 3296 2168 3319 in

0 3330 2 3334 ·
35 3326 120 3343 nauem
138 3317 310 3352 conscenditur.
348 3318 406 3346 Vici.
419 3319 524 3345 Vitruu.
541 3327 578 3350 10,
596 3326 632 3350 19.
1128 3327 1222 3347 DiAD
1234 3327 1250 3347 E
1261 3328 1326 3348 ΜΑ-

70 3359 88 3378 E
101 3359 117 3378 P
132 3358 142 3377 1
158 3358 174 3378 Β
187 3358 209 3378 A
222 3358 242 3378 Τ
256 3359 273 3379 E
286 3360 307 3380 G
321 3361 340 3381 0
355 3362 388 3388 Ε,
423 3352 601 3388 [ἓπιέῗοιτηγοί]
644 3354 729 3379 Naue:
742 3353 843 3386 eaedem,
857 3362 916 3389 quae
930 3351 1063 3386 uec‘loriae,
1164 3363 1180 3382 F.
1191 3362 1249 3382 PIC
1260 3363 1326 3383 ROC
1337 3363 1407 3390 VM,
1431 3357 1449 3384 i.
1471 3367 1497 3385 n.
1534 3359 1622 3385 Genus
1637 3360 1803 3394 vestimenti,
1817 3370 1910 3387 croceo
1924 3361 2013 3387 colore
2028 3362 2167 3396 inseetum,

0 3396 2 3405 '
35 3391 54 3414 i.
75 3386 202 3413 vestorum
223 3386 357 3415 dustrices:
386 3388 471 3416 sufflo
492 3394 587 3415 nomine
606 3398 634 3415 ex
652 3388 784 3421 ἓπιέάτηι,
807 3392 824 3415 i.
838 3387 938 3421 verior,
960 3396 983 3414 et
1002 3388 1062 3422 ἇίγω,
1128 3398 1207 3418 tenue
1226 3398 1251 3418 et
1270 3392 1437 3426 pellucidum.
1459 3394 1555 3421 Festus.
1614 3397 1681 3421 Hinc
1695 3397 1779 3423 Naeu.
1793 3397 1860 3432 apud
1879 3398 1953 3422 Varr.
1975 3397 2006 3423 de
2022 3398 2050 3423 L.
2065 3399 2093 3425 L.
2107 3401 2132 3430 6,
2153 3408 2165 3431 3

21 3423 113 3450 'duco.
148 3421 254 3456 leian.
265 3423 282 3448 l.
296 3432 306 3450 1
330 3423 379 3461 §.5
404 3425 437 3452 D.
449 3424 482 3451 de
494 3425 602 3451 exercit.
621 3424 718 3451 afiion.
745 3424 881 3458 Qiaedam
901 3426 972 3451 enim
986 3434 1064 3451 naues
1076 3432 1113 3458 90
1129 3428 1189 3454 Erat
1202 3428 1314 3454 amious
1326 3429 1463 3462 Epicroco.
1501 3430 1574 3466 Conf.
1589 3431 1711 3457 Nonium
1727 3443 1755 3465 4,
1768 3441 1826 3465 227.
1842 3439 1864 3457 et
1873 3431 1952 3457 Plaut.
1963 3433 2027 3458 Pers.
2044 3442 2063 3465 1,
2076 3437 2145 3466 3,16.

34 3458 189 3489 onerariae,
209 3457 349 3491 quaedam,
372 3465 401 3487 vt
417 3460 464 3495 ipfi
483 3460 574 3486 dicunt
587 3480 596 3492 ,
620 3459 763 3492 ἓπιέατηγοί
780 3462 853 3492 sunt,
879 3466 905 3487 et
924 3461 1062 3495 plerosque
1167 3469 1183 3489 Ε
1195 3469 1210 3488 r
1221 3470 1230 3488 1
1243 3470 1259 3490 C
1271 3469 1293 3490 'r
1306 3464 1323 3490 1}
1336 3470 1357 3490 Τ
1369 3472 1388 3490 v
1399 3472 1411 3491 s
1422 3485 1430 3497 ,
1451 3466 1469 3492 i.
1496 3474 1531 3491 m.
1569 3467 1582 3499 [
1594 3466 1732 3497 Ἐπίκτητος
1746 3469 1759 3501 ]
1794 3466 1953 3501 Philosophus
1967 3468 2075 3500 Stoicus,
2097 3473 2166 3496 cuius

0 3489 4 3519 ἶ
34 3493 158 3521 mandare
173 3492 241 3524 scio,
260 3501 293 3518 ne
305 3494 419 3522 vectores
435 3496 577 3531 recipiant,
594 3502 620 3522 et
634 3495 675 3526 sic,
688 3501 717 3522 vt
732 3502 800 3521 certa
813 3496 931 3530 regione,
952 3502 977 3523 et
991 3504 1063 3523 certo
1128 3498 1291 3525 Enchiridion
1308 3499 1437 3532 habemus,
1463 3507 1487 3527 ct
1501 3501 1627 3537 sermones
1643 3503 1673 3529 ab
1690 3505 1802 3529 Arriano
1820 3502 1945 3537 scriptos:
1976 3503 2005 3528 de
2028 3513 2073 3538 quo
2090 3507 2166 3539 plura

30 3530 104 3556 ‘mari
124 3528 283 3562 negotietur.
332 3529 488 3566 Epibategoe
505 3541 562 3568 crgo
579 3533 618 3557 uel
629 3531 765 3566 Epibategi
779 3531 946 3568 scribendum,
962 3534 1064 3559 Latinis
1129 3534 1196 3560 Gell.
1212 3543 1236 3565 2,
1250 3539 1284 3564 18.
1315 3543 1353 3569 17,
1367 3544 1403 3568 19.
1421 3543 1445 3563 et
1463 3545 1500 3569 19,
1520 3545 1538 3563 1.
1733 3535 1753 3574 ff
1772 3545 1787 3562 z
1822 3536 1955 3570 Epitfi'tetos
1978 3538 2164 3574 [Ἐπίκτητος]

0 3572 2 3580 ¹
30 3564 148 3599 Ji‘literis
154 3563 262 3599 scribere
273 3563 377 3598 placeat.
1129 3571 1217 3595 Latine
1233 3570 1378 3605 Acqmfita,
1392 3572 1433 3597 vel
1443 3571 1499 3605 Post
1513 3571 1620 3608 quaesita
1627 3589 1640 3610 ,ἱ
1650 3573 1759 3598 Aetoliae
1773 3579 1853 3606 pars,
1867 3581 1926 3607 quae
1939 3573 2022 3609 [sbrius
2042 3578 2068 3600 in
2090 3575 2164 3602 ditio.

71 3606 128 3626 EPI
139 3606 156 3626 C
168 3605 243 3625 ACT
253 3606 299 3630 18,
334 3598 387 3625 vicl.
413 3607 429 3626 E
440 3607 455 3626 Ρ
466 3607 557 3630 LPAC
568 3608 589 3628 T
602 3608 643 3628 IS.
1076 3610 1109 3636 95
1129 3614 1180 3630 nem
1200 3612 1224 3631 et
1242 3615 1326 3631 nomen
1339 3609 1481 3633 Aetolorum
1499 3606 1601 3640 venisse,
1613 3609 1653 3640 sn*
1671 3607 1808 3633 indicatur.
1846 3609 1919 3634 Hanc
1940 3618 2020 3636 vocem
2039 3611 2165 3638 Ciceroni

50 3664 54 3668 ,
71 3640 153 3662 EPIC
164 3641 207 3661 ΕΙ)
217 3640 253 3660 1v
263 3641 286 3659 M
299 3653 308 3665 ,
334 3633 351 3659 i.
386 3643 411 3660 n.
445 3635 591 3672 [ἔπικὴδιον]
639 3638 741 3663 Carmen
757 3636 879 3672 funebre,
904 3639 1002 3664 Narnia
1026 3638 1066 3663 vel
1127 3641 1198 3667 Fam.
1213 3649 1233 3671 3,
1248 3649 1275 3666 ιο
1289 3641 1350 3667 med.
1363 3641 1473 3674 restituit
1490 3642 1625 3669 metm-ius.

38 3670 156 3696 monodia.
199 3669 303 3696 Seruius
323 3672 350 3694 in
367 3669 459 3703 virgil.
472 3672 523 3701 Ec'l.
537 3680 564 3705 ς,
585 3682 619 3699 20
645 3672 787 3706 Epicedion
805 3672 856 3705 est,
875 3672 947 3708 quod
966 3673 1064 3698 dicitur
1168 3681 1183 3700 E
1197 3675 1257 3701 Pie
1269 3679 1366 3703 VRVS
1377 3697 1384 3709 ,
1405 3678 1424 3703 i.
1445 3687 1480 3704 m,
1516 3678 1671 3710 [Ἐπίκερος]
1711 3676 1810 3703 Nobilis
1827 3676 1915 3705 auftor
1934 3680 2040 3715 infamis
2055 3681 2163 3716 philoso-

23 3709 27 3712 ”
40 3704 162 3732 cadauere
175 3705 292 3732 nondum
306 3704 420 3738 sepulto:
441 3705 595 3741 Epitaphion
609 3714 712 3740 autem,
734 3708 789 3742 post
809 3709 965 3742 completam
980 3708 1069 3742 sepul-›
1121 3710 1214 3745 phiae,
1235 3720 1294 3746 quae
1306 3713 1453 3748 voluptatem
1466 3714 1586 3749 fimzmum
1599 3712 1684 3737 bonum
1691 3712 1778 3747 facit,
1799 3719 1870 3748 atque
1883 3715 1910 3740 ob
1923 3715 1952 3740 id
1964 3716 2041 3751 ipfiem
2055 3718 2162 3743 moribus

20 3742 25 3750 ¹
41 3744 120 3767 mram
132 3740 237 3767 dicitur.
282 3740 341 3766 Inde
354 3739 429 3766 Statii
440 3740 554 3773 epicedia
571 3744 597 3769 in
611 3750 710 3778 patrem
723 3750 748 3769 et
763 3743 850 3770 filium
864 3744 958 3776 Silu.3,
971 3752 983 3776 3
1004 3751 1027 3769 et
1042 3752 1063 3776 ς.
1127 3749 1230 3772 inimica
1249 3747 1357 3774 videtur.
1394 3750 1537 3783 Qzanquam
1555 3747 1604 3781 ipse
1623 3746 1687 3781 apud
1706 3748 1762 3774 Cic.
1776 3747 1808 3775 de
1822 3749 1879 3775 Fin.
1894 3759 1912 3779 1,
1928 3758 1958 3784 57
1979 3761 1999 3777 c.
2016 3757 2040 3780 18
2062 3754 2161 3784 clamat,

47 3775 100 3810 Vid.
114 3777 202 3813 Scalig.
217 3778 284 3803 Poe't.
300 3787 320 3808 1,
332 3786 355 3810 5.
392 3775 491 3801 Guther.
504 3776 531 3801 de
546 3779 597 3804 Iur.
610 3781 681 3805 Man.
695 3789 715 3809 1,
724 3786 762 3809 15.
1071 3788 1118 3805 100
1128 3789 1181 3807 non
1199 3782 1267 3815 posse
1286 3783 1400 3810 iucunde
1421 3785 1494 3814 viui,
1519 3781 1566 3807 nisi
1586 3781 1729 3815 sapienter,
1755 3783 1861 3810 honeste
1871 3804 1879 3817 ,
1905 3786 2022 3820 iusteque
2041 3788 2161 3813 viuatur:

60 3816 343 3839 ³EF1CEP1-1AL1V
356 3817 396 3842 M,
417 3811 435 3836 i.
457 3819 482 3836 ιι.
522 3813 650 3845 Tributum
665 3818 690 3840 in
700 3814 802 3850 singula
812 3817 896 3849 capita
908 3817 1062 3849 imperatum.
1127 3825 1174 3843 nec
1193 3818 1337 3851 sapienter,
1357 3819 1479 3849 honeste,
1496 3817 1577 3848 iuste,
1592 3816 1639 3843 nili
1660 3818 1783 3846 iucunde.
1819 3821 1887 3847 Add.
1906 3822 1961 3847 Cic.
1981 3823 2052 3848 Fam.
2072 3830 2105 3854 ις,
2124 3831 2159 3854 19-

13 3833 15 3882 4
44 3843 157 3874 CimAst.
172 3856 193 3880 ς,
207 3850 234 3874 16
263 3847 422 3873 Audiuimus
441 3845 509 3871 nihil
528 3846 613 3878 aliud,
633 3849 680 3875 nifi
701 3851 827 3884 imperata
846 3851 992 3883 ἒπεκεφοίλιοι
1012 3850 1062 3875 sol·
1126 3855 1166 3878 Ac
1180 3855 1256 3878 multa
1269 3854 1331 3888 fizne
1347 3856 1475 3888 praeclare
1489 3852 1518 3878 ab
1535 3853 1578 3878 illo
1591 3851 1660 3879 aubia
1674 3854 1762 3889 Psslffim
1778 3856 1881 3892 profert
1893 3857 1987 3884 Seneca.
2023 3857 2118 3883 Cicero
2133 3857 2160 3882 de

14 3894 15 3900 =
44 3880 162 3908 vere‘non
173 3884 247 3917 posle,
301 3883 374 3917 Idem
389 3883 458 3908 Fam.
472 3889 493 3913 3,
506 3886 519 3910 8
545 3881 711 3910 Exaffionem
725 3886 838 3919 capitum
853 3892 939 3911 vocat:
965 3885 1062 3911 Princi-
1127 3886 1243 3913 dash-ina
1260 3890 1343 3921 illius,
1353 3899 1423 3924 qnam
1435 3891 1541 3913 tenuiter
1552 3888 1676 3923 finscrit,
1692 3890 1819 3917 audiamus
1840 3891 1871 3917 de
1886 3892 1947 3918 Nat.
1965 3893 2043 3918 Deor.
2061 3900 2078 3920 ι,
2092 3900 2124 3925 72
2139 3901 2159 3918 e.

14 3916 15 3944 l
41 3921 98 3947 90⁸,
109 3919 201 3952 inquit,
216 3918 352 3945 ciuitatum
375 3927 390 3944 a
409 3926 450 3943 me
469 3916 645 3950 postularunt,
663 3927 695 3944 ne
707 3920 734 3945 in
750 3921 932 3947 venditionem
946 3921 1060 3948 tributo·
1126 3925 1160 3949 26
1188 3922 1236 3948 Ista
1250 3924 1320 3949 enim
1336 3933 1349 3949 a
1365 3924 1440 3949 vobis
1458 3922 1528 3957 quasi
1543 3923 1638 3950 dieiata
1652 3924 1813 3960 redduntur,
1834 3936 1900 3961 quae
1913 3928 2038 3961 Epicurus
2050 3927 2161 3952 oscitans

14 3946 15 4002 l
39 3957 112 3984 rum,
125 3958 149 3979 ct
160 3953 230 3980 illam
242 3953 428 3980 acerbissimam
440 3951 604 3979 exa&ioncm
618 3953 731 3986 capitum
742 3963 820 3990 atque
833 3956 972 3990 ostiorum,
986 3957 1060 3983 indu-
1073 3962 1117 3989 105
1126 3958 1289 3985 halucinatus
1303 3959 1339 3985 est
1349 3968 1429 4020 'bssbm
1448 3958 1555 3993 quidem
1575 3959 1732 3994 gloriaretur
1741 3982 1747 3991 ,
1768 3968 1795 3988 vt
1816 3962 1935 3989 videmus
1955 3963 1983 3988 in
2006 3962 2108 4023 strimsits
2117 3981 2123 3992 ,
2136 3962 2162 3988 se

14 4010 15 4024 ἶ
137 3994 156 4016 V
165 3996 184 4016 0
194 3996 221 4016 1..
256 3989 266 4016 1
279 3991 299 4017 1.
1324 3994 1343 4019 B
2012 3998 2080 4031 magi
2105 4006 2164 4023 rum
