2479 4225
681 198 943 245 DOL
1285 230 1289 234 ‘
1778 180 2052 220 DOM
2342 180 2411 230 256

856 286 965 315 Nequeo
981 283 1056 312 caput
1074 275 1168 304 tollere
1182 274 1218 301 ita
1230 265 1316 304 dolui,
1381 271 1506 311 Aquilius
1514 271 1621 306 Collega
1638 277 1664 297 ct
1676 268 1816 297 familiaris
1828 277 1902 295 meus
1913 269 2053 303 pertulerat
2067 268 2099 294 de
2112 267 2176 294 dolo
2191 266 2261 294 malo
2274 265 2415 301 formulas,

306 235 367 274 255

310 314 371 333 mus.
473 298 551 324 plaut·
566 296 594 321 in
605 291 872 354 Trutsslbgzjt’cssssm
893 317 972 342 Plaut.
988 313 1081 348 Amph.
1096 320 1118 345 5,
1135 321 1154 343 i,
1168 318 1193 344 7.
1264 308 1317 333 Do·
1378 315 1407 337 1,n
1418 307 1514 341 quibus
1529 307 1589 342 ipsis
1609 315 1690 342 quum
1710 315 1740 332 ex
1759 314 1791 331 eo
1811 312 1979 339 quaererem,
1999 303 2064 339 quid
2080 304 2139 330 esset
2161 303 2238 329 dolus
2255 303 2354 333 Malus,
2372 310 2413 328 re-

307 342 453 395 ίῐόἧυῗὴῗὲο
466 341 532 393 ¹¹⁰ss⁶
547 331 672 392 doffiz'stcj
697 369 705 386 Ι
728 368 742 385 2
764 365 800 381 Ἴ,
869 350 945 377 Dolet
964 358 980 375 a
994 349 1046 375 sole
1066 353 1140 381 caput
1157 345 1221 371 Plin.
1236 351 1281 382 ²:4³
1297 349 1318 375 5.
1380 341 1537 375 spondebat,
1556 352 1638 377 quum
1657 342 1715 368 esset
1735 340 1807 380 aliud
1827 338 1989 379 simulatum,
2012 338 2086 378 aliud
2105 338 2201 365 actum.
2292 338 2365 364 Idem
2373 336 2414 377 ‘de

307 376 399 434 iigizilt
411 377 511 429 lagoiiStu
524 376 595 427 {illies
607 379 724 424 lambi,
738 377 775 425 ‘ist‘
830 387 879 413 cni
897 385 995 420 placet,
1013 382 1192 410 Oblinisclfflss
1211 385 1254 404 ⁶1¹1
1272 378 1319 403 dO-
1381 377 1476 403 Natur.
1491 379 1571 405 Deor.
1586 386 1608 410 3,
1622 385 1666 412 74.
1738 377 1794 402 Cic.
1808 376 1908 409 Topic.
1922 384 1958 407 40
1976 375 2020 402 Illi
2036 384 2108 401 enim
2127 373 2219 400 dolum
2238 373 2354 405 Malum,
2371 371 2414 398 illi

446 437 450 442 ’
475 438 479 441 Α
512 436 556 462 c'-
595 441 624 459 ro
637 431 704 456 Mur.
725 436 745 452 c.
757 434 797 451 20.
911 420 1024 451 Dolere,
1038 420 1095 453 plus
1109 419 1179 443 etiam
1193 412 1235 446 cst,
1248 421 1319 448 quam
1342 416 1354 443 5
1381 411 1460 438 fidem
1478 411 1590 445 bonam,
1611 413 1653 439 illi
1669 421 1783 447 aequum
1801 411 1900 437 bonum
1912 429 1920 441 ‚
1944 416 1988 436 etc.
2078 410 2171 436 Taciti
2189 409 2262 441 doli,
2292 412 2311 434 i.
2321 407 2416 444 secreti

307 444 354 471 Μ’
374 443 493 487 ῘΠΕΨΠΨ
503 444 671 497 Ρ1“”(ΡΊ]Ἱ·Π,
686 471 698 487 2
720 469 745 491 2,
762 468 778 491 9
803 457 873 482 Haec
891 464 940 489 ego
960 454 1053 485 doleo,
1074 453 1134 478 haec
1154 451 1228 481 sunt,
1251 456 1318 483 quae
1381 447 1471 473 Valer.
1486 447 1582 481 Argon.
1597 457 1614 479 i,
1627 450 1671 481 64.
1757 447 1820 474 Doli
1834 444 1982 476 vocabulo,
2001 448 2081 481 inquit
2101 445 2203 476 Festus,
2223 453 2292 471 nune
2310 449 2414 470 tantum

307 474 478 522 Aegre-[arg.
530 479 560 496 ‘³¹¹
574 488 579 494 '
593 500 657 525 Ter,
672 481 772 522 ph'orm·
789 500 808 523 1,
824 499 845 522 3,
860 499 887 516 ¹0
909 491 975 517 Aliis
989 490 1049 524 quia
1062 487 1123 513 defit
1138 485 1208 520 quod
1221 489 1320 515 ament,
1381 482 1410 509 in
1428 482 1504 508 malis
1526 484 1644 509 vtiiuur:
1680 483 1784 517 antiqui
1807 487 1892 508 autem
1915 480 1995 507 etiam
2015 480 2044 506 in
2063 480 2141 507 bonis
2163 480 2241 506 rebus
2262 478 2412 506 vtebantur.

307 519 348 538 me
365 512 523 569 εχιὶὶυῗιῖῂὲἷ
559 536 600 561 uia
618 530 744 566 superest,
763 526 842 552 dolet.
888 526 935 553 Vbi
957 526 1088 555 Donatus,
1111 519 1271 551 Laborauit‚
1290 524 1319 544 vt
1381 517 1456 544 Vnde
1468 516 1553 543 adhuc
1567 518 1697 551 dicimus,
1716 518 1776 544 Sine
1790 518 1852 544 dolo
1868 516 1938 544 malo
1952 526 1957 541 :
1984 514 2110 543 nimirum
2128 516 2191 551 quia
2204 515 2303 542 solebat
2316 515 2368 540 dici
2387 519 2415 540 et

306 552 408 606 assfsede
441 584 449 603 t
465 546 565 606 (ὲοιὲἓ)
585 569 639 602 plus
653 566 715 595 esst,
730 570 806 596 quam
820 569 897 595 aegre
910 561 954 587 est.
1024 559 1091 584 Ter.
1106 555 1214 590 Adelph.
1230 563 1252 584 2,
1266 563 1293 586 4,
1307 557 1320 582 8
1381 553 1478 579 Bonus.
1516 551 1643 579 HaH'enus
1655 554 1751 580 Festus.
1804 555 1835 580 Et
1848 552 2006 588 prudentiam
2025 557 2095 577 notae
2113 554 2140 577 in
2153 551 2210 583 ilio,
2231 551 2327 585 Neque
2341 549 2416 575 Cice-

307 590 323 606 o
346 589 384 640 eri¹
396 587 438 604 ere
459 609 492 635 'hi
506 605 572 632 dolet
606 610 652 628 nos
665 607 743 634 paene
755 597 813 623 sero
827 597 911 629 scm-e,
923 603 969 622 etc.
1008 594 1054 620 Vbi
1068 594 1193 623 Donatus,
1213 591 1247 622 τῷ
1262 588 1319 615 ἰδιω-
1336 600 1366 618 10
1382 589 1443 615 roni
1455 594 1541 614 tamen
1553 587 1584 613 ad
1598 589 1742 615 cauendum
1755 588 1845 620 dolus,
1865 594 1910 614 aut
1927 585 2035 613 astutiae
2046 584 2152 613 deerant
2170 587 2229 613 Sall.
2243 586 2322 612 Catil.
2337 587 2377 617 26,
2390 593 2416 611 2.

307 615 354 642 Sed
371 620 483 672 &ochriissli
501 623 587 666 dolet,
598 645 646 672 1³7⁰
659 634 750 661 Doleo.
822 632 901 657 Dolet
914 629 997 661 mihi,
1013 628 1083 663 quod
1097 634 1125 654 tu
1145 634 1213 652 nunc
1227 625 1321 651 stoma·
1382 624 1451 650 Ter.
1464 624 1529 649 Eun.
1544 633 1565 655 3,
1580 631 1602 655 3,
1618 628 1630 652 8
1651 624 1704 649 iam
1717 630 1773 651 tum
1787 630 1842 650 erat
1862 623 1973 658 suspicio
1994 620 2057 647 dolo
2069 620 2138 646 malo
2158 621 2220 649 haec
2237 621 2298 648 fieri
2317 619 2418 646 omnia-

308 661 446 711 Ἶὶσμῖζ’ςὶς
469 676 501 703 ad
514 658 584 700 Brut'.
598 680 634 705 17.
702 667 787 693 Doleo
801 666 834 692 ab
847 667 947 698 animo,
960 670 986 691 et
999 664 1031 691 ab
1044 663 1128 690 oculis
1142 662 1221 689 Plaut.
1231 659 1320 686 Cistel.
1381 659 1507 694 leianus
1528 658 1560 685 de
1579 658 1643 684 dolo
1657 658 1725 684 malo
1743 659 1761 685 l.
1781 668 1790 685 i
1809 662 1837 685 in
1845 661 1930 693 princ.
1956 657 2055 683 Dolum
2070 655 2167 682 malum
2181 658 2287 684 Seruius
2309 655 2418 692 quidem

308 695 320 711 c
341 693 398 743 ar<¹5³2
449 698 453 704 ⁸
496 711 534 736 De
548 709 635 741 aliquo
649 703 751 734 dolere,
770 703 790 726 i.
804 701 882 728 dolere
891 708 995 737 propter
1009 698 1133 734 aduersam
1148 698 1254 724 alicuius
1261 694 1322 731 for·
1382 694 1419 721 ita
1433 693 1539 724 definit,
1559 693 1778 720 machinationem
1797 693 1926 728 quandam
1945 691 2051 720 alterius
2064 690 2211 725 decipiendi
2226 694 2317 725 causa,
2333 702 2418 728 quum

307 729 327 780 :ff
339 728 386 778 ¹227„
401 735 480 774 Ouid.
493 743 576 770 Trist.
589 750 617 773 4,
630 748 668 770 io,
681 743 713 771 84
740 737 801 763 Sum
816 736 912 769 miser,
931 742 956 762 et
970 735 1001 761 de
1015 743 1058 761 nie
1073 732 1143 768 quod
1156 732 1266 758 doluere
1281 729 1321 755 ni·
1383 729 1455 756 aliud
1469 730 1570 763 agitur,
1588 734 1615 755 et
1633 728 1705 754 aliud
1725 728 1870 756 simulatur.
1926 731 1957 755 Et
1966 726 2050 764 paullo
2058 724 2131 765 post,
2150 727 2238 754 Labeo
2256 728 2288 754 sic
2309 728 2418 762 definit,

306 763 342 815 hu]
425 781 472 807 DE
507 779 560 810 QV
569 777 592 802 Ο
628 773 756 801 NIHIL
790 771 812 796 D
821 772 904 798 OLV
913 771 962 798 IT
998 770 1024 797 N
1034 771 1046 796 1
1057 770 1071 795 S
1081 771 1093 795 l
1129 769 1189 795 ΜΟ
1198 766 1257 793 RT
1266 765 1320 791 EM
1339 773 1363 799 15
1382 765 1482 791 Dolum
1502 764 1600 790 malum
1624 763 1672 789 esse
1689 771 1796 790 omnem
1808 764 1993 795 calliditatem,
2011 762 2141 788 fallaciam
2150 781 2158 793 ‚
2176 764 2418 797 machinationem,

304 796 391 849 5¹1'VS
425 814 538 847 Inscript,
552 812 627 837 Grut.
644 818 668 843 p.
683 810 733 841 962
760 815 786 832 n.
800 814 825 838 9.
895 807 946 833 DE
975 806 1061 838 QVA
1096 803 1222 830 NIHIL
1249 800 1321 827 DO-
1383 800 1415 827 ad
1435 799 1713 830 circumueniendum,
1738 798 1899 832 fallendum,
1921 796 2107 833 decipiendum
2131 797 2243 825 alterum
2260 799 2419 826 adhibitam.

303 852 409 881 LVIT
445 850 470 876 N
484 850 495 874 1
508 848 521 873 S
534 848 545 873 Ι
579 843 733 872 MORTE
766 841 884 875 Inscript.
904 842 1007 867 Reines.
1034 849 1059 874 p.
1080 841 1141 873 762.
1210 839 1323 864 Dicimus
1383 835 1516 862 Labeonis
1530 834 1652 861 definitio
1666 841 1730 860 vera
1742 833 1787 859 est.
1823 841 1943 861 MALVM
1969 834 2060 860 dolum
2072 831 2178 860 adiecit.
2218 834 2325 861 Veteres
2344 835 2418 862 enim

302 892 372 915 etiam
390 893 412 912 et
424 886 472 911 Pro
485 883 575 916 aliquo
588 880 686 906 dolere.
779 877 835 902 Sen.
847 876 954 902 Consul.
968 876 1001 901 ad
1014 875 1093 901 Helu.
1114 883 1136 900 c.
1148 873 1195 900 vlt.
1216 874 1246 899 In
1263 879 1323 897 inea
1385 871 1487 897 Bonum
1501 871 1591 897 dolum
1605 869 1740 901 dicebant,
1754 874 1780 894 et
1792 876 1841 902 pro
1853 869 1964 896 Solertia
1977 869 2028 896 hoc
2038 876 2137 894 nomen
2149 869 2321 904 accipiebant,
2336 870 2421 897 maxi-

301 930 384 950 ωηιξη
398 920 502 954 persona
515 926 568 943 non
581 921 680 943 tantum
697 921 744 947 pro
758 918 783 937 te
794 911 874 938 dolet.
945 911 984 937 De
999 909 1129 936 febricula
1148 908 1257 935 alicuius
1277 906 1323 932 do·
1385 914 1427 932 me
1440 906 1457 932 fi
1469 906 1591 933 aduersus
1604 905 1704 932 hostem
1720 904 1884 930 latronemue
1896 905 1955 939 quis
1967 903 2139 931 machinetur.
2210 906 2282 931 Inter
2293 905 2384 933 dolum
2396 911 2422 933 et

301 959 353 984 lere
367 957 420 981 Cic⁸
434 955 485 980 Aa·
499 961 533 985 ¹2,
547 961 565 980 ι,
668 948 740 975 Idem
755 948 825 973 Fam.
844 949 887 979 16,
907 955 931 972 21
958 945 1038 979 Quod
1051 945 1141 979 igitur
1159 950 1217 971 tum
1236 951 1268 969 ex
1281 950 1323 968 ine
1339 952 1371 970 20
1384 940 1503 968 fraudem
1522 944 1561 968 ita
1579 939 1711 976 distinguit
1722 940 1839 966 Alciatus
1856 938 1884 964 de
1900 941 1930 966 V.
1943 940 1969 967 S.
2016 939 2098 966 Dolus
2114 938 2152 974 fit
2169 940 2272 966 alterum
2290 942 2423 968 circumue-

300 991 405 1018 doluisti
414 1010 422 1022 ,
442 998 525 1020 nune,
542 994 586 1014 etc.
654 985 734 1011 Plaut.
748 984 821 1016 Capt.
836 990 857 1015 5,
872 991 891 1015 i,
904 989 920 1016 7
940 981 1005 1008 Satis
1019 981 1072 1007 iani
1087 980 1163 1006 dolui
1179 987 1210 1005 ex
1223 978 1323 1004 animo.
1384 976 1470 1003 mendi
1486 977 1567 1012 causa.
1623 977 1704 1002 Fraus
1722 984 1780 1001 vero
1788 977 1891 1009 proprie
1905 974 2012 1008 dicitur,
2031 975 2125 1008 etiamst
2141 974 2279 1010 decipiendi
2297 975 2423 1010 confilium

300 1027 377 1054 Dolet
390 1025 491 1052 animus
503 1023 575 1050 mem
590 1022 670 1048 Mese,
684 1028 706 1051 2,
719 1027 740 1050 3,
753 1026 793 1051 54.
897 1017 950 1044 Cic.
965 1025 1013 1051 pro
1028 1017 1096 1042 Sext.
1110 1023 1153 1048 145
1169 1016 1232 1046 c.69
1252 1012 1324 1046 Qiia
1385 1021 1434 1038 non
1451 1012 1580 1048 adfuerit,
1600 1011 1648 1047 sed
1664 1014 1702 1041 is,
1722 1014 1763 1046 qui
1776 1011 1886 1044 deceptus
1899 1008 1933 1042 ‘fi
1943 1010 1995 1046 ase
2007 1011 2076 1046 ipso,
2095 1011 2136 1036 vel
2149 1020 2177 1036 εκ
2187 1017 2272 1037 euentu
2279 1011 2423 1047 fraudatus

299 1071 387 1089 meum
402 1061 494 1087 Casum
519 1058 669 1090 luelumque
682 1055 828 1080 doluerunt.
920 1051 1074 1078 Dummodo
1089 1050 1193 1077 doleant
1210 1047 1324 1083 aliquid,
1385 1045 1427 1081 qli.
1481 1048 1581 1074 Dolum
1603 1050 1662 1073 item
1683 1046 1782 1082 quidam
1803 1048 1830 1071 in
1844 1044 1982 1080 faciendo,
2001 1045 2130 1072 Fraudem
2151 1049 2178 1072 in
2202 1046 2285 1072 verbis
2303 1046 2392 1074 dicum
2405 1056 2423 1074 a

300 1097 402 1124 doleant
417 1093 547 1130 quidlibet
564 1093 636 1119 Idem
649 1092 701 1116 Att.
720 1090 756 1120 16,
775 1097 799 1114 2.
903 1088 981 1114 Dolet
1000 1086 1049 1113 hoc
1068 1086 1142 1113 cordi
1161 1094 1222 1112 tneo
1243 1085 1324 1111 Plaut.
1385 1081 1496 1118 φράζειν,
1515 1082 1580 1119 quod
1592 1080 1626 1115 est
1637 1083 1713 1118 loqui.
1751 1082 1819 1107 Haec
1830 1081 1879 1107 ille.
1930 1080 1978 1109 Sed
1993 1090 2041 1108 non
2054 1079 2097 1114 ςθὲ
2112 1088 2258 1117 perpetuam
2275 1090 2327 1108 eam
2344 1082 2424 1119 obser-

299 1132 393 1166 Amph.
407 1140 428 1163 3,
443 1139 465 1162 2,
477 1138 514 1163 4¹·
601 1125 696 1152 Dolere
710 1125 753 1150 sua
767 1123 841 1158 culpa
855 1123 984 1157 QiinEtil.
999 1122 1028 1149 iri
1043 1131 1161 1156 prooem.
1178 1122 1203 1147 6.
1275 1120 1324 1146 Da·
1341 1123 1369 1149 25
1385 1121 1523 1150 vationem,
1542 1118 1611 1154 satis
1630 1118 1737 1152 exempla
1753 1116 1847 1142 docent.
2053 1115 2075 1179 q
2102 1125 2121 1143 2
2157 1118 2284 1143 formulae
2298 1127 2305 1143 .·
2341 1118 2424 1146 Adhi-

299 1168 366 1195 mnis
381 1167 467 1193 dolere
481 1162 611 1190 claudian.
623 1169 655 1193 45
679 1160 706 1185 de
713 1162 767 1194 piis
773 1159 914 1194 fratribus.
1017 1157 1097 1183 Dolet
1109 1156 1211 1184 dic‘lum
1224 1155 1324 1190 impru-
1386 1153 1450 1180 bere
1469 1153 1576 1185 dolum,
1599 1153 1652 1180 uid.
1675 1158 1751 1179 ΑΒΗ
1761 1158 1819 1178 ΙΒΕ
1830 1157 1862 1177 O.
1934 1151 2034 1185 Capere
2052 1160 2065 1178 a
2078 1152 2167 1186 iquem
2181 1152 2251 1179 dolis
2267 1153 2342 1188 Virg.
2355 1154 2422 1181 Aen.

299 1203 370 1230 demi
382 1198 550 1229 adolescenti,
574 1199 592 1222 ι’,
605 1194 669 1231 quod
680 1195 776 1221 dixeris
788 1194 938 1229 imprudenti
950 1193 1018 1219 Ter.
1036 1193 1100 1219 Eun.
1116 1201 1139 1225 3,
1154 1201 1172 1223 1,
1184 1200 1230 1224 40.
1267 1190 1323 1217 Cic.
1388 1198 1408 1221 i,
1421 1192 1479 1223 673.
1551 1189 1616 1224 Capi
1630 1188 1712 1219 dolis,
1744 1186 1798 1213 vid.
1821 1192 1839 1214 c
1849 1193 1871 1213 A
1880 1193 1895 1212 Ρ
1904 1193 1914 1213 1
1924 1193 1951 1213 O.
2021 1187 2117 1214 Carent
2134 1187 2246 1215 successu
2266 1188 2322 1215 doli
2340 1189 2423 1216 Ouid.

299 1240 368 1266 Fam.
382 1243 403 1268 g,
418 1245 444 1262 η
466 1235 487 1260 A
501 1240 524 1260 te
537 1238 612 1266 pete,
630 1236 658 1256 vt
672 1239 741 1256 meas
754 1230 867 1256 [niurias
885 1228 997 1264 proinde
1014 1227 1118 1260 doleas,
1136 1235 1164 1254 vt
1176 1236 1219 1253 me
1237 1225 1325 1253 existi·
1386 1225 1464 1259 Epist.
1479 1233 1498 1256 1,
1512 1229 1546 1254 18.
1615 1223 1747 1257 Castigare
1762 1222 1837 1249 dolos
1856 1223 1952 1256 Virgil.
1966 1223 2030 1248 Aen.
2045 1225 2071 1254 6,
2085 1225 2143 1257 567.
2232 1224 2342 1251 Certare
2354 1224 2425 1252 doliu
2472 1245 2477 1252 .

299 1282 350 1299 mas
364 1278 389 1298 et
401 1271 504 1300 dolere,
524 1274 549 1294 et
561 1266 651 1293 vlcisci
663 1271 719 1292 tuas
732 1266 825 1291 solere.
928 1263 1001 1291 Idem
1014 1263 1125 1298 Philipp.
1138 1272 1181 1295 12,
1201 1269 1229 1295 25
1256 1260 1324 1294 Qiis
1387 1260 1432 1286 Sil.
1453 1268 1482 1295 5,
1518 1279 1524 1286 .
1562 1279 1569 1286 .
1640 1258 1845 1286 Circumducere
1858 1257 1973 1291 aliquem
1987 1267 2035 1292 pei·
2045 1258 2138 1291 dolos,
2163 1258 2216 1285 vid.
2230 1259 2256 1286 h.
2268 1268 2293 1285 v.
2364 1261 2424 1288 Cic.
2466 1273 2471 1277 ·

298 1309 380 1335 bonus
394 1314 444 1332 non
458 1305 528 1337 luget
540 1308 653 1328 mortem
665 1300 803 1328 Trebonii
816 1302 825 1326 3
849 1299 907 1334 quis
920 1308 974 1325 non
988 1299 1060 1326 dolet
1072 1298 1210 1326 interitum
1225 1297 1284 1323 talis
1297 1301 1323 1322 et
1339 1307 1372 1332 30
1387 1295 1419 1322 de
1432 1296 1528 1322 Natur.
1542 1295 1622 1321 Deor.
1637 1303 1660 1327 3,
1674 1302 1703 1329 73
1724 1303 1744 1320 c.
1759 1302 1789 1326 29
1812 1293 1909 1328 Neque
1927 1302 1982 1328 quo
1997 1293 2073 1328 paeto
2090 1293 2198 1327 fallam,
2219 1294 2360 1328 quidinde
2377 1304 2424 1323 au-

297 1344 361 1370 ciuis
384 1348 409 1368 et
430 1339 504 1366 viri?
617 1337 674 1363 Cic.
690 1337 761 1362 Fam.
779 1343 802 1368 5,
821 1341 834 1365 8
866 1334 915 1361 Sed
936 1335 1063 1370 quaedam
1082 1334 1163 1369 pestes
1181 1332 1323 1359 hominum
1385 1331 1481 1363 feram,
1512 1330 1569 1357 Nec
1582 1339 1660 1365 quem
1674 1329 1765 1356 dolum
1776 1328 1808 1355 ad
1821 1337 1882 1355 eum
1895 1335 1940 1355 aut
1953 1328 2101 1355 machinam
2115 1330 2350 1362 Cominoiiar,e1c.
2385 1333 2424 1358 Ex

296 1377 383 1404 Laude
396 1375 477 1402 aliena
489 1372 654 1404 dolentium,
672 1377 697 1398 et
714 1377 740 1398 te
759 1379 947 1405 nonnunquam
966 1379 981 1397 a
993 1379 1036 1397 me
1053 1369 1215 1400 alienarunt,
1234 1373 1260 1395 et
1280 1375 1324 1393 nie
1385 1365 1544 1402 Synephebis
1557 1365 1677 1392 Caecilii.
1747 1365 1908 1399 Comparare
1920 1363 2027 1396 dolum,
2052 1365 2212 1399 Confingere
2223 1365 2328 1398 dolum,
2353 1366 2425 1394 Con-

294 1411 434 1447 aliquando
458 1409 630 1436 immutarunt
650 1406 709 1434 tibi.
815 1407 913 1433 Leuius
936 1406 1027 1432 dolere
1050 1405 1132 1433 Ouid.
1145 1404 1175 1431 in
1187 1404 1248 1430 Ibin
1265 1410 1322 1437 257.
1386 1402 1459 1429 suere
1478 1402 1570 1433 dolos,
1606 1403 1769 1428 Conuertere
1786 1400 1812 1426 se
1831 1399 1863 1426 ad
1883 1399 1960 1426 dolos
1974 1419 1983 1432 ,
2017 1400 2112 1435 Decipi
2131 1401 2212 1433 dolo,
2244 1401 2298 1428 vid.
2318 1402 2360 1429 hb.
2379 1411 2424 1430 vv.

295 1448 389 1475 Dolent
405 1445 451 1472 hac
464 1452 493 1471 re
505 1443 576 1470 oculi
589 1442 671 1474 inihi,
691 1446 708 1468 i.
722 1452 769 1468 non
783 1442 886 1468 libenter
898 1442 957 1468 haec
974 1441 1045 1468 video
1062 1442 1130 1469 Ter.
1144 1439 1249 1466 Phorm.
1263 1447 1284 1471 5,
1299 1443 1323 1470 8,
1386 1438 1518 1464 Deficiunt
1530 1443 1612 1467 artes,
1629 1435 1806 1470 deficiuntque
1820 1434 1878 1461 doli
1888 1434 1987 1461 Tibul.
2000 1444 2020 1468 1,
2034 1445 2063 1469 4,
2076 1440 2113 1466 82.
2184 1436 2254 1464 Ter.
2267 1436 2348 1463 Andr.
2363 1446 2386 1470 3,
2395 1447 2424 1472 4,

294 1485 338 1515 64.
406 1479 520 1508 Success‘u
534 1479 643 1505 alicuius
657 1477 746 1504 dolere
761 1477 842 1503 Ouid.
857 1478 923 1503 Met.
940 1479 965 1508 6,
980 1485 1031 1508 130.
1127 1476 1225 1502 Dolere
1237 1474 1322 1501 vicem
1339 1478 1368 1504 35
1385 1483 1413 1507 4.
1483 1474 1538 1507 Ego
1554 1471 1654 1498 dudum
1667 1471 1791 1497 nonnihil
1809 1470 1911 1497 veritus
1923 1471 1979 1497 sum
1992 1471 2065 1497 Daue
2079 1470 2124 1498 abs
2136 1477 2178 1503 te,
2195 1480 2228 1498 ne
2241 1473 2339 1499 faceres
2352 1473 2424 1500 idem

293 1517 400 1544 alterius
420 1517 476 1542 Cic.
490 1516 560 1541 Fam.
575 1523 610 1545 12,
623 1522 661 1546 23.
736 1511 808 1538 Idem
821 1513 874 1538 Att.
888 1514 920 1543 6,
937 1521 949 1543 3
974 1511 1100 1538 Curionis
1116 1517 1142 1537 et
1155 1510 1237 1537 Paulli
1251 1518 1324 1535 meo·
1386 1507 1466 1541 Qiod
1488 1507 1581 1541 vulgus
1601 1506 1739 1532 seruorum
1760 1505 1841 1536 solet,
1867 1505 1937 1532 dolis
1953 1512 1982 1532 vt
2001 1515 2044 1532 nie
2066 1507 2217 1533 Deluderes.
2296 1508 2426 1542 Detegere

293 1561 352 1580 rum
365 1551 536 1579 familiarium
547 1550 634 1576 vicem
647 1547 734 1575 doleo.
836 1547 904 1574 Ter.
914 1546 1024 1581 Adelph.
1038 1556 1066 1580 4,
1079 1554 1102 1579 5,
1114 1551 1147 1579 48
1167 1547 1204 1571 Vt
1217 1554 1258 1571 me
1272 1543 1324 1570 hoe
1385 1543 1462 1570 dolos
1479 1543 1567 1569 Senec.
1582 1541 1695 1573 Thyest.
1708 1550 1730 1573 3.
1808 1541 1855 1567 Sil.
1868 1548 1894 1575 7,
1910 1549 1949 1573 153
1975 1541 2106 1568 Discinxit
2123 1543 2229 1568 ratione
2247 1541 2339 1575 dolos,
2353 1544 2440 1571 fraus.

294 1588 420 1615 delictum
432 1585 556 1613 admifiss'e
570 1586 598 1611 in
611 1592 653 1610 me
663 1583 691 1610 id
702 1582 770 1609 mihi
783 1582 952 1609 vehementer
965 1582 1046 1608 dolet.
1149 1580 1230 1606 Plaut.
1249 1580 1324 1613 Capt.
1386 1578 1485 1612 desque
1503 1577 1621 1604 resoluit.
1658 1576 1744 1612 Heius:
1767 1578 1839 1615 malit
1856 1575 1991 1615 Diffinxit,
2010 1579 2050 1604 vel
2063 1576 2195 1603 Discussit.
2261 1577 2330 1605 Ter.
2343 1579 2425 1607 Andr.

280 1649 281 1652 ,
297 1632 318 1656 1,
330 1631 354 1656 2,
371 1631 406 1656 49
433 1621 503 1647 Huic
521 1619 587 1646 illud
606 1619 694 1650 dolet,
712 1619 775 1652 quia
792 1627 859 1644 nunc
879 1618 998 1644 remiss'us
1016 1617 1053 1643 est
1071 1615 1165 1644 edendi
1184 1614 1322 1642 exercitus.
1387 1621 1410 1645 3,
1424 1622 1450 1645 2,
1463 1621 1496 1645 29
1523 1613 1566 1638 Ne
1584 1618 1613 1637 tu
1629 1610 1679 1637 hoc
1693 1611 1821 1645 posterius
1836 1611 1921 1642 dicas,
1941 1612 2011 1638 Daui
2024 1611 2132 1639 Faflum
2145 1611 2272 1645 (0116Ιί0,
2288 1619 2334 1640 aut
2346 1614 2426 1643 dolis.

296 1659 390 1685 Dicere
407 1655 479 1692 quod
497 1655 583 1682 doleat
603 1654 683 1680 Plaut.
697 1653 784 1679 Cistel.
798 1662 823 1685 2,
837 1662 858 1685 1,
872 1661 914 1680 20.
1017 1652 1104 1678 Facile
1123 1651 1152 1678 fit
1171 1651 1231 1683 illi,
1251 1648 1324 1684 quod
1332 1663 1369 1688 40
1387 1650 1518 1683 Frangere
1537 1647 1614 1674 dolos
1631 1646 1740 1673 alicuius
1753 1646 1850 1681 Virgil.
1869 1647 1966 1681 Georg.
1985 1656 2017 1681 4,
2035 1656 2099 1680 400.
2166 1648 2290 1676 inc-effere
2308 1648 2420 1684 aliquem

295 1693 396 1724 doleat,
420 1695 439 1718 i.
453 1694 555 1717 minima
569 1698 595 1717 re
607 1694 778 1719 commonetur,
799 1695 822 1714 et
839 1688 873 1714 ad
892 1691 957 1714 iram
969 1693 1123 1723 prouocatur
1141 1687 1210 1712 Ter.
1224 1687 1289 1711 Eun.
1302 1693 1326 1716 3,
1387 1683 1472 1714 dolis,
1496 1683 1550 1709 vid.
1572 1690 1580 1708 1
1592 1689 1614 1709 N
1625 1688 1667 1708 cf.
1677 1688 1689 1707 s
1698 1689 1711 1709 s
1722 1687 1754 1708 o.
1824 1681 1967 1708 instructus
1980 1683 2049 1709 dolis
2062 1682 2137 1716 Virg.
2152 1683 2216 1709 Aen.
2230 1691 2254 1716 2,
2269 1691 2319 1716 152..
2370 1685 2422 1710 Lu-

297 1738 316 1761 1,
330 1734 366 1761 58.
460 1725 608 1752 Dolendum
623 1724 658 1751 est
676 1725 770 1750 Horat.
783 1724 813 1749 in
825 1724 888 1750 Arte
900 1724 972 1749 Poet.
981 1731 1035 1749 102.
1141 1722 1172 1748 In
1185 1727 1237 1746 tam
1251 1719 1328 1754 graui
1388 1718 1451 1744 dere
1470 1717 1538 1744 dolis
1557 1717 1674 1751 aliquem
1683 1736 1692 1748 ,
1714 1717 1769 1743 vid.
1790 1723 1807 1743 1.
1816 1723 1864 1743 VD
1874 1723 1894 1742 V
1904 1725 1927 1743 s.
1996 1718 2090 1744 Latens
2108 1718 2186 1745 dolus
2203 1719 2265 1745 Stat.
2277 1717 2369 1745 Theb.
2385 1726 2425 1751 10,

294 1763 404 1789 vulnere
424 1761 565 1787 dolendum
585 1760 622 1787 est
640 1759 695 1787 cic.
709 1758 780 1786 Brut.
793 1767 818 1791 9.
921 1759 997 1785 Fines
1015 1758 1118 1785 censere
1136 1755 1246 1782 dolendi
1264 1755 1326 1781 Stat.
1387 1760 1442 1787 237.
1496 1753 1610 1778 Mouere
1631 1751 1725 1777 dolum
1738 1757 1794 1778 arte
1813 1750 1954 1778 Id.Theb.
1971 1761 2008 1784 iz,
2025 1758 2074 1785 183.
2147 1754 2264 1781 Nediere
2277 1753 2352 1781 dolos
2365 1754 2424 1780 Sen-
2474 1778 2477 1781 ,

293 1798 355 1825 suu·
369 1804 392 1829 3,
406 1803 427 1828 ³¹,
446 1798 483 1821 61·
1387 1786 1480 1814 Theb.
1501 1795 1511 1813 1
1520 1806 1528 1818 ‚
1564 1805 1571 1812 .
1606 1805 1614 1811 .
1649 1786 1702 1811 vid.
1724 1793 1745 1811 N
1754 1792 1826 1812 ECT
1839 1791 1870 1811 0.
1941 1787 2038 1819 Operti
2050 1787 2107 1813 doli
2119 1788 2207 1814 Valer.
2217 1790 2316 1822 Argon.
2331 1797 2354 1821 5,
2368 1793 2425 1821 248.

330 1839 347 1859 D
357 1838 400 1859 OL
410 1838 418 1856 1
429 1837 449 1857 T
460 1837 479 1855 v
490 1837 502 1856 s
530 1829 582 1860 est,
611 1834 661 1863 pro
679 1829 776 1855 Doluit.
810 1830 881 1855 Vett.
900 1829 1019 1863 Inscript.
1042 1826 1109 1864 apud
1129 1827 1235 1853 Gruter.
1270 1824 1293 1850 D
1306 1824 1325 1849 E
1337 1831 1372 1858 45
1387 1823 1476 1850 Patent
1489 1821 1546 1848 doli
1564 1821 1637 1847 Idem
1651 1821 1749 1854 Argon.
1764 1829 1784 1851 i,
1797 1822 1842 1853 64.
1868 1854 1873 1860 Ι
1914 1819 2007 1859 Tacit.
2019 1822 2088 1846 Ann.
2102 1829 2131 1853 4,
2144 1824 2176 1851 68
2194 1823 2310 1849 Strueret
2322 1823 2428 1856 dolum,

296 1869 349 1902 QV
358 1868 379 1893 A
416 1864 543 1892 NIHIL
578 1863 600 1888 A
608 1862 629 1888 L
637 1864 649 1888 I
656 1864 679 1887 V
687 1864 711 1888 D
746 1864 769 1889 D
776 1863 800 1888 O
808 1864 828 1889 L
836 1865 847 1890 I
855 1865 885 1890 T
892 1866 915 1891 V
922 1865 937 1890 S
972 1866 991 1890 E
999 1865 1013 1891 S
1020 1864 1050 1890 T
1085 1863 1114 1889 N
1125 1864 1136 1888 Ι
1147 1863 1161 1887 S
1172 1863 1185 1887 Ι
1219 1860 1277 1886 ΜΟ
1286 1860 1308 1885 R
1316 1875 1325 1880 -
1387 1858 1483 1884 caeteri
1499 1856 1573 1883 testes
1585 1855 1704 1882 adessent.
1774 1854 1888 1881 Sublatis
1901 1853 1969 1881 dolis
1981 1856 2085 1890 aperire
2098 1856 2201 1891 aliquid
2209 1878 2218 1890 ‚
2238 1860 2258 1884 i.
2270 1857 2427 1894 referrefine

297 1902 326 1930 Τ
335 1902 396 1929 ΕΜ·
432 1908 450 1927 D
458 1907 475 1927 C
483 1904 499 1926 C
507 1907 524 1926 L
535 1906 552 1925 Χ
563 1905 580 1924 Χ
589 1905 608 1925 Χ
616 1904 635 1923 Χ
644 1904 653 1922 1
663 1904 672 1922 1
681 1904 690 1922 1
700 1916 708 1928 ³
729 1905 756 1929 4.
792 1904 816 1922 et
846 1904 890 1924 Dc
899 1905 916 1923 e
925 1905 941 1923 1,
950 1906 969 1924 x
979 1907 997 1924 x
1005 1907 1025 1924 x
1034 1906 1053 1924 x
1062 1905 1071 1923 1
1081 1905 1091 1922 1
1100 1904 1109 1922 1
1118 1903 1127 1920 1
1137 1915 1146 1927 ,
1170 1904 1197 1928 4.
1387 1892 1452 1918 dolis
1465 1891 1540 1924 Virg.
1553 1891 1617 1915 Aen.
1632 1899 1670 1922 12,
1685 1892 1725 1916 26.
1796 1890 1914 1924 Suspeeti
1927 1889 1983 1916 doli
1996 1891 2083 1918 Valer.
2096 1893 2195 1926 Argon.
2210 1901 2230 1924 ι,
2244 1900 2303 1925 243.
2350 1893 2427 1920 Ten.

333 1944 351 1963 D
360 1944 379 1963 0
388 1943 475 1962 LENS
485 1956 494 1969 ‚
512 1933 586 1960 entis.
622 1931 714 1958 Panic.
747 1930 867 1964 [οἷλγῶν]
903 1931 960 1957 Cic.
973 1932 1006 1957 de
1020 1933 1079 1957 Fin.
1099 1939 1125 1962 2,
1145 1936 1177 1962 37
1204 1929 1262 1954 Nec
1279 1926 1326 1952 ha·
1387 1926 1449 1951 dere
1461 1925 1538 1963 dolos
1556 1925 1623 1950 Hor.
1638 1924 1719 1958 Epod.
1732 1932 1811 1955 2‚=34.
1862 1925 1972 1952 versare
1989 1925 2065 1952 dolos
2077 1926 2107 1952 in
2118 1926 2227 1960 pectore
2239 1927 2428 1964 Virg.Aen.4,

298 1973 390 2000 herent
412 1971 464 1997 vlla
485 1977 516 1996 ex
535 1974 606 2003 parte
628 1965 728 2000 aliquid
746 1971 790 1992 aut
808 1964 898 1991 dolens
918 1970 962 1991 aut
978 1973 1104 1999 aegrum,
1135 1966 1154 1989 i.
1167 1969 1211 1989 aut
1227 1962 1325 1987 malum.
1387 1962 1441 1992 563.
1497 1960 1588 1984 Vitare
1601 1958 1693 1984 dolum
1706 1959 1810 1984 Lucret.
1822 1965 1848 1989 2,
1859 1963 1912 1990 558,
1952 1981 1957 1982 .

298 2007 397 2035 Sallust.
411 2006 439 2032 in
452 2003 568 2039 Iugurth.
582 2008 615 2035 84
634 2001 762 2028 Diffitarc
780 2001 831 2026 sese
851 1999 1013 2026 consulatum
1033 2007 1064 2024 ex
1083 1997 1162 2024 vietis
1182 1996 1235 2023 illis
1255 1994 1327 2030 quasi
1342 2004 1374 2031 50
1426 1992 1474 2021 1³6
1483 2001 1499 2020 L
1510 1995 1550 2020 O's
1560 1999 1581 2019 V
1591 2000 1620 2025 S,
1637 2002 1667 2033 a,
1689 2001 1742 2019 um.
1777 1991 1839 2018 Adi.
1874 1991 2002 2029 [δολερδς,
2015 1993 2105 2026 δ’ὅλως,
2123 1993 2278 2032 &examii-nr]
2316 1998 2427 2026 Fraudu-

300 2043 382 2077 spolia
406 2041 494 2075 cepiffe
510 2050 515 2065 :
549 2038 601 2065 alia
623 2042 754 2072 praeterea
778 2035 916 2069 magnifica
938 2043 987 2070 pro
1009 2035 1035 2061 se
1044 2055 1052 2066 ,
1080 2040 1106 2060 ct
1123 2033 1176 2060 illis
1201 2030 1327 2058 dolentia.
1387 2030 1475 2056 lentur.
1511 2029 1592 2055 Plaut.
1607 2027 1683 2063 Epid.
1696 2036 1720 2060 3,
1732 2036 1758 2060 2,
1769 2029 1801 2059 36
1824 2028 1879 2062 Ego
1897 2028 2016 2064 aliquam
2035 2029 2135 2065 parabo
2153 2031 2270 2059 dolosam
2282 2032 2428 2069 fidicinam⁹

300 2080 400 2106 Damna
418 2076 506 2102 dolens
526 2074 611 2100 aliena
633 2073 694 2099 Stat.
707 2071 771 2097 Silu.
786 2078 808 2103 ς,
828 2078 851 2103 ς,
865 2078 910 2104 47.
1016 2069 1073 2096 Soli
1092 2069 1176 2104 igitur
1195 2067 1245 2094 hoc
1265 2075 1326 2093 con·
1388 2073 1471 2091 numo
1485 2063 1615 2091 conducta
1628 2071 1694 2098 quae
1707 2062 1745 2090 fit.
1817 2063 1905 2090 Amici
1922 2064 2006 2091 dolosi
2020 2065 2091 2092 feri-e
2103 2065 2198 2100 iugum
2214 2068 2314 2101 pariter
2332 2071 2427 2098 Horat,

300 2114 380 2148 tingit
397 2110 521 2146 sapienti,
545 2115 573 2136 vt
590 2107 657 2134 nihil
676 2107 753 2133 faciat
774 2106 887 2139 inuitus,
910 2104 979 2131 nihil
1000 2104 1106 2136 dolens,
1132 2103 1201 2130 nihil
1220 2101 1325 2128 coaetus
1390 2101 1478 2128 Carni.
1492 2109 1512 2133 1,
1525 2107 1561 2133 35,
1576 2101 1618 2125 26.
1687 2099 1762 2125 Artes
1783 2097 1864 2125 Ouid.
1880 2099 1945 2126 Met.
1959 2107 1994 2132 ις,
2007 2107 2067 2135 473.
2121 2101 2178 2128 Cic.
2193 2111 2242 2137 pro
2254 2103 2346 2131 Rabir.
2359 2105 2427 2133 Post,

301 2149 357 2175 Cic.
370 2148 398 2174 in
411 2145 498 2173 Parad.
513 2152 534 2177 5.
628 2142 777 2168 -Auriculae
790 2140 898 2167 conec-Zia
915 2140 991 2166 sorde
1005 2140 1121 2167 dolentes
1139 2140 1233 2167 Horat.
1248 2136 1327 2172 Epist.
1389 2145 1409 2169 4
1434 2135 1523 2162 Pulsus
1538 2136 1640 2161 interea
1652 2143 1734 2169 regno
1746 2133 1908 2161 Ptolemaeus
1924 2134 2020 2161 dolosis
2040 2136 2154 2164 consiliis
2172 2140 2218 2170 (vt
2236 2138 2305 2166 dixit
2318 2139 2428 2176 Sibylla,

302 2193 321 2216 1,
334 2192 360 2216 2,
375 2191 409 2216 53,
500 2180 557 2207 Plus
569 2177 654 2205 nimio
668 2177 756 2204 dolens
775 2177 847 2203 Ideni
860 2177 947 2203 Carm.
964 2184 985 2208 1,
997 2184 1033 2208 33,
1047 2184 1066 2202 1.
1169 2173 1265 2200 Lenire
1281 2172 1327 2199 do·
1344 2175 1373 2203 55
1388 2171 1462 2198 sensit
1475 2170 1626 2200 Postumus)
1644 2171 1755 2196 Romam
1770 2170 1852 2196 venit.
1948 2171 2018 2197 Gens
2036 2172 2118 2198 Ouid.
2132 2173 2199 2199 Met.
2215 2181 2255 2208 14,
2273 2182 2314 2207 92-
2365 2177 2426 2204 Ille.

303 2220 398 2245 lentem
410 2215 517 2242 solando
529 2214 622 2248 Virgil.
637 2215 700 2240 Aen.
713 2221 741 2245 4,
754 2220 807 2244 393·
909 2211 964 2238 Cic.
980 2212 1051 2237 Fam.
1065 2218 1088 2243 ς,
1102 2215 1116 2240 3
1137 2209 1272 2243 Quaedam
1285 2217 1328 2244 pe·
1390 2206 1484 2234 cebrae
1501 2205 1640 2234 Claudian.
1654 2205 1686 2232 de
1699 2204 1780 2232 Laud.
1793 2205 1895 2232 Stilich.
1909 2214 1937 2238 2,
1959 2209 2010 2238 136.
2079 2208 2181 2235 Mulier
2199 2210 2294 2238 Horat.
2305 2211 2387 2239 Serm.
2398 2221 2428 2246 2,

303 2255 350 2280 stes
362 2252 498 2279 hominum
513 2250 588 2276 laude
600 2249 685 2275 aliena
698 2247 852 2274 dolentium.
931 2247 1016 2273 Locus
1033 2246 1125 2272 dolens
1145 2244 1328 2277 Scribon.229.
1389 2250 1413 2277 5,
1425 2250 1469 2277 70.
1540 2242 1646 2270 Numus
1664 2241 1746 2268 Plaut.
1759 2241 1825 2268 Pers.
1838 2241 1906 2276 prol.
1919 2249 1957 2267 12.

303 2289 409 2316 Dolenti
424 2288 495 2313 Loco
512 2284 696 2320 superpositum
708 2282 779 2310 Idem
797 2284 857 2310 206.
933 2281 1042 2309 Dolenti
1055 2280 1194 2308 Stomacho
1208 2280 1256 2306 effe
1276 2281 1328 2310 186.
1425 2276 1472 2305 Βό
1481 2285 1498 2305 L
1507 2279 1527 2305 6
1536 2285 1548 2305 s
1558 2284 1575 2305 E
1584 2297 1591 2304 .
1628 2276 1694 2304 Adu.
1731 2273 1864 2312 [δολερῶς]
1904 2277 1960 2305 Cic.
1972 2277 2026 2304 Off.
2039 2286 2063 2311 3,
2081 2280 2112 2305 61
2137 2287 2159 2305 c.
2171 2286 2198 2313 15
2222 2281 2314 2315 Qum
2327 2281 2427 2311 dicitur

303 2322 457 2351 Dolentibus
478 2320 665 2362 superpofituin
682 2327 721 2352 95.
739 2356 743 2360 .
902 2315 939 2379 ’Ξ
959 2326 975 2344 2
1015 2316 1155 2357 Vsurpatur
1173 2322 1195 2343 et
1210 2315 1330 2346 Doliens,
1390 2313 1460 2341 intei-
1477 2313 1562 2340 bonos
1578 2313 1754 2354 bene-agier:
1782 2312 1927 2353 quidquam
1944 2313 1988 2348 agi
2008 2313 2099 2340 dolose
2118 2318 2172 2342 aut*
2181 2315 2313 2344 malitiose
2324 2318 2428 2352 potest!

300 2364 327 2387 in
345 2369 400 2385 aeuo
415 2365 494 2383 tamen
507 2357 623 2392 sequiori.
680 2357 720 2382 Ita
733 2354 829 2380 mVet.
843 2352 908 2379 Chri
934 2361 985 2379 ian.
998 2354 1117 2386 Inscript.
1134 2351 1201 2386 apud
1214 2351 1371 2382 Fabrett.60
1390 2350 1531 2385 Comparat.
1559 2347 1688 2383 Cupidius
1711 2348 1840 2375 accusauit
1864 2353 1890 2376 et
1913 2348 2029 2376 dolosius
2054 2350 2147 2376 Areon.
2165 2350 2225 2377 Ped.
2245 2352 2275 2379 111
2294 2354 2372 2383 Vett.
2392 2353 2426 2381 ae
2464 2374 2468 2379 .

300 2405 325 2431 p.
341 2402 388 2429 572
421 2390 676 2419 IVLIANICAE
705 2389 845 2416 PATER
880 2389 931 2416 ET
956 2388 1108 2415 MATER
1139 2386 1326 2414 DOLIENS
1387 2384 1552 2413 Praet.Vrb.

301 2432 320 2458 F
327 2431 345 2456 Ε
355 2432 374 2456 ς
382 2430 400 2455 Ε
408 2429 430 2455 R
437 2429 469 2458 F„
495 2434 518 2453 et
536 2427 601 2452 alias
619 2426 653 2453 ib.
1424 2426 1444 2446 1)
1452 2418 1471 2447 ὅ
1478 2427 1496 2447 1.
1505 2427 1525 2448 o
1534 2427 1547 2447 s
1556 2419 1569 2448 1⁰
1576 2426 1598 2447 'r
1606 2427 1628 2448 A
1635 2427 1649 2448 s
1656 2439 1665 2453 ,
1684 2420 1741 2447 atis.
1776 2419 1798 2448 f.
1838 2417 1897 2448 Vid.
1909 2420 2023 2456 interpr.
2037 2419 2117 2448 Sirac.
2128 2427 2172 2456 37,
2189 2429 2213 2454 3.

338 2472 355 2491 D
365 2472 383 2491 o
392 2472 407 2490 L
417 2470 427 2489 1
437 2470 457 2489 T
467 2463 487 2488 V
496 2469 513 2488 i<
522 2469 541 2487 v
550 2469 563 2488 s
572 2481 580 2494 ,
599 2470 621 2492 a,
641 2469 694 2487 um.
730 2459 822 2486 Partic.
840 2464 848 2472 ·
859 2458 1005 2492 [ἰλγῆσων]
1039 2457 1101 2485 1.ὶι1.
1114 2465 1155 2490 39,
1182 2476 1189 2483 .
1216 2475 1223 2482 .
1250 2457 1329 2490 Igno-

304 2500 416 2527 miniane
430 2499 472 2524 sua
484 2505 641 2532 quemquam
657 2495 805 2522 doliturum
823 2494 937 2521 censeret
951 2496 960 2520 3
1226 2525 1232 2531 .
1764 2493 1796 2524 D
1889 2493 1919 2524 Ο
2014 2493 2054 2526 Μ

339 2543 357 2562 1)
366 2542 384 2561 o
393 2541 408 2560 ι
417 2541 432 2560 Ε
443 2541 461 2559 Ν
473 2540 518 2559 ov
528 2540 539 2558 s
549 2552 556 2563 ‚
576 2541 605 2564 a,
625 2541 678 2558 um.
714 2531 806 2558 Partic.
843 2530 898 2556 Cic.
908 2530 979 2556 Fam.
994 2537 1030 2561 12,
1043 2535 1072 2560 23
1093 2528 1168 2559 Quae
1182 2524 1327 2553 vlciscenda
1341 2526 1372 2559 65

305 2569 401 2597 etiamst
412 2578 464 2595 „012
479 2569 535 2594 sunt
548 2567 665 2594 dolenda.
767 2565 849 2592 Ouid.
861 2565 939 2600 Epist.
952 2573 974 2598 ς,
988 2570 1002 2594 8
1022 2564 1097 2596 Qia'e
1110 2562 1184 2588 venit
1203 2561 1328 2596 indignae
1426 2565 1445 2585 D
1454 2558 1551 2590 ὀΜΑ,
1568 2559 1625 2586 atis.
1658 2568 1685 2586 n.
1720 2556 1831 2594 [δῶμα]
1870 2558 1983 2587 Τιέῖιιηι.
2020 2560 2133 2588 Hieron.
2154 2561 2186 2589 ad
2199 2562 2307 2592 Sunium
2323 2567 2351 2590 et
2363 2563 2424 2592 Fre-

307 2614 388 2640 poena
399 2604 506 2630 dolenda
518 2604 598 2629 venit.
685 2601 742 2628 Fiet
755 2601 865 2627 deorum
877 2600 909 2627 ab
923 2599 1075 2627 hominibus
1089 2597 1202 2624 dolenda
1215 2596 1330 2624 discessio
1388 2594 1479 2620 tellam
1487 2595 1526 2621 T.
1536 2603 1555 2627 4
1574 2604 1599 2629 p.
1612 2603 1643 2628 39
1663 2595 1694 2621 D.
1709 2595 1810 2622 Froben.
1846 2596 1925 2628 Δῶμοι
1938 2596 1967 2622 111
1980 2596 2163 2624 Orientalibus
2174 2598 2323 2625 Prouinciis
2336 2598 2423 2633 ipsum

308 2641 382 2675 Apul,
402 2640 428 2665 i„
440 2639 540 2665 Tsism,
560 2647 582 2672 p,
596 2646 632 2670 9¹·
1389 2628 1503 2662 dicitur,
1522 2631 1591 2664 quod
1606 2630 1674 2664 apud
1688 2631 1796 2657 Latinos
1807 2630 1915 2657 tectum.
1966 2632 1996 2657 In
2016 2632 2156 2659 Palaestina
2175 2633 2247 2659 enim
2265 2638 2292 2659 et
2304 2633 2421 2668 Aegypto

341 2682 357 2701 D
367 2682 385 2702 o
395 2683 410 2701 L
420 2681 435 2699 Ε
447 2681 467 2700 Ν
480 2680 524 2700 ΤΕ
533 2680 560 2700 R.
595 2672 662 2699 Adii.
698 2668 841 2705 [ὅδννηρῶς]
878 2670 933 2696 Cic.
948 2670 1019 2696 Fam.
1033 2676 1071 2700 10,
1084 2676 1119 2700 24
1135 2667 1183 2694 Sed
1196 2666 1328 2702 quidquid
1389 2679 1436 2685 ——-
1469 2674 1527 2705 non·
1537 2665 1634 2692 habent
1652 2666 1680 2693 in
1692 2665 1767 2692 tectis
1780 2666 1911 2698 culmina,
1931 2665 1974 2692 sed
1988 2666 2115 2699 Domata,
2132 2676 2199 2703 quae
2211 2668 2311 2695 Romae
2323 2668 2420 2695 Solaria

307 2711 357 2737 tibi
375 2709 473 2739 scribo,
493 2709 609 2736 dolenter
628 2705 777 2734 mehercule
795 2704 893 2738 magis,
913 2714 992 2739 quam
1012 2703 1119 2730 inimice
1139 2704 1218 2729 facio.
1289 2703 1330 2730 Sic
1338 2714 1373 2741 70
1391 2701 1434 2728 vel
1454 2702 1578 2728 Meniana
1596 2708 1706 2732 vocant,
1733 2701 1761 2727 id
1781 2701 1833 2733 est,
1851 2700 1927 2735 plana
1946 2700 2030 2733 tet‘Ita,
2052 2711 2119 2737 quae
2136 2703 2286 2731 transuersis
2305 2703 2430 2732 trabibuu>

309 2754 355 2779 pro
368 2746 451 2770 Domo
465 2745 506 2770 sua
519 2749 557 2776 98.
671 2741 796 2768 Dolenter
811 2740 929 2766 homines
949 2740 1068 2765 ferebant
1085 2738 1170 2764 Valer.
1185 2737 1294 2764 Maxim.
1308 2745 1331 2769 3,
1391 2736 1572 2763 sustentantur.
1614 2737 1738 2771 Denique
1756 2742 1783 2763 et
1797 2737 1826 2762 in
1839 2736 1910 2762 Aciis
1924 2737 2110 2770 Apostolorum
2120 2757 2129 2770 ,
2141 2742 2200 2770 (10,
2213 2747 2230 2771 9
2248 2736 2329 2772 δῶμα,
2342 2738 2422 2771 Vuig.

310 2787 339 2812 5,
359 2788 382 2806 2.
484 2780 606 2805 Dolenter
625 2777 674 2804 hoc
694 2776 778 2802 dicam
796 2775 882 2809 potius
901 2783 978 2809 quani
993 2773 1183 2800 contumeliose
1203 2773 1258 2799 Cic.
1273 2771 1332 2798 Phi·
1392 2772 1543 2804 superiora,
1563 2778 1592 2797 vt
1606 2769 1632 2805 fi
1649 2770 1745 2806 ὗπιριῖον
1764 2774 1927 2805 interpretari
1943 2772 1977 2797 ad
1993 2772 2091 2799 verbum
2103 2774 2196 2807 vellet)
2214 2773 2304 2799 Petrus
2317 2773 2424 2807 quando

310 2815 397 2849 lipp.8
417 2823 437 2840 c.
452 2821 476 2848 7.
567 2815 677 2848 Compar.
712 2811 793 2839 Ouid.
809 2811 872 2837 Met.
886 2820 918 2844 4,
934 2811 987 2842 246
1012 2809 1060 2835 Nil
1078 2808 1132 2834 vllo
1151 2809 1237 2834 fertur
1256 2807 1331 2833 volu·
1391 2805 1504 2832 ascendit
1524 2807 1552 2831 in
1568 2807 1668 2838 Doma,
1689 2807 1717 2832 in
1730 2805 1827 2832 tectum
1845 2805 1960 2832 aedificii
1977 2807 2113 2835 ascendiire
2132 2806 2275 2833 credendus
2293 2807 2336 2833 est.
2392 2806 2426 2835 Et

311 2858 381 2876 crum
398 2849 544 2875 moderator
561 2857 689 2884 equorum
726 2847 782 2874 Post
797 2846 968 2872 Phaetonteos
988 2844 1079 2870 vidisse
1099 2843 1230 2869 dolentius
1249 2843 1330 2877 ignes.
1392 2840 1498 2875 quando
1511 2841 1670 2874 praecipitur
1681 2840 1759 2866 nobis
1778 2841 1872 2872 (Deut.
1885 2849 1928 2874 22,
1943 2847 1957 2871 8
1977 2841 2075 2872 ποιήσειε
2092 2841 2194 2875 ewulm
2210 2842 2245 2874 τῷ
2263 2839 2361 2876 donar!
2377 2854 2424 2876 aa,

312 2886 341 2911 Et
354 2883 407 2910 Cic.
421 2893 466 2918 pro
479 2884 545 2909 Sext.
561 2892 589 2916 14
610 2893 630 2909 c.
646 2886 662 2909 6
687 2883 719 2908 At
734 2888 805 2909 certe
816 2881 949 2907 dolentius
963 2879 1158 2914 deplorandam.
1344 2884 1377 2912 75
1394 2876 1472 2909 Vulg.
1486 2877 1594 2902 Murum
1608 2875 1673 2902 teeti
1692 2884 1738 2910 per
1750 2875 1906 2908 circuitum)
1929 2883 1958 2903 vt
1977 2878 2102 2904 faciamus
2116 2877 2221 2903 Domati
2239 2877 2330 2906 nostro
2348 2887 2424 2906 coro-

347 2925 471 2945 DOLEN
483 2926 502 2945 T
515 2926 522 2944 1
534 2926 571 2949 A,
601 2928 638 2945 ae.
674 2918 693 2943 f.
725 2925 772 2953 pro
792 2918 889 2943 Dolore.
927 2915 1041 2943 Arnobii
1061 2914 1103 2948 effe
1123 2914 1226 2940 dicitur.
1261 2912 1332 2938 Nae·
1350 2933 1353 2937 .
1394 2919 1469 2941 nam,
1488 2910 1537 2937 hoc
1549 2910 1722 2945 praecipitur,
1741 2917 1770 2937 vt
1788 2911 1817 2937 in
1837 2910 1908 2938 tee‘lo
1928 2912 2053 2938 faciamus
2072 2920 2118 2945 per
2138 2911 2280 2939 circuitum
2298 2914 2425 2948 quasdam

312 2954 383 2980 vium
402 2955 478 2980 etiam
496 2953 596 2985 dixisse,
619 2960 734 2980 memorat
757 2953 825 2978 Gell.
847 2960 891 2985 19,
907 2959 933 2986 7.
988 2950 1061 2987 Cous.
1079 2949 1194 2977 Borrich.
1212 2950 1292 2985 Cogit.
1305 2947 1333 2974 de
1395 2946 1566 2978 eminentias,
1584 2954 1616 2972 ne
1629 2946 1715 2972 facilis
1732 2945 1760 2972 in
1772 2955 1891 2981 praeceps
1910 2946 1993 2980 lapsus
2011 2945 2051 2973 sit.
2101 2948 2150 2973 Pro
2165 2948 2254 2974 Latino
2271 2952 2355 2977 utitur
2372 2949 2425 2986 ipse

313 2991 340 3015 1...
361 2990 388 3015 L.
412 2997 439 3024 p,
459 2999 495 3024 9¹·
1393 2982 1504 3008 Hieron.
1516 2981 1593 3016 Epist.
1607 2981 1638 3007 ad
1653 2981 1866 3016 Exsuperantium
1880 2981 1918 3008 T.
1933 2990 1943 3007 1
1966 2981 1985 3007 f.
1998 2990 2028 3014 95
2043 2982 2071 3008 B.
2098 2982 2166 3008 Cum
2184 2991 2247 3017 ergo
2284 2999 2330 3006 --
2363 2993 2425 3020 pm.

348 3031 365 3050 D
377 3030 396 3049 0
406 3031 421 3050 L
430 3031 463 3050 Es
473 3032 488 3050 C
498 3030 532 3055 Ο,
563 3026 616 3050 ὅτε.
653 3022 734 3055 ΜΝ,
754 3022 818 3058 quod
835 3022 931 3048 Dolere,
967 3021 1045 3048 Gloss‘.
1064 3021 1110 3048 Gr.
1124 3020 1179 3046 Lat.
1198 3016 1318 3052 ἄχθομαι
1326 3036 1334 3049 ,
1393 3017 1535 3052 pemodum
1548 3017 1577 3043 in
1591 3015 1694 3043 domate
1707 3017 1861 3043 constitutus
1874 3015 1904 3043 sis
1917 3027 1924 3047 ;
1949 3025 2004 3042 non
2017 3016 2094 3043 debes
2107 3017 2139 3043 ad
2153 3018 2296 3046 tollendam
2308 3020 2434 3048 tunicam

312 3058 402 3089 doleo,
421 3058 528 3085 dolesco,
1347 3060 1379 3087 80
1393 3053 1463 3080 tecle
1482 3051 1643 3079 descendere.
1703 3053 1872 3084 Receneiores,
1893 3054 1937 3088 qui
1951 3058 1999 3087 pro
2017 3052 2084 3078 domo
2103 3059 2155 3079 iota
2172 3053 2326 3090 usurparunt
2349 3055 2426 3090 (vid.
2473 3072 2476 3074 ψ

345 3103 393 3124 Do
403 3103 418 3122 1.
429 3095 440 3123 f
451 3103 468 3123 1)
478 3103 533 3126 vs,
552 3105 580 3128 a,
600 3105 653 3122 um.
689 3095 749 3122 Adi.
785 3095 854 3122 Cael.
869 3094 957 3121 Aurei.
972 3095 1046 3121 Acut.
1060 3103 1086 3127 3,
1101 3103 1113 3126 3
1140 3093 1234 3121 Omnis
1247 3099 1333 3120 motus
1396 3088 1484 3115 Barth.
1494 3097 1530 3120 33,
1543 3089 1579 3122 8)
1598 3089 1692 3113 imitati
1699 3088 1761 3122 stml
1781 3094 1888 3118 veteres,
1908 3089 1950 3122 qui
1962 3086 2079 3114 Τθὲἲυῑη
2097 3088 2175 3115 eadem
2189 3093 2287 3117 ratione
2299 3090 2425 3118 dixerant.

313 3131 414 3158 dolidus
427 3131 461 3157 est
480 3131 588 3158 humore
601 3131 727 3165 oppreffis.
761 3130 835 3157 Idem
848 3139 870 3162 3,
883 3132 908 3156 6.
1392 3125 1515 3150 Caeterum
1536 3124 1606 3150 Iocusv
1620 3122 1660 3149 elle
1670 3122 1785 3158 superior
1800 3124 1945 3161 Hieroripmi
1955 3122 2032 3156 fimul
2047 3123 2163 3158 describit
2182 3125 2253 3151 nobis
2264 3125 2425 3158 Peribolum,

348 3174 415 3192 nor
426 3165 507 3197 iro,
521 3170 572 3191 are.
599 3167 646 3192 Fre
667 3172 737 3193 nent.
772 3167 839 3192 Cato
852 3167 883 3192 de
896 3165 965 3191 KR.
978 3173 1000 3192 c.
1010 3171 1053 3199 157
1072 3166 1133 3190 Vno
1146 3163 1231 3191 verbo
1243 3162 1333 3190 omnia
1393 3165 1417 3186 et
1431 3169 1475 3186 cur
1494 3167 1519 3185 eo
1538 3161 1633 3185 nominc
1650 3164 1697 3192 pro
1712 3157 1814 3184 Solario
1831 3159 1866 3191 oli
1879 3159 1949 3191 Jmt,
1968 3156 2079 3191 viendit.
2129 3160 2252 3188 Meniana
2270 3161 2337 3189 nihii
2353 3161 2425 3188 aliud

315 3201 370 3227 sana
383 3201 475 3231 faciet,
491 3201 560 3226 inu-0
572 3209 635 3234 quae
665 3201 803 3228 olitabum,
1393 3193 1451 3228 effe,
1472 3203 1543 3230 quam
1561 3195 1628 3220 ilium
1649 3192 1818 3226 Periboluna,
1845 3200 1970 3219 coronam
1988 3193 2071 3226 illam,
2099 3204 2221 3222 monemus
2232 3196 2258 3233 s.
2275 3198 2294 3224 Ι.
2349 3196 2424 3234 Cons-

348 3242 471 3262 oocvs
483 3255 491 3267 ,
511 3235 529 3262 i.
555 3244 589 3260 m.
624 3233 727 3271 [δόλος]
763 3238 865 3271 Proprie
885 3233 917 3269 est
935 3235 1029 3261 occulta
1048 3237 1114 3261 ratio
1133 3233 1243 3260 nocendi.
1280 3235 1332 3260 Do.
1349 3234 1378 3263 85
1393 3234 1676 3257 CHALCIDICVM
1696 3237 1721 3254 n.
1735 3237 1756 3260 3.
1791 3233 1955 3255 DEAMBV
1968 3234 2195 3257 ιΛΤοκινΜ.

318 3269 356 3307 lus
372 3279 385 3296 a
398 3269 533 3296 Laedendo
542 3290 550 3301 ‚
568 3268 607 3304 (fi
619 3271 726 3297 audimus
739 3272 870 3298 Donatum
889 3272 917 3297 in
929 3271 997 3297 Ter.
1012 3271 1076 3296 Eun.
1091 3278 1112 3301 3,
1130 3278 1159 3301 3,
1175 3274 1209 3302 9)
1230 3268 1314 3295 diCtus
1323 3288 1330 3299 ,
1430 3272 1448 3291 D
1459 3271 1479 3291 O
1489 3272 1513 3292 Μ
1523 3272 1544 3291 Α
1555 3270 1614 3291 1311.
1627 3271 1657 3290 ¹8
1667 3283 1675 3295 ‚
1708 3270 1726 3290 D
1736 3271 1756 3292 0
1766 3270 1790 3288 M
1799 3271 1820 3290 A
1829 3269 1903 3290 TOR
1913 3283 1922 3295 9
1956 3264 2009 3291 vid.
2037 3271 2054 3290 D
2065 3270 2084 3291 Ο
2095 3272 2147 3291 Μν
2157 3272 2184 3293 3.

321 3311 329 3328 ι
359 3305 392 3330 est
411 3313 423 3330 a
438 3305 570 3337 Dolando,
591 3304 617 3331 id
631 3305 665 3331 est
679 3306 836 3339 minuendo,
855 3315 914 3332 nam
928 3312 953 3332 et
967 3303 1033 3332 δόλος
1045 3306 1156 3337 Graece,
1176 3304 1255 3330 laelio
1269 3305 1334 3330 dici·
1429 3305 1763 3330 DOMESTchT1M‚
1788 3305 2056 3332 DOMESTICVS,
2080 3307 2346 3335 DOMICILIVM,
2364 3307 2424 3329 DO-
2469 3327 2475 3335 ,

319 3343 329 3363 t
348 3347 379 3376 'st
408 3345 431 3364 et
450 3341 576 3373 Dolones,
597 3340 647 3366 tela
660 3341 784 3374 quaedam
797 3342 909 3368 bellica:
937 3347 962 3368 et
977 3340 1081 3372 dolare,
1098 3339 1167 3366 fabri
1184 3340 1283 3374 lignum
1298 3339 1334 3365 est
1396 3342 1421 3361 M
1433 3342 1442 3361 1
1455 3341 1526 3362 COE
1537 3342 1557 3360 Ν
1570 3341 1579 3361 1
1591 3341 1661 3366 VM,
1697 3340 1774 3360 DOM
1786 3340 1795 3360 1
1808 3341 1852 3360 DV
1863 3339 1881 3360 C
1893 3341 1953 3367 VS,
1985 3341 2145 3363 DOMINO
2157 3344 2194 3370 R,
2228 3343 2424 3371 DOM1st,

321 3373 383 3398 ascia
396 3374 505 3411 caedere.
541 3376 606 3400 iim
620 3376 742 3402 Donatus.
835 3377 914 3402 Plaut.
927 3377 1000 3410 Capt.
1013 3384 1038 3407 2,
1052 3384 1071 3408 i,
1080 3378 1113 3402 26
1132 3374 1195 3401 Doli
1209 3383 1265 3401 non
1278 3374 1334 3401 doli
1396 3377 1416 3396 1>
1427 3377 1445 3397 0
1456 3377 1498 3396 Ml
1510 3378 1524 3397 P
1533 3378 1552 3398 O
1561 3377 1579 3397 R
1588 3377 1609 3397 Τ
1618 3377 1639 3396 A
1648 3389 1656 3402 ‚
1685 3369 1738 3395 vid·
1758 3376 1776 3396 D
1787 3374 1807 3395 0
1818 3376 1842 3395 M
1851 3376 1872 3396 V
1884 3375 1910 3395 S·

323 3407 378 3431 sunt
394 3407 503 3445 lusi-astu
517 3409 595 3435 colas:
622 3413 640 3435 ι’.
655 3411 780 3445 uimJuam
798 3412 898 3438 nocendi
915 3415 1042 3437 amittunt.
1135 3411 1203 3437 Ter.
1216 3410 1295 3436 Andr.
1311 3419 1376 3444 3,90
1432 3411 1450 3430 D
1462 3412 1482 3431 O
1496 3413 1519 3431 M
1534 3413 1542 3432 1
1556 3411 1578 3432 Τ
1592 3412 1600 3431 ¹
1613 3412 1633 3431 Α
1649 3425 1656 3436 ³
1690 3406 1754 3431 Gt‘ffl‘
1774 3404 1879 3436 ”Ofili-‘2
1904 3406 2085 3440 C0gn⁰mi²1ibu5
2101 3405 2236 3441 dfflivzfla,
2265 3407 2348 3443 qualia
2361 3405 2425 3443 fim!

326 3448 346 3469 ὃ,
358 3443 388 3465 26
409 3442 478 3479 Prius
491 3452 564 3475 quani
576 3444 666 3471 harum
680 3446 772 3472 scelera
786 3452 811 3471 et
822 3446 943 3472 lacrimae
956 3445 1080 3472 confictae
1093 3444 1170 3478 dolis,
1184 3452 1228 3472 etc.
1264 3445 1332 3471 lbid.
1395 3440 1582 3473 Aenobarbus,
1602 3440 1682 3472 Afer,
1700 3440 1805 3473 Labeo,
1821 3440 1937 3472 Marsus,
1958 3440 2040 3467 Nero.
2084 3444 2123 3469 De
2136 3443 2257 3469 Domitio
2269 3442 2356 3469 Marso
2369 3436 2423 3469 uid.

327 3481 346 3501 1,
359 3482 376 3503 ¹,
391 3482 427 3505 ¹33
450 3475 527 3500 Simul
547 3478 676 3505 sceleratus
690 3481 791 3513 Dauus,
809 3481 825 3507 fi
840 3481 903 3515 quid
923 3481 1024 3507 confilii
1043 3480 1136 3513 habet,
1154 3488 1183 3507 vt
1199 3481 1333 3508 consumat
1393 3475 1514 3503 Brouckh-
1531 3476 1566 3502 ad
1578 3475 1645 3502 Tib·
1657 3486 1691 3509 42
1707 3482 1740 3506 ¹5-

328 3515 405 3565 punc,
423 3518 503 3547 q.¹'¹¹.¹¹¹
515 3510 578 3536 nihil
591 3513 675 3553 obsint
686 3515 749 3541 doli.
851 3516 945 3549 Vir-gil.
960 3517 1023 3542 Aen.
1039 3525 1058 3548 3,
1073 3524 1120 3547 390
1141 3516 1222 3543 Dolus
1235 3526 1266 3542 an
1280 3517 1333 3543 vir-
1431 3517 1449 3537 D
1459 3518 1479 3537 0
1488 3518 1512 3537 Μ
1521 3519 1529 3537 1
1539 3519 1560 3537 T
1571 3517 1580 3536 1
1592 3518 1613 3537 A
1623 3517 1644 3536 N
1653 3517 1674 3535 v
1683 3517 1696 3536 s
1709 3530 1717 3541 ‚
1747 3510 1765 3536 i.
1801 3519 1837 3550 m.
1871 3509 1977 3536 Flauius
1986 3530 1994 3543 ‚
2019 3511 2160 3548 Vespasiani
2171 3511 2260 3548 filius,
2285 3512 2424 3548 Imperator

340 3549 384 3570 us,
403 3551 457 3574 quis
476 3552 502 3568 in
521 3542 589 3569 hoste
601 3556 718 3583 ⁴roquu-at
732 3551 740 3575 ζ
811 3551 957 3577 Μῡῃςῑοῃ.ς
974 3551 1041 3577 dolis
1060 3551 1160 3578 Auffior
1172 3551 1204 3578 ad
1219 3553 1333 3579 Herem,
1388 3545 1496 3583 saeuitia
1509 3549 1608 3572 nimius.
1652 3545 1708 3572 Vid.
1727 3545 1796 3571 Suet.
1814 3553 1842 3572 in
1853 3545 1915 3572 Vita
1927 3549 1991 3578 eius,
2012 3554 2036 3573 et
2049 3548 2216 3575 Aure1.Vie't.
2233 3556 2255 3572 e.
2269 3555 2301 3573 11.

329 3584 355 3606 4,
370 3577 411 3607 ⁶7-
512 3577 610 3603 Veneni
625 3581 695 3608 dolus
714 3585 796 3611 Catul.
810 3594 847 3618 zi,
863 3595 899 3612 io.
922 3588 940 3612 i.
959 3595 1073 3612 venenum
1087 3594 1133 3621 per
1145 3587 1224 3613 dolum
1243 3588 1335 3614 exhibi-
1347 3590 1378 3616 95
1431 3588 1509 3608 DOM
1519 3588 1528 3607 1
1539 3587 1561 3607 'r
1571 3589 1579 3607 1
1590 3588 1668 3608 ANV
1679 3588 1707 3613 s,
1725 3589 1748 3611 a,
1768 3589 1821 3607 um.
1852 3580 1913 3607 Adi.
1955 3583 1997 3613 Vt,
2010 3582 2162 3610 Domitiana
2174 3581 2300 3616 quaestio,
2314 3581 2426 3615 i.stulta.

329 3617 393 3668 ίυνζιά,
414 3616 440 3634 ut
460 3619 485 3668 {a
502 3616 590 3656 [Ji—reas.
607 3646 611 3650 ι
655 3618 706 3643 Cic.
717 3618 755 3657 ¹de
768 3621 860 3647 Natur.
873 3622 953 3647 Deor.
968 3629 989 3652 3,
1001 3629 1017 3656 7
1038 3622 1109 3654 Qud
1123 3631 1186 3657 ergo
1201 3623 1243 3649 isti
1264 3623 1335 3653 doli,
1397 3618 1525 3653 originem
1534 3623 1590 3652 pete
1607 3626 1636 3643 ex
1655 3616 1671 3642 l.
1688 3623 1719 3650 27
1741 3615 1764 3641 ff.
1785 3616 1832 3650 qui
1845 3616 1899 3642 test.
1915 3616 1963 3643 fac.
1983 3619 2043 3651 poss'.
2064 3619 2081 3644 s.
2102 3619 2120 3646 Ι,
2133 3624 2160 3647 28
2185 3617 2225 3643 tit.
2242 3625 2260 3643 1.
2295 3618 2424 3654 Sedprae-

330 3652 374 3677 qui
403 3652 458 3693 'tuac
469 3653 550 3694 111110,
569 3646 631 3678 quid
644 3648 769 3684 fallaciae,
790 3656 1009 3690 praestigiaeque,
1030 3665 1092 3682 nuni
1106 3657 1157 3683 fine
1171 3659 1273 3685 ratione
1288 3658 1335 3685 esse
1388 3651 1444 3686 stat
1457 3659 1534 3679 totum
1542 3659 1648 3687 ponere:
1673 3651 1805 3677 Domitius
1819 3651 1907 3678 Labeo
1925 3652 2000 3679 Celso
2019 3654 2064 3680 suo
2083 3654 2196 3681 salutem.
2250 3653 2371 3685 Quaero,
2389 3661 2424 3679 an

331 3685 467 3737 potuerupt
486 3699 490 3702 ⁴
552 3679 587 3728 [ὁ.
601 3689 648 3718 pro
662 3683 743 3711 Domo
759 3689 800 3714 sua
813 3693 841 3721 36
861 3691 928 3718 Illud
941 3692 969 3718 in
983 3691 1073 3724 primis
1086 3701 1117 3718 ne
1131 3701 1180 3726 qua
1188 3693 1335 3726 calumnia,
1396 3688 1501 3714 testium
1513 3695 1624 3713 numero
1638 3685 1772 3712 habendus
1785 3686 1814 3713 fit
1828 3687 1866 3717 is,
1882 3688 1944 3722 qui,
1962 3697 2020 3715 cum
2033 3694 2137 3724 rogatus
2150 3687 2185 3713 est
2198 3686 2228 3713 ad
2241 3688 2423 3714 testamentum

331 3722 359 3738 n«-
377 3721 425 3746 qua
452 3721 517 3741 raus,
534 3721 563 3737 nc
581 3723 637 3746 quis
650 3715 720 3743 dolus
732 3721 890 3751 adhibeatur.
960 3727 1034 3760 Virg.
1044 3728 1106 3752 Aen.
1120 3735 1141 3759 5,
1155 3736 1203 3759 390
1399 3722 1581 3753 scribendum,
1601 3721 1669 3748 idem
1690 3730 1810 3755 quoque,
1827 3731 1884 3748 cum
1905 3723 2002 3750 tabulas
2021 3723 2167 3758 scripsisset,
2183 3721 2323 3756 signauerit
2338 3725 2347 3750 3
2382 3725 2424 3750 Iu-

482 3762 514 3786 V,
532 3761 659 3793 quondam
675 3764 747 3792 Crem
766 3769 847 3797 scmu-
866 3773 1027 3806 ¹abyrimhus
1046 3776 1073 3802 in
1093 3777 1146 3803 alta
1346 3769 1394 3787 100
1401 3757 1505 3784 bentius
1518 3757 1605 3783 Celsus
1618 3756 1735 3782 Labeoni
1747 3758 1793 3782 suo
1807 3758 1921 3784 salutem.
1975 3761 2028 3786 Aut
2039 3768 2092 3785 non
2106 3758 2240 3791 intelligo,
2255 3758 2320 3792 quid
2331 3758 2377 3789 fit,
2393 3758 2426 3784 de

481 3795 622 3834 Parietibus
642 3803 738 3837 textum
756 3804 834 3829 caeci,
850 3805 898 3831 iter
935 3811 991 3836 anci
1011 3811 1030 3837 it
1094 3821 1110 3836 u
1402 3801 1455 3827 quo
1467 3801 1514 3832 me.
1522 3792 1694 3831 consulueris,
1714 3798 1757 3831 aut
1769 3792 1854 3818 valide
1866 3793 1941 3820 stulta
1952 3795 1988 3820 est
2001 3793 2155 3832 consultatio
2175 3799 2228 3819 tua.
2282 3793 2340 3820 Plus
2353 3794 2426 3819 enim

482 3830 555 3855 Mille
578 3839 627 3855 viis
647 3830 756 3860 habuiss'e
775 3837 872 3864 dolum.
904 3827 911 3838 '
993 3820 1008 3844 p
1033 3821 1092 3846 emq
1113 3821 1126 3837 ο
1401 3836 1478 3862 quam
1492 3827 1634 3853 ridiculum
1647 3826 1683 3852 est
1696 3826 1831 3859 dubitare,
1850 3837 1882 3855 an
1895 3829 1991 3864 aliquis
2005 3830 2062 3855 iure
2074 3825 2143 3853 testis
2156 3827 2290 3855 adhibitus
2304 3828 2349 3861 sit,
2361 3837 2425 3863 quo·
2452 3828 2455 3832 '

334 3879 420 3904 mandi
440 3878 494 3904 doli
513 3880 626 3912 Proper-t.
641 3888 661 3910 3,
680 3889 707 3909 23
737 3887 759 3910 ,Β
854 3888 890 3912 Ca
922 3889 927 3893 ,
947 3890 962 3915 d
994 3893 999 3898 ⁶
1397 3863 1468 3889 niam
1482 3861 1551 3887 idem
1570 3868 1595 3887 et
1608 3861 1707 3887 tabulas
1722 3863 1864 3890 testamenti
1877 3864 2015 3899 scripserit.

335 3915 421 3939 inanes
439 3914 495 3940 doli
513 3914 586 3947 Virg.
602 3901 739 3948 Georgj'4,
750 3902 809 3948 4-00·
892 3894 929 3913 uu
964 3892 1000 3917 oli
1020 3895 1105 3921 senec.
1120 3896 1197 3922 Herc.
1211 3897 1270 3923 Oet.
1289 3898 1338 3924 6ii.
1436 3903 1481 3923 Do
1492 3903 1513 3922 Μ
1526 3904 1534 3923 1
1548 3903 1569 3922 ‘r
1583 3903 1619 3922 iv
1630 3904 1642 3923 s
1667 3897 1744 3929 deus,
1787 3905 1804 3924 n
1814 3906 1865 3925 OM
1879 3906 1887 3924 1
1902 3905 1924 3925 τ
1935 3907 1953 3925 o
1966 3905 1984 3925 R
1994 3918 2003 3930 ,
2041 3902 2059 3922 n
2071 3901 2090 3922 o
2100 3903 2126 3922 M
2136 3903 2144 3922 1
2155 3902 2177 3923 ‘r
2189 3904 2206 3924 a
2216 3904 2271 3934 tx,
2306 3904 2425 3926 Domi»

913 3923 965 3949 Cic.
979 3928 1029 3953 off.
1047 3938 1069 3961 3,
1083 3933 1110 3956 ⁶1
1128 3931 1254 3960 Nondum
1267 3933 1338 3959 euim
1354 3935 1425 3962 1051·
1438 3938 1532 3966 vna,
1560 3937 1762 3967 noniirvs,
1797 3934 1849 3961 vid.
1867 3939 1992 3966 nomo.
2007 3931 2055 3969 sub
2071 3937 2213 3965 DOMVS-

2300 3971 2425 3996 Domno-
