<?xml version="1.0" encoding="UTF-8"?>
<!DOCTYPE html PUBLIC "-//W3C//DTD XHTML 1.0 Transitional//EN"
    "http://www.w3.org/TR/xhtml1/DTD/xhtml1-transitional.dtd">
<html xmlns="http://www.w3.org/1999/xhtml" xml:lang="en" lang="en">
 <head>
  <title>
</title>
<meta http-equiv="Content-Type" content="text/html;charset=utf-8" />
  <meta name='ocr-system' content='tesseract 3.04.00' />
  <meta name='ocr-capabilities' content='ocr_page ocr_carea ocr_par ocr_line ocrx_word'/>
</head>
<body>
  <div class='ocr_page' id='page_1' title='image "./novuslinguaeeter02gesn_0559.png"; bbox 0 0 2479 4225; ppageno 0'>
   <div class='ocr_carea' id='block_1_1' title="bbox 0 3899 741 3938">
    <p class='ocr_par' dir='ltr' id='par_1_1' title="bbox 0 3899 741 3938">
     <span class='ocr_line' id='line_1_1' title="bbox 0 3899 741 3938; baseline -0.004 -8"><span class='ocrx_word' id='word_1_1' title='bbox 0 3901 2 3903; x_wconf 45' lang='grc'><strong><em>’</em></strong></span> <span class='ocrx_word' id='word_1_2' title='bbox 47 3918 51 3922; x_wconf 78' lang='lat'><em>,</em></span> <span class='ocrx_word' id='word_1_3' title='bbox 76 3906 117 3930; x_wconf 82' lang='lat' dir='ltr'>ait</span> <span class='ocrx_word' id='word_1_4' title='bbox 128 3906 155 3929; x_wconf 82' lang='lat' dir='ltr'>in</span> <span class='ocrx_word' id='word_1_5' title='bbox 167 3902 221 3936; x_wconf 64' lang='lat' dir='ltr'>dtjffl</span> <span class='ocrx_word' id='word_1_6' title='bbox 234 3903 262 3929; x_wconf 76' lang='lat' dir='ltr'>de</span> <span class='ocrx_word' id='word_1_7' title='bbox 275 3906 365 3938; x_wconf 78' lang='lat' dir='ltr'>optimo</span> <span class='ocrx_word' id='word_1_8' title='bbox 380 3899 562 3936; x_wconf 67' lang='lat' dir='ltr'>interpretandi</span> <span class='ocrx_word' id='word_1_9' title='bbox 574 3909 676 3936; x_wconf 78' lang='lat' dir='ltr'>genere,</span> <span class='ocrx_word' id='word_1_10' title='bbox 695 3908 741 3927; x_wconf 82' lang='lat' dir='ltr'>etc.</span> 
     </span>
    </p>
   </div>
   <div class='ocr_carea' id='block_1_2' title="bbox 44 713 382 750">
    <p class='ocr_par' dir='ltr' id='par_1_2' title="bbox 44 713 382 750">
     <span class='ocr_line' id='line_1_2' title="bbox 44 713 382 750; baseline 0.012 -12"><span class='ocrx_word' id='word_1_11' title='bbox 44 716 47 718; x_wconf 81' lang='grc'><em>“</em></span> <span class='ocrx_word' id='word_1_12' title='bbox 87 713 207 739; x_wconf 70' lang='lat' dir='ltr'>aestimes</span> <span class='ocrx_word' id='word_1_13' title='bbox 215 733 221 743; x_wconf 94' lang='lat'>,</span> <span class='ocrx_word' id='word_1_14' title='bbox 240 715 382 750; x_wconf 78' lang='lat' dir='ltr'>intelligas-</span> 
     </span>
    </p>
   </div>
   <div class='ocr_carea' id='block_1_3' title="bbox 56 1103 512 1136">
    <p class='ocr_par' dir='ltr' id='par_1_3' title="bbox 56 1103 512 1136">
     <span class='ocr_line' id='line_1_3' title="bbox 56 1103 512 1136; baseline 0.004 -7"><span class='ocrx_word' id='word_1_15' title='bbox 56 1110 59 1113; x_wconf 92' lang='grc'><em>·</em></span> <span class='ocrx_word' id='word_1_16' title='bbox 83 1103 174 1136; x_wconf 85' lang='lat' dir='ltr'>viam,</span> <span class='ocrx_word' id='word_1_17' title='bbox 194 1103 287 1130; x_wconf 86' lang='lat' dir='ltr'>eodem</span> <span class='ocrx_word' id='word_1_18' title='bbox 302 1105 368 1131; x_wconf 88' lang='lat' dir='ltr'>duce</span> <span class='ocrx_word' id='word_1_19' title='bbox 381 1105 512 1131; x_wconf 74' lang='lat' dir='ltr'>redibant.</span> 
     </span>
    </p>
   </div>
   <div class='ocr_carea' id='block_1_4' title="bbox 28 1635 541 1664">
    <p class='ocr_par' dir='ltr' id='par_1_4' title="bbox 28 1635 541 1664">
     <span class='ocr_line' id='line_1_4' title="bbox 28 1635 541 1664; baseline 0 -3"><span class='ocrx_word' id='word_1_20' title='bbox 28 1657 38 1664; x_wconf 30' lang='grc' dir='ltr'>χ</span> <span class='ocrx_word' id='word_1_21' title='bbox 76 1635 145 1661; x_wconf 71' lang='lat' dir='ltr'>tibus</span> <span class='ocrx_word' id='word_1_22' title='bbox 156 1636 292 1662; x_wconf 77' lang='lat' dir='ltr'>maioribus</span> <span class='ocrx_word' id='word_1_23' title='bbox 303 1637 375 1662; x_wconf 77' lang='lat' dir='ltr'>rebus</span> <span class='ocrx_word' id='word_1_24' title='bbox 389 1635 519 1663; x_wconf 79' lang='lat' dir='ltr'><em>adhibetur</em></span> <span class='ocrx_word' id='word_1_25' title='bbox 533 1646 541 1661; x_wconf 79' lang='lat'>.-</span> 
     </span>
    </p>
   </div>
   <div class='ocr_carea' id='block_1_5' title="bbox 0 0 72 3914">
    <p class='ocr_par' dir='ltr' id='par_1_5' title="bbox 0 0 72 3914">
     <span class='ocr_line' id='line_1_5' title="bbox 0 0 72 3914; baseline 0 0"><span class='ocrx_word' id='word_1_26' title='bbox 0 0 72 3914; x_wconf 95' lang='lat' dir='ltr'> </span> 
     </span>
    </p>
   </div>
   <div class='ocr_carea' id='block_1_6' title="bbox 87 189 749 265">
    <p class='ocr_par' dir='ltr' id='par_1_6' title="bbox 87 189 749 265">
     <span class='ocr_line' id='line_1_6' title="bbox 87 189 749 265; baseline 0 -25"><span class='ocrx_word' id='word_1_27' title='bbox 87 206 178 265; x_wconf 61' lang='lat'>1985</span> <span class='ocrx_word' id='word_1_28' title='bbox 371 244 375 251; x_wconf 54' lang='grc'><strong>,</strong></span> <span class='ocrx_word' id='word_1_29' title='bbox 452 189 505 240; x_wconf 67' lang='lat'>&#39;1</span> <span class='ocrx_word' id='word_1_30' title='bbox 590 200 633 240; x_wconf 94' lang='lat' dir='ltr'>N</span> <span class='ocrx_word' id='word_1_31' title='bbox 713 200 749 240; x_wconf 93' lang='lat' dir='ltr'><strong>E</strong></span> 
     </span>
    </p>
   </div>
   <div class='ocr_carea' id='block_1_7' title="bbox 87 285 1132 572">
    <p class='ocr_par' dir='ltr' id='par_1_7' title="bbox 87 285 1132 572">
     <span class='ocr_line' id='line_1_7' title="bbox 89 285 1131 323; baseline 0 -9"><span class='ocrx_word' id='word_1_32' title='bbox 89 287 169 316; x_wconf 81' lang='lat' dir='ltr'>Ratio</span> <span class='ocrx_word' id='word_1_33' title='bbox 183 287 227 315; x_wconf 85' lang='lat' dir='ltr'>est.</span> <span class='ocrx_word' id='word_1_34' title='bbox 334 288 400 315; x_wconf 90' lang='lat' dir='ltr'>Cato</span> <span class='ocrx_word' id='word_1_35' title='bbox 414 289 447 315; x_wconf 83' lang='lat' dir='ltr'>de</span> <span class='ocrx_word' id='word_1_36' title='bbox 459 289 491 315; x_wconf 88' lang='lat' dir='ltr'>R.</span> <span class='ocrx_word' id='word_1_37' title='bbox 506 289 537 315; x_wconf 80' lang='lat' dir='ltr'>R.</span> <span class='ocrx_word' id='word_1_38' title='bbox 550 298 572 315; x_wconf 89' lang='lat' dir='ltr'>c.</span> <span class='ocrx_word' id='word_1_39' title='bbox 587 297 603 315; x_wconf 91' lang='grc'>2</span> <span class='ocrx_word' id='word_1_40' title='bbox 620 288 674 315; x_wconf 87' lang='lat' dir='ltr'>Vbi</span> <span class='ocrx_word' id='word_1_41' title='bbox 693 297 723 315; x_wconf 85' lang='lat' dir='ltr'>ea</span> <span class='ocrx_word' id='word_1_42' title='bbox 739 287 881 323; x_wconf 85' lang='lat' dir='ltr'>cognouit,</span> <span class='ocrx_word' id='word_1_43' title='bbox 901 285 1042 313; x_wconf 81' lang='lat' dir='ltr'>Rationem</span> <span class='ocrx_word' id='word_1_44' title='bbox 1060 287 1131 314; x_wconf 85' lang='lat' dir='ltr'>inire</span> 
     </span>
     <span class='ocr_line' id='line_1_8' title="bbox 89 322 1132 360; baseline -0.001 -10"><span class='ocrx_word' id='word_1_45' title='bbox 89 329 196 358; x_wconf 84' lang='lat' dir='ltr'>oportet</span> <span class='ocrx_word' id='word_1_46' title='bbox 207 331 364 358; x_wconf 82' lang='lat' dir='ltr'>operarum,</span> <span class='ocrx_word' id='word_1_47' title='bbox 382 324 486 351; x_wconf 83' lang='lat' dir='ltr'>dierum</span> <span class='ocrx_word' id='word_1_48' title='bbox 496 344 504 357; x_wconf 89' lang='lat'>‚</span> <span class='ocrx_word' id='word_1_49' title='bbox 525 331 570 350; x_wconf 69' lang='lat' dir='ltr'>etc.</span> <span class='ocrx_word' id='word_1_50' title='bbox 589 330 729 360; x_wconf 75' lang='lat' dir='ltr'>computare</span> <span class='ocrx_word' id='word_1_51' title='bbox 741 325 797 351; x_wconf 87' lang='lat' dir='ltr'>Cic.</span> <span class='ocrx_word' id='word_1_52' title='bbox 811 328 901 350; x_wconf 84' lang='lat' dir='ltr'>contra</span> <span class='ocrx_word' id='word_1_53' title='bbox 917 322 986 348; x_wconf 78' lang='lat' dir='ltr'>Rull.</span> <span class='ocrx_word' id='word_1_54' title='bbox 1000 325 1066 354; x_wconf 77' lang='lat'>2‚66</span> <span class='ocrx_word' id='word_1_55' title='bbox 1079 324 1132 349; x_wconf 87' lang='lat' dir='ltr'>Ini-</span> 
     </span>
     <span class='ocr_line' id='line_1_9' title="bbox 87 358 1130 395; baseline 0.001 -10"><span class='ocrx_word' id='word_1_56' title='bbox 87 364 148 385; x_wconf 83' lang='lat' dir='ltr'>etur</span> <span class='ocrx_word' id='word_1_57' title='bbox 161 359 239 386; x_wconf 84' lang='lat' dir='ltr'>Ratio</span> <span class='ocrx_word' id='word_1_58' title='bbox 254 360 372 394; x_wconf 81' lang='lat' dir='ltr'>quaestus</span> <span class='ocrx_word' id='word_1_59' title='bbox 387 359 419 386; x_wconf 89' lang='lat' dir='ltr'>de</span> <span class='ocrx_word' id='word_1_60' title='bbox 432 360 516 387; x_wconf 81' lang='lat' dir='ltr'>vestra</span> <span class='ocrx_word' id='word_1_61' title='bbox 528 360 647 395; x_wconf 88' lang='lat' dir='ltr'>pecunia.</span> <span class='ocrx_word' id='word_1_62' title='bbox 738 360 778 387; x_wconf 80' lang='lat' dir='ltr'>Sic</span> <span class='ocrx_word' id='word_1_63' title='bbox 791 369 820 386; x_wconf 69' lang='lat' dir='ltr'>rx</span> <span class='ocrx_word' id='word_1_64' title='bbox 829 360 918 393; x_wconf 81' lang='lat' dir='ltr'>primis</span> <span class='ocrx_word' id='word_1_65' title='bbox 934 358 1005 383; x_wconf 74' lang='lat' dir='ltr'>editt.</span> <span class='ocrx_word' id='word_1_66' title='bbox 1019 365 1042 383; x_wconf 73' lang='lat' dir='ltr'>et</span> <span class='ocrx_word' id='word_1_67' title='bbox 1056 360 1130 386; x_wconf 62' lang='lat' dir='ltr'>MSS.</span> 
     </span>
     <span class='ocr_line' id='line_1_10' title="bbox 88 394 1131 427; baseline 0 -7"><span class='ocrx_word' id='word_1_68' title='bbox 88 397 163 420; x_wconf 77' lang='lat' dir='ltr'>etiam</span> <span class='ocrx_word' id='word_1_69' title='bbox 188 395 275 420; x_wconf 72' lang='lat' dir='ltr'>Graeu.</span> <span class='ocrx_word' id='word_1_70' title='bbox 297 395 414 422; x_wconf 87' lang='lat' dir='ltr'>Inibitur</span> <span class='ocrx_word' id='word_1_71' title='bbox 432 397 534 422; x_wconf 77' lang='grc' dir='ltr'>Μαηιιι.</span> <span class='ocrx_word' id='word_1_72' title='bbox 640 395 696 421; x_wconf 85' lang='lat' dir='ltr'>Cic.</span> <span class='ocrx_word' id='word_1_73' title='bbox 717 395 750 420; x_wconf 89' lang='lat' dir='ltr'>de</span> <span class='ocrx_word' id='word_1_74' title='bbox 769 395 806 421; x_wconf 89' lang='lat' dir='ltr'>N.</span> <span class='ocrx_word' id='word_1_75' title='bbox 819 394 850 420; x_wconf 93' lang='lat' dir='ltr'>D.</span> <span class='ocrx_word' id='word_1_76' title='bbox 863 401 886 425; x_wconf 83' lang='lat'>3,</span> <span class='ocrx_word' id='word_1_77' title='bbox 900 399 928 427; x_wconf 88' lang='lat'>71</span> <span class='ocrx_word' id='word_1_78' title='bbox 943 402 965 418; x_wconf 83' lang='lat' dir='ltr'>c.</span> <span class='ocrx_word' id='word_1_79' title='bbox 982 401 1013 425; x_wconf 89' lang='lat'>29</span> <span class='ocrx_word' id='word_1_80' title='bbox 1038 394 1131 420; x_wconf 79' lang='lat' dir='ltr'>Medea</span> 
     </span>
     <span class='ocr_line' id='line_1_11' title="bbox 89 429 1130 461; baseline 0.001 -6"><span class='ocrx_word' id='word_1_81' title='bbox 89 429 172 456; x_wconf 89' lang='lat' dir='ltr'>modo</span> <span class='ocrx_word' id='word_1_82' title='bbox 184 435 209 456; x_wconf 89' lang='lat' dir='ltr'>et</span> <span class='ocrx_word' id='word_1_83' title='bbox 222 430 316 457; x_wconf 79' lang='lat' dir='ltr'>Atreus</span> <span class='ocrx_word' id='word_1_84' title='bbox 336 430 613 458; x_wconf 76' lang='lat' dir='ltr'>commemorabantur</span> <span class='ocrx_word' id='word_1_85' title='bbox 635 439 650 456; x_wconf 81' lang='lat' dir='ltr'>a</span> <span class='ocrx_word' id='word_1_86' title='bbox 673 430 751 457; x_wconf 86' lang='lat' dir='ltr'>nobis</span> <span class='ocrx_word' id='word_1_87' title='bbox 773 429 894 456; x_wconf 80' lang='lat' dir='ltr'>heroicae</span> <span class='ocrx_word' id='word_1_88' title='bbox 914 429 1041 461; x_wconf 78' lang='lat' dir='ltr'>personae</span> <span class='ocrx_word' id='word_1_89' title='bbox 1065 430 1130 456; x_wconf 88' lang='lat' dir='ltr'>inita</span> 
     </span>
     <span class='ocr_line' id='line_1_12' title="bbox 88 463 1132 499; baseline 0.001 -9"><span class='ocrx_word' id='word_1_90' title='bbox 88 464 268 499; x_wconf 70' lang='lat' dir='ltr'>subduetaque</span> <span class='ocrx_word' id='word_1_91' title='bbox 276 466 404 499; x_wconf 75' lang='lat' dir='ltr'>Ratione,</span> <span class='ocrx_word' id='word_1_92' title='bbox 422 467 523 493; x_wconf 85' lang='lat' dir='ltr'>nefaria</span> <span class='ocrx_word' id='word_1_93' title='bbox 537 466 631 492; x_wconf 82' lang='lat' dir='ltr'>scelera</span> <span class='ocrx_word' id='word_1_94' title='bbox 644 466 807 492; x_wconf 75' lang='lat' dir='ltr'>meditantes.</span> <span class='ocrx_word' id='word_1_95' title='bbox 826 467 845 490; x_wconf 84' lang='lat' dir='ltr'>i.</span> <span class='ocrx_word' id='word_1_96' title='bbox 859 463 958 496; x_wconf 66' lang='lat' dir='ltr'>consilio</span> <span class='ocrx_word' id='word_1_97' title='bbox 969 471 1055 499; x_wconf 72' lang='lat' dir='ltr'>capto,</span> <span class='ocrx_word' id='word_1_98' title='bbox 1072 466 1132 491; x_wconf 66' lang='lat' dir='ltr'>deli-</span> 
     </span>
     <span class='ocr_line' id='line_1_13' title="bbox 87 498 1130 538; baseline 0.001 -12"><span class='ocrx_word' id='word_1_99' title='bbox 87 499 184 531; x_wconf 73' lang='lat' dir='ltr'>beruto,</span> <span class='ocrx_word' id='word_1_100' title='bbox 204 509 232 526; x_wconf 74' lang='lat' dir='ltr'>ne</span> <span class='ocrx_word' id='word_1_101' title='bbox 240 500 348 536; x_wconf 77' lang='lat' dir='ltr'>peccaffc</span> <span class='ocrx_word' id='word_1_102' title='bbox 359 502 525 537; x_wconf 73' lang='lat' dir='ltr'><em>imprudentia</em></span> <span class='ocrx_word' id='word_1_103' title='bbox 536 500 596 536; x_wconf 74' lang='lat' dir='ltr'>111in</span> <span class='ocrx_word' id='word_1_104' title='bbox 604 521 612 533; x_wconf 89' lang='lat'>‚</span> <span class='ocrx_word' id='word_1_105' title='bbox 632 502 672 528; x_wconf 65' lang='lat' dir='ltr'>vel</span> <span class='ocrx_word' id='word_1_106' title='bbox 679 501 772 538; x_wconf 79' lang='lat' dir='ltr'>surore</span> <span class='ocrx_word' id='word_1_107' title='bbox 784 501 866 534; x_wconf 66' lang='lat' dir='ltr'>aliquo</span> <span class='ocrx_word' id='word_1_108' title='bbox 880 498 976 533; x_wconf 72' lang='lat' dir='ltr'>impulsi</span> <span class='ocrx_word' id='word_1_109' title='bbox 989 500 1130 527; x_wconf 74' lang='lat' dir='ltr'>uideantur.</span> 
     </span>
     <span class='ocr_line' id='line_1_14' title="bbox 87 534 1131 572; baseline 0.001 -11"><span class='ocrx_word' id='word_1_110' title='bbox 87 534 150 562; x_wconf 80' lang='lat' dir='ltr'>Liu.</span> <span class='ocrx_word' id='word_1_111' title='bbox 165 540 201 568; x_wconf 79' lang='lat'>28,</span> <span class='ocrx_word' id='word_1_112' title='bbox 215 541 229 566; x_wconf 83' lang='lat'>8</span> <span class='ocrx_word' id='word_1_113' title='bbox 248 537 295 563; x_wconf 85' lang='lat' dir='ltr'>Sed</span> <span class='ocrx_word' id='word_1_114' title='bbox 309 538 355 564; x_wconf 86' lang='lat' dir='ltr'>vix</span> <span class='ocrx_word' id='word_1_115' title='bbox 369 538 511 564; x_wconf 81' lang='lat' dir='ltr'>Rationem</span> <span class='ocrx_word' id='word_1_116' title='bbox 526 537 596 563; x_wconf 87' lang='lat' dir='ltr'>inire</span> <span class='ocrx_word' id='word_1_117' title='bbox 610 538 694 572; x_wconf 78' lang='lat' dir='ltr'>posse,</span> <span class='ocrx_word' id='word_1_118' title='bbox 711 541 800 563; x_wconf 86' lang='lat' dir='ltr'>vtrum</span> <span class='ocrx_word' id='word_1_119' title='bbox 812 535 845 560; x_wconf 89' lang='lat' dir='ltr'>ab</span> <span class='ocrx_word' id='word_1_120' title='bbox 859 534 883 560; x_wconf 87' lang='lat' dir='ltr'>se</span> <span class='ocrx_word' id='word_1_121' title='bbox 895 534 1030 568; x_wconf 80' lang='lat' dir='ltr'>audacius,</span> <span class='ocrx_word' id='word_1_122' title='bbox 1050 545 1081 562; x_wconf 87' lang='lat' dir='ltr'>au</span> <span class='ocrx_word' id='word_1_123' title='bbox 1091 537 1131 562; x_wconf 87' lang='lat' dir='ltr'>fu-</span> 
     </span>
    </p>
   </div>
   <div class='ocr_carea' id='block_1_8' title="bbox 87 569 1130 607">
    <p class='ocr_par' dir='ltr' id='par_1_8' title="bbox 87 569 1130 607">
     <span class='ocr_line' id='line_1_15' title="bbox 87 569 1130 607; baseline 0.001 -11"><span class='ocrx_word' id='word_1_124' title='bbox 87 571 176 606; x_wconf 83' lang='lat' dir='ltr'>gacius</span> <span class='ocrx_word' id='word_1_125' title='bbox 188 571 221 598; x_wconf 89' lang='lat' dir='ltr'>ab</span> <span class='ocrx_word' id='word_1_126' title='bbox 236 571 356 599; x_wconf 83' lang='lat' dir='ltr'>hostibus</span> <span class='ocrx_word' id='word_1_127' title='bbox 370 579 476 607; x_wconf 79' lang='lat' dir='ltr'>geratur</span> <span class='ocrx_word' id='word_1_128' title='bbox 489 572 597 599; x_wconf 89' lang='lat' dir='ltr'>bellum.</span> <span class='ocrx_word' id='word_1_129' title='bbox 703 572 771 598; x_wconf 86' lang='lat' dir='ltr'>Ter.</span> <span class='ocrx_word' id='word_1_130' title='bbox 788 569 893 597; x_wconf 82' lang='lat' dir='ltr'>Phonn.</span> <span class='ocrx_word' id='word_1_131' title='bbox 907 578 928 600; x_wconf 83' lang='grc'>2,</span> <span class='ocrx_word' id='word_1_132' title='bbox 943 578 968 600; x_wconf 85' lang='grc'>2,</span> <span class='ocrx_word' id='word_1_133' title='bbox 982 580 1011 602; x_wconf 81' lang='lat'>30</span> <span class='ocrx_word' id='word_1_134' title='bbox 1048 572 1130 603; x_wconf 80' lang='lat' dir='ltr'>Haec,</span> 
     </span>
    </p>
   </div>
   <div class='ocr_carea' id='block_1_9' title="bbox 88 605 1303 643">
    <p class='ocr_par' dir='ltr' id='par_1_9' title="bbox 88 605 1303 643">
     <span class='ocr_line' id='line_1_16' title="bbox 88 605 1303 643; baseline 0.002 -11"><span class='ocrx_word' id='word_1_135' title='bbox 88 615 149 632; x_wconf 90' lang='lat' dir='ltr'>cum</span> <span class='ocrx_word' id='word_1_136' title='bbox 170 607 311 635; x_wconf 81' lang='lat' dir='ltr'>Rationem</span> <span class='ocrx_word' id='word_1_137' title='bbox 332 609 419 641; x_wconf 86' lang='lat' dir='ltr'>ineas,</span> <span class='ocrx_word' id='word_1_138' title='bbox 439 617 517 643; x_wconf 90' lang='lat' dir='ltr'>quam</span> <span class='ocrx_word' id='word_1_139' title='bbox 541 608 589 634; x_wconf 84' lang='lat' dir='ltr'>lint</span> <span class='ocrx_word' id='word_1_140' title='bbox 611 607 717 639; x_wconf 70' lang='lat' dir='ltr'>sunnia,</span> <span class='ocrx_word' id='word_1_141' title='bbox 738 612 764 632; x_wconf 81' lang='lat' dir='ltr'>et</span> <span class='ocrx_word' id='word_1_142' title='bbox 777 614 856 640; x_wconf 88' lang='lat' dir='ltr'>quam</span> <span class='ocrx_word' id='word_1_143' title='bbox 869 613 927 631; x_wconf 82' lang='lat' dir='ltr'>cara</span> <span class='ocrx_word' id='word_1_144' title='bbox 944 605 1008 637; x_wconf 83' lang='lat' dir='ltr'>sint,</span> <span class='ocrx_word' id='word_1_145' title='bbox 1027 607 1061 633; x_wconf 85' lang='lat' dir='ltr'>Ea</span> <span class='ocrx_word' id='word_1_146' title='bbox 1084 608 1132 642; x_wconf 87' lang='lat' dir='ltr'>qui</span> <span class='ocrx_word' id='word_1_147' title='bbox 1149 618 1179 637; x_wconf 83' lang='lat'>10</span> <span class='ocrx_word' id='word_1_148' title='bbox 1198 610 1303 642; x_wconf 83' lang='lat' dir='ltr'>ineptis.</span> 
     </span>
    </p>
   </div>
   <div class='ocr_carea' id='block_1_10' title="bbox 78 641 1133 892">
    <p class='ocr_par' dir='ltr' id='par_1_10' title="bbox 78 641 1133 892">
     <span class='ocr_line' id='line_1_17' title="bbox 86 641 1133 678; baseline 0 -10"><span class='ocrx_word' id='word_1_149' title='bbox 86 642 212 678; x_wconf 75' lang='lat' dir='ltr'>praebet,</span> <span class='ocrx_word' id='word_1_150' title='bbox 232 652 286 670; x_wconf 87' lang='lat' dir='ltr'>non</span> <span class='ocrx_word' id='word_1_151' title='bbox 298 650 326 670; x_wconf 86' lang='lat' dir='ltr'>tu</span> <span class='ocrx_word' id='word_1_152' title='bbox 340 644 409 670; x_wconf 87' lang='lat' dir='ltr'>hunc</span> <span class='ocrx_word' id='word_1_153' title='bbox 433 643 527 671; x_wconf 85' lang='lat' dir='ltr'>habeas</span> <span class='ocrx_word' id='word_1_154' title='bbox 551 644 626 678; x_wconf 87' lang='lat' dir='ltr'>plane</span> <span class='ocrx_word' id='word_1_155' title='bbox 647 643 810 677; x_wconf 80' lang='lat' dir='ltr'>praesentem</span> <span class='ocrx_word' id='word_1_156' title='bbox 837 642 923 667; x_wconf 87' lang='lat' dir='ltr'>Deum</span> <span class='ocrx_word' id='word_1_157' title='bbox 936 641 944 666; x_wconf 77' lang='grc' dir='ltr'><em>Ξ</em></span> <span class='ocrx_word' id='word_1_158' title='bbox 981 642 1021 668; x_wconf 81' lang='lat' dir='ltr'>Sic</span> <span class='ocrx_word' id='word_1_159' title='bbox 1044 646 1133 677; x_wconf 73' lang='lat' dir='ltr'>opttmi</span> 
     </span>
     <span class='ocr_line' id='line_1_18' title="bbox 86 678 1132 715; baseline 0.001 -12"><span class='ocrx_word' id='word_1_160' title='bbox 86 681 176 713; x_wconf 80' lang='lat' dir='ltr'>quique</span> <span class='ocrx_word' id='word_1_161' title='bbox 187 688 195 703; x_wconf 93' lang='lat'><em>:</em></span> <span class='ocrx_word' id='word_1_162' title='bbox 231 689 279 705; x_wconf 77' lang='lat' dir='ltr'>non</span> <span class='ocrx_word' id='word_1_163' title='bbox 292 680 411 712; x_wconf 88' lang='lat' dir='ltr'>ratione,</span> <span class='ocrx_word' id='word_1_164' title='bbox 429 686 459 707; x_wconf 82' lang='lat' dir='ltr'>vt</span> <span class='ocrx_word' id='word_1_165' title='bbox 471 679 580 715; x_wconf 82' lang='lat' dir='ltr'>quidam.</span> <span class='ocrx_word' id='word_1_166' title='bbox 649 678 774 704; x_wconf 79' lang='lat' dir='ltr'>Caeterum</span> <span class='ocrx_word' id='word_1_167' title='bbox 787 678 904 703; x_wconf 83' lang='lat' dir='ltr'>Donatus</span> <span class='ocrx_word' id='word_1_168' title='bbox 913 695 920 708; x_wconf 89' lang='lat'>‚</span> <span class='ocrx_word' id='word_1_169' title='bbox 941 679 1132 712; x_wconf 71' lang='lat' dir='ltr'>interpretatur,</span> 
     </span>
     <span class='ocr_line' id='line_1_19' title="bbox 489 712 1132 747; baseline -0.008 -6"><span class='ocrx_word' id='word_1_170' title='bbox 489 715 565 741; x_wconf 79' lang='lat' dir='ltr'>Sedes</span> <span class='ocrx_word' id='word_1_171' title='bbox 579 712 678 740; x_wconf 89' lang='lat' dir='ltr'>lucidas</span> <span class='ocrx_word' id='word_1_172' title='bbox 693 713 761 739; x_wconf 84' lang='lat' dir='ltr'>inire</span> <span class='ocrx_word' id='word_1_173' title='bbox 787 713 855 738; x_wconf 88' lang='lat' dir='ltr'>Hor.</span> <span class='ocrx_word' id='word_1_174' title='bbox 869 712 957 738; x_wconf 84' lang='lat' dir='ltr'>Carm.</span> <span class='ocrx_word' id='word_1_175' title='bbox 970 721 990 743; x_wconf 80' lang='lat'>3,</span> <span class='ocrx_word' id='word_1_176' title='bbox 1004 721 1025 744; x_wconf 77' lang='lat'>3,</span> <span class='ocrx_word' id='word_1_177' title='bbox 1039 721 1080 747; x_wconf 79' lang='lat'>34.</span> <span class='ocrx_word' id='word_1_178' title='bbox 1104 717 1132 739; x_wconf 73' lang='lat' dir='ltr'>m</span> 
     </span>
     <span class='ocr_line' id='line_1_20' title="bbox 78 747 1132 784; baseline 0.001 -10"><span class='ocrx_word' id='word_1_179' title='bbox 78 747 165 783; x_wconf 60' lang='lat' dir='ltr'>fillum</span> <span class='ocrx_word' id='word_1_180' title='bbox 178 749 282 784; x_wconf 77' lang='lat' dir='ltr'>referri.</span> <span class='ocrx_word' id='word_1_181' title='bbox 355 751 439 777; x_wconf 85' lang='lat' dir='ltr'>Planc.</span> <span class='ocrx_word' id='word_1_182' title='bbox 453 750 485 777; x_wconf 87' lang='lat' dir='ltr'>ad</span> <span class='ocrx_word' id='word_1_183' title='bbox 499 750 554 777; x_wconf 89' lang='lat' dir='ltr'>Cic.</span> <span class='ocrx_word' id='word_1_184' title='bbox 568 750 638 775; x_wconf 83' lang='lat' dir='ltr'>Fam.</span> <span class='ocrx_word' id='word_1_185' title='bbox 655 754 711 779; x_wconf 82' lang='lat' dir='ltr'>io,8</span> <span class='ocrx_word' id='word_1_186' title='bbox 732 750 768 775; x_wconf 91' lang='lat' dir='ltr'>Vt</span> <span class='ocrx_word' id='word_1_187' title='bbox 785 747 872 782; x_wconf 86' lang='lat' dir='ltr'>potius</span> <span class='ocrx_word' id='word_1_188' title='bbox 885 755 943 772; x_wconf 86' lang='lat' dir='ltr'>cnm</span> <span class='ocrx_word' id='word_1_189' title='bbox 957 747 1074 781; x_wconf 85' lang='lat' dir='ltr'>pluribus</span> <span class='ocrx_word' id='word_1_190' title='bbox 1087 750 1132 775; x_wconf 76' lang='lat' dir='ltr'>So-</span> 
     </span>
     <span class='ocr_line' id='line_1_21' title="bbox 86 783 1131 818; baseline 0.001 -9"><span class='ocrx_word' id='word_1_191' title='bbox 86 785 208 810; x_wconf 84' lang='lat' dir='ltr'>cietatem</span> <span class='ocrx_word' id='word_1_192' title='bbox 222 785 400 813; x_wconf 85' lang='lat' dir='ltr'>defendendae</span> <span class='ocrx_word' id='word_1_193' title='bbox 415 786 541 812; x_wconf 79' lang='lat' dir='ltr'>libertatis</span> <span class='ocrx_word' id='word_1_194' title='bbox 553 784 697 816; x_wconf 77' lang='lat' dir='ltr'>iniremus,</span> <span class='ocrx_word' id='word_1_195' title='bbox 714 793 794 818; x_wconf 86' lang='lat' dir='ltr'>quam</span> <span class='ocrx_word' id='word_1_196' title='bbox 810 792 868 818; x_wconf 85' lang='lat' dir='ltr'>cum</span> <span class='ocrx_word' id='word_1_197' title='bbox 881 783 1066 817; x_wconf 74' lang='lat' dir='ltr'>paucioribus,</span> <span class='ocrx_word' id='word_1_198' title='bbox 1086 791 1131 811; x_wconf 77' lang='lat' dir='ltr'>etc.</span> 
     </span>
     <span class='ocr_line' id='line_1_22' title="bbox 87 818 1132 858; baseline 0 -13"><span class='ocrx_word' id='word_1_199' title='bbox 87 819 163 854; x_wconf 86' lang='lat' dir='ltr'>Virg.</span> <span class='ocrx_word' id='word_1_200' title='bbox 177 820 229 846; x_wconf 81' lang='lat' dir='ltr'>Ecl.</span> <span class='ocrx_word' id='word_1_201' title='bbox 246 831 263 853; x_wconf 85' lang='grc'>1,</span> <span class='ocrx_word' id='word_1_202' title='bbox 275 824 306 855; x_wconf 81' lang='lat'>56</span> <span class='ocrx_word' id='word_1_203' title='bbox 335 822 415 858; x_wconf 83' lang='lat' dir='ltr'>Saepe</span> <span class='ocrx_word' id='word_1_204' title='bbox 434 821 490 847; x_wconf 87' lang='lat' dir='ltr'>leui</span> <span class='ocrx_word' id='word_1_205' title='bbox 503 821 630 847; x_wconf 85' lang='lat' dir='ltr'>Somnum</span> <span class='ocrx_word' id='word_1_206' title='bbox 643 820 763 846; x_wconf 82' lang='lat' dir='ltr'>suadebit</span> <span class='ocrx_word' id='word_1_207' title='bbox 782 819 851 846; x_wconf 87' lang='lat' dir='ltr'>inire</span> <span class='ocrx_word' id='word_1_208' title='bbox 869 818 982 845; x_wconf 68' lang='lat' dir='ltr'>sustu-m.</span> <span class='ocrx_word' id='word_1_209' title='bbox 1071 819 1132 854; x_wconf 79' lang='lat' dir='ltr'>Spe-</span> 
     </span>
     <span class='ocr_line' id='line_1_23' title="bbox 87 853 1131 892; baseline 0 -11"><span class='ocrx_word' id='word_1_210' title='bbox 87 854 218 881; x_wconf 71' lang='lat' dir='ltr'>&amp;acutum</span> <span class='ocrx_word' id='word_1_211' title='bbox 239 864 263 883; x_wconf 80' lang='lat' dir='ltr'>et</span> <span class='ocrx_word' id='word_1_212' title='bbox 288 858 448 889; x_wconf 83' lang='lat' dir='ltr'>Stationem,</span> <span class='ocrx_word' id='word_1_213' title='bbox 467 856 520 882; x_wconf 80' lang='lat' dir='ltr'>vid.</span> <span class='ocrx_word' id='word_1_214' title='bbox 535 856 615 892; x_wconf 77' lang='lat' dir='ltr'>fi‹pra</span> <span class='ocrx_word' id='word_1_215' title='bbox 633 864 659 881; x_wconf 91' lang='lat' dir='ltr'>n.</span> <span class='ocrx_word' id='word_1_216' title='bbox 680 864 699 882; x_wconf 86' lang='grc'>1.</span> <span class='ocrx_word' id='word_1_217' title='bbox 805 853 932 888; x_wconf 64' lang='lat' dir='ltr'>§unffi-agia</span> <span class='ocrx_word' id='word_1_218' title='bbox 944 854 1030 886; x_wconf 87' lang='lat' dir='ltr'>inire,</span> <span class='ocrx_word' id='word_1_219' title='bbox 1047 858 1085 881; x_wconf 75' lang='lat' dir='ltr'>irt</span> <span class='ocrx_word' id='word_1_220' title='bbox 1103 858 1131 881; x_wconf 81' lang='lat' dir='ltr'>in</span> 
     </span>
    </p>
   </div>
   <div class='ocr_carea' id='block_1_11' title="bbox 81 889 1131 995">
    <p class='ocr_par' dir='ltr' id='par_1_11' title="bbox 81 889 1131 995">
     <span class='ocr_line' id='line_1_24' title="bbox 81 889 1131 929; baseline -0.001 -11"><span class='ocrx_word' id='word_1_221' title='bbox 81 890 228 929; x_wconf 70' lang='lat' dir='ltr'>fiffragiq,</span> <span class='ocrx_word' id='word_1_222' title='bbox 239 893 460 928; x_wconf 68' lang='lat' dir='ltr'>fi’ritentiasfcrre</span> <span class='ocrx_word' id='word_1_223' title='bbox 477 891 537 918; x_wconf 88' lang='lat' dir='ltr'>Liu.</span> <span class='ocrx_word' id='word_1_224' title='bbox 554 900 576 924; x_wconf 85' lang='grc'>3,</span> <span class='ocrx_word' id='word_1_225' title='bbox 591 899 629 926; x_wconf 84' lang='grc'>71.</span> <span class='ocrx_word' id='word_1_226' title='bbox 700 889 775 926; x_wconf 85' lang='lat' dir='ltr'>Conf.</span> <span class='ocrx_word' id='word_1_227' title='bbox 788 899 828 923; x_wconf 81' lang='lat'>34,</span> <span class='ocrx_word' id='word_1_228' title='bbox 841 898 857 916; x_wconf 85' lang='lat'>2</span> <span class='ocrx_word' id='word_1_229' title='bbox 865 896 910 925; x_wconf 74' lang='lat' dir='ltr'>pr.</span> <span class='ocrx_word' id='word_1_230' title='bbox 986 890 1131 923; x_wconf 77' lang='lat' dir='ltr'>Tentoria,</span> 
     </span>
     <span class='ocr_line' id='line_1_25' title="bbox 85 925 1129 963; baseline -0.001 -10"><span class='ocrx_word' id='word_1_231' title='bbox 85 926 237 963; x_wconf 63' lang='lat' dir='ltr'>vidficpra.</span> <span class='ocrx_word' id='word_1_232' title='bbox 333 927 497 955; x_wconf 85' lang='lat' dir='ltr'>Thalamum</span> <span class='ocrx_word' id='word_1_233' title='bbox 520 926 600 953; x_wconf 87' lang='lat' dir='ltr'>Ouid.</span> <span class='ocrx_word' id='word_1_234' title='bbox 614 927 679 953; x_wconf 86' lang='lat' dir='ltr'>Met.</span> <span class='ocrx_word' id='word_1_235' title='bbox 691 935 718 959; x_wconf 87' lang='lat'>4,</span> <span class='ocrx_word' id='word_1_236' title='bbox 731 931 784 958; x_wconf 81' lang='grc'><strong>328.</strong></span> <span class='ocrx_word' id='word_1_237' title='bbox 890 925 963 952; x_wconf 76' lang='lat' dir='ltr'>Idem</span> <span class='ocrx_word' id='word_1_238' title='bbox 978 925 1044 952; x_wconf 91' lang='lat' dir='ltr'>ibid.</span> <span class='ocrx_word' id='word_1_239' title='bbox 1058 935 1078 957; x_wconf 84' lang='lat'>3,</span> <span class='ocrx_word' id='word_1_240' title='bbox 1088 932 1129 956; x_wconf 77' lang='lat'>282</span> 
     </span>
     <span class='ocr_line' id='line_1_26' title="bbox 85 959 1129 995; baseline 0 -7"><span class='ocrx_word' id='word_1_241' title='bbox 85 976 133 982; x_wconf 89' lang='lat'>—</span> <span class='ocrx_word' id='word_1_242' title='bbox 167 963 249 989; x_wconf 89' lang='lat' dir='ltr'>Multi</span> <span class='ocrx_word' id='word_1_243' title='bbox 285 963 404 990; x_wconf 85' lang='lat' dir='ltr'>Nomine</span> <span class='ocrx_word' id='word_1_244' title='bbox 417 963 542 989; x_wconf 87' lang='lat' dir='ltr'>diuorum</span> <span class='ocrx_word' id='word_1_245' title='bbox 555 962 704 989; x_wconf 80' lang='lat' dir='ltr'>Thalamos</span> <span class='ocrx_word' id='word_1_246' title='bbox 719 961 804 988; x_wconf 89' lang='lat' dir='ltr'>iniere</span> <span class='ocrx_word' id='word_1_247' title='bbox 816 959 935 995; x_wconf 83' lang='lat' dir='ltr'>pudicos.</span> <span class='ocrx_word' id='word_1_248' title='bbox 1025 960 1129 988; x_wconf 85' lang='lat' dir='ltr'>Tribu-</span> 
     </span>
    </p>
   </div>
   <div class='ocr_carea' id='block_1_12' title="bbox 85 996 1129 1174">
    <p class='ocr_par' dir='ltr' id='par_1_12' title="bbox 85 996 1129 1174">
     <span class='ocr_line' id='line_1_27' title="bbox 85 996 1129 1035; baseline 0.001 -12"><span class='ocrx_word' id='word_1_249' title='bbox 85 1003 194 1030; x_wconf 80' lang='lat' dir='ltr'>natum,</span> <span class='ocrx_word' id='word_1_250' title='bbox 213 1005 242 1024; x_wconf 76' lang='grc' dir='ltr'>υτ</span> <span class='ocrx_word' id='word_1_251' title='bbox 253 998 434 1035; x_wconf 70' lang='lat' dir='ltr'>Magtstratum</span> <span class='ocrx_word' id='word_1_252' title='bbox 455 998 510 1025; x_wconf 86' lang='lat' dir='ltr'>Cic.</span> <span class='ocrx_word' id='word_1_253' title='bbox 525 998 557 1025; x_wconf 88' lang='lat' dir='ltr'>de</span> <span class='ocrx_word' id='word_1_254' title='bbox 571 997 663 1032; x_wconf 88' lang='lat' dir='ltr'>Legib.</span> <span class='ocrx_word' id='word_1_255' title='bbox 678 1005 701 1029; x_wconf 86' lang='lat'>3,</span> <span class='ocrx_word' id='word_1_256' title='bbox 738 1016 744 1023; x_wconf 92' lang='lat'>.</span> <span class='ocrx_word' id='word_1_257' title='bbox 872 996 945 1022; x_wconf 80' lang='lat' dir='ltr'>Idem</span> <span class='ocrx_word' id='word_1_258' title='bbox 961 997 1012 1022; x_wconf 90' lang='lat' dir='ltr'>Att.</span> <span class='ocrx_word' id='word_1_259' title='bbox 1026 1005 1064 1028; x_wconf 87' lang='lat'>11,</span> <span class='ocrx_word' id='word_1_260' title='bbox 1089 1007 1129 1024; x_wconf 85' lang='lat'>20.</span> 
     </span>
     <span class='ocr_line' id='line_1_28' title="bbox 86 1032 1129 1070; baseline 0.001 -12"><span class='ocrx_word' id='word_1_261' title='bbox 86 1033 182 1066; x_wconf 87' lang='lat' dir='ltr'>Viam,</span> <span class='ocrx_word' id='word_1_262' title='bbox 197 1041 246 1070; x_wconf 73' lang='lat' dir='ltr'>pro</span> <span class='ocrx_word' id='word_1_263' title='bbox 267 1034 372 1070; x_wconf 78' lang='lat' dir='ltr'>Ingredi</span> <span class='ocrx_word' id='word_1_264' title='bbox 389 1035 507 1069; x_wconf 87' lang='lat' dir='ltr'>Propert.</span> <span class='ocrx_word' id='word_1_265' title='bbox 525 1043 547 1066; x_wconf 84' lang='lat'>2,</span> <span class='ocrx_word' id='word_1_266' title='bbox 562 1034 611 1066; x_wconf 76' lang='grc'><strong>’33,</strong></span> <span class='ocrx_word' id='word_1_267' title='bbox 633 1038 656 1063; x_wconf 85' lang='lat'>8.</span> <span class='ocrx_word' id='word_1_268' title='bbox 727 1032 784 1058; x_wconf 87' lang='lat' dir='ltr'>Cic.</span> <span class='ocrx_word' id='word_1_269' title='bbox 806 1040 855 1066; x_wconf 86' lang='lat' dir='ltr'>pro</span> <span class='ocrx_word' id='word_1_270' title='bbox 874 1032 993 1058; x_wconf 80' lang='lat' dir='ltr'>Muraen.</span> <span class='ocrx_word' id='word_1_271' title='bbox 1008 1035 1040 1059; x_wconf 75' lang='lat'>26</span> <span class='ocrx_word' id='word_1_272' title='bbox 1059 1033 1129 1059; x_wconf 82' lang='lat' dir='ltr'>inite</span> 
     </span>
     <span class='ocr_line' id='line_1_29' title="bbox 219 1067 1129 1104; baseline 0.001 -10"><span class='ocrx_word' id='word_1_273' title='bbox 219 1069 321 1103; x_wconf 84' lang='lat' dir='ltr'>praesto</span> <span class='ocrx_word' id='word_1_274' title='bbox 340 1069 429 1096; x_wconf 84' lang='lat' dir='ltr'>aderat</span> <span class='ocrx_word' id='word_1_275' title='bbox 445 1070 544 1104; x_wconf 87' lang='lat' dir='ltr'>sapiens</span> <span class='ocrx_word' id='word_1_276' title='bbox 564 1069 626 1100; x_wconf 90' lang='lat' dir='ltr'>ille,</span> <span class='ocrx_word' id='word_1_277' title='bbox 643 1067 690 1103; x_wconf 83' lang='lat' dir='ltr'>qui</span> <span class='ocrx_word' id='word_1_278' title='bbox 713 1067 783 1094; x_wconf 87' lang='lat' dir='ltr'>inire</span> <span class='ocrx_word' id='word_1_279' title='bbox 798 1068 876 1094; x_wconf 90' lang='lat' dir='ltr'>Viam</span> <span class='ocrx_word' id='word_1_280' title='bbox 895 1068 1008 1094; x_wconf 86' lang='lat' dir='ltr'>doceret.</span> <span class='ocrx_word' id='word_1_281' title='bbox 1043 1068 1129 1095; x_wconf 85' lang='lat' dir='ltr'>redite</span> 
     </span>
     <span class='ocr_line' id='line_1_30' title="bbox 582 1102 1128 1138; baseline 0 -8"><span class='ocrx_word' id='word_1_282' title='bbox 582 1104 645 1130; x_wconf 89' lang='lat' dir='ltr'>Vias</span> <span class='ocrx_word' id='word_1_283' title='bbox 659 1104 761 1137; x_wconf 79' lang='lat' dir='ltr'>ignotas</span> <span class='ocrx_word' id='word_1_284' title='bbox 785 1102 866 1129; x_wconf 88' lang='lat' dir='ltr'>Ouid.</span> <span class='ocrx_word' id='word_1_285' title='bbox 881 1104 955 1130; x_wconf 80' lang='lat' dir='ltr'>Rem.</span> <span class='ocrx_word' id='word_1_286' title='bbox 968 1105 1057 1130; x_wconf 84' lang='lat' dir='ltr'>Amor.</span> <span class='ocrx_word' id='word_1_287' title='bbox 1073 1110 1128 1138; x_wconf 73' lang='lat'>578.</span> 
     </span>
     <span class='ocr_line' id='line_1_31' title="bbox 441 1139 1129 1174; baseline -0.001 -7"><span class='ocrx_word' id='word_1_288' title='bbox 441 1141 501 1167; x_wconf 90' lang='lat' dir='ltr'>Liu.</span> <span class='ocrx_word' id='word_1_289' title='bbox 514 1148 534 1172; x_wconf 85' lang='grc'>1,</span> <span class='ocrx_word' id='word_1_290' title='bbox 549 1147 576 1171; x_wconf 86' lang='grc'>23</span> <span class='ocrx_word' id='word_1_291' title='bbox 590 1146 655 1165; x_wconf 79' lang='lat' dir='ltr'>extr.</span> <span class='ocrx_word' id='word_1_292' title='bbox 686 1139 807 1164; x_wconf 82' lang='lat' dir='ltr'>[neamus</span> <span class='ocrx_word' id='word_1_293' title='bbox 821 1139 900 1165; x_wconf 84' lang='lat' dir='ltr'>Viam</span> <span class='ocrx_word' id='word_1_294' title='bbox 919 1140 1051 1173; x_wconf 78' lang='lat' dir='ltr'>aliquam,</span> <span class='ocrx_word' id='word_1_295' title='bbox 1077 1149 1129 1174; x_wconf 88' lang='lat' dir='ltr'>qua</span> 
     </span>
    </p>
   </div>
   <div class='ocr_carea' id='block_1_13' title="bbox 84 1067 185 1098">
    <p class='ocr_par' dir='ltr' id='par_1_13' title="bbox 84 1067 185 1098">
     <span class='ocr_line' id='line_1_32' title="bbox 84 1067 185 1098; baseline 0 -4"><span class='ocrx_word' id='word_1_296' title='bbox 84 1067 164 1098; x_wconf 84' lang='lat' dir='ltr'>Viam</span> <span class='ocrx_word' id='word_1_297' title='bbox 179 1078 185 1094; x_wconf 89' lang='lat'><strong>:</strong></span> 
     </span>
    </p>
   </div>
   <div class='ocr_carea' id='block_1_14' title="bbox 79 1138 1129 1458">
    <p class='ocr_par' dir='ltr' id='par_1_14' title="bbox 79 1138 1129 1458">
     <span class='ocr_line' id='line_1_33' title="bbox 83 1138 405 1174; baseline 0.006 -10"><span class='ocrx_word' id='word_1_298' title='bbox 83 1138 180 1171; x_wconf 88' lang='lat' dir='ltr'>Viam,</span> <span class='ocrx_word' id='word_1_299' title='bbox 194 1146 245 1174; x_wconf 79' lang='lat' dir='ltr'>pro</span> <span class='ocrx_word' id='word_1_300' title='bbox 256 1143 377 1166; x_wconf 74' lang='lat' dir='ltr'>rationem</span> <span class='ocrx_word' id='word_1_301' title='bbox 397 1151 405 1165; x_wconf 76' lang='lat'>.-</span> 
     </span>
     <span class='ocr_line' id='line_1_34' title="bbox 82 1173 1127 1209; baseline 0.001 -9"><span class='ocrx_word' id='word_1_302' title='bbox 82 1173 137 1200; x_wconf 81' lang='lat' dir='ltr'>fine</span> <span class='ocrx_word' id='word_1_303' title='bbox 149 1183 243 1208; x_wconf 85' lang='lat' dir='ltr'>magna</span> <span class='ocrx_word' id='word_1_304' title='bbox 258 1175 346 1208; x_wconf 87' lang='lat' dir='ltr'>clade,</span> <span class='ocrx_word' id='word_1_305' title='bbox 364 1176 415 1202; x_wconf 81' lang='lat' dir='ltr'>sine</span> <span class='ocrx_word' id='word_1_306' title='bbox 429 1176 514 1202; x_wconf 88' lang='lat' dir='ltr'>multo</span> <span class='ocrx_word' id='word_1_307' title='bbox 527 1175 650 1209; x_wconf 82' lang='lat' dir='ltr'>sanguine</span> <span class='ocrx_word' id='word_1_308' title='bbox 663 1174 801 1209; x_wconf 83' lang='lat' dir='ltr'>Vtriusque</span> <span class='ocrx_word' id='word_1_309' title='bbox 813 1175 908 1209; x_wconf 80' lang='lat' dir='ltr'>Populi</span> <span class='ocrx_word' id='word_1_310' title='bbox 921 1175 1025 1201; x_wconf 81' lang='lat' dir='ltr'>decerni</span> <span class='ocrx_word' id='word_1_311' title='bbox 1046 1175 1127 1209; x_wconf 83' lang='lat' dir='ltr'>pollit.</span> 
     </span>
     <span class='ocr_line' id='line_1_35' title="bbox 80 1208 1128 1246; baseline 0.001 -10"><span class='ocrx_word' id='word_1_312' title='bbox 80 1208 158 1236; x_wconf 83' lang='lat' dir='ltr'>Idem</span> <span class='ocrx_word' id='word_1_313' title='bbox 171 1218 209 1242; x_wconf 77' lang='lat'>35,</span> <span class='ocrx_word' id='word_1_314' title='bbox 222 1217 239 1244; x_wconf 87' lang='lat'>7</span> <span class='ocrx_word' id='word_1_315' title='bbox 246 1217 290 1246; x_wconf 81' lang='lat' dir='ltr'>pr.</span> <span class='ocrx_word' id='word_1_316' title='bbox 318 1212 376 1238; x_wconf 51' lang='lat' dir='ltr'>Via¹</span> <span class='ocrx_word' id='word_1_317' title='bbox 391 1210 491 1238; x_wconf 87' lang='lat' dir='ltr'>fraudis</span> <span class='ocrx_word' id='word_1_318' title='bbox 504 1210 579 1237; x_wconf 86' lang='lat' dir='ltr'>inita.</span> <span class='ocrx_word' id='word_1_319' title='bbox 824 1218 836 1242; x_wconf 85' lang='grc'><strong>3</strong></span> <span class='ocrx_word' id='word_1_320' title='bbox 873 1212 922 1237; x_wconf 78' lang='lat' dir='ltr'>Pro</span> <span class='ocrx_word' id='word_1_321' title='bbox 935 1212 1019 1242; x_wconf 77' lang='lat' dir='ltr'>Coire,</span> <span class='ocrx_word' id='word_1_322' title='bbox 1038 1211 1066 1236; x_wconf 70' lang='lat' dir='ltr'>de</span> <span class='ocrx_word' id='word_1_323' title='bbox 1084 1212 1128 1237; x_wconf 80' lang='lat' dir='ltr'>Ve-</span> 
     </span>
     <span class='ocr_line' id='line_1_36' title="bbox 82 1242 1129 1281; baseline 0.002 -11"><span class='ocrx_word' id='word_1_324' title='bbox 82 1252 155 1277; x_wconf 74' lang='lat' dir='ltr'>nere,</span> <span class='ocrx_word' id='word_1_325' title='bbox 182 1245 254 1272; x_wconf 87' lang='lat' dir='ltr'>Iuirc</span> <span class='ocrx_word' id='word_1_326' title='bbox 269 1246 365 1273; x_wconf 86' lang='lat' dir='ltr'>debent</span> <span class='ocrx_word' id='word_1_327' title='bbox 377 1247 486 1273; x_wconf 88' lang='lat' dir='ltr'>feminas</span> <span class='ocrx_word' id='word_1_328' title='bbox 499 1247 596 1272; x_wconf 85' lang='lat' dir='ltr'>Verres</span> <span class='ocrx_word' id='word_1_329' title='bbox 614 1242 710 1272; x_wconf 86' lang='lat' dir='ltr'>Pallad.</span> <span class='ocrx_word' id='word_1_330' title='bbox 724 1244 788 1272; x_wconf 89' lang='lat' dir='ltr'>Feb.</span> <span class='ocrx_word' id='word_1_331' title='bbox 802 1248 841 1276; x_wconf 83' lang='lat'>26,</span> <span class='ocrx_word' id='word_1_332' title='bbox 855 1255 873 1272; x_wconf 91' lang='grc'>1.</span> <span class='ocrx_word' id='word_1_333' title='bbox 958 1246 1089 1272; x_wconf 87' lang='lat' dir='ltr'>Columel.</span> <span class='ocrx_word' id='word_1_334' title='bbox 1102 1254 1129 1281; x_wconf 91' lang='lat'>7,</span> 
     </span>
     <span class='ocr_line' id='line_1_37' title="bbox 82 1280 1128 1315; baseline 0 -9"><span class='ocrx_word' id='word_1_335' title='bbox 82 1289 105 1312; x_wconf 75' lang='grc'>3,</span> <span class='ocrx_word' id='word_1_336' title='bbox 120 1288 147 1306; x_wconf 88' lang='grc'>12</span> <span class='ocrx_word' id='word_1_337' title='bbox 166 1280 195 1306; x_wconf 77' lang='lat' dir='ltr'>de</span> <span class='ocrx_word' id='word_1_338' title='bbox 209 1281 310 1315; x_wconf 74' lang='lat' dir='ltr'>ouibus,</span> <span class='ocrx_word' id='word_1_339' title='bbox 329 1283 364 1309; x_wconf 95' lang='lat' dir='ltr'>Vt</span> <span class='ocrx_word' id='word_1_340' title='bbox 378 1282 468 1308; x_wconf 85' lang='lat' dir='ltr'>eadem</span> <span class='ocrx_word' id='word_1_341' title='bbox 480 1281 585 1308; x_wconf 86' lang='lat' dir='ltr'>ratione</span> <span class='ocrx_word' id='word_1_342' title='bbox 598 1281 720 1307; x_wconf 82' lang='lat' dir='ltr'>matrices</span> <span class='ocrx_word' id='word_1_343' title='bbox 740 1281 869 1307; x_wconf 86' lang='lat' dir='ltr'>ineantur.</span> <span class='ocrx_word' id='word_1_344' title='bbox 972 1282 1037 1308; x_wconf 89' lang='lat' dir='ltr'>Plin.</span> <span class='ocrx_word' id='word_1_345' title='bbox 1054 1287 1076 1314; x_wconf 80' lang='lat'>8,</span> <span class='ocrx_word' id='word_1_346' title='bbox 1090 1291 1128 1315; x_wconf 78' lang='lat'>44</span> 
     </span>
     <span class='ocr_line' id='line_1_38' title="bbox 81 1315 1129 1352; baseline 0.002 -11"><span class='ocrx_word' id='word_1_347' title='bbox 81 1315 234 1351; x_wconf 68' lang='lat' dir='ltr'>Arceriquo</span> <span class='ocrx_word' id='word_1_348' title='bbox 243 1323 384 1352; x_wconf 66' lang='lat' dir='ltr'>Vtrumque</span> <span class='ocrx_word' id='word_1_349' title='bbox 396 1326 476 1351; x_wconf 83' lang='lat' dir='ltr'>genus</span> <span class='ocrx_word' id='word_1_350' title='bbox 490 1316 523 1343; x_wconf 88' lang='lat' dir='ltr'>ab</span> <span class='ocrx_word' id='word_1_351' title='bbox 535 1315 618 1342; x_wconf 88' lang='lat' dir='ltr'>altero</span> <span class='ocrx_word' id='word_1_352' title='bbox 632 1322 755 1350; x_wconf 86' lang='lat' dir='ltr'>narrant,</span> <span class='ocrx_word' id='word_1_353' title='bbox 776 1316 824 1343; x_wconf 85' lang='lat' dir='ltr'>nili</span> <span class='ocrx_word' id='word_1_354' title='bbox 840 1317 868 1342; x_wconf 89' lang='lat' dir='ltr'>in</span> <span class='ocrx_word' id='word_1_355' title='bbox 883 1316 994 1343; x_wconf 85' lang='lat' dir='ltr'>infantia</span> <span class='ocrx_word' id='word_1_356' title='bbox 1013 1317 1068 1343; x_wconf 78' lang='lat' dir='ltr'>cius</span> <span class='ocrx_word' id='word_1_357' title='bbox 1087 1326 1129 1351; x_wconf 89' lang='lat' dir='ltr'>ge-</span> 
     </span>
     <span class='ocr_line' id='line_1_39' title="bbox 80 1351 1127 1388; baseline 0.002 -11"><span class='ocrx_word' id='word_1_358' title='bbox 80 1351 169 1384; x_wconf 86' lang='lat' dir='ltr'>neris,</span> <span class='ocrx_word' id='word_1_359' title='bbox 188 1353 260 1388; x_wconf 88' lang='lat' dir='ltr'>quod</span> <span class='ocrx_word' id='word_1_360' title='bbox 273 1353 377 1385; x_wconf 84' lang='lat' dir='ltr'>ineant,</span> <span class='ocrx_word' id='word_1_361' title='bbox 389 1352 457 1379; x_wconf 63' lang='lat' dir='ltr'>lacte</span> <span class='ocrx_word' id='word_1_362' title='bbox 472 1351 575 1379; x_wconf 80' lang='lat' dir='ltr'>hausto.</span> <span class='ocrx_word' id='word_1_363' title='bbox 669 1351 733 1378; x_wconf 88' lang='lat' dir='ltr'>Plin.</span> <span class='ocrx_word' id='word_1_364' title='bbox 750 1362 785 1384; x_wconf 85' lang='lat'>10,</span> <span class='ocrx_word' id='word_1_365' title='bbox 799 1355 829 1384; x_wconf 84' lang='grc'>63</span> <span class='ocrx_word' id='word_1_366' title='bbox 865 1353 993 1379; x_wconf 79' lang='lat' dir='ltr'>ineuntur</span> <span class='ocrx_word' id='word_1_367' title='bbox 1013 1361 1028 1379; x_wconf 90' lang='lat' dir='ltr'>a</span> <span class='ocrx_word' id='word_1_368' title='bbox 1051 1360 1127 1387; x_wconf 81' lang='lat' dir='ltr'>partu</span> 
     </span>
     <span class='ocr_line' id='line_1_40' title="bbox 79 1386 1129 1424; baseline 0.002 -12"><span class='ocrx_word' id='word_1_369' title='bbox 79 1386 155 1413; x_wconf 82' lang='lat' dir='ltr'>sexto</span> <span class='ocrx_word' id='word_1_370' title='bbox 167 1389 263 1414; x_wconf 83' lang='lat' dir='ltr'>mense.</span> <span class='ocrx_word' id='word_1_371' title='bbox 355 1387 403 1415; x_wconf 73' lang='lat' dir='ltr'>Sed</span> <span class='ocrx_word' id='word_1_372' title='bbox 416 1390 490 1414; x_wconf 78' lang='lat' dir='ltr'>etiam</span> <span class='ocrx_word' id='word_1_373' title='bbox 501 1387 529 1413; x_wconf 80' lang='lat' dir='ltr'>de</span> <span class='ocrx_word' id='word_1_374' title='bbox 542 1387 681 1415; x_wconf 75' lang='lat' dir='ltr'>hominibus</span> <span class='ocrx_word' id='word_1_375' title='bbox 694 1388 856 1424; x_wconf 76' lang='lat' dir='ltr'>usurparunt.</span> <span class='ocrx_word' id='word_1_376' title='bbox 943 1390 999 1414; x_wconf 85' lang='lat' dir='ltr'>Huc</span> <span class='ocrx_word' id='word_1_377' title='bbox 1016 1389 1129 1424; x_wconf 67' lang='lat' dir='ltr'>refertur</span> 
     </span>
     <span class='ocr_line' id='line_1_41' title="bbox 79 1421 1129 1458; baseline 0.001 -9"><span class='ocrx_word' id='word_1_378' title='bbox 79 1421 163 1449; x_wconf 84' lang='lat' dir='ltr'>Plaut.</span> <span class='ocrx_word' id='word_1_379' title='bbox 185 1423 267 1450; x_wconf 90' lang='lat' dir='ltr'>Casin.</span> <span class='ocrx_word' id='word_1_380' title='bbox 292 1430 317 1456; x_wconf 81' lang='grc' dir='ltr'>ς,</span> <span class='ocrx_word' id='word_1_381' title='bbox 343 1431 365 1455; x_wconf 83' lang='lat'>2,</span> <span class='ocrx_word' id='word_1_382' title='bbox 385 1431 424 1456; x_wconf 86' lang='lat'>44</span> <span class='ocrx_word' id='word_1_383' title='bbox 452 1423 537 1457; x_wconf 86' lang='lat' dir='ltr'>Surgo</span> <span class='ocrx_word' id='word_1_384' title='bbox 562 1429 591 1449; x_wconf 93' lang='lat' dir='ltr'>vt</span> <span class='ocrx_word' id='word_1_385' title='bbox 606 1432 700 1450; x_wconf 87' lang='lat' dir='ltr'>meam.</span> <span class='ocrx_word' id='word_1_386' title='bbox 809 1425 943 1458; x_wconf 75' lang='lat' dir='ltr'>Inprimis</span> <span class='ocrx_word' id='word_1_387' title='bbox 957 1425 1087 1450; x_wconf 85' lang='lat' dir='ltr'>Antonius</span> <span class='ocrx_word' id='word_1_388' title='bbox 1101 1425 1129 1450; x_wconf 90' lang='lat' dir='ltr'>in</span> 
     </span>
    </p>
   </div>
   <div class='ocr_carea' id='block_1_15' title="bbox 1151 785 1734 820">
    <p class='ocr_par' dir='ltr' id='par_1_15' title="bbox 1151 785 1734 820">
     <span class='ocr_line' id='line_1_42' title="bbox 1151 785 1734 820; baseline 0.002 -8"><span class='ocrx_word' id='word_1_389' title='bbox 1151 793 1178 819; x_wconf 81' lang='grc' dir='ltr'>ις</span> <span class='ocrx_word' id='word_1_390' title='bbox 1198 786 1304 819; x_wconf 74' lang='lat' dir='ltr'>Qiaeso</span> <span class='ocrx_word' id='word_1_391' title='bbox 1318 785 1432 812; x_wconf 79' lang='lat' dir='ltr'>etiamne</span> <span class='ocrx_word' id='word_1_392' title='bbox 1447 792 1475 812; x_wconf 90' lang='lat' dir='ltr'>tu</span> <span class='ocrx_word' id='word_1_393' title='bbox 1488 785 1532 812; x_wconf 83' lang='lat' dir='ltr'>has</span> <span class='ocrx_word' id='word_1_394' title='bbox 1545 786 1655 820; x_wconf 83' lang='lat' dir='ltr'>ineptias</span> <span class='ocrx_word' id='word_1_395' title='bbox 1665 807 1671 818; x_wconf 93' lang='lat'>,</span> <span class='ocrx_word' id='word_1_396' title='bbox 1690 795 1734 814; x_wconf 80' lang='lat' dir='ltr'>etc.</span> 
     </span>
    </p>
   </div>
   <div class='ocr_carea' id='block_1_16' title="bbox 1144 1139 1824 1175">
    <p class='ocr_par' dir='ltr' id='par_1_16' title="bbox 1144 1139 1824 1175">
     <span class='ocr_line' id='line_1_43' title="bbox 1144 1139 1824 1175; baseline 0 -8"><span class='ocrx_word' id='word_1_397' title='bbox 1144 1148 1176 1174; x_wconf 81' lang='lat'>23</span> <span class='ocrx_word' id='word_1_398' title='bbox 1195 1139 1261 1166; x_wconf 75' lang='lat' dir='ltr'>Non</span> <span class='ocrx_word' id='word_1_399' title='bbox 1277 1140 1364 1175; x_wconf 88' lang='lat' dir='ltr'>inepte</span> <span class='ocrx_word' id='word_1_400' title='bbox 1376 1141 1463 1167; x_wconf 85' lang='lat' dir='ltr'>dicere</span> <span class='ocrx_word' id='word_1_401' title='bbox 1478 1142 1479 1146; x_wconf 77' lang='grc'>’</span> <span class='ocrx_word' id='word_1_402' title='bbox 1492 1141 1548 1166; x_wconf 87' lang='lat' dir='ltr'>Cic.</span> <span class='ocrx_word' id='word_1_403' title='bbox 1562 1139 1594 1166; x_wconf 90' lang='lat' dir='ltr'>de</span> <span class='ocrx_word' id='word_1_404' title='bbox 1607 1140 1647 1167; x_wconf 91' lang='lat' dir='ltr'>Cl.</span> <span class='ocrx_word' id='word_1_405' title='bbox 1662 1141 1736 1167; x_wconf 88' lang='lat' dir='ltr'>Orat.</span> <span class='ocrx_word' id='word_1_406' title='bbox 1751 1150 1773 1167; x_wconf 86' lang='lat' dir='ltr'>c.</span> <span class='ocrx_word' id='word_1_407' title='bbox 1787 1145 1824 1170; x_wconf 84' lang='lat'><em>8:¹-</em></span> 
     </span>
    </p>
   </div>
   <div class='ocr_carea' id='block_1_17' title="bbox 1569 202 2242 258">
    <p class='ocr_par' dir='ltr' id='par_1_17' title="bbox 1569 202 2242 258">
     <span class='ocr_line' id='line_1_44' title="bbox 1569 202 2242 258; baseline 0.015 -16"><span class='ocrx_word' id='word_1_408' title='bbox 1569 203 1587 243; x_wconf 91' lang='lat' dir='ltr'>I</span> <span class='ocrx_word' id='word_1_409' title='bbox 1680 202 1725 242; x_wconf 88' lang='grc' dir='ltr'>Ν</span> <span class='ocrx_word' id='word_1_410' title='bbox 1811 207 1846 246; x_wconf 87' lang='grc' dir='ltr'><strong>Ε</strong></span> <span class='ocrx_word' id='word_1_411' title='bbox 2146 215 2242 258; x_wconf 79' lang='lat'>1086</span> 
     </span>
    </p>
   </div>
   <div class='ocr_carea' id='block_1_18' title="bbox 1190 290 2243 784">
    <p class='ocr_par' dir='ltr' id='par_1_18' title="bbox 1190 290 2242 502">
     <span class='ocr_line' id='line_1_45' title="bbox 1196 290 2242 334; baseline 0.011 -17"><span class='ocrx_word' id='word_1_412' title='bbox 1196 300 1241 323; x_wconf 82' lang='lat' dir='ltr'>co,</span> <span class='ocrx_word' id='word_1_413' title='bbox 1260 295 1382 326; x_wconf 73' lang='lat' dir='ltr'>tempore,</span> <span class='ocrx_word' id='word_1_414' title='bbox 1397 290 1526 326; x_wconf 77' lang='lat' dir='ltr'>personis,</span> <span class='ocrx_word' id='word_1_415' title='bbox 1545 295 1641 328; x_wconf 79' lang='lat' dir='ltr'>negotio</span> <span class='ocrx_word' id='word_1_416' title='bbox 1652 302 1662 317; x_wconf 90' lang='lat'>.·</span> <span class='ocrx_word' id='word_1_417' title='bbox 1694 293 1841 328; x_wconf 62' lang='lat' dir='ltr'>praqfirtim</span> <span class='ocrx_word' id='word_1_418' title='bbox 1854 305 1909 323; x_wconf 71' lang='lat' dir='ltr'>vcro</span> <span class='ocrx_word' id='word_1_419' title='bbox 1922 307 2035 334; x_wconf 74' lang='lat' dir='ltr'>mag-num</span> <span class='ocrx_word' id='word_1_420' title='bbox 2047 306 2161 326; x_wconf 77' lang='lat' dir='ltr'>conatum</span> <span class='ocrx_word' id='word_1_421' title='bbox 2174 304 2200 327; x_wconf 80' lang='lat' dir='ltr'>in</span> <span class='ocrx_word' id='word_1_422' title='bbox 2214 311 2242 328; x_wconf 79' lang='lat' dir='ltr'>re</span> 
     </span>
     <span class='ocr_line' id='line_1_46' title="bbox 1190 326 2241 370; baseline 0.01 -18"><span class='ocrx_word' id='word_1_423' title='bbox 1190 333 1285 361; x_wconf 72' lang='lat' dir='ltr'>parua.</span> <span class='ocrx_word' id='word_1_424' title='bbox 1358 326 1482 352; x_wconf 69' lang='lat' dir='ltr'>Caeterum</span> <span class='ocrx_word' id='word_1_425' title='bbox 1495 337 1542 354; x_wconf 79' lang='lat' dir='ltr'>non</span> <span class='ocrx_word' id='word_1_426' title='bbox 1550 335 1612 363; x_wconf 78' lang='lat' dir='ltr'>puto</span> <span class='ocrx_word' id='word_1_427' title='bbox 1625 327 1667 361; x_wconf 69' lang='lat' dir='ltr'>ejffi·</span> <span class='ocrx_word' id='word_1_428' title='bbox 1676 329 1793 354; x_wconf 76' lang='lat' dir='ltr'>Graecum</span> <span class='ocrx_word' id='word_1_429' title='bbox 1806 338 1888 356; x_wconf 65' lang='lat' dir='ltr'>nomeu</span> <span class='ocrx_word' id='word_1_430' title='bbox 1901 337 1993 366; x_wconf 76' lang='lat' dir='ltr'>aptius,</span> <span class='ocrx_word' id='word_1_431' title='bbox 2013 343 2083 369; x_wconf 85' lang='lat' dir='ltr'>quam</span> <span class='ocrx_word' id='word_1_432' title='bbox 2097 336 2241 370; x_wconf 68' lang='grc' dir='ltr'><strong>οἱνοὶρμοτον,</strong></span> 
     </span>
     <span class='ocr_line' id='line_1_47' title="bbox 1197 362 2240 424; baseline 0.012 -37"><span class='ocrx_word' id='word_1_433' title='bbox 1197 362 1261 396; x_wconf 82' lang='lat' dir='ltr'>quod</span> <span class='ocrx_word' id='word_1_434' title='bbox 1275 364 1348 387; x_wconf 76' lang='lat' dir='ltr'>etiam</span> <span class='ocrx_word' id='word_1_435' title='bbox 1362 370 1409 387; x_wconf 78' lang='lat' dir='ltr'>non</span> <span class='ocrx_word' id='word_1_436' title='bbox 1416 362 1497 397; x_wconf 57' lang='lat' dir='ltr'>sutile</span> <span class='ocrx_word' id='word_1_437' title='bbox 1512 362 1545 388; x_wconf 80' lang='lat' dir='ltr'>ad</span> <span class='ocrx_word' id='word_1_438' title='bbox 1562 364 1721 424; x_wconf 66' lang='lat' dir='ltr'>refellendum</span> <span class='ocrx_word' id='word_1_439' title='bbox 1738 372 1754 401; x_wconf 66' lang='lat' dir='ltr'><strong><em>g</em></strong></span> <span class='ocrx_word' id='word_1_440' title='bbox 1772 367 1870 390; x_wconf 70' lang='lat' dir='ltr'>notione</span> <span class='ocrx_word' id='word_1_441' title='bbox 1889 367 1985 400; x_wconf 82' lang='lat' dir='ltr'>inepti,</span> <span class='ocrx_word' id='word_1_442' title='bbox 1999 373 2102 404; x_wconf 69' lang='lat' dir='ltr'>scitetur</span> <span class='ocrx_word' id='word_1_443' title='bbox 2123 372 2240 398; x_wconf 62' lang='lat' dir='ltr'>Scaliwer.</span> 
     </span>
     <span class='ocr_line' id='line_1_48' title="bbox 1198 395 2241 440; baseline 0.012 -19"><span class='ocrx_word' id='word_1_444' title='bbox 1198 398 1268 423; x_wconf 65' lang='lat' dir='ltr'>Certe</span> <span class='ocrx_word' id='word_1_445' title='bbox 1279 396 1409 431; x_wconf 77' lang='lat' dir='ltr'>Ar1stoph.</span> <span class='ocrx_word' id='word_1_446' title='bbox 1419 397 1496 439; x_wconf 52' lang='lat' dir='ltr'>¹Nub2</span> <span class='ocrx_word' id='word_1_447' title='bbox 1509 407 1553 432; x_wconf 77' lang='lat'>9⁰5</span> <span class='ocrx_word' id='word_1_448' title='bbox 1579 399 1586 406; x_wconf 78' lang='lat'><em>⁷</em></span> <span class='ocrx_word' id='word_1_449' title='bbox 1605 401 1721 434; x_wconf 72' lang='grc' dir='ltr'>υφογέρων</span> <span class='ocrx_word' id='word_1_450' title='bbox 1732 401 1750 424; x_wconf 68' lang='grc' dir='ltr'>εὖ</span> <span class='ocrx_word' id='word_1_451' title='bbox 1765 398 1807 433; x_wconf 56' lang='lat' dir='ltr'>we)</span> <span class='ocrx_word' id='word_1_452' title='bbox 1820 399 1949 435; x_wconf 62' lang='grc' dir='ltr'>οένοῖρμοςος</span> <span class='ocrx_word' id='word_1_453' title='bbox 1963 410 2050 437; x_wconf 75' lang='lat' dir='ltr'>opltme</span> <span class='ocrx_word' id='word_1_454' title='bbox 2069 407 2170 440; x_wconf 82' lang='lat' dir='ltr'>ineptus</span> <span class='ocrx_word' id='word_1_455' title='bbox 2185 395 2241 433; x_wconf 54' lang='lat' dir='ltr'>Zd-</span> 
     </span>
     <span class='ocr_line' id='line_1_49' title="bbox 1198 430 2240 475; baseline 0.01 -18"><span class='ocrx_word' id='word_1_456' title='bbox 1198 431 1267 458; x_wconf 79' lang='lat' dir='ltr'>ditur</span> <span class='ocrx_word' id='word_1_457' title='bbox 1281 442 1288 457; x_wconf 91' lang='lat'><em>:</em></span> <span class='ocrx_word' id='word_1_458' title='bbox 1325 438 1348 458; x_wconf 82' lang='lat' dir='ltr'>et</span> <span class='ocrx_word' id='word_1_459' title='bbox 1359 430 1391 464; x_wconf 75' lang='lat' dir='ltr'>est</span> <span class='ocrx_word' id='word_1_460' title='bbox 1400 434 1464 467; x_wconf 72' lang='lat' dir='ltr'>jane</span> <span class='ocrx_word' id='word_1_461' title='bbox 1479 432 1589 467; x_wconf 68' lang='grc' dir='ltr'>αρμόςάν</span> <span class='ocrx_word' id='word_1_462' title='bbox 1604 436 1719 460; x_wconf 76' lang='lat' dir='ltr'>Latinum</span> <span class='ocrx_word' id='word_1_463' title='bbox 1732 443 1824 469; x_wconf 83' lang='lat' dir='ltr'>apere,</span> <span class='ocrx_word' id='word_1_464' title='bbox 1844 435 1907 462; x_wconf 77' lang='lat' dir='ltr'>vnde</span> <span class='ocrx_word' id='word_1_465' title='bbox 1921 436 2024 471; x_wconf 75' lang='lat' dir='ltr'>ineptus</span> <span class='ocrx_word' id='word_1_466' title='bbox 2043 441 2121 466; x_wconf 71' lang='lat' dir='ltr'>cadcm</span> <span class='ocrx_word' id='word_1_467' title='bbox 2133 445 2240 475; x_wconf 75' lang='lat' dir='ltr'>ratione,</span> 
     </span>
     <span class='ocr_line' id='line_1_50' title="bbox 1197 466 1477 502; baseline -0.007 -8"><span class='ocrx_word' id='word_1_468' title='bbox 1197 474 1227 494; x_wconf 83' lang='lat' dir='ltr'>vt</span> <span class='ocrx_word' id='word_1_469' title='bbox 1239 467 1269 493; x_wconf 77' lang='lat' dir='ltr'>ab</span> <span class='ocrx_word' id='word_1_470' title='bbox 1282 467 1323 493; x_wconf 74' lang='lat' dir='ltr'>illo</span> <span class='ocrx_word' id='word_1_471' title='bbox 1337 466 1477 502; x_wconf 67' lang='grc' dir='ltr'>οἶνάρμυςσς.</span> 
     </span>
    </p>

    <p class='ocr_par' dir='ltr' id='par_1_19' title="bbox 1196 501 2242 641">
     <span class='ocr_line' id='line_1_51' title="bbox 1235 501 2241 547; baseline 0.011 -20"><span class='ocrx_word' id='word_1_472' title='bbox 1235 509 1245 528; x_wconf 89' lang='grc'>1</span> <span class='ocrx_word' id='word_1_473' title='bbox 1258 509 1280 528; x_wconf 83' lang='grc' dir='ltr'>Ν</span> <span class='ocrx_word' id='word_1_474' title='bbox 1291 509 1307 528; x_wconf 73' lang='lat' dir='ltr'>r,</span> <span class='ocrx_word' id='word_1_475' title='bbox 1316 509 1330 528; x_wconf 74' lang='lat' dir='ltr'>r</span> <span class='ocrx_word' id='word_1_476' title='bbox 1339 508 1360 527; x_wconf 82' lang='grc' dir='ltr'><strong>Τ</strong></span> <span class='ocrx_word' id='word_1_477' title='bbox 1371 510 1379 528; x_wconf 91' lang='grc'>1</span> <span class='ocrx_word' id='word_1_478' title='bbox 1390 509 1409 528; x_wconf 95' lang='lat'>0</span> <span class='ocrx_word' id='word_1_479' title='bbox 1419 522 1426 533; x_wconf 88' lang='lat'>,</span> <span class='ocrx_word' id='word_1_480' title='bbox 1444 501 1483 528; x_wconf 79' lang='lat' dir='ltr'>iui</span> <span class='ocrx_word' id='word_1_481' title='bbox 1493 522 1500 534; x_wconf 89' lang='lat'>‚</span> <span class='ocrx_word' id='word_1_482' title='bbox 1520 505 1569 529; x_wconf 73' lang='lat' dir='ltr'>irc.</span> <span class='ocrx_word' id='word_1_483' title='bbox 1605 503 1786 539; x_wconf 65' lang='grc' dir='ltr'>[οἶταθάλλω]</span> <span class='ocrx_word' id='word_1_484' title='bbox 1825 505 1913 532; x_wconf 83' lang='lat' dir='ltr'>Facere</span> <span class='ocrx_word' id='word_1_485' title='bbox 1927 512 1970 532; x_wconf 82' lang='lat' dir='ltr'>aut</span> <span class='ocrx_word' id='word_1_486' title='bbox 1983 509 2071 534; x_wconf 79' lang='lat' dir='ltr'>Dicere</span> <span class='ocrx_word' id='word_1_487' title='bbox 2093 510 2156 544; x_wconf 76' lang='lat' dir='ltr'>quod</span> <span class='ocrx_word' id='word_1_488' title='bbox 2167 521 2241 547; x_wconf 76' lang='lat' dir='ltr'>neque</span> 
     </span>
     <span class='ocr_line' id='line_1_52' title="bbox 1196 539 2241 581; baseline 0.009 -17"><span class='ocrx_word' id='word_1_489' title='bbox 1196 539 1246 564; x_wconf 85' lang='lat' dir='ltr'>Ioco</span> <span class='ocrx_word' id='word_1_490' title='bbox 1255 560 1263 572; x_wconf 83' lang='lat'>‚</span> <span class='ocrx_word' id='word_1_491' title='bbox 1285 547 1360 573; x_wconf 72' lang='lat' dir='ltr'>neque</span> <span class='ocrx_word' id='word_1_492' title='bbox 1372 541 1485 572; x_wconf 72' lang='lat' dir='ltr'>tempori,</span> <span class='ocrx_word' id='word_1_493' title='bbox 1505 547 1579 573; x_wconf 72' lang='lat' dir='ltr'>neque</span> <span class='ocrx_word' id='word_1_494' title='bbox 1593 539 1670 571; x_wconf 62' lang='lat' dir='ltr'>rebus,</span> <span class='ocrx_word' id='word_1_495' title='bbox 1679 550 1752 576; x_wconf 67' lang='lat' dir='ltr'>neque</span> <span class='ocrx_word' id='word_1_496' title='bbox 1760 540 1874 581; x_wconf 53' lang='lat' dir='ltr'>pcrfhnis</span> <span class='ocrx_word' id='word_1_497' title='bbox 1886 545 2024 569; x_wconf 75' lang='lat' dir='ltr'>conueniat.</span> <span class='ocrx_word' id='word_1_498' title='bbox 2060 544 2089 570; x_wconf 86' lang='lat' dir='ltr'>T</span> <span class='ocrx_word' id='word_1_499' title='bbox 2091 554 2126 570; x_wconf 81' lang='lat' dir='ltr'>cr.</span> <span class='ocrx_word' id='word_1_500' title='bbox 2136 546 2241 573; x_wconf 79' lang='lat' dir='ltr'>Phorm.</span> 
     </span>
     <span class='ocr_line' id='line_1_53' title="bbox 1198 573 2242 612; baseline 0.009 -13"><span class='ocrx_word' id='word_1_501' title='bbox 1198 582 1220 605; x_wconf 86' lang='lat'>2,</span> <span class='ocrx_word' id='word_1_502' title='bbox 1235 582 1254 605; x_wconf 86' lang='grc'>3,</span> <span class='ocrx_word' id='word_1_503' title='bbox 1268 581 1298 607; x_wconf 87' lang='grc'>73</span> <span class='ocrx_word' id='word_1_504' title='bbox 1332 573 1396 600; x_wconf 90' lang='lat' dir='ltr'>Non</span> <span class='ocrx_word' id='word_1_505' title='bbox 1418 582 1491 606; x_wconf 82' lang='lat' dir='ltr'>agam</span> <span class='ocrx_word' id='word_1_506' title='bbox 1506 574 1514 598; x_wconf 80' lang='lat'>3</span> <span class='ocrx_word' id='word_1_507' title='bbox 1552 573 1635 600; x_wconf 84' lang='lat' dir='ltr'>immo</span> <span class='ocrx_word' id='word_1_508' title='bbox 1652 585 1705 602; x_wconf 92' lang='lat' dir='ltr'>non</span> <span class='ocrx_word' id='word_1_509' title='bbox 1727 575 1857 609; x_wconf 76' lang='lat' dir='ltr'>desinam,</span> <span class='ocrx_word' id='word_1_510' title='bbox 1878 575 1960 604; x_wconf 85' lang='lat' dir='ltr'>donec</span> <span class='ocrx_word' id='word_1_511' title='bbox 1973 578 2109 612; x_wconf 84' lang='lat' dir='ltr'>perfecero</span> <span class='ocrx_word' id='word_1_512' title='bbox 2123 580 2181 607; x_wconf 82' lang='lat' dir='ltr'>hoc.</span> <span class='ocrx_word' id='word_1_513' title='bbox 2216 590 2242 610; x_wconf 80' lang='grc'>1’.</span> 
     </span>
     <span class='ocr_line' id='line_1_54' title="bbox 1277 607 1694 641; baseline 0.01 -8"><span class='ocrx_word' id='word_1_514' title='bbox 1277 609 1280 612; x_wconf 83' lang='grc'>’</span> <span class='ocrx_word' id='word_1_515' title='bbox 1408 608 1483 634; x_wconf 88' lang='lat' dir='ltr'>Idem</span> <span class='ocrx_word' id='word_1_516' title='bbox 1497 607 1570 634; x_wconf 85' lang='lat' dir='ltr'>Adel.</span> <span class='ocrx_word' id='word_1_517' title='bbox 1585 616 1607 640; x_wconf 76' lang='grc' dir='ltr'>ς,</span> <span class='ocrx_word' id='word_1_518' title='bbox 1622 615 1644 641; x_wconf 78' lang='lat' dir='ltr'>s,</span> <span class='ocrx_word' id='word_1_519' title='bbox 1663 619 1694 637; x_wconf 90' lang='grc'>11.</span> 
     </span>
    </p>

    <p class='ocr_par' dir='ltr' id='par_1_20' title="bbox 1193 643 2243 784">
     <span class='ocr_line' id='line_1_55' title="bbox 1234 643 2243 686; baseline 0.008 -17"><span class='ocrx_word' id='word_1_520' title='bbox 1234 651 1274 670; x_wconf 79' lang='grc' dir='ltr'>ΙΝ</span> <span class='ocrx_word' id='word_1_521' title='bbox 1286 649 1419 675; x_wconf 76' lang='grc' dir='ltr'><strong>ΕΡΤΙΛ,</strong></span> <span class='ocrx_word' id='word_1_522' title='bbox 1440 652 1478 670; x_wconf 87' lang='lat' dir='ltr'>ae.</span> <span class='ocrx_word' id='word_1_523' title='bbox 1500 643 1518 669; x_wconf 84' lang='lat' dir='ltr'>s.</span> <span class='ocrx_word' id='word_1_524' title='bbox 1555 643 1723 678; x_wconf 66' lang='grc' dir='ltr'><strong>[οἶταθαλῖα,</strong></span> <span class='ocrx_word' id='word_1_525' title='bbox 1736 646 1912 681; x_wconf 66' lang='grc' dir='ltr'>ἅπαροκαλΐοι]</span> <span class='ocrx_word' id='word_1_526' title='bbox 1947 648 2020 683; x_wconf 66' lang='lat' dir='ltr'>Qaeod</span> <span class='ocrx_word' id='word_1_527' title='bbox 2037 651 2063 675; x_wconf 79' lang='lat' dir='ltr'>in</span> <span class='ocrx_word' id='word_1_528' title='bbox 2080 650 2176 676; x_wconf 78' lang='lat' dir='ltr'>plurali</span> <span class='ocrx_word' id='word_1_529' title='bbox 2187 652 2243 686; x_wconf 77' lang='lat' dir='ltr'>sae-</span> 
     </span>
     <span class='ocr_line' id='line_1_56' title="bbox 1193 678 2242 718; baseline 0.008 -14"><span class='ocrx_word' id='word_1_530' title='bbox 1193 682 1255 715; x_wconf 76' lang='lat' dir='ltr'>pius</span> <span class='ocrx_word' id='word_1_531' title='bbox 1268 682 1406 714; x_wconf 78' lang='lat' dir='ltr'>reperitur,</span> <span class='ocrx_word' id='word_1_532' title='bbox 1424 686 1474 705; x_wconf 74' lang='lat' dir='ltr'>tam</span> <span class='ocrx_word' id='word_1_533' title='bbox 1488 678 1617 705; x_wconf 69' lang='lat' dir='ltr'>uerborum</span> <span class='ocrx_word' id='word_1_534' title='bbox 1626 700 1634 712; x_wconf 95' lang='lat'>,</span> <span class='ocrx_word' id='word_1_535' title='bbox 1653 690 1723 716; x_wconf 84' lang='lat' dir='ltr'>quam</span> <span class='ocrx_word' id='word_1_536' title='bbox 1730 682 1863 717; x_wconf 59' lang='lat' dir='ltr'>sotiorum</span> <span class='ocrx_word' id='word_1_537' title='bbox 1876 684 1917 715; x_wconf 65' lang='lat' dir='ltr'>tyr.</span> <span class='ocrx_word' id='word_1_538' title='bbox 1976 684 2043 711; x_wconf 81' lang='lat' dir='ltr'>Ter.</span> <span class='ocrx_word' id='word_1_539' title='bbox 2058 684 2163 712; x_wconf 86' lang='lat' dir='ltr'>Phorm.</span> <span class='ocrx_word' id='word_1_540' title='bbox 2179 695 2206 718; x_wconf 89' lang='lat'>4,</span> <span class='ocrx_word' id='word_1_541' title='bbox 2220 696 2242 718; x_wconf 86' lang='grc'>3,</span> 
     </span>
     <span class='ocr_line' id='line_1_57' title="bbox 1197 714 1992 751; baseline 0.005 -10"><span class='ocrx_word' id='word_1_542' title='bbox 1197 723 1230 747; x_wconf 82' lang='lat'>43</span> <span class='ocrx_word' id='word_1_543' title='bbox 1252 715 1286 741; x_wconf 89' lang='lat' dir='ltr'>Vt</span> <span class='ocrx_word' id='word_1_544' title='bbox 1310 715 1342 741; x_wconf 87' lang='lat' dir='ltr'>ad</span> <span class='ocrx_word' id='word_1_545' title='bbox 1366 723 1447 748; x_wconf 84' lang='lat' dir='ltr'>pauca</span> <span class='ocrx_word' id='word_1_546' title='bbox 1468 714 1587 745; x_wconf 80' lang='lat' dir='ltr'>redeam,</span> <span class='ocrx_word' id='word_1_547' title='bbox 1607 724 1635 741; x_wconf 90' lang='lat' dir='ltr'>ac</span> <span class='ocrx_word' id='word_1_548' title='bbox 1658 718 1761 743; x_wconf 87' lang='lat' dir='ltr'>mittam</span> <span class='ocrx_word' id='word_1_549' title='bbox 1785 717 1858 743; x_wconf 87' lang='lat' dir='ltr'>illius</span> <span class='ocrx_word' id='word_1_550' title='bbox 1872 718 1992 751; x_wconf 78' lang='lat' dir='ltr'>ineptias.</span> 
     </span>
     <span class='ocr_line' id='line_1_58' title="bbox 1196 750 1908 784; baseline 0.004 -8"><span class='ocrx_word' id='word_1_551' title='bbox 1196 750 1266 776; x_wconf 87' lang='lat' dir='ltr'>Prol.</span> <span class='ocrx_word' id='word_1_552' title='bbox 1281 752 1315 776; x_wconf 84' lang='lat'>26</span> <span class='ocrx_word' id='word_1_553' title='bbox 1333 751 1450 783; x_wconf 81' lang='lat' dir='ltr'>Ineptia,</span> <span class='ocrx_word' id='word_1_554' title='bbox 1470 750 1610 784; x_wconf 79' lang='lat' dir='ltr'>stultiaque</span> <span class='ocrx_word' id='word_1_555' title='bbox 1623 751 1706 784; x_wconf 83' lang='lat' dir='ltr'>adeo,</span> <span class='ocrx_word' id='word_1_556' title='bbox 1726 758 1752 778; x_wconf 87' lang='lat' dir='ltr'>ct</span> <span class='ocrx_word' id='word_1_557' title='bbox 1766 753 1908 779; x_wconf 74' lang='lat' dir='ltr'>temeritas.</span> 
     </span>
    </p>
   </div>
   <div class='ocr_carea' id='block_1_19' title="bbox 1196 721 2245 969">
    <p class='ocr_par' dir='ltr' id='par_1_21' title="bbox 1196 721 2245 969">
     <span class='ocr_line' id='line_1_59' title="bbox 2063 721 2242 748; baseline 0.011 -2"><span class='ocrx_word' id='word_1_558' title='bbox 2063 721 2146 747; x_wconf 83' lang='lat' dir='ltr'>Plaut.</span> <span class='ocrx_word' id='word_1_559' title='bbox 2161 722 2242 748; x_wconf 80' lang='lat' dir='ltr'>Merc.</span> 
     </span>
     <span class='ocr_line' id='line_1_60' title="bbox 2024 755 2244 791; baseline 0.014 -10"><span class='ocrx_word' id='word_1_560' title='bbox 2024 755 2080 782; x_wconf 87' lang='lat' dir='ltr'>Cic.</span> <span class='ocrx_word' id='word_1_561' title='bbox 2099 757 2172 783; x_wconf 84' lang='lat' dir='ltr'>Fam.</span> <span class='ocrx_word' id='word_1_562' title='bbox 2186 765 2213 789; x_wconf 90' lang='grc'>3,</span> <span class='ocrx_word' id='word_1_563' title='bbox 2226 766 2244 791; x_wconf 80' lang='grc'>7</span> 
     </span>
     <span class='ocr_line' id='line_1_61' title="bbox 1823 788 2243 827; baseline 0.012 -13"><span class='ocrx_word' id='word_1_564' title='bbox 1823 788 1896 814; x_wconf 89' lang='lat' dir='ltr'>Idem</span> <span class='ocrx_word' id='word_1_565' title='bbox 1911 788 1995 815; x_wconf 75' lang='lat' dir='ltr'>Ture.</span> <span class='ocrx_word' id='word_1_566' title='bbox 2015 799 2036 822; x_wconf 86' lang='lat'>1,</span> <span class='ocrx_word' id='word_1_567' title='bbox 2047 799 2081 824; x_wconf 86' lang='grc'>92</span> <span class='ocrx_word' id='word_1_568' title='bbox 2094 800 2115 818; x_wconf 91' lang='lat' dir='ltr'>c.</span> <span class='ocrx_word' id='word_1_569' title='bbox 2129 799 2161 827; x_wconf 87' lang='grc'>37</span> <span class='ocrx_word' id='word_1_570' title='bbox 2185 793 2243 818; x_wconf 45' lang='lat' dir='ltr'>Ine*</span> 
     </span>
     <span class='ocr_line' id='line_1_62' title="bbox 1196 821 2243 857; baseline 0.003 -11"><span class='ocrx_word' id='word_1_571' title='bbox 1196 822 1267 855; x_wconf 86' lang='lat' dir='ltr'>ptiae</span> <span class='ocrx_word' id='word_1_572' title='bbox 1280 828 1360 855; x_wconf 84' lang='lat' dir='ltr'>paene</span> <span class='ocrx_word' id='word_1_573' title='bbox 1372 821 1462 847; x_wconf 87' lang='lat' dir='ltr'>aniles.</span> <span class='ocrx_word' id='word_1_574' title='bbox 1534 821 1658 849; x_wconf 61' lang='lat' dir='ltr'>Lectores</span> <span class='ocrx_word' id='word_1_575' title='bbox 1672 823 1830 857; x_wconf 78' lang='lat' dir='ltr'>ineptiarum</span> <span class='ocrx_word' id='word_1_576' title='bbox 1850 824 1936 850; x_wconf 89' lang='lat' dir='ltr'>Catul.</span> <span class='ocrx_word' id='word_1_577' title='bbox 1953 833 1986 856; x_wconf 85' lang='grc' dir='ltr'>ις,</span> <span class='ocrx_word' id='word_1_578' title='bbox 2002 834 2019 852; x_wconf 83' lang='grc'>1,</span> <span class='ocrx_word' id='word_1_579' title='bbox 2091 827 2186 854; x_wconf 82' lang='lat' dir='ltr'>Facere</span> <span class='ocrx_word' id='word_1_580' title='bbox 2197 828 2243 854; x_wconf 88' lang='lat' dir='ltr'>ali.</span> 
     </span>
     <span class='ocr_line' id='line_1_63' title="bbox 1198 853 2245 897; baseline 0.008 -15"><span class='ocrx_word' id='word_1_581' title='bbox 1198 855 1264 890; x_wconf 89' lang='lat' dir='ltr'>quid</span> <span class='ocrx_word' id='word_1_582' title='bbox 1277 856 1435 890; x_wconf 85' lang='lat' dir='ltr'>ineptiarum</span> <span class='ocrx_word' id='word_1_583' title='bbox 1456 853 1530 882; x_wconf 86' lang='lat' dir='ltr'>Idem</span> <span class='ocrx_word' id='word_1_584' title='bbox 1545 859 1571 888; x_wconf 91' lang='lat'>6,</span> <span class='ocrx_word' id='word_1_585' title='bbox 1585 866 1623 890; x_wconf 84' lang='lat'>14.</span> <span class='ocrx_word' id='word_1_586' title='bbox 1731 858 1838 885; x_wconf 81' lang='lat' dir='ltr'>Sueten.</span> <span class='ocrx_word' id='word_1_587' title='bbox 1853 860 1998 885; x_wconf 83' lang='lat' dir='ltr'>Grammat.</span> <span class='ocrx_word' id='word_1_588' title='bbox 2018 870 2043 887; x_wconf 83' lang='lat'>21</span> <span class='ocrx_word' id='word_1_589' title='bbox 2065 861 2092 887; x_wconf 73' lang='lat' dir='ltr'>de</span> <span class='ocrx_word' id='word_1_590' title='bbox 2102 862 2245 897; x_wconf 70' lang='lat' dir='ltr'>GMetrffi,</span> 
     </span>
     <span class='ocr_line' id='line_1_64' title="bbox 1197 892 2244 930; baseline 0.008 -12"><span class='ocrx_word' id='word_1_591' title='bbox 1197 892 1390 925; x_wconf 84' lang='lat' dir='ltr'>Sexagesimum</span> <span class='ocrx_word' id='word_1_592' title='bbox 1405 893 1495 918; x_wconf 85' lang='lat' dir='ltr'>aetatis</span> <span class='ocrx_word' id='word_1_593' title='bbox 1509 901 1605 918; x_wconf 88' lang='lat' dir='ltr'>annum</span> <span class='ocrx_word' id='word_1_594' title='bbox 1621 902 1698 927; x_wconf 84' lang='lat' dir='ltr'>agens</span> <span class='ocrx_word' id='word_1_595' title='bbox 1711 893 1817 920; x_wconf 86' lang='lat' dir='ltr'>libellos</span> <span class='ocrx_word' id='word_1_596' title='bbox 1830 895 1990 928; x_wconf 83' lang='lat' dir='ltr'>Ineptiarum</span> <span class='ocrx_word' id='word_1_597' title='bbox 2000 916 2008 928; x_wconf 94' lang='lat'>,</span> <span class='ocrx_word' id='word_1_598' title='bbox 2026 897 2073 930; x_wconf 91' lang='lat' dir='ltr'>qui</span> <span class='ocrx_word' id='word_1_599' title='bbox 2087 907 2155 924; x_wconf 91' lang='lat' dir='ltr'>nunc</span> <span class='ocrx_word' id='word_1_600' title='bbox 2169 900 2244 925; x_wconf 89' lang='lat' dir='ltr'>Ioco-</span> 
     </span>
     <span class='ocr_line' id='line_1_65' title="bbox 1196 926 2244 969; baseline 0.007 -15"><span class='ocrx_word' id='word_1_601' title='bbox 1196 936 1258 954; x_wconf 86' lang='lat' dir='ltr'>rum</span> <span class='ocrx_word' id='word_1_602' title='bbox 1271 926 1468 961; x_wconf 80' lang='lat' dir='ltr'>inscribuntur,</span> <span class='ocrx_word' id='word_1_603' title='bbox 1485 936 1644 961; x_wconf 80' lang='lat' dir='ltr'>componere</span> <span class='ocrx_word' id='word_1_604' title='bbox 1661 928 1789 961; x_wconf 85' lang='lat' dir='ltr'>instituit,</span> <span class='ocrx_word' id='word_1_605' title='bbox 1809 929 1978 965; x_wconf 84' lang='lat' dir='ltr'>absoluitque</span> <span class='ocrx_word' id='word_1_606' title='bbox 1997 938 2101 959; x_wconf 88' lang='lat' dir='ltr'>centum</span> <span class='ocrx_word' id='word_1_607' title='bbox 2121 940 2147 960; x_wconf 88' lang='lat' dir='ltr'>et</span> <span class='ocrx_word' id='word_1_608' title='bbox 2166 935 2244 969; x_wconf 88' lang='lat' dir='ltr'>quin-</span> 
     </span>
    </p>
   </div>
   <div class='ocr_carea' id='block_1_20' title="bbox 1149 962 1932 998">
    <p class='ocr_par' dir='ltr' id='par_1_22' title="bbox 1149 962 1932 998">
     <span class='ocr_line' id='line_1_66' title="bbox 1149 962 1932 998; baseline 0.005 -10"><span class='ocrx_word' id='word_1_609' title='bbox 1149 972 1181 991; x_wconf 81' lang='lat'>20</span> <span class='ocrx_word' id='word_1_610' title='bbox 1198 962 1338 998; x_wconf 84' lang='lat' dir='ltr'>quaginta,</span> <span class='ocrx_word' id='word_1_611' title='bbox 1358 963 1454 998; x_wconf 90' lang='lat' dir='ltr'>quibus</span> <span class='ocrx_word' id='word_1_612' title='bbox 1468 969 1493 989; x_wconf 90' lang='lat' dir='ltr'>et</span> <span class='ocrx_word' id='word_1_613' title='bbox 1507 964 1572 989; x_wconf 85' lang='lat' dir='ltr'>alios</span> <span class='ocrx_word' id='word_1_614' title='bbox 1587 963 1703 990; x_wconf 73' lang='lat' dir='ltr'>diuersos</span> <span class='ocrx_word' id='word_1_615' title='bbox 1721 965 1807 998; x_wconf 77' lang='lat' dir='ltr'>postca</span> <span class='ocrx_word' id='word_1_616' title='bbox 1820 965 1932 992; x_wconf 87' lang='lat' dir='ltr'>addidit.</span> 
     </span>
    </p>
   </div>
   <div class='ocr_carea' id='block_1_21' title="bbox 1196 998 2243 1212">
    <p class='ocr_par' dir='ltr' id='par_1_23' title="bbox 1196 998 2243 1212">
     <span class='ocr_line' id='line_1_67' title="bbox 1233 998 2243 1037; baseline 0.006 -12"><span class='ocrx_word' id='word_1_617' title='bbox 1233 1005 1244 1025; x_wconf 91' lang='grc' dir='ltr'>Ι</span> <span class='ocrx_word' id='word_1_618' title='bbox 1255 1004 1277 1023; x_wconf 82' lang='lat' dir='ltr'>N</span> <span class='ocrx_word' id='word_1_619' title='bbox 1288 1005 1304 1024; x_wconf 80' lang='lat' dir='ltr'>E</span> <span class='ocrx_word' id='word_1_620' title='bbox 1316 1003 1331 1023; x_wconf 83' lang='lat' dir='ltr'><strong>P</strong></span> <span class='ocrx_word' id='word_1_621' title='bbox 1341 1005 1397 1025; x_wconf 78' lang='grc' dir='ltr'>ΤΕ.</span> <span class='ocrx_word' id='word_1_622' title='bbox 1436 999 1503 1025; x_wconf 88' lang='lat' dir='ltr'>Adu.</span> <span class='ocrx_word' id='word_1_623' title='bbox 1553 998 1751 1033; x_wconf 48' lang='lat' dir='ltr'>[dammam]</span> <span class='ocrx_word' id='word_1_624' title='bbox 1800 1002 1888 1026; x_wconf 80' lang='lat' dir='ltr'>Minus</span> <span class='ocrx_word' id='word_1_625' title='bbox 1919 1007 1990 1036; x_wconf 79' lang='lat' dir='ltr'>apte,</span> <span class='ocrx_word' id='word_1_626' title='bbox 2009 1008 2034 1028; x_wconf 76' lang='lat' dir='ltr'>ec</span> <span class='ocrx_word' id='word_1_627' title='bbox 2065 1003 2243 1037; x_wconf 68' lang='lat' dir='ltr'>imprudenter.</span> 
     </span>
     <span class='ocr_line' id='line_1_68' title="bbox 1197 1033 2242 1072; baseline 0.008 -13"><span class='ocrx_word' id='word_1_628' title='bbox 1197 1033 1281 1059; x_wconf 91' lang='lat' dir='ltr'>Plaut.</span> <span class='ocrx_word' id='word_1_629' title='bbox 1296 1033 1399 1060; x_wconf 85' lang='lat' dir='ltr'>Mostel.</span> <span class='ocrx_word' id='word_1_630' title='bbox 1414 1043 1436 1067; x_wconf 88' lang='lat'>2,</span> <span class='ocrx_word' id='word_1_631' title='bbox 1449 1043 1474 1066; x_wconf 80' lang='lat'>2,</span> <span class='ocrx_word' id='word_1_632' title='bbox 1487 1041 1524 1068; x_wconf 87' lang='lat'>74</span> <span class='ocrx_word' id='word_1_633' title='bbox 1544 1034 1680 1060; x_wconf 84' lang='lat' dir='ltr'>Interdum</span> <span class='ocrx_word' id='word_1_634' title='bbox 1692 1035 1780 1067; x_wconf 86' lang='lat' dir='ltr'>inepte</span> <span class='ocrx_word' id='word_1_635' title='bbox 1794 1034 1884 1061; x_wconf 89' lang='lat' dir='ltr'>stultus</span> <span class='ocrx_word' id='word_1_636' title='bbox 1899 1045 1933 1063; x_wconf 84' lang='lat' dir='ltr'>es.</span> <span class='ocrx_word' id='word_1_637' title='bbox 2007 1038 2065 1063; x_wconf 88' lang='lat' dir='ltr'>Cic.</span> <span class='ocrx_word' id='word_1_638' title='bbox 2079 1039 2162 1065; x_wconf 80' lang='lat' dir='ltr'>Tusc.</span> <span class='ocrx_word' id='word_1_639' title='bbox 2180 1048 2205 1072; x_wconf 88' lang='grc'>1,</span> <span class='ocrx_word' id='word_1_640' title='bbox 2221 1048 2242 1067; x_wconf 91' lang='grc'>11</span> 
     </span>
     <span class='ocr_line' id='line_1_69' title="bbox 1196 1069 2243 1105; baseline 0.008 -11"><span class='ocrx_word' id='word_1_641' title='bbox 1196 1069 1287 1103; x_wconf 87' lang='lat' dir='ltr'>Inepte</span> <span class='ocrx_word' id='word_1_642' title='bbox 1300 1069 1359 1095; x_wconf 86' lang='lat' dir='ltr'>sane</span> <span class='ocrx_word' id='word_1_643' title='bbox 1373 1070 1431 1104; x_wconf 88' lang='lat' dir='ltr'>quis</span> <span class='ocrx_word' id='word_1_644' title='bbox 1446 1070 1482 1096; x_wconf 92' lang='lat' dir='ltr'>cst</span> <span class='ocrx_word' id='word_1_645' title='bbox 1495 1069 1583 1101; x_wconf 87' lang='lat' dir='ltr'>enim,</span> <span class='ocrx_word' id='word_1_646' title='bbox 1600 1077 1645 1095; x_wconf 77' lang='lat' dir='ltr'>etc.</span> <span class='ocrx_word' id='word_1_647' title='bbox 1718 1069 1792 1095; x_wconf 89' lang='lat' dir='ltr'>Idem</span> <span class='ocrx_word' id='word_1_648' title='bbox 1807 1071 1885 1096; x_wconf 85' lang='lat' dir='ltr'>Acad.</span> <span class='ocrx_word' id='word_1_649' title='bbox 1902 1080 1919 1102; x_wconf 89' lang='lat'>1,</span> <span class='ocrx_word' id='word_1_650' title='bbox 1933 1080 1956 1103; x_wconf 81' lang='lat'>13</span> <span class='ocrx_word' id='word_1_651' title='bbox 1970 1081 1991 1097; x_wconf 89' lang='lat' dir='ltr'>c.</span> <span class='ocrx_word' id='word_1_652' title='bbox 2003 1081 2022 1105; x_wconf 80' lang='lat'>4</span> <span class='ocrx_word' id='word_1_653' title='bbox 2046 1073 2116 1100; x_wconf 86' lang='lat' dir='ltr'>Nam</span> <span class='ocrx_word' id='word_1_654' title='bbox 2130 1075 2174 1101; x_wconf 83' lang='lat' dir='ltr'>etsi</span> <span class='ocrx_word' id='word_1_655' title='bbox 2186 1084 2243 1101; x_wconf 89' lang='lat' dir='ltr'>non</span> 
     </span>
     <span class='ocr_line' id='line_1_70' title="bbox 1196 1105 2242 1141; baseline 0.007 -11"><span class='ocrx_word' id='word_1_656' title='bbox 1196 1105 1237 1130; x_wconf 89' lang='lat' dir='ltr'>sus</span> <span class='ocrx_word' id='word_1_657' title='bbox 1262 1105 1430 1138; x_wconf 83' lang='lat' dir='ltr'>Mineruam,</span> <span class='ocrx_word' id='word_1_658' title='bbox 1455 1111 1484 1131; x_wconf 89' lang='lat' dir='ltr'>vt</span> <span class='ocrx_word' id='word_1_659' title='bbox 1507 1105 1598 1137; x_wconf 86' lang='lat' dir='ltr'>aiunt,</span> <span class='ocrx_word' id='word_1_660' title='bbox 1622 1110 1711 1131; x_wconf 86' lang='lat' dir='ltr'>tamen</span> <span class='ocrx_word' id='word_1_661' title='bbox 1737 1105 1825 1139; x_wconf 79' lang='lat' dir='ltr'>inepte</span> <span class='ocrx_word' id='word_1_662' title='bbox 1847 1106 1967 1141; x_wconf 78' lang='lat' dir='ltr'>quisquis</span> <span class='ocrx_word' id='word_1_663' title='bbox 1987 1108 2136 1135; x_wconf 86' lang='lat' dir='ltr'>Mineruam</span> <span class='ocrx_word' id='word_1_664' title='bbox 2158 1110 2242 1137; x_wconf 81' lang='lat' dir='ltr'>docet.</span> 
     </span>
     <span class='ocr_line' id='line_1_71' title="bbox 1932 1141 2243 1179; baseline 0.019 -13"><span class='ocrx_word' id='word_1_665' title='bbox 1932 1141 2027 1168; x_wconf 86' lang='lat' dir='ltr'>Moliri</span> <span class='ocrx_word' id='word_1_666' title='bbox 2040 1143 2142 1178; x_wconf 89' lang='lat' dir='ltr'>aliquid</span> <span class='ocrx_word' id='word_1_667' title='bbox 2154 1146 2243 1179; x_wconf 86' lang='lat' dir='ltr'>inepte</span> 
     </span>
     <span class='ocr_line' id='line_1_72' title="bbox 1776 1176 2242 1212; baseline 0.011 -10"><span class='ocrx_word' id='word_1_668' title='bbox 1776 1176 1893 1203; x_wconf 70' lang='lat' dir='ltr'>Lactant.</span> <span class='ocrx_word' id='word_1_669' title='bbox 1906 1185 1929 1209; x_wconf 83' lang='grc'>3,</span> <span class='ocrx_word' id='word_1_670' title='bbox 1944 1185 1970 1211; x_wconf 90' lang='grc'>17</span> <span class='ocrx_word' id='word_1_671' title='bbox 1988 1178 2105 1212; x_wconf 84' lang='lat' dir='ltr'>Incptius</span> <span class='ocrx_word' id='word_1_672' title='bbox 2119 1180 2242 1207; x_wconf 82' lang='lat' dir='ltr'>delirare.</span> 
     </span>
    </p>
   </div>
   <div class='ocr_carea' id='block_1_22' title="bbox 1911 1212 2242 1250">
    <p class='ocr_par' dir='ltr' id='par_1_24' title="bbox 1911 1212 2242 1250">
     <span class='ocr_line' id='line_1_73' title="bbox 1911 1212 2242 1250; baseline 0.015 -13"><span class='ocrx_word' id='word_1_673' title='bbox 1911 1212 2041 1245; x_wconf 64' lang='lat' dir='ltr'>Quinctil.</span> <span class='ocrx_word' id='word_1_674' title='bbox 2054 1222 2087 1247; x_wconf 86' lang='lat' dir='ltr'>n,</span> <span class='ocrx_word' id='word_1_675' title='bbox 2099 1223 2112 1247; x_wconf 86' lang='grc'><strong>3</strong></span> <span class='ocrx_word' id='word_1_676' title='bbox 2133 1216 2242 1250; x_wconf 88' lang='lat' dir='ltr'>Ineptis-</span> 
     </span>
    </p>
   </div>
   <div class='ocr_carea' id='block_1_23' title="bbox 1194 1175 1840 1273">
    <p class='ocr_par' dir='ltr' id='par_1_25' title="bbox 1194 1175 1840 1273">
     <span class='ocr_line' id='line_1_74' title="bbox 1195 1175 1739 1210; baseline 0.002 -9"><span class='ocrx_word' id='word_1_677' title='bbox 1195 1175 1262 1201; x_wconf 82' lang='lat' dir='ltr'>Hor.</span> <span class='ocrx_word' id='word_1_678' title='bbox 1277 1176 1309 1202; x_wconf 88' lang='lat' dir='ltr'>de</span> <span class='ocrx_word' id='word_1_679' title='bbox 1317 1177 1380 1202; x_wconf 84' lang='lat' dir='ltr'>Arte</span> <span class='ocrx_word' id='word_1_680' title='bbox 1394 1177 1466 1203; x_wconf 79' lang='lat' dir='ltr'>Po‘e‘t.</span> <span class='ocrx_word' id='word_1_681' title='bbox 1480 1185 1538 1209; x_wconf 87' lang='lat'>140.</span> <span class='ocrx_word' id='word_1_682' title='bbox 1626 1176 1739 1210; x_wconf 77' lang='lat' dir='ltr'>Compar.</span> 
     </span>
     <span class='ocr_line' id='line_1_75' title="bbox 1194 1211 1840 1273; baseline 0 -36"><span class='ocrx_word' id='word_1_683' title='bbox 1194 1212 1399 1273; x_wconf 36' lang='lat' dir='ltr'>gistggrssffssdem</span> <span class='ocrx_word' id='word_1_684' title='bbox 1415 1221 1436 1245; x_wconf 90' lang='lat'>1,</span> <span class='ocrx_word' id='word_1_685' title='bbox 1449 1221 1473 1238; x_wconf 86' lang='grc'>12</span> <span class='ocrx_word' id='word_1_686' title='bbox 1491 1211 1590 1238; x_wconf 82' lang='lat' dir='ltr'>Fabula</span> <span class='ocrx_word' id='word_1_687' title='bbox 1603 1211 1757 1246; x_wconf 78' lang='lat' dir='ltr'>ineptissime</span> <span class='ocrx_word' id='word_1_688' title='bbox 1771 1211 1840 1238; x_wconf 63' lang='lat' dir='ltr'>ficia.</span> 
     </span>
    </p>
   </div>
   <div class='ocr_carea' id='block_1_24' title="bbox 1230 1266 2243 1318">
    <p class='ocr_par' dir='ltr' id='par_1_26' title="bbox 1230 1266 2243 1318">
     <span class='ocr_line' id='line_1_76' title="bbox 1230 1266 2243 1318; baseline 0.005 -10"><span class='ocrx_word' id='word_1_689' title='bbox 1230 1289 1269 1310; x_wconf 78' lang='lat' dir='ltr'>IN</span> <span class='ocrx_word' id='word_1_690' title='bbox 1280 1288 1296 1308; x_wconf 77' lang='lat' dir='ltr'><em>E</em></span> <span class='ocrx_word' id='word_1_691' title='bbox 1305 1288 1320 1307; x_wconf 84' lang='lat' dir='ltr'>P</span> <span class='ocrx_word' id='word_1_692' title='bbox 1331 1289 1352 1308; x_wconf 90' lang='lat' dir='ltr'>T</span> <span class='ocrx_word' id='word_1_693' title='bbox 1364 1289 1372 1306; x_wconf 90' lang='lat'>1</span> <span class='ocrx_word' id='word_1_694' title='bbox 1384 1288 1402 1308; x_wconf 93' lang='lat' dir='ltr'>o</span> <span class='ocrx_word' id='word_1_695' title='bbox 1414 1287 1430 1307; x_wconf 78' lang='lat' dir='ltr'>L</span> <span class='ocrx_word' id='word_1_696' title='bbox 1440 1266 1462 1308; x_wconf 54' lang='lat' dir='ltr'>A</span> <span class='ocrx_word' id='word_1_697' title='bbox 1472 1301 1480 1314; x_wconf 90' lang='lat'>‚</span> <span class='ocrx_word' id='word_1_698' title='bbox 1500 1290 1538 1308; x_wconf 85' lang='lat' dir='ltr'>ae.</span> <span class='ocrx_word' id='word_1_699' title='bbox 1577 1282 1596 1308; x_wconf 89' lang='lat' dir='ltr'>f.</span> <span class='ocrx_word' id='word_1_700' title='bbox 1633 1283 1731 1309; x_wconf 62' lang='lat' dir='ltr'>miron.</span> <span class='ocrx_word' id='word_1_701' title='bbox 1744 1282 1823 1317; x_wconf 82' lang='lat' dir='ltr'>Epist.</span> <span class='ocrx_word' id='word_1_702' title='bbox 1840 1282 1942 1318; x_wconf 88' lang='lat' dir='ltr'>Gryph.</span> <span class='ocrx_word' id='word_1_703' title='bbox 1955 1289 2014 1310; x_wconf 87' lang='lat' dir='ltr'>ante</span> <span class='ocrx_word' id='word_1_704' title='bbox 2028 1283 2124 1318; x_wconf 85' lang='lat' dir='ltr'>Eidyll.</span> <span class='ocrx_word' id='word_1_705' title='bbox 2139 1294 2162 1312; x_wconf 86' lang='grc' dir='ltr'>ιι</span> <span class='ocrx_word' id='word_1_706' title='bbox 2180 1286 2243 1314; x_wconf 85' lang='lat' dir='ltr'>Fuit</span> 
     </span>
    </p>
   </div>
   <div class='ocr_carea' id='block_1_25' title="bbox 1146 1316 1624 1352">
    <p class='ocr_par' dir='ltr' id='par_1_27' title="bbox 1146 1316 1624 1352">
     <span class='ocr_line' id='line_1_77' title="bbox 1146 1316 1624 1352; baseline -0.002 -8"><span class='ocrx_word' id='word_1_707' title='bbox 1146 1328 1179 1352; x_wconf 82' lang='lat'>30</span> <span class='ocrx_word' id='word_1_708' title='bbox 1196 1317 1341 1352; x_wconf 86' lang='lat' dir='ltr'>ineptiolae</span> <span class='ocrx_word' id='word_1_709' title='bbox 1353 1316 1432 1343; x_wconf 80' lang='lat' dir='ltr'>huius</span> <span class='ocrx_word' id='word_1_710' title='bbox 1446 1317 1491 1342; x_wconf 81' lang='lat' dir='ltr'>ista</span> <span class='ocrx_word' id='word_1_711' title='bbox 1506 1317 1624 1344; x_wconf 86' lang='lat' dir='ltr'>materia.</span> 
     </span>
    </p>
   </div>
   <div class='ocr_carea' id='block_1_26' title="bbox 1195 1352 2244 1460">
    <p class='ocr_par' dir='ltr' id='par_1_28' title="bbox 1195 1352 2244 1460">
     <span class='ocr_line' id='line_1_78' title="bbox 1232 1352 2244 1391; baseline 0.005 -13"><span class='ocrx_word' id='word_1_712' title='bbox 1232 1360 1241 1379; x_wconf 94' lang='lat'>1</span> <span class='ocrx_word' id='word_1_713' title='bbox 1253 1360 1275 1379; x_wconf 83' lang='grc' dir='ltr'>Ν</span> <span class='ocrx_word' id='word_1_714' title='bbox 1286 1359 1302 1379; x_wconf 83' lang='grc' dir='ltr'><strong><em>Ε</em></strong></span> <span class='ocrx_word' id='word_1_715' title='bbox 1311 1360 1325 1379; x_wconf 85' lang='grc' dir='ltr'><strong><em>Ρ</em></strong></span> <span class='ocrx_word' id='word_1_716' title='bbox 1335 1360 1404 1379; x_wconf 87' lang='lat' dir='ltr'>TIT</span> <span class='ocrx_word' id='word_1_717' title='bbox 1414 1354 1435 1379; x_wconf 62' lang='grc' dir='ltr'><strong><em>ὗ</em></strong></span> <span class='ocrx_word' id='word_1_718' title='bbox 1446 1359 1464 1378; x_wconf 93' lang='lat' dir='ltr'>D</span> <span class='ocrx_word' id='word_1_719' title='bbox 1474 1359 1492 1379; x_wconf 90' lang='grc' dir='ltr'>ο</span> <span class='ocrx_word' id='word_1_720' title='bbox 1501 1373 1509 1385; x_wconf 91' lang='grc'>,</span> <span class='ocrx_word' id='word_1_721' title='bbox 1543 1354 1604 1379; x_wconf 81' lang='lat' dir='ltr'>inis.</span> <span class='ocrx_word' id='word_1_722' title='bbox 1641 1352 1661 1378; x_wconf 85' lang='lat' dir='ltr'>f.</span> <span class='ocrx_word' id='word_1_723' title='bbox 1693 1359 1743 1389; x_wconf 80' lang='lat' dir='ltr'>pro</span> <span class='ocrx_word' id='word_1_724' title='bbox 1776 1355 1883 1389; x_wconf 72' lang='lat' dir='ltr'>[neptia.</span> <span class='ocrx_word' id='word_1_725' title='bbox 1921 1354 2054 1381; x_wconf 79' lang='lat' dir='ltr'>Caecilius</span> <span class='ocrx_word' id='word_1_726' title='bbox 2079 1354 2244 1391; x_wconf 65' lang='grc' dir='ltr'><strong>ἑρπαξομὲνῃ,</strong></span> 
     </span>
     <span class='ocr_line' id='line_1_79' title="bbox 1195 1388 2207 1425; baseline 0.004 -11"><span class='ocrx_word' id='word_1_727' title='bbox 1195 1389 1252 1422; x_wconf 86' lang='lat' dir='ltr'>Q1i</span> <span class='ocrx_word' id='word_1_728' title='bbox 1265 1388 1347 1415; x_wconf 88' lang='lat' dir='ltr'>homo</span> <span class='ocrx_word' id='word_1_729' title='bbox 1360 1388 1544 1422; x_wconf 81' lang='lat' dir='ltr'>ineptitudinis</span> <span class='ocrx_word' id='word_1_730' title='bbox 1556 1388 1714 1421; x_wconf 85' lang='lat' dir='ltr'>cumulatus,</span> <span class='ocrx_word' id='word_1_731' title='bbox 1732 1389 1832 1416; x_wconf 89' lang='lat' dir='ltr'>cultum</span> <span class='ocrx_word' id='word_1_732' title='bbox 1844 1389 1945 1416; x_wconf 80' lang='lat' dir='ltr'>oblitus</span> <span class='ocrx_word' id='word_1_733' title='bbox 1959 1390 2002 1417; x_wconf 84' lang='lat' dir='ltr'>est.</span> <span class='ocrx_word' id='word_1_734' title='bbox 2040 1391 2113 1418; x_wconf 88' lang='lat' dir='ltr'>Non.</span> <span class='ocrx_word' id='word_1_735' title='bbox 2122 1400 2207 1425; x_wconf 76' lang='lat'>2,45;.</span> 
     </span>
     <span class='ocr_line' id='line_1_80' title="bbox 1231 1422 2242 1460; baseline 0.004 -10"><span class='ocrx_word' id='word_1_736' title='bbox 1231 1431 1272 1450; x_wconf 75' lang='lat' dir='ltr'>1N</span> <span class='ocrx_word' id='word_1_737' title='bbox 1282 1431 1298 1450; x_wconf 78' lang='grc' dir='ltr'><strong>Ε</strong></span> <span class='ocrx_word' id='word_1_738' title='bbox 1337 1431 1356 1448; x_wconf 89' lang='lat' dir='ltr'>V</span> <span class='ocrx_word' id='word_1_739' title='bbox 1368 1422 1380 1450; x_wconf 67' lang='lat'>1⁰</span> <span class='ocrx_word' id='word_1_740' title='bbox 1392 1429 1414 1450; x_wconf 84' lang='grc' dir='ltr'>Τ</span> <span class='ocrx_word' id='word_1_741' title='bbox 1428 1430 1448 1451; x_wconf 92' lang='grc' dir='ltr'>ο</span> <span class='ocrx_word' id='word_1_742' title='bbox 1458 1443 1467 1457; x_wconf 85' lang='grc'>,</span> <span class='ocrx_word' id='word_1_743' title='bbox 1496 1429 1548 1450; x_wconf 69' lang='lat' dir='ltr'>are.</span> <span class='ocrx_word' id='word_1_744' title='bbox 1585 1424 1663 1458; x_wconf 87' lang='lat' dir='ltr'>Apul.</span> <span class='ocrx_word' id='word_1_745' title='bbox 1678 1425 1741 1450; x_wconf 85' lang='lat' dir='ltr'>Met.</span> <span class='ocrx_word' id='word_1_746' title='bbox 1759 1432 1823 1460; x_wconf 79' lang='lat' dir='ltr'>3pr.</span> <span class='ocrx_word' id='word_1_747' title='bbox 1856 1425 2035 1452; x_wconf 86' lang='lat' dir='ltr'>Commodum</span> <span class='ocrx_word' id='word_1_748' title='bbox 2055 1428 2242 1460; x_wconf 69' lang='lat' dir='ltr'>punieantibus</span> 
     </span>
    </p>
   </div>
   <div class='ocr_carea' id='block_1_27' title="bbox 78 1457 2244 1537">
    <p class='ocr_par' dir='ltr' id='par_1_29' title="bbox 78 1457 2244 1537">
     <span class='ocr_line' id='line_1_81' title="bbox 78 1457 2243 1496; baseline 0.002 -11"><span class='ocrx_word' id='word_1_749' title='bbox 78 1457 189 1491; x_wconf 80' lang='lat' dir='ltr'>epistola</span> <span class='ocrx_word' id='word_1_750' title='bbox 202 1458 235 1484; x_wconf 90' lang='lat' dir='ltr'>ad</span> <span class='ocrx_word' id='word_1_751' title='bbox 249 1458 395 1492; x_wconf 84' lang='lat' dir='ltr'>Augustum</span> <span class='ocrx_word' id='word_1_752' title='bbox 409 1458 476 1494; x_wconf 72' lang='lat' dir='ltr'>apud</span> <span class='ocrx_word' id='word_1_753' title='bbox 490 1459 561 1485; x_wconf 88' lang='lat' dir='ltr'>Suet.</span> <span class='ocrx_word' id='word_1_754' title='bbox 574 1461 639 1490; x_wconf 87' lang='lat' dir='ltr'>c.69</span> <span class='ocrx_word' id='word_1_755' title='bbox 665 1458 738 1492; x_wconf 74' lang='lat' dir='ltr'>Qud</span> <span class='ocrx_word' id='word_1_756' title='bbox 753 1463 779 1484; x_wconf 87' lang='lat' dir='ltr'>te</span> <span class='ocrx_word' id='word_1_757' title='bbox 792 1460 906 1487; x_wconf 88' lang='lat' dir='ltr'>mutauit</span> <span class='ocrx_word' id='word_1_758' title='bbox 920 1461 929 1486; x_wconf 77' lang='lat'>3</span> <span class='ocrx_word' id='word_1_759' title='bbox 965 1459 1045 1493; x_wconf 83' lang='lat' dir='ltr'>Q10d</span> <span class='ocrx_word' id='word_1_760' title='bbox 1060 1461 1129 1493; x_wconf 80' lang='lat' dir='ltr'>regi-</span> <span class='ocrx_word' id='word_1_761' title='bbox 1193 1459 1309 1495; x_wconf 85' lang='lat' dir='ltr'>phaleris</span> <span class='ocrx_word' id='word_1_762' title='bbox 1346 1468 1428 1486; x_wconf 87' lang='lat' dir='ltr'>urora</span> <span class='ocrx_word' id='word_1_763' title='bbox 1443 1460 1547 1486; x_wconf 86' lang='lat' dir='ltr'>roseum</span> <span class='ocrx_word' id='word_1_764' title='bbox 1568 1460 1687 1493; x_wconf 89' lang='lat' dir='ltr'>quatiens</span> <span class='ocrx_word' id='word_1_765' title='bbox 1701 1460 1827 1487; x_wconf 85' lang='lat' dir='ltr'>lacertum</span> <span class='ocrx_word' id='word_1_766' title='bbox 1847 1461 1947 1488; x_wconf 84' lang='lat' dir='ltr'>caelum</span> <span class='ocrx_word' id='word_1_767' title='bbox 1965 1461 2139 1496; x_wconf 86' lang='lat' dir='ltr'>inequitabat.</span> <span class='ocrx_word' id='word_1_768' title='bbox 2211 1464 2243 1490; x_wconf 76' lang='lat' dir='ltr'>Ec</span> 
     </span>
     <span class='ocr_line' id='line_1_82' title="bbox 78 1493 2244 1537; baseline 0.003 -18"><span class='ocrx_word' id='word_1_769' title='bbox 78 1501 140 1519; x_wconf 88' lang='lat' dir='ltr'>narn</span> <span class='ocrx_word' id='word_1_770' title='bbox 153 1493 217 1520; x_wconf 87' lang='lat' dir='ltr'>ineo</span> <span class='ocrx_word' id='word_1_771' title='bbox 232 1494 241 1519; x_wconf 78' lang='lat'>3</span> <span class='ocrx_word' id='word_1_772' title='bbox 276 1495 353 1521; x_wconf 84' lang='lat' dir='ltr'>onr</span> <span class='ocrx_word' id='word_1_773' title='bbox 367 1503 425 1520; x_wconf 86' lang='lat' dir='ltr'>mea</span> <span class='ocrx_word' id='word_1_774' title='bbox 442 1494 487 1520; x_wconf 86' lang='lat' dir='ltr'>est.</span> <span class='ocrx_word' id='word_1_775' title='bbox 523 1509 570 1514; x_wconf 90' lang='lat'>——</span> <span class='ocrx_word' id='word_1_776' title='bbox 605 1494 653 1520; x_wconf 90' lang='lat' dir='ltr'>Tu</span> <span class='ocrx_word' id='word_1_777' title='bbox 673 1493 768 1520; x_wconf 87' lang='lat' dir='ltr'>deinde</span> <span class='ocrx_word' id='word_1_778' title='bbox 789 1494 871 1521; x_wconf 86' lang='lat' dir='ltr'>solam</span> <span class='ocrx_word' id='word_1_779' title='bbox 894 1495 1034 1522; x_wconf 73' lang='lat' dir='ltr'>Drusillam</span> <span class='ocrx_word' id='word_1_780' title='bbox 1061 1496 1129 1522; x_wconf 71' lang='lat' dir='ltr'>inis?</span> <span class='ocrx_word' id='word_1_781' title='bbox 1146 1494 1176 1520; x_wconf 81' lang='lat'>35</span> <span class='ocrx_word' id='word_1_782' title='bbox 1194 1498 1209 1522; x_wconf 87' lang='lat'>6</span> <span class='ocrx_word' id='word_1_783' title='bbox 1222 1505 1246 1530; x_wconf 91' lang='lat' dir='ltr'>p.</span> <span class='ocrx_word' id='word_1_784' title='bbox 1262 1503 1318 1529; x_wconf 88' lang='lat'>177,</span> <span class='ocrx_word' id='word_1_785' title='bbox 1331 1504 1367 1528; x_wconf 88' lang='lat'>40</span> <span class='ocrx_word' id='word_1_786' title='bbox 1388 1496 1492 1521; x_wconf 85' lang='lat' dir='ltr'>Aurora</span> <span class='ocrx_word' id='word_1_787' title='bbox 1505 1496 1675 1521; x_wconf 87' lang='lat' dir='ltr'>commodum</span> <span class='ocrx_word' id='word_1_788' title='bbox 1689 1495 1862 1530; x_wconf 81' lang='lat' dir='ltr'>inequitante.</span> <span class='ocrx_word' id='word_1_789' title='bbox 1957 1498 2128 1537; x_wconf 61' lang='lat' dir='ltr'>Metaplgprice</span> <span class='ocrx_word' id='word_1_790' title='bbox 2138 1501 2244 1533; x_wconf 74' lang='lat' dir='ltr'>ponitur</span> 
     </span>
    </p>
   </div>
   <div class='ocr_carea' id='block_1_28' title="bbox 77 1528 1130 1847">
    <p class='ocr_par' dir='ltr' id='par_1_30' title="bbox 77 1528 1130 1593">
     <span class='ocr_line' id='line_1_83' title="bbox 77 1528 1130 1564; baseline 0.002 -9"><span class='ocrx_word' id='word_1_791' title='bbox 77 1528 121 1555; x_wconf 74' lang='lat' dir='ltr'>lta</span> <span class='ocrx_word' id='word_1_792' title='bbox 152 1529 255 1561; x_wconf 84' lang='lat' dir='ltr'>valeas,</span> <span class='ocrx_word' id='word_1_793' title='bbox 280 1530 321 1556; x_wconf 85' lang='lat' dir='ltr'>vti</span> <span class='ocrx_word' id='word_1_794' title='bbox 349 1535 377 1556; x_wconf 88' lang='lat' dir='ltr'>tu</span> <span class='ocrx_word' id='word_1_795' title='bbox 409 1529 475 1556; x_wconf 89' lang='lat' dir='ltr'>hanc</span> <span class='ocrx_word' id='word_1_796' title='bbox 504 1529 643 1564; x_wconf 86' lang='lat' dir='ltr'>epistolam</span> <span class='ocrx_word' id='word_1_797' title='bbox 673 1538 734 1556; x_wconf 88' lang='lat' dir='ltr'>cum</span> <span class='ocrx_word' id='word_1_798' title='bbox 767 1529 853 1564; x_wconf 87' lang='lat' dir='ltr'>leges,</span> <span class='ocrx_word' id='word_1_799' title='bbox 877 1540 932 1557; x_wconf 88' lang='lat' dir='ltr'>non</span> <span class='ocrx_word' id='word_1_800' title='bbox 963 1531 1056 1557; x_wconf 83' lang='lat' dir='ltr'>inieris</span> <span class='ocrx_word' id='word_1_801' title='bbox 1085 1537 1130 1557; x_wconf 86' lang='lat' dir='ltr'>aut</span> 
     </span>
     <span class='ocr_line' id='line_1_84' title="bbox 78 1564 326 1593; baseline 0.008 -3"><span class='ocrx_word' id='word_1_802' title='bbox 78 1564 259 1591; x_wconf 83' lang='lat' dir='ltr'>Terentillam</span> <span class='ocrx_word' id='word_1_803' title='bbox 281 1572 326 1593; x_wconf 78' lang='lat' dir='ltr'>etc.</span> 
     </span>
    </p>

    <p class='ocr_par' dir='ltr' id='par_1_31' title="bbox 78 1599 1130 1847">
     <span class='ocr_line' id='line_1_85' title="bbox 115 1599 1130 1637; baseline 0.001 -11"><span class='ocrx_word' id='word_1_804' title='bbox 115 1607 126 1626; x_wconf 86' lang='grc'>1</span> <span class='ocrx_word' id='word_1_805' title='bbox 137 1606 158 1625; x_wconf 81' lang='grc' dir='ltr'><strong>Ν</strong></span> <span class='ocrx_word' id='word_1_806' title='bbox 173 1607 182 1626; x_wconf 93' lang='lat'>1</span> <span class='ocrx_word' id='word_1_807' title='bbox 195 1607 211 1627; x_wconf 85' lang='lat' dir='ltr'>E</span> <span class='ocrx_word' id='word_1_808' title='bbox 224 1606 245 1625; x_wconf 85' lang='lat' dir='ltr'>N</span> <span class='ocrx_word' id='word_1_809' title='bbox 258 1607 287 1633; x_wconf 85' lang='lat' dir='ltr'>S,</span> <span class='ocrx_word' id='word_1_810' title='bbox 305 1600 400 1627; x_wconf 83' lang='lat' dir='ltr'>euntis.</span> <span class='ocrx_word' id='word_1_811' title='bbox 421 1599 515 1627; x_wconf 81' lang='lat' dir='ltr'>Partic.</span> <span class='ocrx_word' id='word_1_812' title='bbox 537 1599 679 1635; x_wconf 61' lang='grc' dir='ltr'>[ἶςοίμενσς]</span> <span class='ocrx_word' id='word_1_813' title='bbox 715 1599 831 1635; x_wconf 76' lang='lat' dir='ltr'>Abfhlute</span> <span class='ocrx_word' id='word_1_814' title='bbox 840 1600 957 1635; x_wconf 80' lang='lat' dir='ltr'>politum,</span> <span class='ocrx_word' id='word_1_815' title='bbox 968 1601 997 1627; x_wconf 76' lang='lat' dir='ltr'>de</span> <span class='ocrx_word' id='word_1_816' title='bbox 1011 1604 1130 1637; x_wconf 67' lang='lat' dir='ltr'>incipis-n-</span> 
     </span>
     <span class='ocr_line' id='line_1_86' title="bbox 575 1636 1129 1668; baseline 0.004 -7"><span class='ocrx_word' id='word_1_817' title='bbox 575 1642 619 1668; x_wconf 72' lang='grc' dir='ltr'>ω’,</span> <span class='ocrx_word' id='word_1_818' title='bbox 636 1637 745 1661; x_wconf 83' lang='lat' dir='ltr'>Ineunte</span> <span class='ocrx_word' id='word_1_819' title='bbox 761 1636 867 1668; x_wconf 84' lang='lat' dir='ltr'>Aetate,</span> <span class='ocrx_word' id='word_1_820' title='bbox 883 1643 928 1663; x_wconf 77' lang='lat' dir='ltr'>etc.</span> <span class='ocrx_word' id='word_1_821' title='bbox 964 1637 1005 1663; x_wconf 88' lang='lat' dir='ltr'>Ab</span> <span class='ocrx_word' id='word_1_822' title='bbox 1021 1638 1129 1664; x_wconf 87' lang='lat' dir='ltr'>ineunte</span> 
     </span>
     <span class='ocr_line' id='line_1_87' title="bbox 78 1670 520 1704; baseline 0.005 -8"><span class='ocrx_word' id='word_1_823' title='bbox 78 1670 263 1697; x_wconf 78' lang='lat' dir='ltr'>Adolescentia</span> <span class='ocrx_word' id='word_1_824' title='bbox 282 1671 350 1698; x_wconf 85' lang='lat' dir='ltr'>Tac.</span> <span class='ocrx_word' id='word_1_825' title='bbox 371 1672 445 1698; x_wconf 83' lang='lat' dir='ltr'>Orat.</span> <span class='ocrx_word' id='word_1_826' title='bbox 457 1677 481 1704; x_wconf 85' lang='lat'>8,</span> <span class='ocrx_word' id='word_1_827' title='bbox 495 1680 520 1704; x_wconf 88' lang='lat'>9.</span> 
     </span>
     <span class='ocr_line' id='line_1_88' title="bbox 79 1705 1127 1741; baseline 0.003 -10"><span class='ocrx_word' id='word_1_828' title='bbox 79 1712 150 1732; x_wconf 87' lang='lat' dir='ltr'>certa</span> <span class='ocrx_word' id='word_1_829' title='bbox 163 1706 247 1733; x_wconf 88' lang='lat' dir='ltr'>studia</span> <span class='ocrx_word' id='word_1_830' title='bbox 263 1717 268 1733; x_wconf 96' lang='lat'>:</span> <span class='ocrx_word' id='word_1_831' title='bbox 303 1715 372 1733; x_wconf 90' lang='lat' dir='ltr'>num-</span> <span class='ocrx_word' id='word_1_832' title='bbox 380 1707 465 1741; x_wconf 88' lang='lat' dir='ltr'>igitur</span> <span class='ocrx_word' id='word_1_833' title='bbox 478 1715 509 1734; x_wconf 84' lang='lat' dir='ltr'>ea</span> <span class='ocrx_word' id='word_1_834' title='bbox 522 1705 667 1733; x_wconf 86' lang='lat' dir='ltr'>desiderant</span> <span class='ocrx_word' id='word_1_835' title='bbox 682 1706 857 1733; x_wconf 83' lang='lat' dir='ltr'>adolescentes</span> <span class='ocrx_word' id='word_1_836' title='bbox 872 1708 881 1733; x_wconf 79' lang='lat'>3</span> <span class='ocrx_word' id='word_1_837' title='bbox 917 1709 975 1734; x_wconf 89' lang='lat' dir='ltr'>sunt</span> <span class='ocrx_word' id='word_1_838' title='bbox 996 1715 1021 1734; x_wconf 89' lang='lat' dir='ltr'>et</span> <span class='ocrx_word' id='word_1_839' title='bbox 1035 1709 1127 1734; x_wconf 87' lang='lat' dir='ltr'>ineun-</span> 
     </span>
     <span class='ocr_line' id='line_1_89' title="bbox 79 1741 1127 1777; baseline 0.003 -10"><span class='ocrx_word' id='word_1_840' title='bbox 79 1747 118 1768; x_wconf 79' lang='lat' dir='ltr'>tes</span> <span class='ocrx_word' id='word_1_841' title='bbox 132 1741 329 1769; x_wconf 83' lang='lat' dir='ltr'>Adolescentiae</span> <span class='ocrx_word' id='word_1_842' title='bbox 342 1753 347 1769; x_wconf 79' lang='lat' dir='ltr'><em>z</em></span> <span class='ocrx_word' id='word_1_843' title='bbox 382 1751 445 1768; x_wconf 91' lang='lat' dir='ltr'>num</span> <span class='ocrx_word' id='word_1_844' title='bbox 458 1751 487 1769; x_wconf 87' lang='lat' dir='ltr'>ea</span> <span class='ocrx_word' id='word_1_845' title='bbox 503 1743 555 1768; x_wconf 88' lang='lat' dir='ltr'>iam</span> <span class='ocrx_word' id='word_1_846' title='bbox 567 1742 685 1768; x_wconf 87' lang='lat' dir='ltr'>constans</span> <span class='ocrx_word' id='word_1_847' title='bbox 698 1743 812 1777; x_wconf 86' lang='lat' dir='ltr'>requirit</span> <span class='ocrx_word' id='word_1_848' title='bbox 825 1748 910 1775; x_wconf 85' lang='lat' dir='ltr'>aetas,</span> <span class='ocrx_word' id='word_1_849' title='bbox 927 1752 994 1777; x_wconf 84' lang='lat' dir='ltr'>quae</span> <span class='ocrx_word' id='word_1_850' title='bbox 1013 1743 1127 1776; x_wconf 86' lang='lat' dir='ltr'>dicatur,</span> 
     </span>
     <span class='ocr_line' id='line_1_90' title="bbox 78 1777 1126 1811; baseline 0.002 -9"><span class='ocrx_word' id='word_1_851' title='bbox 78 1777 169 1803; x_wconf 82' lang='lat' dir='ltr'>media</span> <span class='ocrx_word' id='word_1_852' title='bbox 182 1779 191 1804; x_wconf 77' lang='lat'>3</span> <span class='ocrx_word' id='word_1_853' title='bbox 263 1781 272 1792; x_wconf 83' lang='lat'><strong>·</strong></span> <span class='ocrx_word' id='word_1_854' title='bbox 298 1779 354 1804; x_wconf 88' lang='lat' dir='ltr'>Cic.</span> <span class='ocrx_word' id='word_1_855' title='bbox 367 1778 419 1804; x_wconf 83' lang='lat' dir='ltr'>Off.</span> <span class='ocrx_word' id='word_1_856' title='bbox 435 1787 452 1811; x_wconf 86' lang='grc'>1,</span> <span class='ocrx_word' id='word_1_857' title='bbox 467 1786 512 1804; x_wconf 84' lang='grc'>122</span> <span class='ocrx_word' id='word_1_858' title='bbox 526 1787 547 1803; x_wconf 90' lang='lat' dir='ltr'>c.</span> <span class='ocrx_word' id='word_1_859' title='bbox 561 1786 594 1810; x_wconf 75' lang='lat'>34</span> <span class='ocrx_word' id='word_1_860' title='bbox 620 1778 739 1804; x_wconf 76' lang='lat' dir='ltr'>ineuntis</span> <span class='ocrx_word' id='word_1_861' title='bbox 757 1779 828 1804; x_wconf 86' lang='lat' dir='ltr'>enim</span> <span class='ocrx_word' id='word_1_862' title='bbox 841 1778 939 1804; x_wconf 83' lang='lat' dir='ltr'>Aetatis</span> <span class='ocrx_word' id='word_1_863' title='bbox 952 1779 1070 1808; x_wconf 78' lang='lat' dir='ltr'>inscitia,</span> <span class='ocrx_word' id='word_1_864' title='bbox 1090 1780 1126 1804; x_wconf 85' lang='lat' dir='ltr'>se-</span> 
     </span>
     <span class='ocr_line' id='line_1_91' title="bbox 78 1812 1126 1847; baseline 0.001 -10"><span class='ocrx_word' id='word_1_865' title='bbox 78 1820 143 1837; x_wconf 78' lang='lat' dir='ltr'>num</span> <span class='ocrx_word' id='word_1_866' title='bbox 157 1813 338 1840; x_wconf 85' lang='lat' dir='ltr'>constituenda</span> <span class='ocrx_word' id='word_1_867' title='bbox 350 1819 376 1840; x_wconf 90' lang='lat' dir='ltr'>et</span> <span class='ocrx_word' id='word_1_868' title='bbox 387 1813 501 1847; x_wconf 87' lang='lat' dir='ltr'>regenda</span> <span class='ocrx_word' id='word_1_869' title='bbox 515 1812 654 1846; x_wconf 86' lang='lat' dir='ltr'>prudentia</span> <span class='ocrx_word' id='word_1_870' title='bbox 666 1813 710 1838; x_wconf 85' lang='lat' dir='ltr'>est.</span> <span class='ocrx_word' id='word_1_871' title='bbox 759 1814 814 1839; x_wconf 89' lang='lat' dir='ltr'>Cic.</span> <span class='ocrx_word' id='word_1_872' title='bbox 822 1822 871 1846; x_wconf 86' lang='lat' dir='ltr'>pro</span> <span class='ocrx_word' id='word_1_873' title='bbox 879 1814 959 1838; x_wconf 91' lang='lat' dir='ltr'>Corn.</span> <span class='ocrx_word' id='word_1_874' title='bbox 970 1813 1041 1838; x_wconf 86' lang='lat' dir='ltr'>Balb.</span> <span class='ocrx_word' id='word_1_875' title='bbox 1051 1815 1078 1838; x_wconf 87' lang='lat'>16</span> <span class='ocrx_word' id='word_1_876' title='bbox 1094 1814 1126 1838; x_wconf 78' lang='lat' dir='ltr'>Et</span> 
     </span>
    </p>
   </div>
   <div class='ocr_carea' id='block_1_29' title="bbox 76 1846 1172 1878">
    <p class='ocr_par' dir='ltr' id='par_1_32' title="bbox 76 1846 1172 1878">
     <span class='ocr_line' id='line_1_92' title="bbox 76 1846 1172 1878; baseline 0 -6"><span class='ocrx_word' id='word_1_877' title='bbox 76 1846 111 1872; x_wconf 85' lang='lat' dir='ltr'>ab</span> <span class='ocrx_word' id='word_1_878' title='bbox 125 1847 233 1873; x_wconf 86' lang='lat' dir='ltr'>ineunte</span> <span class='ocrx_word' id='word_1_879' title='bbox 249 1849 341 1875; x_wconf 83' lang='lat' dir='ltr'>Aetate</span> <span class='ocrx_word' id='word_1_880' title='bbox 353 1849 453 1875; x_wconf 65' lang='lat' dir='ltr'>relictis</span> <span class='ocrx_word' id='word_1_881' title='bbox 468 1847 548 1874; x_wconf 90' lang='lat' dir='ltr'>rebus</span> <span class='ocrx_word' id='word_1_882' title='bbox 561 1848 614 1873; x_wconf 79' lang='lat' dir='ltr'>suis</span> <span class='ocrx_word' id='word_1_883' title='bbox 626 1847 752 1874; x_wconf 87' lang='lat' dir='ltr'>omnibus</span> <span class='ocrx_word' id='word_1_884' title='bbox 765 1848 794 1872; x_wconf 87' lang='lat' dir='ltr'>in</span> <span class='ocrx_word' id='word_1_885' title='bbox 806 1847 900 1872; x_wconf 82' lang='lat' dir='ltr'>nostris</span> <span class='ocrx_word' id='word_1_886' title='bbox 915 1847 1008 1878; x_wconf 83' lang='lat' dir='ltr'>bellis,</span> <span class='ocrx_word' id='word_1_887' title='bbox 1029 1847 1127 1872; x_wconf 82' lang='lat' dir='ltr'>nostris</span> <span class='ocrx_word' id='word_1_888' title='bbox 1138 1851 1172 1876; x_wconf 77' lang='lat'>45</span> 
     </span>
    </p>
   </div>
   <div class='ocr_carea' id='block_1_30' title="bbox 74 1881 1126 2017">
    <p class='ocr_par' dir='ltr' id='par_1_33' title="bbox 74 1881 1126 2017">
     <span class='ocr_line' id='line_1_93' title="bbox 77 1881 1126 1916; baseline 0 -9"><span class='ocrx_word' id='word_1_889' title='bbox 77 1889 138 1908; x_wconf 81' lang='lat' dir='ltr'>tum</span> <span class='ocrx_word' id='word_1_890' title='bbox 153 1882 360 1916; x_wconf 82' lang='lat' dir='ltr'>imperatoribus</span> <span class='ocrx_word' id='word_1_891' title='bbox 375 1884 423 1909; x_wconf 79' lang='lat' dir='ltr'>effe</span> <span class='ocrx_word' id='word_1_892' title='bbox 436 1883 583 1915; x_wconf 67' lang='lat' dir='ltr'>versatum:</span> <span class='ocrx_word' id='word_1_893' title='bbox 606 1882 707 1908; x_wconf 90' lang='lat' dir='ltr'>nullius</span> <span class='ocrx_word' id='word_1_894' title='bbox 725 1881 836 1913; x_wconf 87' lang='lat' dir='ltr'>laboris,</span> <span class='ocrx_word' id='word_1_895' title='bbox 856 1882 956 1907; x_wconf 76' lang='lat' dir='ltr'>nullius</span> <span class='ocrx_word' id='word_1_896' title='bbox 974 1881 1069 1915; x_wconf 82' lang='lat' dir='ltr'>praelii</span> <span class='ocrx_word' id='word_1_897' title='bbox 1083 1890 1126 1907; x_wconf 76' lang='lat' dir='ltr'>ex-</span> 
     </span>
     <span class='ocr_line' id='line_1_94' title="bbox 74 1916 1126 1952; baseline -0.001 -8"><span class='ocrx_word' id='word_1_898' title='bbox 74 1924 178 1952; x_wconf 82' lang='lat' dir='ltr'>pertein</span> <span class='ocrx_word' id='word_1_899' title='bbox 186 1918 270 1944; x_wconf 80' lang='lat' dir='ltr'>fuisse.</span> <span class='ocrx_word' id='word_1_900' title='bbox 306 1917 402 1952; x_wconf 69' lang='lat' dir='ltr'>1d.pr0</span> <span class='ocrx_word' id='word_1_901' title='bbox 411 1918 498 1944; x_wconf 89' lang='lat' dir='ltr'>Deiot.</span> <span class='ocrx_word' id='word_1_902' title='bbox 508 1922 534 1947; x_wconf 84' lang='grc'>28</span> <span class='ocrx_word' id='word_1_903' title='bbox 554 1917 659 1950; x_wconf 79' lang='lat' dir='ltr'>Qubus</span> <span class='ocrx_word' id='word_1_904' title='bbox 673 1917 718 1944; x_wconf 85' lang='lat' dir='ltr'>ille</span> <span class='ocrx_word' id='word_1_905' title='bbox 731 1916 823 1942; x_wconf 83' lang='lat' dir='ltr'>studiis</span> <span class='ocrx_word' id='word_1_906' title='bbox 835 1916 868 1942; x_wconf 92' lang='lat' dir='ltr'>ab</span> <span class='ocrx_word' id='word_1_907' title='bbox 881 1917 989 1943; x_wconf 88' lang='lat' dir='ltr'>ineunte</span> <span class='ocrx_word' id='word_1_908' title='bbox 998 1918 1089 1944; x_wconf 83' lang='lat' dir='ltr'>Aetate</span> <span class='ocrx_word' id='word_1_909' title='bbox 1100 1918 1126 1944; x_wconf 90' lang='lat' dir='ltr'>se</span> 
     </span>
     <span class='ocr_line' id='line_1_95' title="bbox 75 1952 1124 1987; baseline -0.002 -7"><span class='ocrx_word' id='word_1_910' title='bbox 75 1952 220 1980; x_wconf 87' lang='lat' dir='ltr'>imbuerat.</span> <span class='ocrx_word' id='word_1_911' title='bbox 253 1953 328 1987; x_wconf 82' lang='lat' dir='ltr'>Conf.</span> <span class='ocrx_word' id='word_1_912' title='bbox 341 1953 379 1979; x_wconf 91' lang='lat' dir='ltr'>Id.</span> <span class='ocrx_word' id='word_1_913' title='bbox 393 1953 425 1979; x_wconf 89' lang='lat' dir='ltr'>de</span> <span class='ocrx_word' id='word_1_914' title='bbox 438 1954 512 1979; x_wconf 84' lang='lat' dir='ltr'>Orat.</span> <span class='ocrx_word' id='word_1_915' title='bbox 528 1961 538 1979; x_wconf 90' lang='lat'>1</span> <span class='ocrx_word' id='word_1_916' title='bbox 553 1962 573 1978; x_wconf 93' lang='lat' dir='ltr'>c.</span> <span class='ocrx_word' id='word_1_917' title='bbox 587 1961 621 1980; x_wconf 87' lang='grc'>21.</span> <span class='ocrx_word' id='word_1_918' title='bbox 693 1954 768 1979; x_wconf 87' lang='lat' dir='ltr'>Aeuo</span> <span class='ocrx_word' id='word_1_919' title='bbox 781 1961 812 1978; x_wconf 89' lang='lat' dir='ltr'>ex</span> <span class='ocrx_word' id='word_1_920' title='bbox 826 1953 933 1978; x_wconf 87' lang='lat' dir='ltr'>ineunte</span> <span class='ocrx_word' id='word_1_921' title='bbox 947 1953 1024 1978; x_wconf 85' lang='lat' dir='ltr'>Lucr.</span> <span class='ocrx_word' id='word_1_922' title='bbox 1034 1961 1079 1986; x_wconf 82' lang='lat'>2‚7</span> <span class='ocrx_word' id='word_1_923' title='bbox 1103 1962 1124 1978; x_wconf 87' lang='grc'>2.</span> 
     </span>
     <span class='ocr_line' id='line_1_96' title="bbox 75 1987 1126 2017; baseline -0.002 -3"><span class='ocrx_word' id='word_1_924' title='bbox 75 1989 155 2015; x_wconf 84' lang='lat' dir='ltr'>Anno</span> <span class='ocrx_word' id='word_1_925' title='bbox 168 1989 277 2014; x_wconf 87' lang='lat' dir='ltr'>ineunte</span> <span class='ocrx_word' id='word_1_926' title='bbox 290 1989 359 2014; x_wconf 83' lang='lat' dir='ltr'>Suet.</span> <span class='ocrx_word' id='word_1_927' title='bbox 366 1988 463 2014; x_wconf 88' lang='lat' dir='ltr'>Tiber.</span> <span class='ocrx_word' id='word_1_928' title='bbox 478 1997 530 2017; x_wconf 86' lang='lat' dir='ltr'>c.51</span> <span class='ocrx_word' id='word_1_929' title='bbox 544 1994 568 2013; x_wconf 78' lang='lat' dir='ltr'>et</span> <span class='ocrx_word' id='word_1_930' title='bbox 581 1989 618 2013; x_wconf 88' lang='grc'>61.</span> <span class='ocrx_word' id='word_1_931' title='bbox 654 1987 780 2013; x_wconf 82' lang='lat' dir='ltr'>Ianuario</span> <span class='ocrx_word' id='word_1_932' title='bbox 793 1988 901 2013; x_wconf 80' lang='lat' dir='ltr'>ineunte</span> <span class='ocrx_word' id='word_1_933' title='bbox 913 1996 975 2013; x_wconf 85' lang='lat' dir='ltr'>cura</span> <span class='ocrx_word' id='word_1_934' title='bbox 990 1993 1017 2013; x_wconf 87' lang='lat' dir='ltr'>vt</span> <span class='ocrx_word' id='word_1_935' title='bbox 1026 1988 1126 2013; x_wconf 83' lang='lat' dir='ltr'>Romae</span> 
     </span>
    </p>
   </div>
   <div class='ocr_carea' id='block_1_31' title="bbox 76 2024 1126 2092">
    <p class='ocr_par' dir='ltr' id='par_1_34' title="bbox 76 2024 1126 2092">
     <span class='ocr_line' id='line_1_97' title="bbox 76 2024 1126 2092; baseline -0.003 -7"><span class='ocrx_word' id='word_1_936' title='bbox 76 2024 343 2091; x_wconf 50' lang='lat' dir='ltr'>giccdcegsttiedi.1{2</span> <span class='ocrx_word' id='word_1_937' title='bbox 361 2059 452 2092; x_wconf 79' lang='lat' dir='ltr'>Itaque</span> <span class='ocrx_word' id='word_1_938' title='bbox 465 2058 571 2084; x_wconf 88' lang='lat' dir='ltr'>ineunte</span> <span class='ocrx_word' id='word_1_939' title='bbox 584 2057 666 2089; x_wconf 87' lang='lat' dir='ltr'>Vere,</span> <span class='ocrx_word' id='word_1_940' title='bbox 685 2057 712 2082; x_wconf 92' lang='lat' dir='ltr'>in</span> <span class='ocrx_word' id='word_1_941' title='bbox 727 2057 760 2082; x_wconf 92' lang='lat' dir='ltr'>iis</span> <span class='ocrx_word' id='word_1_942' title='bbox 779 2065 846 2091; x_wconf 79' lang='lat' dir='ltr'>quae</span> <span class='ocrx_word' id='word_1_943' title='bbox 868 2057 962 2083; x_wconf 63' lang='lat' dir='ltr'>rclidta</span> <span class='ocrx_word' id='word_1_944' title='bbox 981 2058 1056 2089; x_wconf 86' lang='lat' dir='ltr'>sunt,</span> <span class='ocrx_word' id='word_1_945' title='bbox 1074 2058 1126 2082; x_wconf 80' lang='lat' dir='ltr'>exi-</span> 
     </span>
    </p>
   </div>
   <div class='ocr_carea' id='block_1_32' title="bbox 39 2093 1126 2130">
    <p class='ocr_par' dir='ltr' id='par_1_35' title="bbox 39 2093 1126 2130">
     <span class='ocr_line' id='line_1_98' title="bbox 39 2093 1126 2130; baseline -0.002 -9"><span class='ocrx_word' id='word_1_946' title='bbox 39 2122 46 2130; x_wconf 57' lang='lat'>,</span> <span class='ocrx_word' id='word_1_947' title='bbox 78 2095 123 2120; x_wconf 85' lang='lat' dir='ltr'>stit</span> <span class='ocrx_word' id='word_1_948' title='bbox 157 2101 281 2129; x_wconf 84' lang='lat' dir='ltr'>tanquam</span> <span class='ocrx_word' id='word_1_949' title='bbox 314 2094 345 2120; x_wconf 85' lang='lat' dir='ltr'>ad</span> <span class='ocrx_word' id='word_1_950' title='bbox 379 2093 505 2120; x_wconf 82' lang='lat' dir='ltr'>articulos</span> <span class='ocrx_word' id='word_1_951' title='bbox 534 2093 727 2119; x_wconf 84' lang='lat' dir='ltr'>sarmentorum</span> <span class='ocrx_word' id='word_1_952' title='bbox 750 2101 793 2122; x_wconf 79' lang='lat' dir='ltr'>ea,</span> <span class='ocrx_word' id='word_1_953' title='bbox 811 2101 877 2126; x_wconf 85' lang='lat' dir='ltr'>quae</span> <span class='ocrx_word' id='word_1_954' title='bbox 899 2101 1002 2126; x_wconf 78' lang='lat' dir='ltr'>gemma</span> <span class='ocrx_word' id='word_1_955' title='bbox 1019 2093 1126 2119; x_wconf 86' lang='lat' dir='ltr'>dicitur.</span> 
     </span>
    </p>
   </div>
   <div class='ocr_carea' id='block_1_33' title="bbox 78 2128 1126 2162">
    <p class='ocr_par' dir='ltr' id='par_1_36' title="bbox 78 2128 1126 2162">
     <span class='ocr_line' id='line_1_99' title="bbox 78 2128 1126 2162; baseline -0.003 -6"><span class='ocrx_word' id='word_1_956' title='bbox 78 2131 152 2157; x_wconf 85' lang='lat' dir='ltr'>Caes.</span> <span class='ocrx_word' id='word_1_957' title='bbox 167 2131 194 2156; x_wconf 88' lang='lat' dir='ltr'>B.</span> <span class='ocrx_word' id='word_1_958' title='bbox 211 2130 244 2156; x_wconf 90' lang='lat' dir='ltr'>G.</span> <span class='ocrx_word' id='word_1_959' title='bbox 259 2138 281 2162; x_wconf 83' lang='lat'>2,</span> <span class='ocrx_word' id='word_1_960' title='bbox 295 2138 307 2155; x_wconf 88' lang='lat'><em>2</em></span> <span class='ocrx_word' id='word_1_961' title='bbox 328 2130 362 2155; x_wconf 90' lang='lat' dir='ltr'>Iis</span> <span class='ocrx_word' id='word_1_962' title='bbox 377 2129 494 2161; x_wconf 86' lang='lat' dir='ltr'>nuntiis,</span> <span class='ocrx_word' id='word_1_963' title='bbox 514 2128 653 2162; x_wconf 83' lang='lat' dir='ltr'>literisque</span> <span class='ocrx_word' id='word_1_964' title='bbox 665 2133 813 2154; x_wconf 87' lang='lat' dir='ltr'>commotus</span> <span class='ocrx_word' id='word_1_965' title='bbox 828 2129 921 2154; x_wconf 84' lang='lat' dir='ltr'>Cacsar</span> <span class='ocrx_word' id='word_1_966' title='bbox 935 2140 940 2154; x_wconf 91' lang='lat'>:</span> <span class='ocrx_word' id='word_1_967' title='bbox 978 2129 1039 2154; x_wconf 85' lang='lat' dir='ltr'>duas</span> <span class='ocrx_word' id='word_1_968' title='bbox 1062 2128 1126 2161; x_wconf 82' lang='lat' dir='ltr'>legi-</span> 
     </span>
    </p>
   </div>
   <div class='ocr_carea' id='block_1_34' title="bbox 31 2163 2088 2235">
    <p class='ocr_par' dir='ltr' id='par_1_37' title="bbox 31 2163 2088 2235">
     <span class='ocr_line' id='line_1_100' title="bbox 31 2163 1126 2197; baseline -0.004 -5"><span class='ocrx_word' id='word_1_969' title='bbox 31 2186 34 2187; x_wconf 45' lang='lat'>.</span> <span class='ocrx_word' id='word_1_970' title='bbox 77 2175 141 2192; x_wconf 86' lang='lat' dir='ltr'>oues</span> <span class='ocrx_word' id='word_1_971' title='bbox 156 2165 185 2192; x_wconf 93' lang='lat' dir='ltr'>in</span> <span class='ocrx_word' id='word_1_972' title='bbox 198 2165 325 2192; x_wconf 87' lang='lat' dir='ltr'>citeriore</span> <span class='ocrx_word' id='word_1_973' title='bbox 339 2165 427 2191; x_wconf 84' lang='lat' dir='ltr'>Gallia</span> <span class='ocrx_word' id='word_1_974' title='bbox 438 2163 603 2197; x_wconf 85' lang='lat' dir='ltr'>conscripsit,</span> <span class='ocrx_word' id='word_1_975' title='bbox 622 2169 648 2189; x_wconf 87' lang='lat' dir='ltr'>et</span> <span class='ocrx_word' id='word_1_976' title='bbox 665 2164 774 2189; x_wconf 88' lang='lat' dir='ltr'>ineunte</span> <span class='ocrx_word' id='word_1_977' title='bbox 790 2163 892 2189; x_wconf 86' lang='lat' dir='ltr'>Aestate</span> <span class='ocrx_word' id='word_1_978' title='bbox 916 2163 946 2189; x_wconf 86' lang='lat' dir='ltr'>in</span> <span class='ocrx_word' id='word_1_979' title='bbox 969 2163 1126 2190; x_wconf 83' lang='lat' dir='ltr'>vlteriorem</span> 
     </span>
     <span class='ocr_line' id='line_1_101' title="bbox 922 2197 2088 2235; baseline 0.002 -11"><span class='ocrx_word' id='word_1_980' title='bbox 922 2197 992 2224; x_wconf 76' lang='lat' dir='ltr'>Add.</span> <span class='ocrx_word' id='word_1_981' title='bbox 1005 2199 1062 2224; x_wconf 86' lang='lat' dir='ltr'>Cic.</span> <span class='ocrx_word' id='word_1_982' title='bbox 1076 2206 1126 2231; x_wconf 89' lang='lat' dir='ltr'>pro</span> <span class='ocrx_word' id='word_1_983' title='bbox 1144 2200 1172 2226; x_wconf 77' lang='lat'>55</span> <span class='ocrx_word' id='word_1_984' title='bbox 1192 2197 1318 2229; x_wconf 83' lang='lat' dir='ltr'>inermis,</span> <span class='ocrx_word' id='word_1_985' title='bbox 1339 2198 1486 2231; x_wconf 78' lang='lat' dir='ltr'>perterritis</span> <span class='ocrx_word' id='word_1_986' title='bbox 1500 2205 1572 2225; x_wconf 83' lang='lat' dir='ltr'>metu</span> <span class='ocrx_word' id='word_1_987' title='bbox 1582 2219 1590 2231; x_wconf 93' lang='lat'>,</span> <span class='ocrx_word' id='word_1_988' title='bbox 1609 2199 1695 2225; x_wconf 63' lang='lat' dir='ltr'>fracto</span> <span class='ocrx_word' id='word_1_989' title='bbox 1709 2200 1800 2226; x_wconf 86' lang='lat' dir='ltr'>animo</span> <span class='ocrx_word' id='word_1_990' title='bbox 1814 2201 1906 2235; x_wconf 65' lang='lat' dir='ltr'>fugisse</span> <span class='ocrx_word' id='word_1_991' title='bbox 1914 2202 2070 2228; x_wconf 88' lang='lat' dir='ltr'>Antonium.</span> <span class='ocrx_word' id='word_1_992' title='bbox 2086 2224 2088 2226; x_wconf 78' lang='grc'><strong>,</strong></span> 
     </span>
    </p>
   </div>
   <div class='ocr_carea' id='block_1_35' title="bbox 72 2198 1126 2729">
    <p class='ocr_par' dir='ltr' id='par_1_38' title="bbox 75 2198 1053 2269">
     <span class='ocr_line' id='line_1_102' title="bbox 77 2198 818 2236; baseline -0.005 -9"><span class='ocrx_word' id='word_1_993' title='bbox 77 2201 192 2228; x_wconf 84' lang='lat' dir='ltr'>Galliam</span> <span class='ocrx_word' id='word_1_994' title='bbox 206 2202 254 2236; x_wconf 87' lang='lat' dir='ltr'>qui</span> <span class='ocrx_word' id='word_1_995' title='bbox 267 2201 423 2232; x_wconf 82' lang='lat' dir='ltr'>deduceret,</span> <span class='ocrx_word' id='word_1_996' title='bbox 442 2199 598 2233; x_wconf 77' lang='lat' dir='ltr'>QPedium</span> <span class='ocrx_word' id='word_1_997' title='bbox 611 2199 726 2233; x_wconf 82' lang='lat' dir='ltr'>legatum</span> <span class='ocrx_word' id='word_1_998' title='bbox 740 2198 818 2224; x_wconf 87' lang='lat' dir='ltr'>misit.</span> 
     </span>
     <span class='ocr_line' id='line_1_103' title="bbox 75 2233 1053 2269; baseline -0.006 -6"><span class='ocrx_word' id='word_1_999' title='bbox 75 2238 159 2265; x_wconf 88' lang='lat' dir='ltr'>Marc.</span> <span class='ocrx_word' id='word_1_1000' title='bbox 173 2246 194 2263; x_wconf 85' lang='lat' dir='ltr'>c.</span> <span class='ocrx_word' id='word_1_1001' title='bbox 213 2245 237 2263; x_wconf 87' lang='grc'>12</span> <span class='ocrx_word' id='word_1_1002' title='bbox 251 2243 316 2263; x_wconf 74' lang='lat' dir='ltr'>extr.</span> <span class='ocrx_word' id='word_1_1003' title='bbox 352 2242 376 2262; x_wconf 84' lang='lat' dir='ltr'>ct</span> <span class='ocrx_word' id='word_1_1004' title='bbox 389 2236 422 2262; x_wconf 85' lang='lat' dir='ltr'>ad</span> <span class='ocrx_word' id='word_1_1005' title='bbox 435 2237 488 2262; x_wconf 81' lang='lat' dir='ltr'>Att.</span> <span class='ocrx_word' id='word_1_1006' title='bbox 502 2245 530 2269; x_wconf 87' lang='lat'>4,</span> <span class='ocrx_word' id='word_1_1007' title='bbox 547 2243 568 2261; x_wconf 91' lang='grc'>2.</span> <span class='ocrx_word' id='word_1_1008' title='bbox 635 2234 676 2260; x_wconf 85' lang='lat' dir='ltr'>Ab</span> <span class='ocrx_word' id='word_1_1009' title='bbox 690 2233 797 2259; x_wconf 85' lang='lat' dir='ltr'>ineunte</span> <span class='ocrx_word' id='word_1_1010' title='bbox 814 2233 874 2258; x_wconf 88' lang='lat' dir='ltr'>Vita</span> <span class='ocrx_word' id='word_1_1011' title='bbox 895 2233 964 2258; x_wconf 83' lang='lat' dir='ltr'>Gell.</span> <span class='ocrx_word' id='word_1_1012' title='bbox 983 2241 1019 2265; x_wconf 75' lang='lat'>¹4»</span> <span class='ocrx_word' id='word_1_1013' title='bbox 1034 2241 1053 2258; x_wconf 83' lang='lat' dir='ltr'>r.</span> 
     </span>
    </p>

    <p class='ocr_par' dir='ltr' id='par_1_39' title="bbox 75 2267 1126 2338">
     <span class='ocr_line' id='line_1_104' title="bbox 114 2267 1126 2305; baseline -0.005 -7"><span class='ocrx_word' id='word_1_1014' title='bbox 114 2270 260 2304; x_wconf 82' lang='lat' dir='ltr'>INi&#39;To,</span> <span class='ocrx_word' id='word_1_1015' title='bbox 278 2276 330 2297; x_wconf 71' lang='lat' dir='ltr'>are.</span> <span class='ocrx_word' id='word_1_1016' title='bbox 360 2270 551 2305; x_wconf 56' lang='lat' dir='ltr'>Frequentsab</span> <span class='ocrx_word' id='word_1_1017' title='bbox 574 2270 648 2295; x_wconf 87' lang='lat' dir='ltr'>Ineo.</span> <span class='ocrx_word' id='word_1_1018' title='bbox 684 2267 829 2294; x_wconf 80' lang='lat' dir='ltr'>Diomedes</span> <span class='ocrx_word' id='word_1_1019' title='bbox 851 2276 863 2293; x_wconf 92' lang='grc'>2</span> <span class='ocrx_word' id='word_1_1020' title='bbox 883 2277 908 2302; x_wconf 90' lang='lat' dir='ltr'>p.</span> <span class='ocrx_word' id='word_1_1021' title='bbox 930 2269 1028 2304; x_wconf 76' lang='lat' dir='ltr'>336pr.</span> <span class='ocrx_word' id='word_1_1022' title='bbox 1050 2268 1126 2300; x_wconf 86' lang='lat' dir='ltr'>Ineo,</span> 
     </span>
     <span class='ocr_line' id='line_1_105' title="bbox 75 2303 837 2338; baseline -0.009 -3"><span class='ocrx_word' id='word_1_1023' title='bbox 75 2307 144 2338; x_wconf 80' lang='lat' dir='ltr'>inis,</span> <span class='ocrx_word' id='word_1_1024' title='bbox 166 2307 236 2334; x_wconf 85' lang='lat' dir='ltr'>inito</span> <span class='ocrx_word' id='word_1_1025' title='bbox 249 2307 370 2334; x_wconf 76' lang='lat' dir='ltr'>dicimus.</span> <span class='ocrx_word' id='word_1_1026' title='bbox 407 2306 550 2336; x_wconf 84' lang='lat' dir='ltr'>Pacuuius,</span> <span class='ocrx_word' id='word_1_1027' title='bbox 568 2305 638 2330; x_wconf 88' lang='lat' dir='ltr'>Loca</span> <span class='ocrx_word' id='word_1_1028' title='bbox 658 2303 733 2329; x_wconf 86' lang='lat' dir='ltr'>arida</span> <span class='ocrx_word' id='word_1_1029' title='bbox 749 2303 837 2329; x_wconf 86' lang='lat' dir='ltr'>initas.</span> 
     </span>
    </p>

    <p class='ocr_par' dir='ltr' id='par_1_40' title="bbox 72 2337 1126 2519">
     <span class='ocr_line' id='line_1_106' title="bbox 114 2337 1126 2376; baseline -0.005 -7"><span class='ocrx_word' id='word_1_1030' title='bbox 114 2341 280 2374; x_wconf 78' lang='lat' dir='ltr'>INfTvs,</span> <span class='ocrx_word' id='word_1_1031' title='bbox 300 2341 340 2367; x_wconf 71' lang='lat' dir='ltr'>sis.</span> <span class='ocrx_word' id='word_1_1032' title='bbox 369 2350 405 2366; x_wconf 91' lang='lat' dir='ltr'>m.</span> <span class='ocrx_word' id='word_1_1033' title='bbox 442 2337 630 2373; x_wconf 63' lang='grc' dir='ltr'>[συνδυασμὸς]</span> <span class='ocrx_word' id='word_1_1034' title='bbox 667 2339 761 2365; x_wconf 79' lang='lat' dir='ltr'>Coitus.</span> <span class='ocrx_word' id='word_1_1035' title='bbox 800 2339 866 2364; x_wconf 87' lang='lat' dir='ltr'>Plin.</span> <span class='ocrx_word' id='word_1_1036' title='bbox 882 2343 913 2375; x_wconf 49' lang='grc' dir='ltr'>ἸΒ,</span> <span class='ocrx_word' id='word_1_1037' title='bbox 938 2347 971 2371; x_wconf 84' lang='lat'>42</span> <span class='ocrx_word' id='word_1_1038' title='bbox 995 2338 1024 2365; x_wconf 78' lang='lat' dir='ltr'>de</span> <span class='ocrx_word' id='word_1_1039' title='bbox 1048 2341 1126 2376; x_wconf 71' lang='lat' dir='ltr'>equit,</span> 
     </span>
     <span class='ocr_line' id='line_1_107' title="bbox 75 2374 950 2411; baseline -0.006 -7"><span class='ocrx_word' id='word_1_1040' title='bbox 75 2378 135 2405; x_wconf 86' lang='lat' dir='ltr'>Nec</span> <span class='ocrx_word' id='word_1_1041' title='bbox 154 2384 242 2404; x_wconf 85' lang='lat' dir='ltr'>tamen</span> <span class='ocrx_word' id='word_1_1042' title='bbox 261 2375 414 2411; x_wconf 86' lang='lat' dir='ltr'>quindecim</span> <span class='ocrx_word' id='word_1_1043' title='bbox 434 2375 517 2401; x_wconf 89' lang='lat' dir='ltr'>initus</span> <span class='ocrx_word' id='word_1_1044' title='bbox 536 2375 655 2401; x_wconf 84' lang='lat' dir='ltr'>eiusdem</span> <span class='ocrx_word' id='word_1_1045' title='bbox 669 2375 731 2400; x_wconf 89' lang='lat' dir='ltr'>anni</span> <span class='ocrx_word' id='word_1_1046' title='bbox 745 2374 816 2400; x_wconf 82' lang='lat' dir='ltr'>valet</span> <span class='ocrx_word' id='word_1_1047' title='bbox 828 2374 950 2400; x_wconf 85' lang='lat' dir='ltr'>tolerare.</span> 
     </span>
     <span class='ocr_line' id='line_1_108' title="bbox 75 2409 1126 2448; baseline -0.005 -8"><span class='ocrx_word' id='word_1_1048' title='bbox 75 2423 99 2440; x_wconf 89' lang='lat' dir='ltr'>c.</span> <span class='ocrx_word' id='word_1_1049' title='bbox 113 2422 151 2447; x_wconf 84' lang='lat'>44</span> <span class='ocrx_word' id='word_1_1050' title='bbox 165 2414 196 2439; x_wconf 82' lang='lat' dir='ltr'>Et</span> <span class='ocrx_word' id='word_1_1051' title='bbox 210 2421 277 2448; x_wconf 89' lang='lat' dir='ltr'>quae</span> <span class='ocrx_word' id='word_1_1052' title='bbox 291 2421 344 2438; x_wconf 87' lang='lat' dir='ltr'>non</span> <span class='ocrx_word' id='word_1_1053' title='bbox 358 2413 446 2446; x_wconf 89' lang='lat' dir='ltr'>primo</span> <span class='ocrx_word' id='word_1_1054' title='bbox 461 2411 530 2436; x_wconf 89' lang='lat' dir='ltr'>initu</span> <span class='ocrx_word' id='word_1_1055' title='bbox 543 2418 669 2443; x_wconf 79' lang='lat' dir='ltr'>generare</span> <span class='ocrx_word' id='word_1_1056' title='bbox 681 2409 807 2443; x_wconf 83' lang='lat' dir='ltr'>coeperit.</span> <span class='ocrx_word' id='word_1_1057' title='bbox 875 2409 957 2436; x_wconf 86' lang='lat' dir='ltr'>Ouid.</span> <span class='ocrx_word' id='word_1_1058' title='bbox 975 2409 1040 2435; x_wconf 77' lang='lat' dir='ltr'>Fast.</span> <span class='ocrx_word' id='word_1_1059' title='bbox 1054 2419 1081 2442; x_wconf 74' lang='lat'>4,</span> <span class='ocrx_word' id='word_1_1060' title='bbox 1090 2418 1126 2442; x_wconf 84' lang='lat'>94</span> 
     </span>
     <span class='ocr_line' id='line_1_109' title="bbox 72 2443 1122 2482; baseline -0.005 -7"><span class='ocrx_word' id='word_1_1061' title='bbox 72 2449 104 2475; x_wconf 83' lang='lat' dir='ltr'>de</span> <span class='ocrx_word' id='word_1_1062' title='bbox 117 2447 216 2481; x_wconf 71' lang='lat' dir='ltr'>Venere,</span> <span class='ocrx_word' id='word_1_1063' title='bbox 228 2449 328 2482; x_wconf 84' lang='lat' dir='ltr'>Perque</span> <span class='ocrx_word' id='word_1_1064' title='bbox 342 2448 401 2473; x_wconf 84' lang='lat' dir='ltr'>suos</span> <span class='ocrx_word' id='word_1_1065' title='bbox 414 2447 495 2472; x_wconf 82' lang='lat' dir='ltr'>initus</span> <span class='ocrx_word' id='word_1_1066' title='bbox 509 2445 627 2472; x_wconf 89' lang='lat' dir='ltr'>continet</span> <span class='ocrx_word' id='word_1_1067' title='bbox 641 2453 720 2471; x_wconf 90' lang='lat' dir='ltr'>omne</span> <span class='ocrx_word' id='word_1_1068' title='bbox 733 2453 822 2479; x_wconf 84' lang='lat' dir='ltr'>genus.</span> <span class='ocrx_word' id='word_1_1069' title='bbox 843 2443 974 2480; x_wconf 72' lang='lat' dir='ltr'>Ingrcstus,</span> <span class='ocrx_word' id='word_1_1070' title='bbox 986 2447 1122 2471; x_wconf 71' lang='lat' dir='ltr'>Introztus:</span> 
     </span>
     <span class='ocr_line' id='line_1_110' title="bbox 75 2480 1125 2519; baseline -0.006 -7"><span class='ocrx_word' id='word_1_1071' title='bbox 75 2484 383 2519; x_wconf 79' lang='lat' dir='ltr'>Lucr.1‚13Tuumque‚</span> <span class='ocrx_word' id='word_1_1072' title='bbox 401 2491 414 2508; x_wconf 89' lang='lat' dir='ltr'>o</span> <span class='ocrx_word' id='word_1_1073' title='bbox 427 2482 515 2512; x_wconf 67' lang='lat' dir='ltr'>Venus,</span> <span class='ocrx_word' id='word_1_1074' title='bbox 524 2480 676 2514; x_wconf 80' lang='lat' dir='ltr'>Significant</span> <span class='ocrx_word' id='word_1_1075' title='bbox 688 2481 785 2507; x_wconf 85' lang='lat' dir='ltr'>initum</span> <span class='ocrx_word' id='word_1_1076' title='bbox 799 2482 927 2515; x_wconf 62' lang='lat' dir='ltr'>percussae</span> <span class='ocrx_word' id='word_1_1077' title='bbox 939 2481 1018 2506; x_wconf 89' lang='lat' dir='ltr'>corda</span> <span class='ocrx_word' id='word_1_1078' title='bbox 1031 2486 1074 2507; x_wconf 84' lang='lat' dir='ltr'>tua</span> <span class='ocrx_word' id='word_1_1079' title='bbox 1088 2480 1125 2506; x_wconf 92' lang='lat' dir='ltr'>vi.</span> 
     </span>
    </p>

    <p class='ocr_par' dir='ltr' id='par_1_41' title="bbox 72 2516 1121 2623">
     <span class='ocr_line' id='line_1_111' title="bbox 113 2516 1121 2552; baseline -0.004 -7"><span class='ocrx_word' id='word_1_1080' title='bbox 113 2527 124 2547; x_wconf 89' lang='lat'>1</span> <span class='ocrx_word' id='word_1_1081' title='bbox 137 2527 178 2547; x_wconf 90' lang='lat' dir='ltr'>NI</span> <span class='ocrx_word' id='word_1_1082' title='bbox 188 2526 279 2550; x_wconf 83' lang='lat' dir='ltr'>Tvs,</span> <span class='ocrx_word' id='word_1_1083' title='bbox 296 2527 329 2552; x_wconf 78' lang='lat' dir='ltr'>a,</span> <span class='ocrx_word' id='word_1_1084' title='bbox 348 2526 403 2543; x_wconf 90' lang='lat' dir='ltr'>um.</span> <span class='ocrx_word' id='word_1_1085' title='bbox 436 2516 497 2542; x_wconf 82' lang='lat' dir='ltr'>Adi.</span> <span class='ocrx_word' id='word_1_1086' title='bbox 533 2516 635 2542; x_wconf 86' lang='lat' dir='ltr'>Aestate</span> <span class='ocrx_word' id='word_1_1087' title='bbox 648 2516 716 2543; x_wconf 87' lang='lat' dir='ltr'>inita</span> <span class='ocrx_word' id='word_1_1088' title='bbox 733 2517 805 2543; x_wconf 89' lang='lat' dir='ltr'>Caes.</span> <span class='ocrx_word' id='word_1_1089' title='bbox 822 2517 850 2542; x_wconf 80' lang='grc' dir='ltr'>Β.</span> <span class='ocrx_word' id='word_1_1090' title='bbox 864 2516 897 2542; x_wconf 89' lang='lat' dir='ltr'>G.</span> <span class='ocrx_word' id='word_1_1091' title='bbox 913 2524 935 2547; x_wconf 85' lang='lat'>2,</span> <span class='ocrx_word' id='word_1_1092' title='bbox 950 2525 970 2540; x_wconf 88' lang='lat'>2.</span> <span class='ocrx_word' id='word_1_1093' title='bbox 1041 2517 1121 2542; x_wconf 82' lang='lat' dir='ltr'>Ratio</span> 
     </span>
     <span class='ocr_line' id='line_1_112' title="bbox 74 2552 661 2585; baseline -0.009 -2"><span class='ocrx_word' id='word_1_1094' title='bbox 74 2556 143 2583; x_wconf 88' lang='lat' dir='ltr'>inita</span> <span class='ocrx_word' id='word_1_1095' title='bbox 157 2562 182 2582; x_wconf 86' lang='lat' dir='ltr'>et</span> <span class='ocrx_word' id='word_1_1096' title='bbox 194 2553 322 2582; x_wconf 68' lang='lat' dir='ltr'>subdu-{ta</span> <span class='ocrx_word' id='word_1_1097' title='bbox 342 2553 398 2580; x_wconf 89' lang='lat' dir='ltr'>Cic.</span> <span class='ocrx_word' id='word_1_1098' title='bbox 413 2552 445 2580; x_wconf 83' lang='lat' dir='ltr'>dc</span> <span class='ocrx_word' id='word_1_1099' title='bbox 459 2552 495 2580; x_wconf 89' lang='lat' dir='ltr'>N.</span> <span class='ocrx_word' id='word_1_1100' title='bbox 509 2552 542 2578; x_wconf 91' lang='lat' dir='ltr'>D.</span> <span class='ocrx_word' id='word_1_1101' title='bbox 556 2561 569 2584; x_wconf 82' lang='lat'><em>3</em></span> <span class='ocrx_word' id='word_1_1102' title='bbox 584 2561 605 2578; x_wconf 90' lang='lat' dir='ltr'>c.</span> <span class='ocrx_word' id='word_1_1103' title='bbox 620 2560 661 2585; x_wconf 83' lang='lat'>29.</span> 
     </span>
     <span class='ocr_line' id='line_1_113' title="bbox 72 2591 301 2623; baseline -0.022 -3"><span class='ocrx_word' id='word_1_1104' title='bbox 72 2593 173 2620; x_wconf 73' lang='lat' dir='ltr'>Paterc.</span> <span class='ocrx_word' id='word_1_1105' title='bbox 190 2599 212 2623; x_wconf 87' lang='grc'>2,</span> <span class='ocrx_word' id='word_1_1106' title='bbox 224 2591 265 2622; x_wconf 74' lang='lat'>65,</span> <span class='ocrx_word' id='word_1_1107' title='bbox 276 2598 301 2616; x_wconf 89' lang='grc'>2.</span> 
     </span>
    </p>

    <p class='ocr_par' dir='ltr' id='par_1_42' title="bbox 114 2623 769 2659">
     <span class='ocr_line' id='line_1_114' title="bbox 114 2623 769 2659; baseline -0.006 -5"><span class='ocrx_word' id='word_1_1108' title='bbox 114 2635 124 2654; x_wconf 91' lang='grc'>1</span> <span class='ocrx_word' id='word_1_1109' title='bbox 136 2632 312 2657; x_wconf 78' lang='grc' dir='ltr'><strong>Ν1Τ1νΜ,</strong></span> <span class='ocrx_word' id='word_1_1110' title='bbox 335 2629 498 2656; x_wconf 63' lang='grc'><strong>1111110,</strong></span> <span class='ocrx_word' id='word_1_1111' title='bbox 517 2630 562 2651; x_wconf 79' lang='lat' dir='ltr'>etc.</span> <span class='ocrx_word' id='word_1_1112' title='bbox 581 2623 635 2650; x_wconf 76' lang='lat' dir='ltr'>vid.</span> <span class='ocrx_word' id='word_1_1113' title='bbox 652 2623 697 2659; x_wconf 85' lang='lat' dir='ltr'>suo</span> <span class='ocrx_word' id='word_1_1114' title='bbox 709 2624 769 2650; x_wconf 82' lang='lat' dir='ltr'>Ioco.</span> 
     </span>
    </p>

    <p class='ocr_par' dir='ltr' id='par_1_43' title="bbox 74 2656 1123 2729">
     <span class='ocr_line' id='line_1_115' title="bbox 111 2656 1123 2696; baseline -0.007 -7"><span class='ocrx_word' id='word_1_1115' title='bbox 111 2670 122 2689; x_wconf 90' lang='lat'>1</span> <span class='ocrx_word' id='word_1_1116' title='bbox 134 2668 159 2688; x_wconf 88' lang='grc' dir='ltr'>Ν</span> <span class='ocrx_word' id='word_1_1117' title='bbox 169 2669 186 2689; x_wconf 88' lang='grc' dir='ltr'><strong>Ε</strong></span> <span class='ocrx_word' id='word_1_1118' title='bbox 195 2668 211 2687; x_wconf 83' lang='lat' dir='ltr'>P</span> <span class='ocrx_word' id='word_1_1119' title='bbox 221 2667 271 2688; x_wconf 81' lang='lat' dir='ltr'>TV</span> <span class='ocrx_word' id='word_1_1120' title='bbox 281 2668 310 2692; x_wconf 92' lang='lat' dir='ltr'>S,</span> <span class='ocrx_word' id='word_1_1121' title='bbox 328 2669 341 2687; x_wconf 78' lang='lat' dir='ltr'>a</span> <span class='ocrx_word' id='word_1_1122' title='bbox 350 2680 358 2693; x_wconf 90' lang='lat'><em>‚</em></span> <span class='ocrx_word' id='word_1_1123' title='bbox 378 2669 432 2686; x_wconf 88' lang='lat' dir='ltr'>um.</span> <span class='ocrx_word' id='word_1_1124' title='bbox 454 2660 514 2686; x_wconf 88' lang='lat' dir='ltr'>Adi.</span> <span class='ocrx_word' id='word_1_1125' title='bbox 549 2657 726 2696; x_wconf 48' lang='grc' dir='ltr'>[οἶνεπιτῆδιοςῠ</span> <span class='ocrx_word' id='word_1_1126' title='bbox 744 2657 913 2694; x_wconf 61' lang='grc' dir='ltr'><strong>ἀπειρόκαλος,</strong></span> <span class='ocrx_word' id='word_1_1127' title='bbox 927 2656 1023 2691; x_wconf 50' lang='lat' dir='ltr'>damis]</span> <span class='ocrx_word' id='word_1_1128' title='bbox 1063 2658 1123 2683; x_wconf 85' lang='lat' dir='ltr'>Non</span> 
     </span>
     <span class='ocr_line' id='line_1_116' title="bbox 74 2693 1123 2729; baseline -0.007 -5"><span class='ocrx_word' id='word_1_1129' title='bbox 74 2707 91 2724; x_wconf 76' lang='lat' dir='ltr'>a</span> <span class='ocrx_word' id='word_1_1130' title='bbox 109 2702 158 2723; x_wconf 58' lang='lat' dir='ltr'>tur.</span> <span class='ocrx_word' id='word_1_1131' title='bbox 195 2697 251 2723; x_wconf 87' lang='lat' dir='ltr'>Cic.</span> <span class='ocrx_word' id='word_1_1132' title='bbox 267 2696 298 2722; x_wconf 90' lang='lat' dir='ltr'>de</span> <span class='ocrx_word' id='word_1_1133' title='bbox 312 2697 386 2723; x_wconf 89' lang='lat' dir='ltr'>Orat.</span> <span class='ocrx_word' id='word_1_1134' title='bbox 398 2705 424 2728; x_wconf 97' lang='grc'>2,</span> <span class='ocrx_word' id='word_1_1135' title='bbox 437 2703 466 2729; x_wconf 91' lang='grc'>17</span> <span class='ocrx_word' id='word_1_1136' title='bbox 481 2705 502 2721; x_wconf 89' lang='lat' dir='ltr'>c.</span> <span class='ocrx_word' id='word_1_1137' title='bbox 516 2705 535 2728; x_wconf 95' lang='lat'>4</span> <span class='ocrx_word' id='word_1_1138' title='bbox 552 2696 641 2728; x_wconf 72' lang='lat' dir='ltr'>Qtem</span> <span class='ocrx_word' id='word_1_1139' title='bbox 653 2694 725 2720; x_wconf 90' lang='lat' dir='ltr'>enim</span> <span class='ocrx_word' id='word_1_1140' title='bbox 745 2703 793 2720; x_wconf 86' lang='lat' dir='ltr'>nos</span> <span class='ocrx_word' id='word_1_1141' title='bbox 811 2695 930 2727; x_wconf 88' lang='lat' dir='ltr'>ineptum</span> <span class='ocrx_word' id='word_1_1142' title='bbox 945 2701 1078 2722; x_wconf 83' lang='lat' dir='ltr'>vocamus,</span> <span class='ocrx_word' id='word_1_1143' title='bbox 1100 2693 1123 2718; x_wconf 85' lang='lat' dir='ltr'>is</span> 
     </span>
    </p>
   </div>
   <div class='ocr_carea' id='block_1_36' title="bbox 95 2728 1169 2768">
    <p class='ocr_par' dir='ltr' id='par_1_44' title="bbox 95 2728 1169 2768">
     <span class='ocr_line' id='line_1_117' title="bbox 95 2728 1169 2768; baseline -0.006 -9"><span class='ocrx_word' id='word_1_1144' title='bbox 95 2733 146 2759; x_wconf 82' lang='lat' dir='ltr'>1ihi</span> <span class='ocrx_word' id='word_1_1145' title='bbox 160 2732 267 2759; x_wconf 82' lang='lat' dir='ltr'>videtur</span> <span class='ocrx_word' id='word_1_1146' title='bbox 280 2732 313 2758; x_wconf 88' lang='lat' dir='ltr'>ab</span> <span class='ocrx_word' id='word_1_1147' title='bbox 327 2731 378 2757; x_wconf 90' lang='lat' dir='ltr'>hoc</span> <span class='ocrx_word' id='word_1_1148' title='bbox 391 2739 489 2757; x_wconf 82' lang='lat' dir='ltr'>nomen</span> <span class='ocrx_word' id='word_1_1149' title='bbox 503 2729 599 2757; x_wconf 85' lang='lat' dir='ltr'>habere</span> <span class='ocrx_word' id='word_1_1150' title='bbox 611 2729 718 2756; x_wconf 60' lang='lat' dir='ltr'>due‘tum</span> <span class='ocrx_word' id='word_1_1151' title='bbox 727 2749 735 2762; x_wconf 90' lang='lat'>‚</span> <span class='ocrx_word' id='word_1_1152' title='bbox 755 2729 827 2764; x_wconf 91' lang='lat' dir='ltr'>quod</span> <span class='ocrx_word' id='word_1_1153' title='bbox 840 2738 894 2755; x_wconf 86' lang='lat' dir='ltr'>non</span> <span class='ocrx_word' id='word_1_1154' title='bbox 907 2728 1032 2768; x_wconf 60' lang='lat' dir='ltr'>inaptus,</span> <span class='ocrx_word' id='word_1_1155' title='bbox 1042 2728 1123 2762; x_wconf 90' lang='lat' dir='ltr'>idque</span> <span class='ocrx_word' id='word_1_1156' title='bbox 1132 2735 1169 2762; x_wconf 85' lang='lat'>70</span> 
     </span>
    </p>
   </div>
   <div class='ocr_carea' id='block_1_37' title="bbox 74 2765 1123 3514">
    <p class='ocr_par' dir='ltr' id='par_1_45' title="bbox 74 2765 1123 3514">
     <span class='ocr_line' id='line_1_118' title="bbox 77 2765 1121 2800; baseline -0.005 -6"><span class='ocrx_word' id='word_1_1157' title='bbox 77 2769 107 2795; x_wconf 90' lang='lat' dir='ltr'>in</span> <span class='ocrx_word' id='word_1_1158' title='bbox 119 2768 247 2795; x_wconf 76' lang='lat' dir='ltr'>sermonis</span> <span class='ocrx_word' id='word_1_1159' title='bbox 262 2767 345 2795; x_wconf 82' lang='lat' dir='ltr'>nostri</span> <span class='ocrx_word' id='word_1_1160' title='bbox 359 2766 547 2793; x_wconf 85' lang='lat' dir='ltr'>consuetudine</span> <span class='ocrx_word' id='word_1_1161' title='bbox 567 2765 666 2800; x_wconf 86' lang='lat' dir='ltr'>perlate</span> <span class='ocrx_word' id='word_1_1162' title='bbox 682 2770 762 2799; x_wconf 83' lang='lat' dir='ltr'>patet.</span> <span class='ocrx_word' id='word_1_1163' title='bbox 815 2765 886 2791; x_wconf 88' lang='lat' dir='ltr'>Nam</span> <span class='ocrx_word' id='word_1_1164' title='bbox 901 2773 947 2798; x_wconf 80' lang='lat' dir='ltr'>qui</span> <span class='ocrx_word' id='word_1_1165' title='bbox 960 2770 1004 2790; x_wconf 86' lang='lat' dir='ltr'>aut</span> <span class='ocrx_word' id='word_1_1166' title='bbox 1019 2770 1121 2797; x_wconf 84' lang='lat' dir='ltr'>tempus</span> 
     </span>
     <span class='ocr_line' id='line_1_119' title="bbox 77 2800 1122 2839; baseline -0.006 -9"><span class='ocrx_word' id='word_1_1167' title='bbox 77 2803 143 2839; x_wconf 89' lang='lat' dir='ltr'>quid</span> <span class='ocrx_word' id='word_1_1168' title='bbox 162 2803 276 2838; x_wconf 85' lang='lat' dir='ltr'>postulet</span> <span class='ocrx_word' id='word_1_1169' title='bbox 293 2811 348 2829; x_wconf 90' lang='lat' dir='ltr'>non</span> <span class='ocrx_word' id='word_1_1170' title='bbox 365 2802 455 2834; x_wconf 83' lang='lat' dir='ltr'>videt,</span> <span class='ocrx_word' id='word_1_1171' title='bbox 474 2808 519 2828; x_wconf 90' lang='lat' dir='ltr'>aut</span> <span class='ocrx_word' id='word_1_1172' title='bbox 533 2801 608 2836; x_wconf 89' lang='lat' dir='ltr'>plura</span> <span class='ocrx_word' id='word_1_1173' title='bbox 620 2801 757 2836; x_wconf 82' lang='lat' dir='ltr'>loquitur,</span> <span class='ocrx_word' id='word_1_1174' title='bbox 776 2806 820 2827; x_wconf 91' lang='lat' dir='ltr'>aut</span> <span class='ocrx_word' id='word_1_1175' title='bbox 834 2801 858 2826; x_wconf 86' lang='lat' dir='ltr'>se</span> <span class='ocrx_word' id='word_1_1176' title='bbox 873 2800 999 2832; x_wconf 78' lang='lat' dir='ltr'>ostentat,</span> <span class='ocrx_word' id='word_1_1177' title='bbox 1020 2805 1065 2825; x_wconf 87' lang='lat' dir='ltr'>aut</span> <span class='ocrx_word' id='word_1_1178' title='bbox 1078 2808 1122 2825; x_wconf 82' lang='lat' dir='ltr'>eo-</span> 
     </span>
     <span class='ocr_line' id='line_1_120' title="bbox 74 2835 1120 2874; baseline -0.005 -8"><span class='ocrx_word' id='word_1_1179' title='bbox 74 2848 137 2867; x_wconf 77' lang='lat' dir='ltr'>rum</span> <span class='ocrx_word' id='word_1_1180' title='bbox 152 2839 310 2874; x_wconf 83' lang='lat' dir='ltr'>quibuscum</span> <span class='ocrx_word' id='word_1_1181' title='bbox 323 2838 359 2864; x_wconf 87' lang='lat' dir='ltr'>est</span> <span class='ocrx_word' id='word_1_1182' title='bbox 368 2857 375 2869; x_wconf 87' lang='lat'>,</span> <span class='ocrx_word' id='word_1_1183' title='bbox 389 2837 432 2864; x_wconf 85' lang='lat' dir='ltr'>vel</span> <span class='ocrx_word' id='word_1_1184' title='bbox 445 2837 597 2871; x_wconf 78' lang='lat' dir='ltr'>dignitatis,</span> <span class='ocrx_word' id='word_1_1185' title='bbox 614 2837 658 2863; x_wconf 85' lang='lat' dir='ltr'>vel</span> <span class='ocrx_word' id='word_1_1186' title='bbox 671 2836 807 2863; x_wconf 87' lang='lat' dir='ltr'>commodi</span> <span class='ocrx_word' id='word_1_1187' title='bbox 825 2836 956 2863; x_wconf 86' lang='lat' dir='ltr'>rationem</span> <span class='ocrx_word' id='word_1_1188' title='bbox 970 2844 1023 2861; x_wconf 90' lang='lat' dir='ltr'>non</span> <span class='ocrx_word' id='word_1_1189' title='bbox 1031 2835 1120 2867; x_wconf 76' lang='lat' dir='ltr'>habet,</span> 
     </span>
     <span class='ocr_line' id='line_1_121' title="bbox 75 2871 1122 2909; baseline -0.006 -7"><span class='ocrx_word' id='word_1_1190' title='bbox 75 2881 123 2906; x_wconf 73' lang='lat' dir='ltr'>aut</span> <span class='ocrx_word' id='word_1_1191' title='bbox 136 2875 250 2909; x_wconf 82' lang='lat' dir='ltr'>denique</span> <span class='ocrx_word' id='word_1_1192' title='bbox 264 2875 292 2900; x_wconf 92' lang='lat' dir='ltr'>in</span> <span class='ocrx_word' id='word_1_1193' title='bbox 305 2874 397 2908; x_wconf 87' lang='lat' dir='ltr'>aliquo</span> <span class='ocrx_word' id='word_1_1194' title='bbox 410 2881 504 2907; x_wconf 82' lang='lat' dir='ltr'>genere</span> <span class='ocrx_word' id='word_1_1195' title='bbox 518 2872 763 2904; x_wconf 78' lang='lat' dir='ltr'>autinconcinnus,</span> <span class='ocrx_word' id='word_1_1196' title='bbox 784 2877 829 2898; x_wconf 90' lang='lat' dir='ltr'>aut</span> <span class='ocrx_word' id='word_1_1197' title='bbox 847 2872 946 2898; x_wconf 85' lang='lat' dir='ltr'>multus</span> <span class='ocrx_word' id='word_1_1198' title='bbox 965 2871 1000 2897; x_wconf 83' lang='lat' dir='ltr'>est</span> <span class='ocrx_word' id='word_1_1199' title='bbox 1009 2891 1017 2903; x_wconf 91' lang='lat'><strong>‚</strong></span> <span class='ocrx_word' id='word_1_1200' title='bbox 1037 2871 1059 2897; x_wconf 86' lang='lat' dir='ltr'>is</span> <span class='ocrx_word' id='word_1_1201' title='bbox 1083 2871 1122 2897; x_wconf 91' lang='lat' dir='ltr'>in-</span> 
     </span>
     <span class='ocr_line' id='line_1_122' title="bbox 76 2907 852 2945; baseline -0.004 -8"><span class='ocrx_word' id='word_1_1202' title='bbox 76 2917 151 2945; x_wconf 71' lang='lat' dir='ltr'>aptus</span> <span class='ocrx_word' id='word_1_1203' title='bbox 166 2911 274 2937; x_wconf 87' lang='lat' dir='ltr'>dicitur.</span> <span class='ocrx_word' id='word_1_1204' title='bbox 344 2909 413 2936; x_wconf 83' lang='lat' dir='ltr'>Add.</span> <span class='ocrx_word' id='word_1_1205' title='bbox 427 2908 501 2934; x_wconf 89' lang='lat' dir='ltr'>Idem</span> <span class='ocrx_word' id='word_1_1206' title='bbox 514 2907 580 2935; x_wconf 89' lang='lat' dir='ltr'>ibid.</span> <span class='ocrx_word' id='word_1_1207' title='bbox 596 2918 618 2934; x_wconf 94' lang='lat' dir='ltr'>c.</span> <span class='ocrx_word' id='word_1_1208' title='bbox 633 2915 655 2941; x_wconf 79' lang='grc' dir='ltr'>ς.</span> <span class='ocrx_word' id='word_1_1209' title='bbox 704 2911 735 2934; x_wconf 82' lang='lat' dir='ltr'>ie.</span> <span class='ocrx_word' id='word_1_1210' title='bbox 750 2917 759 2934; x_wconf 83' lang='lat'>1</span> <span class='ocrx_word' id='word_1_1211' title='bbox 775 2917 797 2934; x_wconf 91' lang='lat' dir='ltr'>c.</span> <span class='ocrx_word' id='word_1_1212' title='bbox 812 2917 852 2942; x_wconf 86' lang='lat'>24.</span> 
     </span>
     <span class='ocr_line' id='line_1_123' title="bbox 76 2942 1121 2979; baseline -0.005 -6"><span class='ocrx_word' id='word_1_1213' title='bbox 76 2946 160 2973; x_wconf 81' lang='lat' dir='ltr'>Andr.</span> <span class='ocrx_word' id='word_1_1214' title='bbox 175 2955 194 2977; x_wconf 89' lang='lat'>1,</span> <span class='ocrx_word' id='word_1_1215' title='bbox 208 2954 231 2979; x_wconf 80' lang='grc' dir='ltr'>ς,</span> <span class='ocrx_word' id='word_1_1216' title='bbox 244 2955 271 2978; x_wconf 79' lang='lat'>²3</span> <span class='ocrx_word' id='word_1_1217' title='bbox 290 2946 411 2979; x_wconf 86' lang='lat' dir='ltr'>Ineptum</span> <span class='ocrx_word' id='word_1_1218' title='bbox 431 2944 486 2970; x_wconf 88' lang='lat' dir='ltr'>dici</span> <span class='ocrx_word' id='word_1_1219' title='bbox 509 2947 561 2976; x_wconf 83' lang='lat' dir='ltr'>ait,</span> <span class='ocrx_word' id='word_1_1220' title='bbox 582 2944 663 2978; x_wconf 77' lang='lat' dir='ltr'>Qiod</span> <span class='ocrx_word' id='word_1_1221' title='bbox 686 2952 701 2970; x_wconf 83' lang='lat' dir='ltr'>a</span> <span class='ocrx_word' id='word_1_1222' title='bbox 723 2945 820 2979; x_wconf 89' lang='lat' dir='ltr'>quouis</span> <span class='ocrx_word' id='word_1_1223' title='bbox 848 2942 1006 2978; x_wconf 83' lang='lat' dir='ltr'>reprehendi</span> <span class='ocrx_word' id='word_1_1224' title='bbox 1029 2942 1121 2977; x_wconf 81' lang='lat' dir='ltr'>potest.</span> 
     </span>
     <span class='ocr_line' id='line_1_124' title="bbox 76 2978 1122 3014; baseline -0.004 -6"><span class='ocrx_word' id='word_1_1225' title='bbox 76 2982 146 3008; x_wconf 85' lang='lat' dir='ltr'>Ter.</span> <span class='ocrx_word' id='word_1_1226' title='bbox 161 2981 235 3008; x_wconf 87' lang='lat' dir='ltr'>Adel.</span> <span class='ocrx_word' id='word_1_1227' title='bbox 249 2990 269 3014; x_wconf 86' lang='lat'>1,</span> <span class='ocrx_word' id='word_1_1228' title='bbox 285 2989 305 3013; x_wconf 85' lang='lat'>1,</span> <span class='ocrx_word' id='word_1_1229' title='bbox 319 2986 347 3013; x_wconf 75' lang='lat'>38</span> <span class='ocrx_word' id='word_1_1230' title='bbox 366 2980 468 3006; x_wconf 82' lang='lat' dir='ltr'>Vestitu</span> <span class='ocrx_word' id='word_1_1231' title='bbox 482 2979 569 3006; x_wconf 87' lang='lat' dir='ltr'>nimio</span> <span class='ocrx_word' id='word_1_1232' title='bbox 582 2979 717 3014; x_wconf 86' lang='lat' dir='ltr'>indulges,</span> <span class='ocrx_word' id='word_1_1233' title='bbox 735 2980 850 3006; x_wconf 86' lang='lat' dir='ltr'>nimium</span> <span class='ocrx_word' id='word_1_1234' title='bbox 864 2980 965 3013; x_wconf 86' lang='lat' dir='ltr'>ineptus</span> <span class='ocrx_word' id='word_1_1235' title='bbox 979 2987 1015 3005; x_wconf 85' lang='lat' dir='ltr'>es.</span> <span class='ocrx_word' id='word_1_1236' title='bbox 1072 2978 1122 3004; x_wconf 81' lang='lat' dir='ltr'>Mi-</span> 
     </span>
     <span class='ocr_line' id='line_1_125' title="bbox 76 3014 1122 3052; baseline -0.004 -9"><span class='ocrx_word' id='word_1_1237' title='bbox 76 3026 125 3044; x_wconf 85' lang='lat' dir='ltr'>nus</span> <span class='ocrx_word' id='word_1_1238' title='bbox 139 3018 243 3052; x_wconf 86' lang='lat' dir='ltr'>ineptus</span> <span class='ocrx_word' id='word_1_1239' title='bbox 261 3017 330 3043; x_wconf 86' lang='lat' dir='ltr'>Ter.</span> <span class='ocrx_word' id='word_1_1240' title='bbox 346 3017 409 3042; x_wconf 77' lang='lat' dir='ltr'>Eun.</span> <span class='ocrx_word' id='word_1_1241' title='bbox 424 3025 446 3048; x_wconf 88' lang='grc'>2,</span> <span class='ocrx_word' id='word_1_1242' title='bbox 457 3022 538 3042; x_wconf 78' lang='lat' dir='ltr'>textr.</span> <span class='ocrx_word' id='word_1_1243' title='bbox 610 3015 675 3042; x_wconf 90' lang='lat' dir='ltr'>Non</span> <span class='ocrx_word' id='word_1_1244' title='bbox 688 3015 806 3050; x_wconf 85' lang='lat' dir='ltr'>ineptus,</span> <span class='ocrx_word' id='word_1_1245' title='bbox 825 3014 877 3042; x_wconf 79' lang='lat' dir='ltr'>vid.</span> <span class='ocrx_word' id='word_1_1246' title='bbox 894 3021 979 3041; x_wconf 84' lang='lat' dir='ltr'>NON.</span> <span class='ocrx_word' id='word_1_1247' title='bbox 1052 3014 1122 3040; x_wconf 86' lang='lat' dir='ltr'>Ter.</span> 
     </span>
     <span class='ocr_line' id='line_1_126' title="bbox 78 3049 1123 3085; baseline -0.004 -6"><span class='ocrx_word' id='word_1_1248' title='bbox 78 3052 161 3080; x_wconf 81' lang='lat' dir='ltr'>Andr.</span> <span class='ocrx_word' id='word_1_1249' title='bbox 175 3062 195 3085; x_wconf 90' lang='lat'>1,</span> <span class='ocrx_word' id='word_1_1250' title='bbox 209 3062 230 3085; x_wconf 84' lang='lat'>5,</span> <span class='ocrx_word' id='word_1_1251' title='bbox 243 3061 276 3079; x_wconf 83' lang='lat'>22</span> <span class='ocrx_word' id='word_1_1252' title='bbox 294 3052 403 3078; x_wconf 84' lang='lat' dir='ltr'>Censen&#39;</span> <span class='ocrx_word' id='word_1_1253' title='bbox 418 3051 501 3078; x_wconf 90' lang='lat' dir='ltr'>vllum</span> <span class='ocrx_word' id='word_1_1254' title='bbox 516 3059 558 3077; x_wconf 86' lang='lat' dir='ltr'>me</span> <span class='ocrx_word' id='word_1_1255' title='bbox 578 3050 690 3077; x_wconf 79' lang='lat' dir='ltr'>verbum</span> <span class='ocrx_word' id='word_1_1256' title='bbox 711 3051 821 3085; x_wconf 77' lang='lat' dir='ltr'>potuisse</span> <span class='ocrx_word' id='word_1_1257' title='bbox 839 3050 965 3085; x_wconf 88' lang='lat' dir='ltr'>proloqui</span> <span class='ocrx_word' id='word_1_1258' title='bbox 983 3060 988 3076; x_wconf 93' lang='lat'>:</span> <span class='ocrx_word' id='word_1_1259' title='bbox 1024 3056 1069 3076; x_wconf 89' lang='lat' dir='ltr'>aut</span> <span class='ocrx_word' id='word_1_1260' title='bbox 1083 3049 1123 3075; x_wconf 88' lang='lat' dir='ltr'>vl-</span> 
     </span>
     <span class='ocr_line' id='line_1_127' title="bbox 78 3086 968 3122; baseline -0.003 -7"><span class='ocrx_word' id='word_1_1261' title='bbox 78 3088 132 3115; x_wconf 88' lang='lat' dir='ltr'>lam</span> <span class='ocrx_word' id='word_1_1262' title='bbox 143 3089 260 3120; x_wconf 88' lang='lat' dir='ltr'>causam‚</span> <span class='ocrx_word' id='word_1_1263' title='bbox 281 3088 397 3122; x_wconf 86' lang='lat' dir='ltr'>ineptam</span> <span class='ocrx_word' id='word_1_1264' title='bbox 411 3087 516 3119; x_wconf 86' lang='lat' dir='ltr'>saltem,</span> <span class='ocrx_word' id='word_1_1265' title='bbox 535 3087 643 3120; x_wconf 83' lang='lat' dir='ltr'>falsam,</span> <span class='ocrx_word' id='word_1_1266' title='bbox 663 3087 801 3121; x_wconf 67' lang='lat' dir='ltr'>iniquam?</span> <span class='ocrx_word' id='word_1_1267' title='bbox 835 3086 968 3113; x_wconf 89' lang='lat' dir='ltr'>obmutui.</span> 
     </span>
     <span class='ocr_line' id='line_1_128' title="bbox 77 3121 1120 3160; baseline -0.005 -9"><span class='ocrx_word' id='word_1_1268' title='bbox 77 3129 121 3151; x_wconf 83' lang='lat' dir='ltr'>tae</span> <span class='ocrx_word' id='word_1_1269' title='bbox 146 3123 213 3150; x_wconf 85' lang='lat' dir='ltr'>Hor.</span> <span class='ocrx_word' id='word_1_1270' title='bbox 226 3123 304 3157; x_wconf 80' lang='lat' dir='ltr'>Epist.</span> <span class='ocrx_word' id='word_1_1271' title='bbox 317 3132 342 3154; x_wconf 84' lang='lat'>2,</span> <span class='ocrx_word' id='word_1_1272' title='bbox 355 3132 376 3153; x_wconf 88' lang='grc'>1,</span> <span class='ocrx_word' id='word_1_1273' title='bbox 389 3131 446 3158; x_wconf 83' lang='grc'><strong>270.</strong></span> <span class='ocrx_word' id='word_1_1274' title='bbox 541 3122 630 3149; x_wconf 86' lang='lat' dir='ltr'>Labor</span> <span class='ocrx_word' id='word_1_1275' title='bbox 649 3122 716 3149; x_wconf 87' lang='lat' dir='ltr'>Plin.</span> <span class='ocrx_word' id='word_1_1276' title='bbox 730 3122 809 3156; x_wconf 86' lang='lat' dir='ltr'>Epist.</span> <span class='ocrx_word' id='word_1_1277' title='bbox 823 3131 843 3155; x_wconf 88' lang='lat'>1,</span> <span class='ocrx_word' id='word_1_1278' title='bbox 854 3131 880 3155; x_wconf 87' lang='lat'>9.</span> <span class='ocrx_word' id='word_1_1279' title='bbox 961 3121 1031 3148; x_wconf 82' lang='lat' dir='ltr'>Ter.</span> <span class='ocrx_word' id='word_1_1280' title='bbox 1046 3121 1120 3160; x_wconf 80' lang='lat' dir='ltr'>Adel.</span> 
     </span>
     <span class='ocr_line' id='line_1_129' title="bbox 78 3156 1121 3193; baseline -0.003 -8"><span class='ocrx_word' id='word_1_1281' title='bbox 78 3169 103 3192; x_wconf 81' lang='lat'>3,</span> <span class='ocrx_word' id='word_1_1282' title='bbox 117 3169 136 3191; x_wconf 83' lang='lat'>3,</span> <span class='ocrx_word' id='word_1_1283' title='bbox 150 3166 178 3193; x_wconf 83' lang='lat'>17</span> <span class='ocrx_word' id='word_1_1284' title='bbox 196 3159 290 3192; x_wconf 79' lang='lat' dir='ltr'>&#39;inepta</span> <span class='ocrx_word' id='word_1_1285' title='bbox 308 3159 415 3185; x_wconf 88' lang='lat' dir='ltr'>Lenitas</span> <span class='ocrx_word' id='word_1_1286' title='bbox 432 3158 529 3192; x_wconf 86' lang='lat' dir='ltr'>patris,</span> <span class='ocrx_word' id='word_1_1287' title='bbox 551 3165 577 3184; x_wconf 87' lang='lat' dir='ltr'>et</span> <span class='ocrx_word' id='word_1_1288' title='bbox 598 3158 711 3185; x_wconf 78' lang='lat' dir='ltr'>facilitas</span> <span class='ocrx_word' id='word_1_1289' title='bbox 733 3167 821 3192; x_wconf 87' lang='lat' dir='ltr'>praua.</span> <span class='ocrx_word' id='word_1_1290' title='bbox 925 3158 1008 3184; x_wconf 84' lang='lat' dir='ltr'>Lusus</span> <span class='ocrx_word' id='word_1_1291' title='bbox 1039 3156 1121 3183; x_wconf 80' lang='lat' dir='ltr'>Ouid.</span> 
     </span>
     <span class='ocr_line' id='line_1_130' title="bbox 77 3191 1121 3229; baseline -0.004 -7"><span class='ocrx_word' id='word_1_1292' title='bbox 77 3194 166 3222; x_wconf 84' lang='lat' dir='ltr'>Trist.</span> <span class='ocrx_word' id='word_1_1293' title='bbox 181 3202 204 3225; x_wconf 87' lang='lat'>2,</span> <span class='ocrx_word' id='word_1_1294' title='bbox 216 3191 271 3225; x_wconf 76' lang='grc'><strong>223.</strong></span> <span class='ocrx_word' id='word_1_1295' title='bbox 341 3195 489 3229; x_wconf 82' lang='lat' dir='ltr'>Negotium</span> <span class='ocrx_word' id='word_1_1296' title='bbox 504 3195 624 3228; x_wconf 88' lang='lat' dir='ltr'>ineptum</span> <span class='ocrx_word' id='word_1_1297' title='bbox 639 3200 664 3220; x_wconf 87' lang='lat' dir='ltr'>et</span> <span class='ocrx_word' id='word_1_1298' title='bbox 676 3194 836 3220; x_wconf 87' lang='lat' dir='ltr'>Graeculum</span> <span class='ocrx_word' id='word_1_1299' title='bbox 864 3194 921 3220; x_wconf 87' lang='lat' dir='ltr'>Cic.</span> <span class='ocrx_word' id='word_1_1300' title='bbox 937 3194 1019 3220; x_wconf 90' lang='lat' dir='ltr'>Tusc.</span> <span class='ocrx_word' id='word_1_1301' title='bbox 1035 3201 1060 3224; x_wconf 89' lang='lat'>1,</span> <span class='ocrx_word' id='word_1_1302' title='bbox 1081 3195 1121 3222; x_wconf 82' lang='lat'>86.</span> 
     </span>
     <span class='ocr_line' id='line_1_131' title="bbox 78 3229 1123 3265; baseline -0.004 -8"><span class='ocrx_word' id='word_1_1303' title='bbox 78 3231 142 3258; x_wconf 79' lang='lat' dir='ltr'>Risu</span> <span class='ocrx_word' id='word_1_1304' title='bbox 158 3230 250 3263; x_wconf 86' lang='lat' dir='ltr'>inepto</span> <span class='ocrx_word' id='word_1_1305' title='bbox 263 3237 303 3254; x_wconf 82' lang='lat' dir='ltr'>res</span> <span class='ocrx_word' id='word_1_1306' title='bbox 315 3229 431 3265; x_wconf 85' lang='lat' dir='ltr'>ineptior</span> <span class='ocrx_word' id='word_1_1307' title='bbox 444 3230 516 3256; x_wconf 89' lang='lat' dir='ltr'>nulla</span> <span class='ocrx_word' id='word_1_1308' title='bbox 528 3230 564 3256; x_wconf 85' lang='lat' dir='ltr'>est</span> <span class='ocrx_word' id='word_1_1309' title='bbox 585 3230 671 3256; x_wconf 85' lang='lat' dir='ltr'>Catul.</span> <span class='ocrx_word' id='word_1_1310' title='bbox 685 3239 732 3263; x_wconf 87' lang='lat'>40,</span> <span class='ocrx_word' id='word_1_1311' title='bbox 744 3238 778 3256; x_wconf 84' lang='grc'>21.</span> <span class='ocrx_word' id='word_1_1312' title='bbox 885 3230 935 3254; x_wconf 93' lang='lat' dir='ltr'>Via</span> <span class='ocrx_word' id='word_1_1313' title='bbox 956 3229 1060 3262; x_wconf 88' lang='lat' dir='ltr'>inepta,</span> <span class='ocrx_word' id='word_1_1314' title='bbox 1081 3230 1123 3254; x_wconf 84' lang='lat' dir='ltr'>In-</span> 
     </span>
     <span class='ocr_line' id='line_1_132' title="bbox 76 3261 356 3297; baseline -0.007 -4"><span class='ocrx_word' id='word_1_1315' title='bbox 76 3264 218 3296; x_wconf 82' lang='lat' dir='ltr'>commoda,</span> <span class='ocrx_word' id='word_1_1316' title='bbox 236 3261 356 3297; x_wconf 78' lang='lat' dir='ltr'>dzfficilis.</span> 
     </span>
     <span class='ocr_line' id='line_1_133' title="bbox 77 3299 1122 3336; baseline -0.003 -9"><span class='ocrx_word' id='word_1_1317' title='bbox 77 3308 147 3336; x_wconf 80' lang='lat' dir='ltr'>epta.</span> <span class='ocrx_word' id='word_1_1318' title='bbox 241 3299 362 3332; x_wconf 78' lang='lat' dir='ltr'>Ineptum</span> <span class='ocrx_word' id='word_1_1319' title='bbox 375 3301 412 3328; x_wconf 83' lang='lat' dir='ltr'>est</span> <span class='ocrx_word' id='word_1_1320' title='bbox 433 3301 465 3327; x_wconf 91' lang='lat' dir='ltr'>de</span> <span class='ocrx_word' id='word_1_1321' title='bbox 487 3308 542 3328; x_wconf 86' lang='lat' dir='ltr'>tam</span> <span class='ocrx_word' id='word_1_1322' title='bbox 562 3301 697 3336; x_wconf 86' lang='lat' dir='ltr'>perspicua</span> <span class='ocrx_word' id='word_1_1323' title='bbox 717 3301 790 3327; x_wconf 81' lang='lat' dir='ltr'>istius</span> <span class='ocrx_word' id='word_1_1324' title='bbox 811 3300 976 3334; x_wconf 88' lang='lat' dir='ltr'>impudentia</span> <span class='ocrx_word' id='word_1_1325' title='bbox 1000 3299 1122 3333; x_wconf 84' lang='lat' dir='ltr'>pluribus</span> 
     </span>
     <span class='ocr_line' id='line_1_134' title="bbox 78 3334 1121 3370; baseline 0 -10"><span class='ocrx_word' id='word_1_1326' title='bbox 78 3335 170 3365; x_wconf 80' lang='lat' dir='ltr'>verbis</span> <span class='ocrx_word' id='word_1_1327' title='bbox 184 3334 317 3369; x_wconf 85' lang='lat' dir='ltr'>disputare</span> <span class='ocrx_word' id='word_1_1328' title='bbox 337 3335 390 3362; x_wconf 88' lang='lat' dir='ltr'>Cic.</span> <span class='ocrx_word' id='word_1_1329' title='bbox 404 3337 482 3364; x_wconf 88' lang='lat' dir='ltr'>Verr.</span> <span class='ocrx_word' id='word_1_1330' title='bbox 497 3346 519 3370; x_wconf 87' lang='grc'>1,</span> <span class='ocrx_word' id='word_1_1331' title='bbox 556 3357 563 3363; x_wconf 92' lang='grc'><strong>.</strong></span> <span class='ocrx_word' id='word_1_1332' title='bbox 602 3358 608 3364; x_wconf 89' lang='grc'>.</span> <span class='ocrx_word' id='word_1_1333' title='bbox 680 3336 754 3363; x_wconf 86' lang='lat' dir='ltr'>Idem</span> <span class='ocrx_word' id='word_1_1334' title='bbox 767 3336 794 3362; x_wconf 91' lang='lat' dir='ltr'>in</span> <span class='ocrx_word' id='word_1_1335' title='bbox 806 3336 880 3362; x_wconf 86' lang='lat' dir='ltr'>Orat.</span> <span class='ocrx_word' id='word_1_1336' title='bbox 895 3344 924 3368; x_wconf 86' lang='grc'>29</span> <span class='ocrx_word' id='word_1_1337' title='bbox 942 3336 999 3361; x_wconf 86' lang='lat' dir='ltr'>Hoc</span> <span class='ocrx_word' id='word_1_1338' title='bbox 1013 3335 1061 3361; x_wconf 77' lang='lat' dir='ltr'>effe</span> <span class='ocrx_word' id='word_1_1339' title='bbox 1077 3338 1121 3360; x_wconf 82' lang='lat' dir='ltr'>At-</span> 
     </span>
     <span class='ocr_line' id='line_1_135' title="bbox 79 3369 1119 3407; baseline -0.003 -8"><span class='ocrx_word' id='word_1_1340' title='bbox 79 3373 164 3400; x_wconf 85' lang='lat' dir='ltr'>ticum</span> <span class='ocrx_word' id='word_1_1341' title='bbox 183 3371 212 3397; x_wconf 85' lang='lat' dir='ltr'>in</span> <span class='ocrx_word' id='word_1_1342' title='bbox 233 3369 325 3402; x_wconf 73' lang='lat' dir='ltr'>Lysia,</span> <span class='ocrx_word' id='word_1_1343' title='bbox 342 3378 395 3396; x_wconf 81' lang='lat' dir='ltr'>non</span> <span class='ocrx_word' id='word_1_1344' title='bbox 412 3373 483 3406; x_wconf 81' lang='lat' dir='ltr'>quod</span> <span class='ocrx_word' id='word_1_1345' title='bbox 498 3373 584 3400; x_wconf 86' lang='lat' dir='ltr'>tenuis</span> <span class='ocrx_word' id='word_1_1346' title='bbox 597 3373 627 3399; x_wconf 86' lang='lat' dir='ltr'>sit</span> <span class='ocrx_word' id='word_1_1347' title='bbox 641 3377 719 3407; x_wconf 76' lang='lat' dir='ltr'>atque</span> <span class='ocrx_word' id='word_1_1348' title='bbox 734 3372 886 3404; x_wconf 85' lang='lat' dir='ltr'>inornatus,</span> <span class='ocrx_word' id='word_1_1349' title='bbox 907 3371 949 3397; x_wconf 86' lang='lat' dir='ltr'>sed</span> <span class='ocrx_word' id='word_1_1350' title='bbox 962 3370 1033 3404; x_wconf 86' lang='lat' dir='ltr'>quod</span> <span class='ocrx_word' id='word_1_1351' title='bbox 1050 3370 1119 3396; x_wconf 90' lang='lat' dir='ltr'>nihil</span> 
     </span>
     <span class='ocr_line' id='line_1_136' title="bbox 79 3405 1118 3443; baseline -0.004 -7"><span class='ocrx_word' id='word_1_1352' title='bbox 79 3408 176 3436; x_wconf 80' lang='lat' dir='ltr'>habeat</span> <span class='ocrx_word' id='word_1_1353' title='bbox 190 3405 305 3432; x_wconf 88' lang='lat' dir='ltr'>insolens</span> <span class='ocrx_word' id='word_1_1354' title='bbox 318 3411 363 3431; x_wconf 83' lang='lat' dir='ltr'>aut</span> <span class='ocrx_word' id='word_1_1355' title='bbox 376 3405 502 3440; x_wconf 82' lang='lat' dir='ltr'>ineptum.</span> <span class='ocrx_word' id='word_1_1356' title='bbox 619 3408 712 3443; x_wconf 71' lang='lat' dir='ltr'>Superi.</span> <span class='ocrx_word' id='word_1_1357' title='bbox 750 3407 880 3442; x_wconf 66' lang='lat' dir='ltr'>Qiinciil.</span> <span class='ocrx_word' id='word_1_1358' title='bbox 897 3415 947 3438; x_wconf 88' lang='grc'><strong>11,3</strong></span> <span class='ocrx_word' id='word_1_1359' title='bbox 968 3407 1118 3433; x_wconf 88' lang='lat' dir='ltr'>Discursare</span> 
     </span>
     <span class='ocr_line' id='line_1_137' title="bbox 76 3442 274 3471; baseline -0.025 0"><span class='ocrx_word' id='word_1_1360' title='bbox 76 3444 123 3471; x_wconf 79' lang='lat' dir='ltr'>ine</span> <span class='ocrx_word' id='word_1_1361' title='bbox 143 3442 274 3469; x_wconf 78' lang='lat' dir='ltr'>tissimum.</span> 
     </span>
     <span class='ocr_line' id='line_1_138' title="bbox 77 3453 1119 3514; baseline -0.004 -8"><span class='ocrx_word' id='word_1_1362' title='bbox 77 3453 211 3514; x_wconf 72' lang='lat' dir='ltr'>spoiidcat.</span> <span class='ocrx_word' id='word_1_1363' title='bbox 248 3476 305 3502; x_wconf 87' lang='lat' dir='ltr'>Cic.</span> <span class='ocrx_word' id='word_1_1364' title='bbox 320 3475 353 3501; x_wconf 85' lang='lat' dir='ltr'>de</span> <span class='ocrx_word' id='word_1_1365' title='bbox 366 3476 440 3502; x_wconf 84' lang='lat' dir='ltr'>Orat.</span> <span class='ocrx_word' id='word_1_1366' title='bbox 450 3486 469 3507; x_wconf 79' lang='grc'>2,</span> <span class='ocrx_word' id='word_1_1367' title='bbox 483 3484 508 3508; x_wconf 78' lang='lat'>18</span> <span class='ocrx_word' id='word_1_1368' title='bbox 522 3489 543 3506; x_wconf 88' lang='lat' dir='ltr'>c.</span> <span class='ocrx_word' id='word_1_1369' title='bbox 557 3489 576 3511; x_wconf 86' lang='lat'>4</span> <span class='ocrx_word' id='word_1_1370' title='bbox 587 3478 678 3512; x_wconf 73' lang='lat' dir='ltr'>statim</span> <span class='ocrx_word' id='word_1_1371' title='bbox 687 3478 743 3514; x_wconf 81' lang='lat' dir='ltr'>post</span> <span class='ocrx_word' id='word_1_1372' title='bbox 757 3479 840 3511; x_wconf 75' lang='lat' dir='ltr'>uerba,</span> <span class='ocrx_word' id='word_1_1373' title='bbox 853 3488 913 3514; x_wconf 67' lang='lat' dir='ltr'>quae</span> <span class='ocrx_word' id='word_1_1374' title='bbox 926 3480 1000 3503; x_wconf 81' lang='lat' dir='ltr'>initio</span> <span class='ocrx_word' id='word_1_1375' title='bbox 1009 3479 1119 3512; x_wconf 77' lang='lat' dir='ltr'>protuli-</span> 
     </span>
    </p>
   </div>
   <div class='ocr_carea' id='block_1_38' title="bbox 23 3511 1119 3546">
    <p class='ocr_par' dir='ltr' id='par_1_46' title="bbox 23 3511 1119 3546">
     <span class='ocr_line' id='line_1_139' title="bbox 23 3511 1119 3546; baseline -0.001 -6"><span class='ocrx_word' id='word_1_1376' title='bbox 23 3528 33 3536; x_wconf 72' lang='lat'>·</span> <span class='ocrx_word' id='word_1_1377' title='bbox 78 3524 147 3546; x_wconf 82' lang='lat' dir='ltr'>mus,</span> <span class='ocrx_word' id='word_1_1378' title='bbox 165 3514 225 3539; x_wconf 81' lang='lat' dir='ltr'>Hoc</span> <span class='ocrx_word' id='word_1_1379' title='bbox 237 3511 307 3538; x_wconf 86' lang='lat' dir='ltr'>vitio</span> <span class='ocrx_word' id='word_1_1380' title='bbox 323 3511 452 3538; x_wconf 87' lang='lat' dir='ltr'>cumulata</span> <span class='ocrx_word' id='word_1_1381' title='bbox 464 3512 500 3538; x_wconf 86' lang='lat' dir='ltr'>est</span> <span class='ocrx_word' id='word_1_1382' title='bbox 512 3515 682 3541; x_wconf 85' lang='lat' dir='ltr'>eruditissima</span> <span class='ocrx_word' id='word_1_1383' title='bbox 696 3515 740 3541; x_wconf 84' lang='lat' dir='ltr'>illa</span> <span class='ocrx_word' id='word_1_1384' title='bbox 759 3515 920 3541; x_wconf 85' lang='lat' dir='ltr'>Graecorum</span> <span class='ocrx_word' id='word_1_1385' title='bbox 939 3513 1012 3539; x_wconf 78' lang='lat' dir='ltr'>natio</span> <span class='ocrx_word' id='word_1_1386' title='bbox 1027 3522 1033 3537; x_wconf 74' lang='grc' dir='ltr'><em>ι</em></span> <span class='ocrx_word' id='word_1_1387' title='bbox 1071 3513 1119 3539; x_wconf 90' lang='lat' dir='ltr'>ita-</span> 
     </span>
    </p>
   </div>
   <div class='ocr_carea' id='block_1_39' title="bbox 76 3546 1120 3693">
    <p class='ocr_par' dir='ltr' id='par_1_47' title="bbox 76 3546 1120 3693">
     <span class='ocr_line' id='line_1_140' title="bbox 78 3546 1120 3586; baseline -0.004 -10"><span class='ocrx_word' id='word_1_1388' title='bbox 78 3559 131 3586; x_wconf 86' lang='lat' dir='ltr'>que</span> <span class='ocrx_word' id='word_1_1389' title='bbox 143 3548 214 3584; x_wconf 87' lang='lat' dir='ltr'>quod</span> <span class='ocrx_word' id='word_1_1390' title='bbox 226 3547 283 3574; x_wconf 84' lang='lat' dir='ltr'>vim</span> <span class='ocrx_word' id='word_1_1391' title='bbox 296 3546 375 3572; x_wconf 84' lang='lat' dir='ltr'>huius</span> <span class='ocrx_word' id='word_1_1392' title='bbox 389 3547 453 3573; x_wconf 89' lang='lat' dir='ltr'>mali</span> <span class='ocrx_word' id='word_1_1393' title='bbox 466 3548 559 3575; x_wconf 81' lang='lat' dir='ltr'>Graeci</span> <span class='ocrx_word' id='word_1_1394' title='bbox 580 3559 634 3577; x_wconf 90' lang='lat' dir='ltr'>non</span> <span class='ocrx_word' id='word_1_1395' title='bbox 655 3551 764 3583; x_wconf 82' lang='lat' dir='ltr'>vident,</span> <span class='ocrx_word' id='word_1_1396' title='bbox 785 3559 818 3576; x_wconf 86' lang='lat' dir='ltr'>ne</span> <span class='ocrx_word' id='word_1_1397' title='bbox 842 3558 940 3576; x_wconf 75' lang='lat' dir='ltr'>nomen</span> <span class='ocrx_word' id='word_1_1398' title='bbox 959 3548 1067 3583; x_wconf 88' lang='lat' dir='ltr'>quidem</span> <span class='ocrx_word' id='word_1_1399' title='bbox 1095 3549 1120 3574; x_wconf 81' lang='lat' dir='ltr'>ei</span> 
     </span>
     <span class='ocr_line' id='line_1_141' title="bbox 79 3582 1120 3620; baseline -0.007 -4"><span class='ocrx_word' id='word_1_1400' title='bbox 79 3585 150 3614; x_wconf 59' lang='lat' dir='ltr'>Vitio</span> <span class='ocrx_word' id='word_1_1401' title='bbox 163 3583 359 3619; x_wconf 84' lang='lat' dir='ltr'>imposuerunt:</span> <span class='ocrx_word' id='word_1_1402' title='bbox 376 3587 405 3608; x_wconf 77' lang='lat' dir='ltr'>vt</span> <span class='ocrx_word' id='word_1_1403' title='bbox 417 3582 489 3608; x_wconf 81' lang='lat' dir='ltr'>enim</span> <span class='ocrx_word' id='word_1_1404' title='bbox 501 3592 607 3617; x_wconf 77' lang='lat' dir='ltr'>quaeras</span> <span class='ocrx_word' id='word_1_1405' title='bbox 617 3586 723 3617; x_wconf 83' lang='lat' dir='ltr'>omnia,</span> <span class='ocrx_word' id='word_1_1406' title='bbox 743 3586 879 3620; x_wconf 90' lang='lat' dir='ltr'>quomodo</span> <span class='ocrx_word' id='word_1_1407' title='bbox 894 3585 988 3611; x_wconf 80' lang='lat' dir='ltr'>Graeci</span> <span class='ocrx_word' id='word_1_1408' title='bbox 1000 3585 1120 3618; x_wconf 89' lang='lat' dir='ltr'>ineptum</span> 
     </span>
     <span class='ocr_line' id='line_1_142' title="bbox 77 3617 432 3656; baseline -0.014 -8"><span class='ocrx_word' id='word_1_1409' title='bbox 77 3621 224 3656; x_wconf 82' lang='lat' dir='ltr'>appellant,</span> <span class='ocrx_word' id='word_1_1410' title='bbox 241 3627 295 3645; x_wconf 84' lang='lat' dir='ltr'>non</span> <span class='ocrx_word' id='word_1_1411' title='bbox 307 3617 432 3652; x_wconf 81' lang='lat' dir='ltr'>reperies.</span> 
     </span>
     <span class='ocr_line' id='line_1_143' title="bbox 76 3652 1118 3693; baseline -0.005 -9"><span class='ocrx_word' id='word_1_1412' title='bbox 76 3657 142 3684; x_wconf 80' lang='lat' dir='ltr'>vllus</span> <span class='ocrx_word' id='word_1_1413' title='bbox 154 3665 247 3688; x_wconf 84' lang='lat' dir='ltr'>eorum,</span> <span class='ocrx_word' id='word_1_1414' title='bbox 264 3657 358 3689; x_wconf 84' lang='lat' dir='ltr'>inquit,</span> <span class='ocrx_word' id='word_1_1415' title='bbox 378 3652 508 3688; x_wconf 76' lang='lat' dir='ltr'>quamlibet</span> <span class='ocrx_word' id='word_1_1416' title='bbox 521 3657 666 3689; x_wconf 77' lang='lat' dir='ltr'>inquirendo</span> <span class='ocrx_word' id='word_1_1417' title='bbox 673 3658 702 3692; x_wconf 80' lang='lat' dir='ltr'>se</span> <span class='ocrx_word' id='word_1_1418' title='bbox 714 3657 829 3693; x_wconf 74' lang='lat' dir='ltr'>torfirit,</span> <span class='ocrx_word' id='word_1_1419' title='bbox 849 3656 932 3690; x_wconf 85' lang='lat' dir='ltr'>inepti</span> <span class='ocrx_word' id='word_1_1420' title='bbox 949 3658 1057 3689; x_wconf 71' lang='lat' dir='ltr'>reperire</span> <span class='ocrx_word' id='word_1_1421' title='bbox 1074 3654 1118 3680; x_wconf 68' lang='lat' dir='ltr'>‹nl-</span> 
     </span>
    </p>
   </div>
   <div class='ocr_carea' id='block_1_40' title="bbox 64 3688 1119 3728">
    <p class='ocr_par' dir='ltr' id='par_1_48' title="bbox 64 3688 1119 3728">
     <span class='ocr_line' id='line_1_144' title="bbox 64 3688 1119 3728; baseline -0.003 -9"><span class='ocrx_word' id='word_1_1422' title='bbox 64 3693 135 3724; x_wconf 54' lang='lat' dir='ltr'>huc,</span> <span class='ocrx_word' id='word_1_1423' title='bbox 153 3698 197 3719; x_wconf 78' lang='lat' dir='ltr'>aut</span> <span class='ocrx_word' id='word_1_1424' title='bbox 208 3693 347 3725; x_wconf 71' lang='lat' dir='ltr'>excogitare</span> <span class='ocrx_word' id='word_1_1425' title='bbox 363 3688 504 3715; x_wconf 64' lang='lat' dir='ltr'>vocabulum</span> <span class='ocrx_word' id='word_1_1426' title='bbox 512 3693 603 3723; x_wconf 80' lang='lat' dir='ltr'>potuit.</span> <span class='ocrx_word' id='word_1_1427' title='bbox 638 3693 773 3720; x_wconf 60' lang='lat' dir='ltr'>,Labor-aun</span> <span class='ocrx_word' id='word_1_1428' title='bbox 788 3693 883 3728; x_wconf 75' lang='lat' dir='ltr'>quidem</span> <span class='ocrx_word' id='word_1_1429' title='bbox 892 3692 956 3718; x_wconf 80' lang='lat' dir='ltr'>Guil.</span> <span class='ocrx_word' id='word_1_1430' title='bbox 966 3690 1076 3717; x_wconf 73' lang='lat' dir='ltr'>Budaeus</span> <span class='ocrx_word' id='word_1_1431' title='bbox 1091 3689 1119 3715; x_wconf 79' lang='lat' dir='ltr'>de</span> 
     </span>
    </p>
   </div>
   <div class='ocr_carea' id='block_1_41' title="bbox 78 3722 1121 3800">
    <p class='ocr_par' dir='ltr' id='par_1_49' title="bbox 78 3722 1121 3800">
     <span class='ocr_line' id='line_1_145' title="bbox 78 3722 1119 3763; baseline -0.003 -10"><span class='ocrx_word' id='word_1_1432' title='bbox 78 3727 136 3762; x_wconf 78' lang='lat' dir='ltr'>Affe</span> <span class='ocrx_word' id='word_1_1433' title='bbox 146 3735 175 3763; x_wconf 81' lang='lat' dir='ltr'>p.</span> <span class='ocrx_word' id='word_1_1434' title='bbox 189 3736 213 3759; x_wconf 82' lang='lat'>13</span> <span class='ocrx_word' id='word_1_1435' title='bbox 228 3727 383 3761; x_wconf 76' lang='lat' dir='ltr'>protulitque</span> <span class='ocrx_word' id='word_1_1436' title='bbox 407 3722 551 3757; x_wconf 67' lang='grc' dir='ltr'><strong>οἶνόρμοςον,</strong></span> <span class='ocrx_word' id='word_1_1437' title='bbox 564 3724 733 3761; x_wconf 65' lang='grc' dir='ltr'><strong>εἰπερόκαλον,</strong></span> <span class='ocrx_word' id='word_1_1438' title='bbox 751 3728 882 3760; x_wconf 63' lang='grc' dir='ltr'><strong>ἀπίθανον,</strong></span> <span class='ocrx_word' id='word_1_1439' title='bbox 902 3726 944 3761; x_wconf 64' lang='grc' dir='ltr'>1(ᾳὶ</span> <span class='ocrx_word' id='word_1_1440' title='bbox 961 3725 1060 3758; x_wconf 66' lang='grc' dir='ltr'><strong>σκαιὸν,</strong></span> <span class='ocrx_word' id='word_1_1441' title='bbox 1076 3725 1119 3759; x_wconf 60' lang='lat' dir='ltr'>rga)</span> 
     </span>
     <span class='ocr_line' id='line_1_146' title="bbox 78 3756 1121 3800; baseline -0.003 -11"><span class='ocrx_word' id='word_1_1442' title='bbox 78 3763 201 3797; x_wconf 69' lang='grc' dir='ltr'><strong>μάταιον,</strong></span> <span class='ocrx_word' id='word_1_1443' title='bbox 216 3761 259 3795; x_wconf 52' lang='lat' dir='ltr'>act)</span> <span class='ocrx_word' id='word_1_1444' title='bbox 272 3761 364 3795; x_wconf 69' lang='grc' dir='ltr'><strong>οἶφνέῑ,</strong></span> <span class='ocrx_word' id='word_1_1445' title='bbox 376 3759 419 3794; x_wconf 66' lang='lat' dir='ltr'>‘OE‘l</span> <span class='ocrx_word' id='word_1_1446' title='bbox 432 3758 547 3785; x_wconf 61' lang='lat' dir='ltr'>“³⁷¹¹W20&#39;5·</span> <span class='ocrx_word' id='word_1_1447' title='bbox 596 3756 603 3772; x_wconf 77' lang='lat'><strong><em>¹</em></strong></span> <span class='ocrx_word' id='word_1_1448' title='bbox 617 3762 663 3786; x_wconf 72' lang='lat' dir='ltr'>Sed</span> <span class='ocrx_word' id='word_1_1449' title='bbox 674 3764 749 3790; x_wconf 80' lang='lat' dir='ltr'>eundo</span> <span class='ocrx_word' id='word_1_1450' title='bbox 765 3771 811 3799; x_wconf 77' lang='lat' dir='ltr'>per</span> <span class='ocrx_word' id='word_1_1451' title='bbox 821 3763 924 3800; x_wconf 70' lang='lat' dir='ltr'>singula</span> <span class='ocrx_word' id='word_1_1452' title='bbox 941 3761 1069 3796; x_wconf 76' lang='lat' dir='ltr'>refutatus</span> <span class='ocrx_word' id='word_1_1453' title='bbox 1088 3759 1121 3793; x_wconf 74' lang='lat' dir='ltr'>2st</span> 
     </span>
    </p>
   </div>
   <div class='ocr_carea' id='block_1_42' title="bbox 36 3793 1896 3833">
    <p class='ocr_par' dir='ltr' id='par_1_50' title="bbox 36 3793 1896 3833">
     <span class='ocr_line' id='line_1_147' title="bbox 36 3793 1896 3833; baseline -0.001 -9"><span class='ocrx_word' id='word_1_1454' title='bbox 36 3802 38 3806; x_wconf 91' lang='lat'>&#39;</span> <span class='ocrx_word' id='word_1_1455' title='bbox 79 3808 95 3825; x_wconf 86' lang='lat' dir='ltr'>a</span> <span class='ocrx_word' id='word_1_1456' title='bbox 109 3800 132 3825; x_wconf 88' lang='lat' dir='ltr'>I.</span> <span class='ocrx_word' id='word_1_1457' title='bbox 147 3799 174 3824; x_wconf 86' lang='lat' dir='ltr'>C.</span> <span class='ocrx_word' id='word_1_1458' title='bbox 189 3798 312 3833; x_wconf 71' lang='lat' dir='ltr'>ScaIIgcro</span> <span class='ocrx_word' id='word_1_1459' title='bbox 321 3816 330 3829; x_wconf 85' lang='lat'>,</span> <span class='ocrx_word' id='word_1_1460' title='bbox 349 3799 419 3822; x_wconf 81' lang='lat' dir='ltr'>cuius</span> <span class='ocrx_word' id='word_1_1461' title='bbox 431 3794 478 3821; x_wconf 78' lang='lat' dir='ltr'>hac</span> <span class='ocrx_word' id='word_1_1462' title='bbox 491 3793 520 3819; x_wconf 79' lang='lat' dir='ltr'>de</span> <span class='ocrx_word' id='word_1_1463' title='bbox 533 3803 560 3820; x_wconf 80' lang='lat' dir='ltr'>re</span> <span class='ocrx_word' id='word_1_1464' title='bbox 573 3793 714 3824; x_wconf 78' lang='lat' dir='ltr'>declamatio</span> <span class='ocrx_word' id='word_1_1465' title='bbox 726 3799 792 3825; x_wconf 74' lang='lat' dir='ltr'>edita</span> <span class='ocrx_word' id='word_1_1466' title='bbox 805 3803 870 3825; x_wconf 77' lang='lat' dir='ltr'>inter</span> <span class='ocrx_word' id='word_1_1467' title='bbox 883 3799 952 3824; x_wconf 79' lang='lat' dir='ltr'>illius</span> <span class='ocrx_word' id='word_1_1468' title='bbox 964 3795 1078 3832; x_wconf 71' lang='lat' dir='ltr'>eplstolas</span> <span class='ocrx_word' id='word_1_1469' title='bbox 1097 3803 1120 3822; x_wconf 74' lang='lat' dir='ltr'>ct</span> <span class='ocrx_word' id='word_1_1470' title='bbox 1130 3806 1178 3825; x_wconf 88' lang='lat'>100</span> <span class='ocrx_word' id='word_1_1471' title='bbox 1185 3797 1285 3823; x_wconf 85' lang='lat' dir='ltr'>Oculos</span> <span class='ocrx_word' id='word_1_1472' title='bbox 1299 3798 1388 3831; x_wconf 88' lang='lat' dir='ltr'>stupor</span> <span class='ocrx_word' id='word_1_1473' title='bbox 1401 3802 1477 3831; x_wconf 85' lang='lat' dir='ltr'>vrget</span> <span class='ocrx_word' id='word_1_1474' title='bbox 1491 3797 1587 3822; x_wconf 83' lang='lat' dir='ltr'>inertes</span> <span class='ocrx_word' id='word_1_1475' title='bbox 1608 3795 1682 3830; x_wconf 84' lang='lat' dir='ltr'>Virg.</span> <span class='ocrx_word' id='word_1_1476' title='bbox 1695 3797 1791 3830; x_wconf 85' lang='lat' dir='ltr'>Georg.</span> <span class='ocrx_word' id='word_1_1477' title='bbox 1805 3804 1829 3830; x_wconf 78' lang='grc'>5,</span> <span class='ocrx_word' id='word_1_1478' title='bbox 1843 3807 1896 3830; x_wconf 80' lang='lat'>523.</span> 
     </span>
    </p>
   </div>
   <div class='ocr_carea' id='block_1_43' title="bbox 76 3827 1121 4009">
    <p class='ocr_par' dir='ltr' id='par_1_51' title="bbox 76 3827 1121 4009">
     <span class='ocr_line' id='line_1_148' title="bbox 77 3827 1120 3869; baseline -0.01 -2"><span class='ocrx_word' id='word_1_1479' title='bbox 77 3836 218 3865; x_wconf 76' lang='lat' dir='ltr'>orationes,</span> <span class='ocrx_word' id='word_1_1480' title='bbox 231 3840 261 3868; x_wconf 85' lang='lat' dir='ltr'>P·</span> <span class='ocrx_word' id='word_1_1481' title='bbox 275 3842 323 3865; x_wconf 75' lang='lat'>422</span> <span class='ocrx_word' id='word_1_1482' title='bbox 359 3846 404 3851; x_wconf 83' lang='grc'>-·“</span> <span class='ocrx_word' id='word_1_1483' title='bbox 440 3839 492 3869; x_wconf 72' lang='lat'>44]</span> <span class='ocrx_word' id='word_1_1484' title='bbox 514 3827 650 3861; x_wconf 59' lang='lat' dir='ltr'>F‘stinfflss&#39;t</span> <span class='ocrx_word' id='word_1_1485' title='bbox 663 3840 718 3867; x_wconf 64' lang='lat' dir='ltr'>ergo</span> <span class='ocrx_word' id='word_1_1486' title='bbox 731 3836 764 3860; x_wconf 88' lang='lat' dir='ltr'>A.</span> <span class='ocrx_word' id='word_1_1487' title='bbox 779 3835 894 3862; x_wconf 76' lang='lat' dir='ltr'>Schottus</span> <span class='ocrx_word' id='word_1_1488' title='bbox 914 3833 979 3860; x_wconf 76' lang='lat' dir='ltr'>Nod.</span> <span class='ocrx_word' id='word_1_1489' title='bbox 999 3833 1049 3858; x_wconf 77' lang='lat' dir='ltr'>Cic.</span> <span class='ocrx_word' id='word_1_1490' title='bbox 1069 3842 1096 3866; x_wconf 81' lang='lat'>4,</span> <span class='ocrx_word' id='word_1_1491' title='bbox 1109 3842 1120 3858; x_wconf 95' lang='lat'><em>1</em></span> 
     </span>
     <span class='ocr_line' id='line_1_149' title="bbox 76 3863 1121 3904; baseline -0.007 -9"><span class='ocrx_word' id='word_1_1492' title='bbox 76 3878 130 3896; x_wconf 88' lang='lat' dir='ltr'>cum</span> <span class='ocrx_word' id='word_1_1493' title='bbox 143 3875 231 3895; x_wconf 83' lang='lat' dir='ltr'>contra</span> <span class='ocrx_word' id='word_1_1494' title='bbox 243 3868 380 3894; x_wconf 77' lang='lat' dir='ltr'>Ciceronem</span> <span class='ocrx_word' id='word_1_1495' title='bbox 386 3863 510 3902; x_wconf 70' lang='lat' dir='ltr'>fi‘rsPJ&#39;ffi</span> <span class='ocrx_word' id='word_1_1496' title='bbox 522 3867 561 3891; x_wconf 77' lang='lat' dir='ltr'>ait</span> <span class='ocrx_word' id='word_1_1497' title='bbox 574 3865 732 3900; x_wconf 73' lang='lat' dir='ltr'>scaligerum.</span> <span class='ocrx_word' id='word_1_1498' title='bbox 784 3870 890 3896; x_wconf 62' lang='lat' dir='ltr'>Eandem</span> <span class='ocrx_word' id='word_1_1499' title='bbox 905 3869 1001 3904; x_wconf 62' lang='lat' dir='ltr'>caufimz</span> <span class='ocrx_word' id='word_1_1500' title='bbox 1009 3867 1037 3903; x_wconf 73' lang='lat' dir='ltr'><strong><em>fi</em></strong></span> <span class='ocrx_word' id='word_1_1501' title='bbox 1050 3866 1121 3903; x_wconf 73' lang='lat' dir='ltr'>fg¹ste</span> 
     </span>
     <span class='ocr_line' id='line_1_150' title="bbox 812 3903 1120 3931; baseline -0.006 -1"><span class='ocrx_word' id='word_1_1502' title='bbox 812 3906 916 3931; x_wconf 79' lang='lat' dir='ltr'>Interim</span> <span class='ocrx_word' id='word_1_1503' title='bbox 936 3904 1080 3931; x_wconf 77' lang='lat' dir='ltr'>Priscianus</span> <span class='ocrx_word' id='word_1_1504' title='bbox 1102 3903 1120 3928; x_wconf 94' lang='lat' dir='ltr'>l.</span> 
     </span>
     <span class='ocr_line' id='line_1_151' title="bbox 79 3935 1121 3974; baseline -0.005 -10"><span class='ocrx_word' id='word_1_1505' title='bbox 79 3947 112 3970; x_wconf 80' lang='lat'>13,</span> <span class='ocrx_word' id='word_1_1506' title='bbox 125 3941 142 3963; x_wconf 87' lang='lat'>6</span> <span class='ocrx_word' id='word_1_1507' title='bbox 154 3947 178 3971; x_wconf 84' lang='lat' dir='ltr'>p.</span> <span class='ocrx_word' id='word_1_1508' title='bbox 195 3941 239 3971; x_wconf 85' lang='lat'>963</span> <span class='ocrx_word' id='word_1_1509' title='bbox 254 3938 352 3974; x_wconf 80' lang='lat' dir='ltr'>Putsch.</span> <span class='ocrx_word' id='word_1_1510' title='bbox 370 3938 488 3972; x_wconf 82' lang='lat' dir='ltr'>ineptus,</span> <span class='ocrx_word' id='word_1_1511' title='bbox 507 3937 640 3962; x_wconf 80' lang='lat' dir='ltr'>transtulit</span> <span class='ocrx_word' id='word_1_1512' title='bbox 652 3935 739 3969; x_wconf 75' lang='grc' dir='ltr'>μωρόε.</span> <span class='ocrx_word' id='word_1_1513' title='bbox 769 3938 842 3965; x_wconf 82' lang='lat' dir='ltr'>&#39;Vet.</span> <span class='ocrx_word' id='word_1_1514' title='bbox 858 3941 937 3966; x_wconf 82' lang='lat' dir='ltr'>Glosl‘.</span> <span class='ocrx_word' id='word_1_1515' title='bbox 951 3939 1061 3971; x_wconf 73' lang='grc' dir='ltr'><strong>οἷνόητος,</strong></span> <span class='ocrx_word' id='word_1_1516' title='bbox 1081 3938 1121 3964; x_wconf 84' lang='lat' dir='ltr'>in-</span> 
     </span>
     <span class='ocr_line' id='line_1_152' title="bbox 77 3979 377 4009; baseline -0.01 -7"><span class='ocrx_word' id='word_1_1517' title='bbox 77 3979 167 4009; x_wconf 75' lang='lat' dir='ltr'>eptas,</span> <span class='ocrx_word' id='word_1_1518' title='bbox 183 3979 270 4001; x_wconf 79' lang='lat' dir='ltr'>mente</span> <span class='ocrx_word' id='word_1_1519' title='bbox 282 3979 377 4009; x_wconf 77' lang='lat' dir='ltr'>captus.</span> 
     </span>
    </p>
   </div>
   <div class='ocr_carea' id='block_1_44' title="bbox 627 1671 1546 1712">
    <p class='ocr_par' dir='ltr' id='par_1_52' title="bbox 627 1671 1546 1712">
     <span class='ocr_line' id='line_1_153' title="bbox 627 1671 1546 1712; baseline 0.002 -15"><span class='ocrx_word' id='word_1_1520' title='bbox 627 1671 684 1697; x_wconf 91' lang='lat' dir='ltr'>Cic.</span> <span class='ocrx_word' id='word_1_1521' title='bbox 699 1671 731 1697; x_wconf 88' lang='lat' dir='ltr'>de</span> <span class='ocrx_word' id='word_1_1522' title='bbox 746 1672 846 1698; x_wconf 64' lang='lat' dir='ltr'>Seneet.</span> <span class='ocrx_word' id='word_1_1523' title='bbox 866 1680 893 1704; x_wconf 76' lang='lat'>53</span> <span class='ocrx_word' id='word_1_1524' title='bbox 920 1673 984 1699; x_wconf 85' lang='lat' dir='ltr'>Sunt</span> <span class='ocrx_word' id='word_1_1525' title='bbox 996 1673 1128 1707; x_wconf 84' lang='lat' dir='ltr'>pueritiae</span> <span class='ocrx_word' id='word_1_1526' title='bbox 1135 1682 1173 1707; x_wconf 90' lang='lat'>40</span> <span class='ocrx_word' id='word_1_1527' title='bbox 1194 1673 1321 1709; x_wconf 76' lang='lat' dir='ltr'>censendis</span> <span class='ocrx_word' id='word_1_1528' title='bbox 1335 1673 1405 1699; x_wconf 77' lang='lat' dir='ltr'>vobis</span> <span class='ocrx_word' id='word_1_1529' title='bbox 1418 1673 1546 1712; x_wconf 62' lang='lat' dir='ltr'>injidfare.</span> 
     </span>
    </p>
   </div>
   <div class='ocr_carea' id='block_1_45' title="bbox 359 2021 1399 2056">
    <p class='ocr_par' dir='ltr' id='par_1_53' title="bbox 359 2021 1399 2056">
     <span class='ocr_line' id='line_1_154' title="bbox 359 2021 1399 2056; baseline -0.001 -7"><span class='ocrx_word' id='word_1_1530' title='bbox 359 2024 422 2050; x_wconf 81' lang='lat' dir='ltr'>Alia</span> <span class='ocrx_word' id='word_1_1531' title='bbox 449 2023 599 2056; x_wconf 71' lang='lat' dir='ltr'>exemplaria</span> <span class='ocrx_word' id='word_1_1532' title='bbox 631 2021 719 2047; x_wconf 81' lang='lat' dir='ltr'>habent</span> <span class='ocrx_word' id='word_1_1533' title='bbox 748 2022 873 2048; x_wconf 82' lang='lat' dir='ltr'>Ianuario</span> <span class='ocrx_word' id='word_1_1534' title='bbox 904 2023 1008 2054; x_wconf 83' lang='lat' dir='ltr'>mense,</span> <span class='ocrx_word' id='word_1_1535' title='bbox 1029 2028 1058 2048; x_wconf 88' lang='lat' dir='ltr'>vt</span> <span class='ocrx_word' id='word_1_1536' title='bbox 1081 2028 1126 2047; x_wconf 79' lang='lat' dir='ltr'>etc.</span> <span class='ocrx_word' id='word_1_1537' title='bbox 1144 2028 1175 2053; x_wconf 78' lang='lat'>50</span> <span class='ocrx_word' id='word_1_1538' title='bbox 1193 2028 1259 2056; x_wconf 83' lang='lat' dir='ltr'>pert.</span> <span class='ocrx_word' id='word_1_1539' title='bbox 1272 2032 1294 2053; x_wconf 83' lang='lat'>4,</span> <span class='ocrx_word' id='word_1_1540' title='bbox 1312 2030 1330 2053; x_wconf 88' lang='lat'>1,</span> <span class='ocrx_word' id='word_1_1541' title='bbox 1346 2027 1399 2054; x_wconf 79' lang='lat'>148.</span> 
     </span>
    </p>
   </div>
   <div class='ocr_carea' id='block_1_46' title="bbox 1055 2374 1835 2409">
    <p class='ocr_par' dir='ltr' id='par_1_54' title="bbox 1055 2374 1835 2409">
     <span class='ocr_line' id='line_1_155' title="bbox 1055 2374 1835 2409; baseline 0.005 -10"><span class='ocrx_word' id='word_1_1542' title='bbox 1055 2374 1125 2400; x_wconf 87' lang='lat' dir='ltr'>Ibid.</span> <span class='ocrx_word' id='word_1_1543' title='bbox 1136 2374 1171 2399; x_wconf 90' lang='lat'>60</span> <span class='ocrx_word' id='word_1_1544' title='bbox 1190 2383 1226 2407; x_wconf 84' lang='lat'>99</span> <span class='ocrx_word' id='word_1_1545' title='bbox 1263 2376 1386 2409; x_wconf 82' lang='lat' dir='ltr'>Singulos</span> <span class='ocrx_word' id='word_1_1546' title='bbox 1421 2385 1482 2409; x_wconf 84' lang='lat' dir='ltr'>prae</span> <span class='ocrx_word' id='word_1_1547' title='bbox 1512 2377 1538 2402; x_wconf 89' lang='lat' dir='ltr'>se</span> <span class='ocrx_word' id='word_1_1548' title='bbox 1570 2376 1687 2403; x_wconf 82' lang='lat' dir='ltr'>inermos</span> <span class='ocrx_word' id='word_1_1549' title='bbox 1718 2377 1835 2403; x_wconf 82' lang='lat' dir='ltr'>mittere.</span> 
     </span>
    </p>
   </div>
   <div class='ocr_carea' id='block_1_47' title="bbox 958 2906 1980 2942">
    <p class='ocr_par' dir='ltr' id='par_1_55' title="bbox 958 2906 1980 2942">
     <span class='ocr_line' id='line_1_156' title="bbox 958 2906 1980 2942; baseline 0.004 -9"><span class='ocrx_word' id='word_1_1550' title='bbox 958 2908 1076 2933; x_wconf 83' lang='lat' dir='ltr'>Donatus</span> <span class='ocrx_word' id='word_1_1551' title='bbox 1090 2906 1123 2932; x_wconf 79' lang='lat' dir='ltr'>ud</span> <span class='ocrx_word' id='word_1_1552' title='bbox 1137 2908 1169 2936; x_wconf 79' lang='grc'>75</span> <span class='ocrx_word' id='word_1_1553' title='bbox 1187 2907 1236 2933; x_wconf 86' lang='lat' dir='ltr'>bus</span> <span class='ocrx_word' id='word_1_1554' title='bbox 1251 2909 1300 2942; x_wconf 89' lang='lat' dir='ltr'>qui</span> <span class='ocrx_word' id='word_1_1555' title='bbox 1314 2907 1447 2940; x_wconf 83' lang='lat' dir='ltr'>carebant,</span> <span class='ocrx_word' id='word_1_1556' title='bbox 1469 2909 1565 2935; x_wconf 84' lang='lat' dir='ltr'>inertes</span> <span class='ocrx_word' id='word_1_1557' title='bbox 1579 2916 1593 2935; x_wconf 86' lang='lat' dir='ltr'>a</span> <span class='ocrx_word' id='word_1_1558' title='bbox 1605 2908 1753 2935; x_wconf 78' lang='lat' dir='ltr'>maioribus</span> <span class='ocrx_word' id='word_1_1559' title='bbox 1766 2910 1980 2938; x_wconf 85' lang='lat' dir='ltr'>nominabantur.</span> 
     </span>
    </p>
   </div>
   <div class='ocr_carea' id='block_1_48' title="bbox 1040 3085 1920 3128">
    <p class='ocr_par' dir='ltr' id='par_1_56' title="bbox 1040 3085 1920 3128">
     <span class='ocr_line' id='line_1_157' title="bbox 1040 3085 1920 3128; baseline 0.003 -17"><span class='ocrx_word' id='word_1_1560' title='bbox 1040 3085 1122 3112; x_wconf 86' lang='lat' dir='ltr'>Char·</span> <span class='ocrx_word' id='word_1_1561' title='bbox 1136 3101 1168 3128; x_wconf 76' lang='lat'>80</span> <span class='ocrx_word' id='word_1_1562' title='bbox 1187 3093 1283 3119; x_wconf 84' lang='lat' dir='ltr'>quam,</span> <span class='ocrx_word' id='word_1_1563' title='bbox 1301 3095 1381 3120; x_wconf 88' lang='lat' dir='ltr'>quam</span> <span class='ocrx_word' id='word_1_1564' title='bbox 1395 3086 1499 3120; x_wconf 79' lang='lat' dir='ltr'>impura</span> <span class='ocrx_word' id='word_1_1565' title='bbox 1513 3086 1583 3113; x_wconf 89' lang='lat' dir='ltr'>iuter</span> <span class='ocrx_word' id='word_1_1566' title='bbox 1595 3088 1669 3114; x_wconf 91' lang='lat' dir='ltr'>viros</span> <span class='ocrx_word' id='word_1_1567' title='bbox 1685 3088 1840 3114; x_wconf 83' lang='lat' dir='ltr'>muliercula</span> <span class='ocrx_word' id='word_1_1568' title='bbox 1849 3109 1856 3121; x_wconf 91' lang='lat'>,</span> <span class='ocrx_word' id='word_1_1569' title='bbox 1875 3096 1920 3115; x_wconf 80' lang='lat' dir='ltr'>etc.</span> 
     </span>
    </p>
   </div>
   <div class='ocr_carea' id='block_1_49' title="bbox 411 3264 1494 3300">
    <p class='ocr_par' dir='ltr' id='par_1_57' title="bbox 411 3264 1494 3300">
     <span class='ocr_line' id='line_1_158' title="bbox 411 3264 1494 3300; baseline -0.001 -8"><span class='ocrx_word' id='word_1_1570' title='bbox 411 3266 468 3293; x_wconf 90' lang='lat' dir='ltr'>Cic.</span> <span class='ocrx_word' id='word_1_1571' title='bbox 482 3267 536 3292; x_wconf 91' lang='lat' dir='ltr'>Att.</span> <span class='ocrx_word' id='word_1_1572' title='bbox 551 3268 588 3296; x_wconf 82' lang='lat'>16,</span> <span class='ocrx_word' id='word_1_1573' title='bbox 603 3274 626 3298; x_wconf 80' lang='grc'>13</span> <span class='ocrx_word' id='word_1_1574' title='bbox 653 3265 804 3299; x_wconf 84' lang='lat' dir='ltr'>Longulum</span> <span class='ocrx_word' id='word_1_1575' title='bbox 817 3265 876 3291; x_wconf 83' lang='lat' dir='ltr'>sane</span> <span class='ocrx_word' id='word_1_1576' title='bbox 891 3265 955 3294; x_wconf 81' lang='lat' dir='ltr'>iter,</span> <span class='ocrx_word' id='word_1_1577' title='bbox 979 3270 1005 3290; x_wconf 90' lang='lat' dir='ltr'>et</span> <span class='ocrx_word' id='word_1_1578' title='bbox 1018 3264 1061 3290; x_wconf 85' lang='lat' dir='ltr'>via</span> <span class='ocrx_word' id='word_1_1579' title='bbox 1081 3264 1120 3289; x_wconf 83' lang='lat' dir='ltr'>in·</span> <span class='ocrx_word' id='word_1_1580' title='bbox 1140 3271 1170 3300; x_wconf 83' lang='lat'>85</span> <span class='ocrx_word' id='word_1_1581' title='bbox 1187 3264 1274 3294; x_wconf 71' lang='lat' dir='ltr'>Plaut.¹</span> <span class='ocrx_word' id='word_1_1582' title='bbox 1284 3264 1375 3291; x_wconf 86' lang='lat' dir='ltr'>Bacch.</span> <span class='ocrx_word' id='word_1_1583' title='bbox 1389 3273 1410 3297; x_wconf 87' lang='grc'>3,</span> <span class='ocrx_word' id='word_1_1584' title='bbox 1422 3268 1447 3297; x_wconf 87' lang='grc'>6,</span> <span class='ocrx_word' id='word_1_1585' title='bbox 1462 3274 1494 3297; x_wconf 85' lang='lat'>13.</span> 
     </span>
    </p>
   </div>
   <div class='ocr_carea' id='block_1_50' title="bbox 480 3619 1796 3660">
    <p class='ocr_par' dir='ltr' id='par_1_58' title="bbox 480 3619 1796 3660">
     <span class='ocr_line' id='line_1_159' title="bbox 480 3619 1796 3660; baseline 0.002 -17"><span class='ocrx_word' id='word_1_1586' title='bbox 480 3619 548 3644; x_wconf 76' lang='lat' dir='ltr'>Hinc</span> <span class='ocrx_word' id='word_1_1587' title='bbox 558 3621 625 3656; x_wconf 76' lang='lat' dir='ltr'>Aug.</span> <span class='ocrx_word' id='word_1_1588' title='bbox 638 3623 777 3649; x_wconf 67' lang='lat' dir='ltr'>Polittanm</span> <span class='ocrx_word' id='word_1_1589' title='bbox 791 3621 896 3658; x_wconf 75' lang='lat' dir='ltr'>Mtscell.</span> <span class='ocrx_word' id='word_1_1590' title='bbox 911 3621 978 3646; x_wconf 66' lang='lat' dir='ltr'>Ceut.</span> <span class='ocrx_word' id='word_1_1591' title='bbox 996 3630 1014 3652; x_wconf 86' lang='grc'>1,</span> <span class='ocrx_word' id='word_1_1592' title='bbox 1029 3630 1040 3646; x_wconf 90' lang='lat'><em>1</em></span> <span class='ocrx_word' id='word_1_1593' title='bbox 1067 3622 1120 3645; x_wconf 72' lang='lat' dir='ltr'>Nec</span> <span class='ocrx_word' id='word_1_1594' title='bbox 1134 3625 1167 3651; x_wconf 79' lang='lat'>95</span> <span class='ocrx_word' id='word_1_1595' title='bbox 1186 3625 1210 3652; x_wconf 82' lang='lat'>8,</span> <span class='ocrx_word' id='word_1_1596' title='bbox 1224 3628 1287 3655; x_wconf 85' lang='lat'>790.</span> <span class='ocrx_word' id='word_1_1597' title='bbox 1305 3628 1353 3656; x_wconf 76' lang='lat' dir='ltr'>per</span> <span class='ocrx_word' id='word_1_1598' title='bbox 1366 3619 1534 3660; x_wconf 43' lang='lat' dir='ltr'>&amp;incedat-hen</span> <span class='ocrx_word' id='word_1_1599' title='bbox 1547 3620 1612 3655; x_wconf 82' lang='lat' dir='ltr'>quod</span> <span class='ocrx_word' id='word_1_1600' title='bbox 1617 3620 1689 3655; x_wconf 74' lang='lat' dir='ltr'>facit</span> <span class='ocrx_word' id='word_1_1601' title='bbox 1701 3620 1796 3646; x_wconf 74' lang='lat' dir='ltr'>tardos.</span> 
     </span>
    </p>
   </div>
   <div class='ocr_carea' id='block_1_51' title="bbox 1190 1530 2245 2556">
    <p class='ocr_par' dir='ltr' id='par_1_59' title="bbox 1194 1530 2245 1707">
     <span class='ocr_line' id='line_1_160' title="bbox 1194 1530 2243 1567; baseline 0.003 -10"><span class='ocrx_word' id='word_1_1602' title='bbox 1194 1538 1224 1557; x_wconf 83' lang='lat' dir='ltr'>vt</span> <span class='ocrx_word' id='word_1_1603' title='bbox 1239 1531 1378 1562; x_wconf 89' lang='lat' dir='ltr'>insultare,</span> <span class='ocrx_word' id='word_1_1604' title='bbox 1399 1530 1500 1556; x_wconf 86' lang='lat' dir='ltr'>inuehi.</span> <span class='ocrx_word' id='word_1_1605' title='bbox 1609 1530 1729 1557; x_wconf 88' lang='lat' dir='ltr'>Macrob.</span> <span class='ocrx_word' id='word_1_1606' title='bbox 1743 1539 1770 1565; x_wconf 83' lang='lat'>7,</span> <span class='ocrx_word' id='word_1_1607' title='bbox 1785 1539 1809 1564; x_wconf 78' lang='grc' dir='ltr'>ις</span> <span class='ocrx_word' id='word_1_1608' title='bbox 1835 1533 1909 1565; x_wconf 76' lang='lat' dir='ltr'>Qiae</span> <span class='ocrx_word' id='word_1_1609' title='bbox 1922 1541 1985 1567; x_wconf 89' lang='lat' dir='ltr'>ergo</span> <span class='ocrx_word' id='word_1_1610' title='bbox 1999 1533 2109 1560; x_wconf 79' lang='lat' dir='ltr'>coniicit</span> <span class='ocrx_word' id='word_1_1611' title='bbox 2121 1533 2153 1559; x_wconf 86' lang='lat' dir='ltr'>de</span> <span class='ocrx_word' id='word_1_1612' title='bbox 2165 1542 2243 1560; x_wconf 87' lang='lat' dir='ltr'>carne</span> 
     </span>
     <span class='ocr_line' id='line_1_161' title="bbox 1195 1566 2244 1602; baseline 0.003 -10"><span class='ocrx_word' id='word_1_1613' title='bbox 1195 1566 1341 1599; x_wconf 88' lang='lat' dir='ltr'>lutulenta,</span> <span class='ocrx_word' id='word_1_1614' title='bbox 1359 1566 1437 1592; x_wconf 85' lang='lat' dir='ltr'>audet</span> <span class='ocrx_word' id='word_1_1615' title='bbox 1448 1567 1492 1592; x_wconf 87' lang='lat' dir='ltr'>ine</span> <span class='ocrx_word' id='word_1_1616' title='bbox 1514 1566 1599 1593; x_wconf 88' lang='lat' dir='ltr'>uitare</span> <span class='ocrx_word' id='word_1_1617' title='bbox 1612 1566 1813 1601; x_wconf 82' lang='lat' dir='ltr'>Philosophiae,</span> <span class='ocrx_word' id='word_1_1618' title='bbox 1836 1568 1867 1593; x_wconf 86' lang='lat' dir='ltr'>de</span> <span class='ocrx_word' id='word_1_1619' title='bbox 1882 1568 2046 1602; x_wconf 82' lang='lat' dir='ltr'>incorporeis</span> <span class='ocrx_word' id='word_1_1620' title='bbox 2061 1574 2086 1594; x_wconf 87' lang='lat' dir='ltr'>et</span> <span class='ocrx_word' id='word_1_1621' title='bbox 2100 1578 2163 1595; x_wconf 83' lang='lat' dir='ltr'>vere</span> <span class='ocrx_word' id='word_1_1622' title='bbox 2174 1569 2244 1596; x_wconf 85' lang='lat' dir='ltr'>diui-</span> 
     </span>
     <span class='ocr_line' id='line_1_162' title="bbox 1194 1602 2244 1638; baseline 0.002 -10"><span class='ocrx_word' id='word_1_1623' title='bbox 1194 1603 1234 1628; x_wconf 87' lang='lat' dir='ltr'>nis</span> <span class='ocrx_word' id='word_1_1624' title='bbox 1250 1609 1319 1628; x_wconf 88' lang='lat' dir='ltr'>certa</span> <span class='ocrx_word' id='word_1_1625' title='bbox 1331 1602 1436 1628; x_wconf 87' lang='lat' dir='ltr'>ratione</span> <span class='ocrx_word' id='word_1_1626' title='bbox 1450 1608 1489 1628; x_wconf 85' lang='lat' dir='ltr'>tra</span> <span class='ocrx_word' id='word_1_1627' title='bbox 1519 1603 1583 1629; x_wconf 84' lang='lat' dir='ltr'>anti.</span> <span class='ocrx_word' id='word_1_1628' title='bbox 1619 1602 1648 1628; x_wconf 80' lang='grc' dir='ltr'>αἰ·</span> <span class='ocrx_word' id='word_1_1629' title='bbox 1661 1602 1780 1628; x_wconf 71' lang='lat' dir='ltr'>medicina</span> <span class='ocrx_word' id='word_1_1630' title='bbox 1792 1604 1911 1638; x_wconf 80' lang='lat' dir='ltr'>loquitur.</span> <span class='ocrx_word' id='word_1_1631' title='bbox 1981 1604 2014 1629; x_wconf 79' lang='lat' dir='ltr'>Et</span> <span class='ocrx_word' id='word_1_1632' title='bbox 2029 1603 2150 1634; x_wconf 87' lang='lat' dir='ltr'>Arnob.5</span> <span class='ocrx_word' id='word_1_1633' title='bbox 2164 1612 2244 1638; x_wconf 82' lang='lat' dir='ltr'>p.170</span> 
     </span>
     <span class='ocr_line' id='line_1_163' title="bbox 1194 1637 2245 1672; baseline 0.002 -8"><span class='ocrx_word' id='word_1_1634' title='bbox 1194 1638 1259 1664; x_wconf 87' lang='lat' dir='ltr'>Non</span> <span class='ocrx_word' id='word_1_1635' title='bbox 1275 1646 1328 1672; x_wconf 86' lang='lat' dir='ltr'>quo</span> <span class='ocrx_word' id='word_1_1636' title='bbox 1342 1637 1420 1663; x_wconf 82' lang='lat' dir='ltr'>nobis</span> <span class='ocrx_word' id='word_1_1637' title='bbox 1433 1637 1509 1663; x_wconf 88' lang='lat' dir='ltr'>dulce</span> <span class='ocrx_word' id='word_1_1638' title='bbox 1521 1637 1551 1664; x_wconf 91' lang='lat' dir='ltr'>sit</span> <span class='ocrx_word' id='word_1_1639' title='bbox 1564 1644 1617 1664; x_wconf 88' lang='lat' dir='ltr'>tam</span> <span class='ocrx_word' id='word_1_1640' title='bbox 1632 1637 1717 1663; x_wconf 77' lang='lat' dir='ltr'>foedis</span> <span class='ocrx_word' id='word_1_1641' title='bbox 1731 1638 1880 1672; x_wconf 81' lang='lat' dir='ltr'>inequitare</span> <span class='ocrx_word' id='word_1_1642' title='bbox 1894 1637 2034 1669; x_wconf 51' lang='lat' dir='ltr'>mysterii&amp;</span> <span class='ocrx_word' id='word_1_1643' title='bbox 2070 1639 2094 1666; x_wconf 82' lang='lat' dir='ltr'>h.</span> <span class='ocrx_word' id='word_1_1644' title='bbox 2104 1648 2123 1664; x_wconf 81' lang='lat' dir='ltr'>e.</span> <span class='ocrx_word' id='word_1_1645' title='bbox 2143 1639 2195 1665; x_wconf 75' lang='lat' dir='ltr'>illis</span> <span class='ocrx_word' id='word_1_1646' title='bbox 2207 1649 2245 1666; x_wconf 80' lang='lat' dir='ltr'>re-</span> 
     </span>
     <span class='ocr_line' id='line_1_164' title="bbox 1620 1672 2191 1707; baseline 0 -8"><span class='ocrx_word' id='word_1_1647' title='bbox 1620 1673 1694 1699; x_wconf 87' lang='lat' dir='ltr'>Idem</span> <span class='ocrx_word' id='word_1_1648' title='bbox 1709 1682 1720 1704; x_wconf 93' lang='lat'>7</span> <span class='ocrx_word' id='word_1_1649' title='bbox 1734 1682 1759 1706; x_wconf 89' lang='lat' dir='ltr'>p.</span> <span class='ocrx_word' id='word_1_1650' title='bbox 1772 1681 1817 1705; x_wconf 76' lang='lat'>235</span> <span class='ocrx_word' id='word_1_1651' title='bbox 1839 1672 1944 1699; x_wconf 84' lang='lat' dir='ltr'>Frustra</span> <span class='ocrx_word' id='word_1_1652' title='bbox 1958 1673 2090 1707; x_wconf 88' lang='lat' dir='ltr'>inequitas</span> <span class='ocrx_word' id='word_1_1653' title='bbox 2102 1673 2191 1700; x_wconf 83' lang='lat' dir='ltr'>nobis.</span> 
     </span>
    </p>

    <p class='ocr_par' dir='ltr' id='par_1_60' title="bbox 1191 1707 2245 1804">
     <span class='ocr_line' id='line_1_165' title="bbox 1229 1707 2245 1747; baseline 0 -13"><span class='ocrx_word' id='word_1_1654' title='bbox 1229 1717 1238 1734; x_wconf 92' lang='lat'>1</span> <span class='ocrx_word' id='word_1_1655' title='bbox 1252 1715 1272 1733; x_wconf 77' lang='lat' dir='ltr'>N</span> <span class='ocrx_word' id='word_1_1656' title='bbox 1287 1715 1304 1734; x_wconf 83' lang='lat' dir='ltr'>E</span> <span class='ocrx_word' id='word_1_1657' title='bbox 1315 1715 1365 1747; x_wconf 35' lang='grc' dir='ltr'>ᾖν</span> <span class='ocrx_word' id='word_1_1658' title='bbox 1375 1716 1384 1734; x_wconf 92' lang='grc'>1</span> <span class='ocrx_word' id='word_1_1659' title='bbox 1394 1715 1414 1734; x_wconf 87' lang='grc' dir='ltr'><strong><em>Τ</em></strong></span> <span class='ocrx_word' id='word_1_1660' title='bbox 1424 1715 1487 1734; x_wconf 79' lang='lat' dir='ltr'>ABI</span> <span class='ocrx_word' id='word_1_1661' title='bbox 1501 1715 1575 1740; x_wconf 79' lang='lat' dir='ltr'>Lis,</span> <span class='ocrx_word' id='word_1_1662' title='bbox 1602 1716 1626 1734; x_wconf 89' lang='lat' dir='ltr'>e.</span> <span class='ocrx_word' id='word_1_1663' title='bbox 1654 1707 1715 1733; x_wconf 87' lang='lat' dir='ltr'>Adi.</span> <span class='ocrx_word' id='word_1_1664' title='bbox 1754 1709 1812 1733; x_wconf 84' lang='lat' dir='ltr'>Non</span> <span class='ocrx_word' id='word_1_1665' title='bbox 1834 1707 1985 1742; x_wconf 72' lang='lat' dir='ltr'>equitabilis.</span> <span class='ocrx_word' id='word_1_1666' title='bbox 2021 1709 2094 1734; x_wconf 86' lang='lat' dir='ltr'>Curt.</span> <span class='ocrx_word' id='word_1_1667' title='bbox 2115 1713 2144 1740; x_wconf 86' lang='lat'>8,</span> <span class='ocrx_word' id='word_1_1668' title='bbox 2166 1718 2211 1742; x_wconf 88' lang='lat'>14,</span> <span class='ocrx_word' id='word_1_1669' title='bbox 2225 1717 2245 1743; x_wconf 90' lang='lat'>4</span> 
     </span>
     <span class='ocr_line' id='line_1_166' title="bbox 1193 1741 2245 1779; baseline 0.001 -9"><span class='ocrx_word' id='word_1_1670' title='bbox 1193 1743 1291 1774; x_wconf 81' lang='lat' dir='ltr'>Imber,</span> <span class='ocrx_word' id='word_1_1671' title='bbox 1305 1743 1451 1770; x_wconf 85' lang='lat' dir='ltr'>violentius</span> <span class='ocrx_word' id='word_1_1672' title='bbox 1466 1751 1544 1777; x_wconf 88' lang='lat' dir='ltr'>quam</span> <span class='ocrx_word' id='word_1_1673' title='bbox 1557 1742 1622 1768; x_wconf 86' lang='lat' dir='ltr'>alias</span> <span class='ocrx_word' id='word_1_1674' title='bbox 1644 1743 1727 1771; x_wconf 77' lang='lat' dir='ltr'>fusus,</span> <span class='ocrx_word' id='word_1_1675' title='bbox 1743 1750 1847 1776; x_wconf 82' lang='lat' dir='ltr'>campos</span> <span class='ocrx_word' id='word_1_1676' title='bbox 1868 1741 1986 1769; x_wconf 86' lang='lat' dir='ltr'>lubricos</span> <span class='ocrx_word' id='word_1_1677' title='bbox 2008 1748 2034 1770; x_wconf 87' lang='lat' dir='ltr'>et</span> <span class='ocrx_word' id='word_1_1678' title='bbox 2057 1744 2245 1779; x_wconf 86' lang='lat' dir='ltr'>inequitabiles</span> 
     </span>
     <span class='ocr_line' id='line_1_167' title="bbox 1191 1779 1297 1804; baseline 0.009 -1"><span class='ocrx_word' id='word_1_1679' title='bbox 1191 1779 1297 1804; x_wconf 81' lang='lat' dir='ltr'>fecerat.</span> 
     </span>
    </p>

    <p class='ocr_par' dir='ltr' id='par_1_61' title="bbox 1231 1810 2057 1846">
     <span class='ocr_line' id='line_1_168' title="bbox 1231 1810 2057 1846; baseline 0.002 -8"><span class='ocrx_word' id='word_1_1680' title='bbox 1231 1819 1243 1838; x_wconf 91' lang='lat'>1</span> <span class='ocrx_word' id='word_1_1681' title='bbox 1255 1820 1274 1838; x_wconf 86' lang='lat' dir='ltr'>N</span> <span class='ocrx_word' id='word_1_1682' title='bbox 1284 1819 1361 1838; x_wconf 79' lang='lat' dir='ltr'>ERM</span> <span class='ocrx_word' id='word_1_1683' title='bbox 1372 1818 1392 1838; x_wconf 94' lang='lat' dir='ltr'>o</span> <span class='ocrx_word' id='word_1_1684' title='bbox 1405 1831 1413 1844; x_wconf 88' lang='lat'>‚</span> <span class='ocrx_word' id='word_1_1685' title='bbox 1428 1815 1482 1838; x_wconf 72' lang='lat' dir='ltr'>are.</span> <span class='ocrx_word' id='word_1_1686' title='bbox 1518 1811 1532 1844; x_wconf 92' lang='lat'>[</span> <span class='ocrx_word' id='word_1_1687' title='bbox 1539 1810 1687 1846; x_wconf 69' lang='grc' dir='ltr'>ἐφοπλίζω]</span> <span class='ocrx_word' id='word_1_1688' title='bbox 1725 1811 1813 1838; x_wconf 86' lang='lat' dir='ltr'>Armis</span> <span class='ocrx_word' id='word_1_1689' title='bbox 1827 1812 1942 1846; x_wconf 87' lang='lat' dir='ltr'>spoliare</span> <span class='ocrx_word' id='word_1_1690' title='bbox 1961 1813 2057 1840; x_wconf 83' lang='lat' dir='ltr'>Festus.</span> 
     </span>
    </p>

    <p class='ocr_par' dir='ltr' id='par_1_62' title="bbox 1191 1846 2244 2130">
     <span class='ocr_line' id='line_1_169' title="bbox 1230 1846 2241 1883; baseline 0.002 -11"><span class='ocrx_word' id='word_1_1691' title='bbox 1230 1854 1239 1872; x_wconf 90' lang='lat'>1</span> <span class='ocrx_word' id='word_1_1692' title='bbox 1250 1853 1272 1871; x_wconf 89' lang='lat' dir='ltr'>N</span> <span class='ocrx_word' id='word_1_1693' title='bbox 1281 1853 1297 1872; x_wconf 79' lang='lat' dir='ltr'>E</span> <span class='ocrx_word' id='word_1_1694' title='bbox 1306 1854 1326 1873; x_wconf 90' lang='lat' dir='ltr'>R</span> <span class='ocrx_word' id='word_1_1695' title='bbox 1334 1854 1359 1873; x_wconf 85' lang='lat' dir='ltr'>M</span> <span class='ocrx_word' id='word_1_1696' title='bbox 1368 1854 1378 1872; x_wconf 84' lang='lat'>1</span> <span class='ocrx_word' id='word_1_1697' title='bbox 1389 1853 1402 1872; x_wconf 86' lang='lat' dir='ltr'>S</span> <span class='ocrx_word' id='word_1_1698' title='bbox 1410 1867 1418 1879; x_wconf 79' lang='lat'>,</span> <span class='ocrx_word' id='word_1_1699' title='bbox 1435 1856 1458 1873; x_wconf 88' lang='lat' dir='ltr'>e.</span> <span class='ocrx_word' id='word_1_1700' title='bbox 1483 1847 1544 1872; x_wconf 87' lang='lat' dir='ltr'>Adi.</span> <span class='ocrx_word' id='word_1_1701' title='bbox 1581 1847 1717 1880; x_wconf 50' lang='grc' dir='ltr'>[Ξένωτλσῃ</span> <span class='ocrx_word' id='word_1_1702' title='bbox 1731 1846 1839 1881; x_wconf 66' lang='grc' dir='ltr'>ἄοπλος]</span> <span class='ocrx_word' id='word_1_1703' title='bbox 1876 1849 1928 1883; x_wconf 60' lang='lat' dir='ltr'>Qu*</span> <span class='ocrx_word' id='word_1_1704' title='bbox 1939 1857 2050 1875; x_wconf 74' lang='lat' dir='ltr'>armatus</span> <span class='ocrx_word' id='word_1_1705' title='bbox 2063 1858 2110 1875; x_wconf 79' lang='lat' dir='ltr'>non</span> <span class='ocrx_word' id='word_1_1706' title='bbox 2124 1846 2165 1882; x_wconf 83' lang='lat' dir='ltr'>est.</span> <span class='ocrx_word' id='word_1_1707' title='bbox 2185 1849 2241 1876; x_wconf 81' lang='lat' dir='ltr'>Cic.</span> 
     </span>
     <span class='ocr_line' id='line_1_170' title="bbox 1193 1881 2244 1915; baseline 0.005 -9"><span class='ocrx_word' id='word_1_1708' title='bbox 1193 1881 1226 1907; x_wconf 89' lang='lat' dir='ltr'>ad</span> <span class='ocrx_word' id='word_1_1709' title='bbox 1240 1882 1312 1909; x_wconf 77' lang='lat' dir='ltr'>Brut.</span> <span class='ocrx_word' id='word_1_1710' title='bbox 1327 1891 1355 1909; x_wconf 86' lang='lat'>10</span> <span class='ocrx_word' id='word_1_1711' title='bbox 1372 1883 1546 1915; x_wconf 68' lang='lat' dir='ltr'>Pet-territos,</span> <span class='ocrx_word' id='word_1_1712' title='bbox 1566 1881 1694 1913; x_wconf 87' lang='lat' dir='ltr'>inermes,</span> <span class='ocrx_word' id='word_1_1713' title='bbox 1713 1883 1812 1908; x_wconf 76' lang='lat' dir='ltr'>saucios</span> <span class='ocrx_word' id='word_1_1714' title='bbox 1826 1891 1880 1908; x_wconf 89' lang='lat' dir='ltr'>non</span> <span class='ocrx_word' id='word_1_1715' title='bbox 1891 1885 1949 1909; x_wconf 88' lang='lat' dir='ltr'>sunt</span> <span class='ocrx_word' id='word_1_1716' title='bbox 1964 1884 2047 1910; x_wconf 86' lang='lat' dir='ltr'>nostri</span> <span class='ocrx_word' id='word_1_1717' title='bbox 2061 1884 2137 1910; x_wconf 88' lang='lat' dir='ltr'>duces</span> <span class='ocrx_word' id='word_1_1718' title='bbox 2158 1886 2244 1914; x_wconf 79' lang='lat' dir='ltr'>perse-</span> 
     </span>
     <span class='ocr_line' id='line_1_171' title="bbox 1193 1916 2243 1953; baseline 0.003 -10"><span class='ocrx_word' id='word_1_1719' title='bbox 1193 1917 1257 1943; x_wconf 88' lang='lat' dir='ltr'>cuti.</span> <span class='ocrx_word' id='word_1_1720' title='bbox 1346 1917 1516 1944; x_wconf 86' lang='lat' dir='ltr'>Pseudo-Cic.</span> <span class='ocrx_word' id='word_1_1721' title='bbox 1537 1925 1624 1951; x_wconf 87' lang='lat' dir='ltr'>anteq.</span> <span class='ocrx_word' id='word_1_1722' title='bbox 1640 1918 1692 1943; x_wconf 84' lang='lat' dir='ltr'>iret</span> <span class='ocrx_word' id='word_1_1723' title='bbox 1705 1918 1733 1943; x_wconf 93' lang='lat' dir='ltr'>in</span> <span class='ocrx_word' id='word_1_1724' title='bbox 1748 1917 1808 1943; x_wconf 76' lang='lat' dir='ltr'>exit.</span> <span class='ocrx_word' id='word_1_1725' title='bbox 1824 1925 1855 1951; x_wconf 83' lang='lat'>27</span> <span class='ocrx_word' id='word_1_1726' title='bbox 1891 1919 1988 1944; x_wconf 87' lang='lat' dir='ltr'>Cedam</span> <span class='ocrx_word' id='word_1_1727' title='bbox 2003 1919 2112 1946; x_wconf 87' lang='lat' dir='ltr'>inermis</span> <span class='ocrx_word' id='word_1_1728' title='bbox 2124 1916 2243 1953; x_wconf 76' lang='lat' dir='ltr'>armatis,</span> 
     </span>
     <span class='ocr_line' id='line_1_172' title="bbox 1194 1952 2243 1988; baseline 0.005 -11"><span class='ocrx_word' id='word_1_1729' title='bbox 1194 1952 1321 1978; x_wconf 85' lang='lat' dir='ltr'>innocens</span> <span class='ocrx_word' id='word_1_1730' title='bbox 1335 1953 1507 1982; x_wconf 78' lang='lat' dir='ltr'>nocentibus,</span> <span class='ocrx_word' id='word_1_1731' title='bbox 1527 1960 1572 1978; x_wconf 77' lang='lat' dir='ltr'>cte.</span> <span class='ocrx_word' id='word_1_1732' title='bbox 1647 1952 1831 1978; x_wconf 77' lang='lat' dir='ltr'>Adolescentes</span> <span class='ocrx_word' id='word_1_1733' title='bbox 1858 1953 1928 1988; x_wconf 87' lang='lat' dir='ltr'>Nep.</span> <span class='ocrx_word' id='word_1_1734' title='bbox 1942 1962 1980 1986; x_wconf 73' lang='grc' dir='ltr'>ιο,</span> <span class='ocrx_word' id='word_1_1735' title='bbox 1995 1964 2019 1988; x_wconf 71' lang='grc'>9,</span> <span class='ocrx_word' id='word_1_1736' title='bbox 2033 1964 2045 1987; x_wconf 79' lang='grc'><strong>3</strong></span> <span class='ocrx_word' id='word_1_1737' title='bbox 2061 1963 2083 1981; x_wconf 81' lang='lat' dir='ltr'>et</span> <span class='ocrx_word' id='word_1_1738' title='bbox 2097 1958 2122 1981; x_wconf 90' lang='lat'>6.</span> <span class='ocrx_word' id='word_1_1739' title='bbox 2195 1957 2243 1982; x_wconf 84' lang='lat' dir='ltr'>Ar-</span> 
     </span>
     <span class='ocr_line' id='line_1_173' title="bbox 1194 1987 2243 2022; baseline 0.005 -10"><span class='ocrx_word' id='word_1_1740' title='bbox 1194 1996 1237 2012; x_wconf 81' lang='lat' dir='ltr'>cus</span> <span class='ocrx_word' id='word_1_1741' title='bbox 1258 1988 1320 2013; x_wconf 77' lang='lat' dir='ltr'>Stat.</span> <span class='ocrx_word' id='word_1_1742' title='bbox 1334 1987 1398 2013; x_wconf 90' lang='lat' dir='ltr'>Silu.</span> <span class='ocrx_word' id='word_1_1743' title='bbox 1416 1996 1435 2019; x_wconf 85' lang='grc'>1,</span> <span class='ocrx_word' id='word_1_1744' title='bbox 1449 1996 1474 2019; x_wconf 88' lang='grc'>2,</span> <span class='ocrx_word' id='word_1_1745' title='bbox 1489 1992 1531 2016; x_wconf 74' lang='lat'>80.</span> <span class='ocrx_word' id='word_1_1746' title='bbox 1603 1987 1702 2014; x_wconf 84' lang='lat' dir='ltr'>Dextra</span> <span class='ocrx_word' id='word_1_1747' title='bbox 1724 1988 1797 2022; x_wconf 84' lang='lat' dir='ltr'>Virg.</span> <span class='ocrx_word' id='word_1_1748' title='bbox 1813 1989 1878 2014; x_wconf 88' lang='lat' dir='ltr'>Aen.</span> <span class='ocrx_word' id='word_1_1749' title='bbox 1895 1997 1926 2021; x_wconf 87' lang='grc'>11,</span> <span class='ocrx_word' id='word_1_1750' title='bbox 1938 1998 1997 2022; x_wconf 84' lang='lat'>4¹4·</span> <span class='ocrx_word' id='word_1_1751' title='bbox 2069 1990 2159 2016; x_wconf 82' lang='lat' dir='ltr'>Hostis</span> <span class='ocrx_word' id='word_1_1752' title='bbox 2179 1989 2243 2018; x_wconf 85' lang='lat' dir='ltr'>Pro·</span> 
     </span>
     <span class='ocr_line' id='line_1_174' title="bbox 1485 2022 2243 2058; baseline 0.007 -10"><span class='ocrx_word' id='word_1_1753' title='bbox 1485 2022 1584 2056; x_wconf 85' lang='lat' dir='ltr'>Vulgus</span> <span class='ocrx_word' id='word_1_1754' title='bbox 1610 2023 1692 2049; x_wconf 87' lang='lat' dir='ltr'>Ouid.</span> <span class='ocrx_word' id='word_1_1755' title='bbox 1706 2023 1737 2049; x_wconf 91' lang='lat' dir='ltr'>de</span> <span class='ocrx_word' id='word_1_1756' title='bbox 1752 2024 1814 2050; x_wconf 87' lang='lat' dir='ltr'>Arte</span> <span class='ocrx_word' id='word_1_1757' title='bbox 1827 2024 1886 2050; x_wconf 85' lang='lat' dir='ltr'>Am.</span> <span class='ocrx_word' id='word_1_1758' title='bbox 1900 2032 1922 2056; x_wconf 85' lang='grc'>3,</span> <span class='ocrx_word' id='word_1_1759' title='bbox 1936 2027 1981 2058; x_wconf 88' lang='lat'>46.</span> <span class='ocrx_word' id='word_1_1760' title='bbox 2088 2026 2201 2052; x_wconf 82' lang='lat' dir='ltr'>Inermis</span> <span class='ocrx_word' id='word_1_1761' title='bbox 2213 2035 2243 2053; x_wconf 85' lang='lat' dir='ltr'>ac</span> 
     </span>
     <span class='ocr_line' id='line_1_175' title="bbox 1191 2056 2243 2094; baseline 0.006 -11"><span class='ocrx_word' id='word_1_1762' title='bbox 1191 2056 1278 2083; x_wconf 83' lang='lat' dir='ltr'>nudus</span> <span class='ocrx_word' id='word_1_1763' title='bbox 1291 2057 1321 2084; x_wconf 89' lang='lat' dir='ltr'>in</span> <span class='ocrx_word' id='word_1_1764' title='bbox 1335 2057 1474 2084; x_wconf 77' lang='lat' dir='ltr'>differendi</span> <span class='ocrx_word' id='word_1_1765' title='bbox 1487 2064 1559 2090; x_wconf 82' lang='lat' dir='ltr'>arte,</span> <span class='ocrx_word' id='word_1_1766' title='bbox 1577 2064 1622 2092; x_wconf 81' lang='lat' dir='ltr'>per</span> <span class='ocrx_word' id='word_1_1767' title='bbox 1633 2060 1821 2084; x_wconf 73' lang='lat' dir='ltr'>translationem</span> <span class='ocrx_word' id='word_1_1768' title='bbox 1839 2059 1894 2085; x_wconf 82' lang='lat' dir='ltr'>Cic.</span> <span class='ocrx_word' id='word_1_1769' title='bbox 1911 2059 1944 2085; x_wconf 88' lang='lat' dir='ltr'>dc</span> <span class='ocrx_word' id='word_1_1770' title='bbox 1959 2059 2017 2086; x_wconf 83' lang='lat' dir='ltr'>Fin.</span> <span class='ocrx_word' id='word_1_1771' title='bbox 2034 2069 2052 2094; x_wconf 81' lang='lat'>1,</span> <span class='ocrx_word' id='word_1_1772' title='bbox 2065 2069 2107 2088; x_wconf 81' lang='lat'>22.</span> <span class='ocrx_word' id='word_1_1773' title='bbox 2157 2062 2243 2090; x_wconf 81' lang='lat' dir='ltr'>Amor</span> 
     </span>
     <span class='ocr_line' id='line_1_176' title="bbox 1192 2092 1890 2130; baseline 0.004 -12"><span class='ocrx_word' id='word_1_1774' title='bbox 1192 2092 1292 2119; x_wconf 89' lang='lat' dir='ltr'>Tibul.</span> <span class='ocrx_word' id='word_1_1775' title='bbox 1306 2102 1329 2125; x_wconf 88' lang='grc'>2,</span> <span class='ocrx_word' id='word_1_1776' title='bbox 1344 2100 1365 2125; x_wconf 79' lang='grc' dir='ltr'>ς,</span> <span class='ocrx_word' id='word_1_1777' title='bbox 1378 2095 1434 2119; x_wconf 66' lang='grc' dir='ltr'>κέ.</span> <span class='ocrx_word' id='word_1_1778' title='bbox 1506 2094 1619 2130; x_wconf 72' lang='lat' dir='ltr'>Qarmen</span> <span class='ocrx_word' id='word_1_1779' title='bbox 1637 2094 1755 2127; x_wconf 87' lang='lat' dir='ltr'>Propert.</span> <span class='ocrx_word' id='word_1_1780' title='bbox 1769 2103 1797 2127; x_wconf 88' lang='lat'>4,</span> <span class='ocrx_word' id='word_1_1781' title='bbox 1817 2095 1842 2125; x_wconf 88' lang='lat'>6,</span> <span class='ocrx_word' id='word_1_1782' title='bbox 1855 2103 1890 2126; x_wconf 80' lang='lat'>32.</span> 
     </span>
    </p>

    <p class='ocr_par' dir='ltr' id='par_1_63' title="bbox 1190 2128 2242 2480">
     <span class='ocr_line' id='line_1_177' title="bbox 1229 2128 2242 2164; baseline 0.006 -11"><span class='ocrx_word' id='word_1_1783' title='bbox 1229 2135 1238 2153; x_wconf 93' lang='lat'><em>1</em></span> <span class='ocrx_word' id='word_1_1784' title='bbox 1249 2135 1269 2153; x_wconf 80' lang='lat' dir='ltr'>N</span> <span class='ocrx_word' id='word_1_1785' title='bbox 1281 2135 1296 2154; x_wconf 82' lang='grc' dir='ltr'><em>Ε</em></span> <span class='ocrx_word' id='word_1_1786' title='bbox 1307 2135 1326 2153; x_wconf 80' lang='lat' dir='ltr'>R</span> <span class='ocrx_word' id='word_1_1787' title='bbox 1336 2134 1388 2152; x_wconf 82' lang='lat' dir='ltr'>MV</span> <span class='ocrx_word' id='word_1_1788' title='bbox 1399 2136 1411 2154; x_wconf 89' lang='lat' dir='ltr'>s</span> <span class='ocrx_word' id='word_1_1789' title='bbox 1421 2145 1429 2157; x_wconf 94' lang='lat'>‚</span> <span class='ocrx_word' id='word_1_1790' title='bbox 1449 2137 1477 2160; x_wconf 86' lang='lat' dir='ltr'>a,</span> <span class='ocrx_word' id='word_1_1791' title='bbox 1498 2137 1552 2153; x_wconf 91' lang='lat' dir='ltr'>um.</span> <span class='ocrx_word' id='word_1_1792' title='bbox 1573 2128 1632 2153; x_wconf 84' lang='lat' dir='ltr'>Adi.</span> <span class='ocrx_word' id='word_1_1793' title='bbox 1668 2128 1857 2164; x_wconf 58' lang='grc' dir='ltr'>[ἄθωριέκις-ος]</span> <span class='ocrx_word' id='word_1_1794' title='bbox 1894 2130 1968 2158; x_wconf 80' lang='lat' dir='ltr'>Idem.</span> <span class='ocrx_word' id='word_1_1795' title='bbox 2005 2131 2061 2158; x_wconf 90' lang='lat' dir='ltr'>Cic.</span> <span class='ocrx_word' id='word_1_1796' title='bbox 2075 2132 2148 2158; x_wconf 89' lang='lat' dir='ltr'>Fam.</span> <span class='ocrx_word' id='word_1_1797' title='bbox 2162 2140 2201 2164; x_wconf 82' lang='grc'>11,</span> <span class='ocrx_word' id='word_1_1798' title='bbox 2217 2141 2242 2159; x_wconf 89' lang='grc'>12</span> 
     </span>
     <span class='ocr_line' id='line_1_178' title="bbox 1191 2163 2242 2201; baseline 0.007 -14"><span class='ocrx_word' id='word_1_1799' title='bbox 1191 2163 1230 2188; x_wconf 88' lang='lat' dir='ltr'>Ita</span> <span class='ocrx_word' id='word_1_1800' title='bbox 1243 2163 1314 2188; x_wconf 86' lang='lat' dir='ltr'>enim</span> <span class='ocrx_word' id='word_1_1801' title='bbox 1327 2163 1439 2188; x_wconf 84' lang='lat' dir='ltr'>Romam</span> <span class='ocrx_word' id='word_1_1802' title='bbox 1452 2168 1508 2188; x_wconf 87' lang='lat' dir='ltr'>erat</span> <span class='ocrx_word' id='word_1_1803' title='bbox 1522 2163 1672 2189; x_wconf 84' lang='lat' dir='ltr'>nuntiatum</span> <span class='ocrx_word' id='word_1_1804' title='bbox 1682 2183 1689 2195; x_wconf 89' lang='lat'>,</span> <span class='ocrx_word' id='word_1_1805' title='bbox 1710 2164 1746 2190; x_wconf 86' lang='lat' dir='ltr'>ita</span> <span class='ocrx_word' id='word_1_1806' title='bbox 1760 2165 1907 2198; x_wconf 82' lang='lat' dir='ltr'>persuasum</span> <span class='ocrx_word' id='word_1_1807' title='bbox 1918 2166 2060 2197; x_wconf 86' lang='lat' dir='ltr'>omnibus,</span> <span class='ocrx_word' id='word_1_1808' title='bbox 2080 2175 2138 2193; x_wconf 88' lang='lat' dir='ltr'>cum</span> <span class='ocrx_word' id='word_1_1809' title='bbox 2152 2168 2242 2201; x_wconf 82' lang='lat' dir='ltr'>paucis</span> 
     </span>
     <span class='ocr_line' id='line_1_179' title="bbox 2141 2203 2242 2229; baseline 0.01 -1"><span class='ocrx_word' id='word_1_1810' title='bbox 2141 2203 2242 2229; x_wconf 80' lang='lat' dir='ltr'>inermi</span> 
     </span>
     <span class='ocr_line' id='line_1_180' title="bbox 1192 2232 2241 2272; baseline 0.006 -14"><span class='ocrx_word' id='word_1_1811' title='bbox 1192 2232 1248 2259; x_wconf 87' lang='lat' dir='ltr'>Cic.</span> <span class='ocrx_word' id='word_1_1812' title='bbox 1263 2242 1311 2267; x_wconf 89' lang='lat' dir='ltr'>pro</span> <span class='ocrx_word' id='word_1_1813' title='bbox 1325 2234 1401 2259; x_wconf 87' lang='lat' dir='ltr'>Caec.</span> <span class='ocrx_word' id='word_1_1814' title='bbox 1417 2243 1438 2259; x_wconf 92' lang='lat' dir='ltr'>c.</span> <span class='ocrx_word' id='word_1_1815' title='bbox 1452 2242 1485 2259; x_wconf 84' lang='lat'>22</span> <span class='ocrx_word' id='word_1_1816' title='bbox 1504 2237 1530 2260; x_wconf 75' lang='lat' dir='ltr'>in</span> <span class='ocrx_word' id='word_1_1817' title='bbox 1545 2234 1601 2261; x_wconf 82' lang='lat' dir='ltr'>MS.</span> <span class='ocrx_word' id='word_1_1818' title='bbox 1616 2235 1698 2261; x_wconf 74' lang='lat' dir='ltr'>Palat.</span> <span class='ocrx_word' id='word_1_1819' title='bbox 1713 2237 1746 2261; x_wconf 86' lang='grc' dir='ltr'>αΙ.</span> <span class='ocrx_word' id='word_1_1820' title='bbox 1762 2236 1884 2262; x_wconf 80' lang='lat' dir='ltr'>inermes.</span> <span class='ocrx_word' id='word_1_1821' title='bbox 1958 2237 2057 2263; x_wconf 83' lang='lat' dir='ltr'>Sallust.</span> <span class='ocrx_word' id='word_1_1822' title='bbox 2078 2237 2108 2263; x_wconf 87' lang='lat' dir='ltr'>in</span> <span class='ocrx_word' id='word_1_1823' title='bbox 2120 2238 2241 2272; x_wconf 67' lang='lat' dir='ltr'>Iugur-th.</span> 
     </span>
     <span class='ocr_line' id='line_1_181' title="bbox 1193 2269 2242 2305; baseline 0.007 -12"><span class='ocrx_word' id='word_1_1824' title='bbox 1193 2276 1240 2302; x_wconf 86' lang='lat'>107</span> <span class='ocrx_word' id='word_1_1825' title='bbox 1250 2275 1292 2303; x_wconf 76' lang='lat' dir='ltr'>pr.</span> <span class='ocrx_word' id='word_1_1826' title='bbox 1309 2269 1404 2303; x_wconf 86' lang='lat' dir='ltr'>Neque</span> <span class='ocrx_word' id='word_1_1827' title='bbox 1419 2278 1577 2304; x_wconf 86' lang='lat' dir='ltr'>quemquam</span> <span class='ocrx_word' id='word_1_1828' title='bbox 1591 2269 1696 2305; x_wconf 83' lang='lat' dir='ltr'>decere,</span> <span class='ocrx_word' id='word_1_1829' title='bbox 1718 2271 1764 2305; x_wconf 89' lang='lat' dir='ltr'>qui</span> <span class='ocrx_word' id='word_1_1830' title='bbox 1785 2279 1877 2297; x_wconf 84' lang='lat' dir='ltr'>manus</span> <span class='ocrx_word' id='word_1_1831' title='bbox 1899 2279 2060 2304; x_wconf 81' lang='lat' dir='ltr'>armauerat‚</span> <span class='ocrx_word' id='word_1_1832' title='bbox 2077 2272 2110 2299; x_wconf 88' lang='lat' dir='ltr'>ab</span> <span class='ocrx_word' id='word_1_1833' title='bbox 2130 2274 2242 2300; x_wconf 78' lang='lat' dir='ltr'>inermis</span> 
     </span>
     <span class='ocr_line' id='line_1_182' title="bbox 1192 2304 2242 2344; baseline 0.007 -15"><span class='ocrx_word' id='word_1_1834' title='bbox 1192 2304 1303 2338; x_wconf 84' lang='lat' dir='ltr'>pedibus</span> <span class='ocrx_word' id='word_1_1835' title='bbox 1316 2304 1447 2331; x_wconf 76' lang='lat' dir='ltr'>auxilium</span> <span class='ocrx_word' id='word_1_1836' title='bbox 1460 2312 1557 2338; x_wconf 85' lang='lat' dir='ltr'>petere.</span> <span class='ocrx_word' id='word_1_1837' title='bbox 1630 2307 1671 2332; x_wconf 85' lang='lat' dir='ltr'>Sic</span> <span class='ocrx_word' id='word_1_1838' title='bbox 1685 2310 1748 2332; x_wconf 75' lang='lat' dir='ltr'>enim</span> <span class='ocrx_word' id='word_1_1839' title='bbox 1764 2307 1824 2342; x_wconf 67' lang='lat' dir='ltr'>legit</span> <span class='ocrx_word' id='word_1_1840' title='bbox 1837 2306 1944 2332; x_wconf 84' lang='lat' dir='ltr'>Nonius</span> <span class='ocrx_word' id='word_1_1841' title='bbox 1959 2313 1982 2340; x_wconf 83' lang='lat'>8,</span> <span class='ocrx_word' id='word_1_1842' title='bbox 1996 2316 2028 2343; x_wconf 77' lang='lat'>73</span> <span class='ocrx_word' id='word_1_1843' title='bbox 2048 2311 2092 2344; x_wconf 79' lang='lat' dir='ltr'>qui</span> <span class='ocrx_word' id='word_1_1844' title='bbox 2105 2312 2177 2335; x_wconf 78' lang='lat' dir='ltr'>etiam</span> <span class='ocrx_word' id='word_1_1845' title='bbox 2189 2311 2242 2336; x_wconf 74' lang='lat' dir='ltr'>luu-</span> 
     </span>
     <span class='ocr_line' id='line_1_183' title="bbox 1191 2339 2239 2379; baseline 0.006 -14"><span class='ocrx_word' id='word_1_1846' title='bbox 1191 2339 1236 2364; x_wconf 73' lang='lat' dir='ltr'>dat</span> <span class='ocrx_word' id='word_1_1847' title='bbox 1250 2340 1387 2372; x_wconf 81' lang='lat' dir='ltr'>Sisennae,</span> <span class='ocrx_word' id='word_1_1848' title='bbox 1406 2341 1540 2375; x_wconf 80' lang='lat' dir='ltr'>Plerisque</span> <span class='ocrx_word' id='word_1_1849' title='bbox 1554 2341 1663 2367; x_wconf 86' lang='lat' dir='ltr'>inermis</span> <span class='ocrx_word' id='word_1_1850' title='bbox 1677 2342 1705 2367; x_wconf 92' lang='lat' dir='ltr'>in</span> <span class='ocrx_word' id='word_1_1851' title='bbox 1718 2341 1797 2367; x_wconf 84' lang='lat' dir='ltr'>castra</span> <span class='ocrx_word' id='word_1_1852' title='bbox 1812 2342 1977 2376; x_wconf 84' lang='lat' dir='ltr'>perfugiunt.</span> <span class='ocrx_word' id='word_1_1853' title='bbox 2048 2343 2106 2370; x_wconf 84' lang='lat' dir='ltr'>Sall.</span> <span class='ocrx_word' id='word_1_1854' title='bbox 2120 2344 2239 2379; x_wconf 86' lang='lat' dir='ltr'>Iugurth.</span> 
     </span>
     <span class='ocr_line' id='line_1_184' title="bbox 1907 2378 2239 2413; baseline 0.012 -9"><span class='ocrx_word' id='word_1_1855' title='bbox 1907 2378 1976 2405; x_wconf 83' lang='lat' dir='ltr'>Add.</span> <span class='ocrx_word' id='word_1_1856' title='bbox 2000 2379 2068 2406; x_wconf 86' lang='lat' dir='ltr'>Tac.</span> <span class='ocrx_word' id='word_1_1857' title='bbox 2087 2380 2123 2406; x_wconf 90' lang='lat' dir='ltr'>H.</span> <span class='ocrx_word' id='word_1_1858' title='bbox 2139 2390 2160 2412; x_wconf 85' lang='lat'>3,</span> <span class='ocrx_word' id='word_1_1859' title='bbox 2172 2382 2198 2410; x_wconf 88' lang='lat'>6,</span> <span class='ocrx_word' id='word_1_1860' title='bbox 2212 2389 2239 2413; x_wconf 85' lang='lat'>4.</span> 
     </span>
     <span class='ocr_line' id='line_1_185' title="bbox 1192 2410 2240 2451; baseline 0.008 -16"><span class='ocrx_word' id='word_1_1861' title='bbox 1192 2410 1291 2437; x_wconf 89' lang='lat' dir='ltr'>Omnia</span> <span class='ocrx_word' id='word_1_1862' title='bbox 1302 2411 1430 2436; x_wconf 81' lang='lat' dir='ltr'>cedebant</span> <span class='ocrx_word' id='word_1_1863' title='bbox 1443 2411 1549 2437; x_wconf 79' lang='lat' dir='ltr'>armatis</span> <span class='ocrx_word' id='word_1_1864' title='bbox 1563 2411 1633 2438; x_wconf 88' lang='lat' dir='ltr'>nuda</span> <span class='ocrx_word' id='word_1_1865' title='bbox 1648 2418 1674 2438; x_wconf 85' lang='lat' dir='ltr'>et</span> <span class='ocrx_word' id='word_1_1866' title='bbox 1686 2412 1789 2439; x_wconf 83' lang='lat' dir='ltr'>inerma</span> <span class='ocrx_word' id='word_1_1867' title='bbox 1808 2413 1912 2445; x_wconf 84' lang='lat' dir='ltr'>Lucret.</span> <span class='ocrx_word' id='word_1_1868' title='bbox 1928 2422 1950 2447; x_wconf 84' lang='grc' dir='ltr'>ς,</span> <span class='ocrx_word' id='word_1_1869' title='bbox 1963 2423 2029 2448; x_wconf 79' lang='lat'>1291.</span> <span class='ocrx_word' id='word_1_1870' title='bbox 2137 2416 2240 2451; x_wconf 80' lang='lat' dir='ltr'>Vulgus</span> 
     </span>
     <span class='ocr_line' id='line_1_186' title="bbox 1190 2443 1614 2480; baseline 0.002 -9"><span class='ocrx_word' id='word_1_1871' title='bbox 1190 2443 1326 2472; x_wconf 87' lang='lat' dir='ltr'>inermum</span> <span class='ocrx_word' id='word_1_1872' title='bbox 1347 2446 1423 2480; x_wconf 84' lang='lat' dir='ltr'>Virg.</span> <span class='ocrx_word' id='word_1_1873' title='bbox 1439 2448 1502 2472; x_wconf 84' lang='lat' dir='ltr'>Aen.</span> <span class='ocrx_word' id='word_1_1874' title='bbox 1516 2455 1557 2478; x_wconf 80' lang='grc'>12,</span> <span class='ocrx_word' id='word_1_1875' title='bbox 1572 2455 1614 2479; x_wconf 89' lang='grc'><strong>131.</strong></span> 
     </span>
    </p>

    <p class='ocr_par' dir='ltr' id='par_1_64' title="bbox 1190 2482 2238 2556">
     <span class='ocr_line' id='line_1_187' title="bbox 1226 2482 2238 2520; baseline 0.006 -13"><span class='ocrx_word' id='word_1_1876' title='bbox 1226 2488 1346 2507; x_wconf 80' lang='lat' dir='ltr'>INERR</span> <span class='ocrx_word' id='word_1_1877' title='bbox 1357 2489 1393 2510; x_wconf 86' lang='lat' dir='ltr'>o,</span> <span class='ocrx_word' id='word_1_1878' title='bbox 1414 2486 1468 2508; x_wconf 53' lang='lat' dir='ltr'>Tire.</span> <span class='ocrx_word' id='word_1_1879' title='bbox 1505 2482 1689 2516; x_wconf 62' lang='grc' dir='ltr'>[πλανέομαι]</span> <span class='ocrx_word' id='word_1_1880' title='bbox 1726 2483 1791 2509; x_wconf 72' lang='grc' dir='ltr'>Ηίιι.</span> <span class='ocrx_word' id='word_1_1881' title='bbox 1817 2483 1894 2517; x_wconf 84' lang='lat' dir='ltr'>Epist.</span> <span class='ocrx_word' id='word_1_1882' title='bbox 1914 2493 1933 2515; x_wconf 89' lang='lat'>1,</span> <span class='ocrx_word' id='word_1_1883' title='bbox 1955 2487 1973 2511; x_wconf 90' lang='lat'>6</span> <span class='ocrx_word' id='word_1_1884' title='bbox 1993 2492 2058 2513; x_wconf 75' lang='lat' dir='ltr'>extr.</span> <span class='ocrx_word' id='word_1_1885' title='bbox 2087 2486 2238 2520; x_wconf 77' lang='lat' dir='ltr'>Experieri·</span> 
     </span>
     <span class='ocr_line' id='line_1_188' title="bbox 1190 2517 2237 2556; baseline 0.008 -15"><span class='ocrx_word' id='word_1_1886' title='bbox 1190 2525 1244 2542; x_wconf 91' lang='lat' dir='ltr'>non</span> <span class='ocrx_word' id='word_1_1887' title='bbox 1258 2517 1341 2551; x_wconf 82' lang='lat' dir='ltr'>magis</span> <span class='ocrx_word' id='word_1_1888' title='bbox 1357 2517 1467 2543; x_wconf 82' lang='lat' dir='ltr'>Dianam</span> <span class='ocrx_word' id='word_1_1889' title='bbox 1481 2517 1633 2549; x_wconf 75' lang='lat' dir='ltr'>montibus,</span> <span class='ocrx_word' id='word_1_1890' title='bbox 1650 2526 1729 2552; x_wconf 87' lang='lat' dir='ltr'>quam</span> <span class='ocrx_word' id='word_1_1891' title='bbox 1741 2520 1893 2545; x_wconf 85' lang='lat' dir='ltr'>Mineruam</span> <span class='ocrx_word' id='word_1_1892' title='bbox 1906 2520 2032 2547; x_wconf 80' lang='lat' dir='ltr'>inerrare.</span> <span class='ocrx_word' id='word_1_1893' title='bbox 2113 2522 2185 2556; x_wconf 86' lang='lat' dir='ltr'>Ignis</span> <span class='ocrx_word' id='word_1_1894' title='bbox 2197 2523 2237 2549; x_wconf 91' lang='lat' dir='ltr'>in-</span> 
     </span>
    </p>
   </div>
   <div class='ocr_carea' id='block_1_52' title="bbox 768 2547 1668 2587">
    <p class='ocr_par' dir='ltr' id='par_1_65' title="bbox 768 2547 1668 2587">
     <span class='ocr_line' id='line_1_189' title="bbox 768 2547 1668 2587; baseline 0.001 -9"><span class='ocrx_word' id='word_1_1895' title='bbox 768 2551 882 2578; x_wconf 74' lang='lat' dir='ltr'>Societas</span> <span class='ocrx_word' id='word_1_1896' title='bbox 913 2551 1034 2587; x_wconf 83' lang='lat' dir='ltr'>potentia</span> <span class='ocrx_word' id='word_1_1897' title='bbox 1057 2551 1125 2578; x_wconf 84' lang='lat' dir='ltr'>inita</span> <span class='ocrx_word' id='word_1_1898' title='bbox 1139 2547 1172 2580; x_wconf 78' lang='grc'>65</span> <span class='ocrx_word' id='word_1_1899' title='bbox 1190 2558 1260 2579; x_wconf 85' lang='lat' dir='ltr'>errat</span> <span class='ocrx_word' id='word_1_1900' title='bbox 1273 2552 1383 2578; x_wconf 77' lang='lat' dir='ltr'>aedibus</span> <span class='ocrx_word' id='word_1_1901' title='bbox 1407 2553 1467 2579; x_wconf 83' lang='lat' dir='ltr'>Stat.</span> <span class='ocrx_word' id='word_1_1902' title='bbox 1482 2553 1546 2579; x_wconf 88' lang='lat' dir='ltr'>Silu.</span> <span class='ocrx_word' id='word_1_1903' title='bbox 1561 2562 1581 2585; x_wconf 87' lang='lat'>1,</span> <span class='ocrx_word' id='word_1_1904' title='bbox 1597 2561 1617 2585; x_wconf 76' lang='grc' dir='ltr'>ς,</span> <span class='ocrx_word' id='word_1_1905' title='bbox 1631 2559 1668 2583; x_wconf 80' lang='lat'>58.</span> 
     </span>
    </p>
   </div>
   <div class='ocr_carea' id='block_1_53' title="bbox 1186 2587 2238 3444">
    <p class='ocr_par' dir='ltr' id='par_1_66' title="bbox 1188 2587 2238 2731">
     <span class='ocr_line' id='line_1_190' title="bbox 1226 2587 2238 2628; baseline 0.008 -15"><span class='ocrx_word' id='word_1_1906' title='bbox 1226 2594 1234 2612; x_wconf 94' lang='lat'>1</span> <span class='ocrx_word' id='word_1_1907' title='bbox 1245 2595 1290 2614; x_wconf 81' lang='lat' dir='ltr'>NE</span> <span class='ocrx_word' id='word_1_1908' title='bbox 1299 2595 1318 2614; x_wconf 80' lang='lat' dir='ltr'>R</span> <span class='ocrx_word' id='word_1_1909' title='bbox 1327 2595 1345 2614; x_wconf 84' lang='lat' dir='ltr'>R</span> <span class='ocrx_word' id='word_1_1910' title='bbox 1354 2596 1376 2614; x_wconf 76' lang='lat' dir='ltr'>A</span> <span class='ocrx_word' id='word_1_1911' title='bbox 1388 2595 1410 2613; x_wconf 80' lang='lat' dir='ltr'>N</span> <span class='ocrx_word' id='word_1_1912' title='bbox 1421 2596 1434 2615; x_wconf 85' lang='lat' dir='ltr'>s</span> <span class='ocrx_word' id='word_1_1913' title='bbox 1443 2608 1451 2620; x_wconf 85' lang='lat'>,</span> <span class='ocrx_word' id='word_1_1914' title='bbox 1469 2589 1544 2614; x_wconf 78' lang='lat' dir='ltr'>antis.</span> <span class='ocrx_word' id='word_1_1915' title='bbox 1566 2589 1634 2614; x_wconf 81' lang='lat' dir='ltr'>Part.</span> <span class='ocrx_word' id='word_1_1916' title='bbox 1669 2587 1818 2623; x_wconf 65' lang='grc' dir='ltr'>[ἐπλανὴς]</span> <span class='ocrx_word' id='word_1_1917' title='bbox 1853 2590 1999 2617; x_wconf 83' lang='lat' dir='ltr'>Inerrantes</span> <span class='ocrx_word' id='word_1_1918' title='bbox 2012 2591 2118 2625; x_wconf 80' lang='lat' dir='ltr'>stellae,</span> <span class='ocrx_word' id='word_1_1919' title='bbox 2138 2601 2200 2628; x_wconf 78' lang='lat' dir='ltr'>quae</span> <span class='ocrx_word' id='word_1_1920' title='bbox 2212 2600 2238 2621; x_wconf 78' lang='lat' dir='ltr'>ee</span> 
     </span>
     <span class='ocr_line' id='line_1_191' title="bbox 1192 2624 2237 2662; baseline 0.006 -13"><span class='ocrx_word' id='word_1_1921' title='bbox 1192 2624 1268 2649; x_wconf 77' lang='lat' dir='ltr'>Fixae</span> <span class='ocrx_word' id='word_1_1922' title='bbox 1281 2624 1413 2655; x_wconf 74' lang='lat' dir='ltr'>dicuntur,</span> <span class='ocrx_word' id='word_1_1923' title='bbox 1431 2624 1495 2659; x_wconf 81' lang='lat' dir='ltr'>quod</span> <span class='ocrx_word' id='word_1_1924' title='bbox 1503 2624 1549 2659; x_wconf 70' lang='lat' dir='ltr'>fito</span> <span class='ocrx_word' id='word_1_1925' title='bbox 1561 2625 1612 2650; x_wconf 84' lang='lat' dir='ltr'>loco</span> <span class='ocrx_word' id='word_1_1926' title='bbox 1626 2627 1717 2650; x_wconf 80' lang='lat' dir='ltr'>moueri</span> <span class='ocrx_word' id='word_1_1927' title='bbox 1729 2634 1777 2650; x_wconf 83' lang='grc'><strong>11011</strong></span> <span class='ocrx_word' id='word_1_1928' title='bbox 1791 2631 1936 2660; x_wconf 67' lang='lat' dir='ltr'>appaream.</span> <span class='ocrx_word' id='word_1_1929' title='bbox 1971 2628 2027 2653; x_wconf 87' lang='lat' dir='ltr'>Cic.</span> <span class='ocrx_word' id='word_1_1930' title='bbox 2042 2627 2074 2654; x_wconf 89' lang='lat' dir='ltr'>de</span> <span class='ocrx_word' id='word_1_1931' title='bbox 2088 2629 2123 2654; x_wconf 92' lang='lat' dir='ltr'>N.</span> <span class='ocrx_word' id='word_1_1932' title='bbox 2139 2629 2170 2656; x_wconf 92' lang='lat' dir='ltr'>D.</span> <span class='ocrx_word' id='word_1_1933' title='bbox 2179 2638 2201 2659; x_wconf 88' lang='grc'>2,</span> <span class='ocrx_word' id='word_1_1934' title='bbox 2209 2635 2237 2662; x_wconf 77' lang='lat'>53</span> 
     </span>
     <span class='ocr_line' id='line_1_192' title="bbox 1190 2659 2235 2693; baseline 0.008 -10"><span class='ocrx_word' id='word_1_1935' title='bbox 1190 2668 1212 2684; x_wconf 87' lang='lat' dir='ltr'>c.</span> <span class='ocrx_word' id='word_1_1936' title='bbox 1228 2667 1252 2684; x_wconf 86' lang='grc'>21</span> <span class='ocrx_word' id='word_1_1937' title='bbox 1271 2659 1378 2685; x_wconf 79' lang='lat' dir='ltr'>Habent</span> <span class='ocrx_word' id='word_1_1938' title='bbox 1392 2659 1475 2693; x_wconf 86' lang='lat' dir='ltr'>igitur</span> <span class='ocrx_word' id='word_1_1939' title='bbox 1488 2661 1558 2685; x_wconf 84' lang='lat' dir='ltr'>suam</span> <span class='ocrx_word' id='word_1_1940' title='bbox 1573 2659 1706 2693; x_wconf 82' lang='lat' dir='ltr'>sphaeram</span> <span class='ocrx_word' id='word_1_1941' title='bbox 1725 2660 1815 2687; x_wconf 81' lang='lat' dir='ltr'>stellae</span> <span class='ocrx_word' id='word_1_1942' title='bbox 1834 2661 1979 2689; x_wconf 84' lang='lat' dir='ltr'>inerrantes</span> <span class='ocrx_word' id='word_1_1943' title='bbox 1992 2663 2025 2689; x_wconf 89' lang='lat' dir='ltr'>ab</span> <span class='ocrx_word' id='word_1_1944' title='bbox 2039 2663 2161 2691; x_wconf 88' lang='lat' dir='ltr'>aetherea</span> <span class='ocrx_word' id='word_1_1945' title='bbox 2174 2673 2235 2691; x_wconf 91' lang='lat' dir='ltr'>con-</span> 
     </span>
     <span class='ocr_line' id='line_1_193' title="bbox 1188 2693 1883 2731; baseline 0.006 -12"><span class='ocrx_word' id='word_1_1946' title='bbox 1188 2693 1327 2721; x_wconf 65' lang='lat' dir='ltr'>iunctione</span> <span class='ocrx_word' id='word_1_1947' title='bbox 1340 2696 1463 2721; x_wconf 86' lang='lat' dir='ltr'>secretam</span> <span class='ocrx_word' id='word_1_1948' title='bbox 1477 2701 1502 2721; x_wconf 88' lang='lat' dir='ltr'>ct</span> <span class='ocrx_word' id='word_1_1949' title='bbox 1516 2695 1637 2721; x_wconf 82' lang='lat' dir='ltr'>liberam.</span> <span class='ocrx_word' id='word_1_1950' title='bbox 1707 2695 1781 2731; x_wconf 75' lang='lat' dir='ltr'>Cous.</span> <span class='ocrx_word' id='word_1_1951' title='bbox 1800 2704 1827 2722; x_wconf 89' lang='lat' dir='ltr'>n.</span> <span class='ocrx_word' id='word_1_1952' title='bbox 1841 2703 1883 2730; x_wconf 74' lang='lat'>54.</span> 
     </span>
    </p>

    <p class='ocr_par' dir='ltr' id='par_1_67' title="bbox 1188 2730 2235 2836">
     <span class='ocr_line' id='line_1_194' title="bbox 1225 2730 2235 2770; baseline 0.009 -16"><span class='ocrx_word' id='word_1_1953' title='bbox 1225 2736 1234 2754; x_wconf 89' lang='lat'>1</span> <span class='ocrx_word' id='word_1_1954' title='bbox 1248 2737 1269 2756; x_wconf 86' lang='lat' dir='ltr'>N</span> <span class='ocrx_word' id='word_1_1955' title='bbox 1281 2737 1297 2756; x_wconf 79' lang='lat' dir='ltr'><strong>E</strong></span> <span class='ocrx_word' id='word_1_1956' title='bbox 1308 2737 1327 2756; x_wconf 82' lang='lat' dir='ltr'>R</span> <span class='ocrx_word' id='word_1_1957' title='bbox 1336 2737 1354 2757; x_wconf 80' lang='lat' dir='ltr'>R</span> <span class='ocrx_word' id='word_1_1958' title='bbox 1365 2737 1385 2756; x_wconf 85' lang='lat' dir='ltr'>A</span> <span class='ocrx_word' id='word_1_1959' title='bbox 1397 2737 1412 2756; x_wconf 82' lang='lat' dir='ltr'>B</span> <span class='ocrx_word' id='word_1_1960' title='bbox 1422 2738 1430 2756; x_wconf 87' lang='lat'>1</span> <span class='ocrx_word' id='word_1_1961' title='bbox 1442 2737 1457 2755; x_wconf 84' lang='lat' dir='ltr'>L</span> <span class='ocrx_word' id='word_1_1962' title='bbox 1468 2737 1498 2756; x_wconf 76' lang='lat'>18</span> <span class='ocrx_word' id='word_1_1963' title='bbox 1507 2750 1514 2761; x_wconf 91' lang='lat'><strong><em>‚</em></strong></span> <span class='ocrx_word' id='word_1_1964' title='bbox 1532 2739 1555 2757; x_wconf 89' lang='lat' dir='ltr'>e.</span> <span class='ocrx_word' id='word_1_1965' title='bbox 1575 2730 1637 2757; x_wconf 87' lang='lat' dir='ltr'>Adi.</span> <span class='ocrx_word' id='word_1_1966' title='bbox 1673 2731 1724 2765; x_wconf 73' lang='lat' dir='ltr'>Qi</span> <span class='ocrx_word' id='word_1_1967' title='bbox 1736 2740 1820 2758; x_wconf 76' lang='lat' dir='ltr'>errare</span> <span class='ocrx_word' id='word_1_1968' title='bbox 1832 2742 1879 2758; x_wconf 77' lang='lat' dir='ltr'>non</span> <span class='ocrx_word' id='word_1_1969' title='bbox 1888 2730 1977 2767; x_wconf 76' lang='lat' dir='ltr'>potest.</span> <span class='ocrx_word' id='word_1_1970' title='bbox 2012 2734 2089 2769; x_wconf 86' lang='lat' dir='ltr'>Apul.</span> <span class='ocrx_word' id='word_1_1971' title='bbox 2098 2734 2130 2761; x_wconf 87' lang='lat' dir='ltr'>de</span> <span class='ocrx_word' id='word_1_1972' title='bbox 2137 2735 2235 2770; x_wconf 82' lang='lat' dir='ltr'>Dogm.</span> 
     </span>
     <span class='ocr_line' id='line_1_195' title="bbox 1189 2765 2234 2800; baseline 0.008 -9"><span class='ocrx_word' id='word_1_1973' title='bbox 1189 2765 1253 2792; x_wconf 87' lang='lat' dir='ltr'>Plat.</span> <span class='ocrx_word' id='word_1_1974' title='bbox 1265 2775 1289 2800; x_wconf 89' lang='lat' dir='ltr'>p.</span> <span class='ocrx_word' id='word_1_1975' title='bbox 1304 2769 1333 2796; x_wconf 85' lang='lat'>56</span> <span class='ocrx_word' id='word_1_1976' title='bbox 1353 2765 1504 2792; x_wconf 85' lang='lat' dir='ltr'>Globorum</span> <span class='ocrx_word' id='word_1_1977' title='bbox 1523 2766 1673 2792; x_wconf 81' lang='lat' dir='ltr'>caelestium</span> <span class='ocrx_word' id='word_1_1978' title='bbox 1693 2767 1826 2800; x_wconf 86' lang='lat' dir='ltr'>supremus</span> <span class='ocrx_word' id='word_1_1979' title='bbox 1849 2768 1989 2795; x_wconf 85' lang='lat' dir='ltr'>inerrabili</span> <span class='ocrx_word' id='word_1_1980' title='bbox 2009 2776 2084 2797; x_wconf 88' lang='lat' dir='ltr'>motu</span> <span class='ocrx_word' id='word_1_1981' title='bbox 2106 2772 2234 2799; x_wconf 87' lang='lat' dir='ltr'>censetur.</span> 
     </span>
     <span class='ocr_line' id='line_1_196' title="bbox 1188 2799 1967 2836; baseline 0.005 -9"><span class='ocrx_word' id='word_1_1982' title='bbox 1188 2799 1264 2827; x_wconf 88' lang='lat' dir='ltr'>Idem</span> <span class='ocrx_word' id='word_1_1983' title='bbox 1275 2801 1307 2827; x_wconf 88' lang='lat' dir='ltr'>de</span> <span class='ocrx_word' id='word_1_1984' title='bbox 1321 2801 1423 2827; x_wconf 89' lang='lat' dir='ltr'>Mundo</span> <span class='ocrx_word' id='word_1_1985' title='bbox 1436 2811 1459 2836; x_wconf 91' lang='lat' dir='ltr'>p.</span> <span class='ocrx_word' id='word_1_1986' title='bbox 1472 2810 1522 2834; x_wconf 84' lang='lat'>234</span> <span class='ocrx_word' id='word_1_1987' title='bbox 1540 2801 1623 2828; x_wconf 82' lang='lat' dir='ltr'>Orbis</span> <span class='ocrx_word' id='word_1_1988' title='bbox 1637 2802 1684 2836; x_wconf 89' lang='lat' dir='ltr'>qui</span> <span class='ocrx_word' id='word_1_1989' title='bbox 1697 2802 1850 2829; x_wconf 88' lang='lat' dir='ltr'>inerrabilis</span> <span class='ocrx_word' id='word_1_1990' title='bbox 1861 2803 1967 2831; x_wconf 88' lang='lat' dir='ltr'>dicitur.</span> 
     </span>
    </p>

    <p class='ocr_par' dir='ltr' id='par_1_68' title="bbox 1186 2837 2236 3444">
     <span class='ocr_line' id='line_1_197' title="bbox 1226 2837 2236 2874; baseline 0.007 -12"><span class='ocrx_word' id='word_1_1991' title='bbox 1226 2844 1235 2862; x_wconf 87' lang='lat'>1</span> <span class='ocrx_word' id='word_1_1992' title='bbox 1247 2843 1268 2862; x_wconf 85' lang='lat' dir='ltr'>N</span> <span class='ocrx_word' id='word_1_1993' title='bbox 1279 2843 1295 2863; x_wconf 82' lang='lat' dir='ltr'>E</span> <span class='ocrx_word' id='word_1_1994' title='bbox 1305 2844 1323 2864; x_wconf 84' lang='lat' dir='ltr'>R</span> <span class='ocrx_word' id='word_1_1995' title='bbox 1333 2844 1345 2864; x_wconf 88' lang='lat' dir='ltr'>s</span> <span class='ocrx_word' id='word_1_1996' title='bbox 1354 2856 1362 2870; x_wconf 88' lang='lat'>,</span> <span class='ocrx_word' id='word_1_1997' title='bbox 1380 2837 1453 2864; x_wconf 84' lang='lat' dir='ltr'>ertis.</span> <span class='ocrx_word' id='word_1_1998' title='bbox 1483 2837 1543 2863; x_wconf 90' lang='lat' dir='ltr'>Adi.</span> <span class='ocrx_word' id='word_1_1999' title='bbox 1580 2837 1752 2872; x_wconf 75' lang='grc' dir='ltr'>[οἷπροίγμων]</span> <span class='ocrx_word' id='word_1_2000' title='bbox 1788 2839 1848 2865; x_wconf 90' lang='lat' dir='ltr'>Sine</span> <span class='ocrx_word' id='word_1_2001' title='bbox 1860 2845 1916 2867; x_wconf 83' lang='lat' dir='ltr'>arte</span> <span class='ocrx_word' id='word_1_2002' title='bbox 1928 2841 2048 2874; x_wconf 83' lang='lat' dir='ltr'>Ignauus.</span> <span class='ocrx_word' id='word_1_2003' title='bbox 2075 2841 2141 2868; x_wconf 83' lang='lat' dir='ltr'>Fest.</span> <span class='ocrx_word' id='word_1_2004' title='bbox 2178 2842 2236 2870; x_wconf 89' lang='lat' dir='ltr'>Cic.</span> 
     </span>
     <span class='ocr_line' id='line_1_198' title="bbox 1188 2871 2236 2913; baseline 0.006 -15"><span class='ocrx_word' id='word_1_2005' title='bbox 1188 2871 1220 2898; x_wconf 93' lang='lat' dir='ltr'>de</span> <span class='ocrx_word' id='word_1_2006' title='bbox 1235 2872 1293 2898; x_wconf 85' lang='lat' dir='ltr'>Fin.</span> <span class='ocrx_word' id='word_1_2007' title='bbox 1306 2881 1329 2904; x_wconf 88' lang='lat'>2,</span> <span class='ocrx_word' id='word_1_2008' title='bbox 1344 2882 1381 2903; x_wconf 85' lang='grc' dir='ltr'>11ς</span> <span class='ocrx_word' id='word_1_2009' title='bbox 1395 2882 1415 2898; x_wconf 93' lang='lat' dir='ltr'>c.</span> <span class='ocrx_word' id='word_1_2010' title='bbox 1431 2882 1462 2906; x_wconf 81' lang='lat'>34</span> <span class='ocrx_word' id='word_1_2011' title='bbox 1481 2873 1529 2899; x_wconf 86' lang='lat' dir='ltr'>Sed</span> <span class='ocrx_word' id='word_1_2012' title='bbox 1542 2873 1681 2899; x_wconf 86' lang='lat' dir='ltr'>lustremus</span> <span class='ocrx_word' id='word_1_2013' title='bbox 1696 2874 1787 2899; x_wconf 84' lang='lat' dir='ltr'>animo</span> <span class='ocrx_word' id='word_1_2014' title='bbox 1801 2883 1853 2900; x_wconf 91' lang='lat' dir='ltr'>uon</span> <span class='ocrx_word' id='word_1_2015' title='bbox 1868 2875 1912 2901; x_wconf 89' lang='lat' dir='ltr'>has</span> <span class='ocrx_word' id='word_1_2016' title='bbox 1926 2877 2054 2903; x_wconf 78' lang='lat' dir='ltr'>maximas</span> <span class='ocrx_word' id='word_1_2017' title='bbox 2073 2886 2155 2910; x_wconf 81' lang='lat' dir='ltr'>artes,</span> <span class='ocrx_word' id='word_1_2018' title='bbox 2176 2878 2236 2913; x_wconf 91' lang='lat' dir='ltr'>qui-</span> 
     </span>
     <span class='ocr_line' id='line_1_199' title="bbox 2018 2913 2236 2947; baseline 0.009 -9"><span class='ocrx_word' id='word_1_2019' title='bbox 2018 2913 2084 2939; x_wconf 87' lang='lat' dir='ltr'>Ter.</span> <span class='ocrx_word' id='word_1_2020' title='bbox 2093 2913 2174 2940; x_wconf 88' lang='lat' dir='ltr'>Andr.</span> <span class='ocrx_word' id='word_1_2021' title='bbox 2182 2922 2203 2945; x_wconf 81' lang='lat'>3,</span> <span class='ocrx_word' id='word_1_2022' title='bbox 2212 2921 2236 2947; x_wconf 74' lang='grc' dir='ltr'>ς,</span> 
     </span>
     <span class='ocr_line' id='line_1_200' title="bbox 1187 2943 2234 2981; baseline 0.005 -11"><span class='ocrx_word' id='word_1_2023' title='bbox 1187 2952 1204 2970; x_wconf 85' lang='grc'>2</span> <span class='ocrx_word' id='word_1_2024' title='bbox 1224 2943 1309 2978; x_wconf 82' lang='lat' dir='ltr'>Atque</span> <span class='ocrx_word' id='word_1_2025' title='bbox 1329 2943 1380 2969; x_wconf 89' lang='lat' dir='ltr'>hoc</span> <span class='ocrx_word' id='word_1_2026' title='bbox 1399 2943 1529 2970; x_wconf 86' lang='lat' dir='ltr'>confiteor</span> <span class='ocrx_word' id='word_1_2027' title='bbox 1549 2944 1607 2970; x_wconf 80' lang='lat' dir='ltr'>iure</span> <span class='ocrx_word' id='word_1_2028' title='bbox 1621 2944 1759 2979; x_wconf 72' lang='lat' dir='ltr'>obtigisse,</span> <span class='ocrx_word' id='word_1_2029' title='bbox 1777 2946 1995 2981; x_wconf 87' lang='lat' dir='ltr'>quandoquidem</span> <span class='ocrx_word' id='word_1_2030' title='bbox 2008 2953 2061 2974; x_wconf 89' lang='lat' dir='ltr'>tam</span> <span class='ocrx_word' id='word_1_2031' title='bbox 2075 2948 2160 2981; x_wconf 85' lang='lat' dir='ltr'>iners,</span> <span class='ocrx_word' id='word_1_2032' title='bbox 2180 2954 2234 2975; x_wconf 79' lang='lat' dir='ltr'>tam</span> 
     </span>
     <span class='ocr_line' id='line_1_201' title="bbox 1187 2978 2233 3018; baseline 0.007 -14"><span class='ocrx_word' id='word_1_2033' title='bbox 1187 2979 1257 3005; x_wconf 89' lang='lat' dir='ltr'>nulli</span> <span class='ocrx_word' id='word_1_2034' title='bbox 1272 2978 1377 3005; x_wconf 88' lang='lat' dir='ltr'>consilii</span> <span class='ocrx_word' id='word_1_2035' title='bbox 1391 2980 1456 3005; x_wconf 91' lang='lat' dir='ltr'>sum.</span> <span class='ocrx_word' id='word_1_2036' title='bbox 1528 2980 1633 3012; x_wconf 84' lang='lat' dir='ltr'>Gerro,</span> <span class='ocrx_word' id='word_1_2037' title='bbox 1653 2980 1740 3013; x_wconf 85' lang='lat' dir='ltr'>iners,</span> <span class='ocrx_word' id='word_1_2038' title='bbox 1759 2980 1830 3008; x_wconf 79' lang='lat' dir='ltr'>fraus</span> <span class='ocrx_word' id='word_1_2039' title='bbox 1845 2982 1926 3008; x_wconf 88' lang='lat' dir='ltr'>heluo</span> <span class='ocrx_word' id='word_1_2040' title='bbox 1945 2983 2013 3010; x_wconf 87' lang='lat' dir='ltr'>Ter.</span> <span class='ocrx_word' id='word_1_2041' title='bbox 2026 2984 2122 3011; x_wconf 85' lang='lat' dir='ltr'>Heaut.</span> <span class='ocrx_word' id='word_1_2042' title='bbox 2137 2993 2233 3018; x_wconf 81' lang='lat'>5,4,10.</span> 
     </span>
     <span class='ocr_line' id='line_1_202' title="bbox 1188 3014 2234 3052; baseline 0.006 -12"><span class='ocrx_word' id='word_1_2043' title='bbox 1188 3015 1262 3048; x_wconf 82' lang='lat' dir='ltr'>Virg.</span> <span class='ocrx_word' id='word_1_2044' title='bbox 1277 3014 1329 3041; x_wconf 81' lang='lat' dir='ltr'>Ecl.</span> <span class='ocrx_word' id='word_1_2045' title='bbox 1346 3023 1366 3047; x_wconf 87' lang='grc'>1,</span> <span class='ocrx_word' id='word_1_2046' title='bbox 1380 3020 1407 3044; x_wconf 82' lang='grc'>28</span> <span class='ocrx_word' id='word_1_2047' title='bbox 1429 3015 1550 3042; x_wconf 83' lang='lat' dir='ltr'>Libertas</span> <span class='ocrx_word' id='word_1_2048' title='bbox 1564 3026 1570 3042; x_wconf 74' lang='grc' dir='ltr'>ε</span> <span class='ocrx_word' id='word_1_2049' title='bbox 1606 3025 1674 3050; x_wconf 90' lang='lat' dir='ltr'>quae</span> <span class='ocrx_word' id='word_1_2050' title='bbox 1687 3017 1744 3042; x_wconf 88' lang='lat' dir='ltr'>sera</span> <span class='ocrx_word' id='word_1_2051' title='bbox 1757 3023 1845 3044; x_wconf 87' lang='lat' dir='ltr'>tamen</span> <span class='ocrx_word' id='word_1_2052' title='bbox 1857 3019 1972 3052; x_wconf 80' lang='lat' dir='ltr'>respexit</span> <span class='ocrx_word' id='word_1_2053' title='bbox 1984 3019 2105 3046; x_wconf 84' lang='lat' dir='ltr'>inertem.</span> <span class='ocrx_word' id='word_1_2054' title='bbox 2177 3020 2234 3047; x_wconf 90' lang='lat' dir='ltr'>Cic.</span> 
     </span>
     <span class='ocr_line' id='line_1_203' title="bbox 1186 3050 2234 3088; baseline 0.006 -13"><span class='ocrx_word' id='word_1_2055' title='bbox 1186 3051 1265 3077; x_wconf 87' lang='lat' dir='ltr'>Verr.</span> <span class='ocrx_word' id='word_1_2056' title='bbox 1279 3059 1302 3082; x_wconf 88' lang='lat'>2,</span> <span class='ocrx_word' id='word_1_2057' title='bbox 1316 3059 1356 3082; x_wconf 77' lang='lat'>¹92</span> <span class='ocrx_word' id='word_1_2058' title='bbox 1387 3051 1421 3077; x_wconf 81' lang='lat' dir='ltr'>At</span> <span class='ocrx_word' id='word_1_2059' title='bbox 1437 3050 1519 3076; x_wconf 89' lang='lat' dir='ltr'>homo</span> <span class='ocrx_word' id='word_1_2060' title='bbox 1539 3052 1672 3084; x_wconf 88' lang='lat' dir='ltr'>inertior,</span> <span class='ocrx_word' id='word_1_2061' title='bbox 1688 3053 1828 3087; x_wconf 73' lang='lat' dir='ltr'>igmuior,</span> <span class='ocrx_word' id='word_1_2062' title='bbox 1847 3054 1930 3088; x_wconf 83' lang='lat' dir='ltr'>magis</span> <span class='ocrx_word' id='word_1_2063' title='bbox 1951 3054 2021 3080; x_wconf 87' lang='lat' dir='ltr'>inter</span> <span class='ocrx_word' id='word_1_2064' title='bbox 2043 3055 2168 3080; x_wconf 83' lang='lat' dir='ltr'>mulieres</span> <span class='ocrx_word' id='word_1_2065' title='bbox 2189 3064 2234 3081; x_wconf 88' lang='lat' dir='ltr'>ne-</span> 
     </span>
     <span class='ocr_line' id='line_1_204' title="bbox 1991 3090 2233 3124; baseline 0.012 -10"><span class='ocrx_word' id='word_1_2066' title='bbox 1991 3090 2064 3124; x_wconf 81' lang='lat' dir='ltr'>Conf.</span> <span class='ocrx_word' id='word_1_2067' title='bbox 2095 3090 2167 3116; x_wconf 85' lang='lat' dir='ltr'>Idem</span> <span class='ocrx_word' id='word_1_2068' title='bbox 2200 3090 2233 3117; x_wconf 89' lang='lat' dir='ltr'>de</span> 
     </span>
     <span class='ocr_line' id='line_1_205' title="bbox 1187 3121 2234 3160; baseline 0.004 -13"><span class='ocrx_word' id='word_1_2069' title='bbox 1187 3121 1246 3148; x_wconf 86' lang='lat' dir='ltr'>Sen.</span> <span class='ocrx_word' id='word_1_2070' title='bbox 1260 3131 1282 3147; x_wconf 85' lang='lat' dir='ltr'>c.</span> <span class='ocrx_word' id='word_1_2071' title='bbox 1299 3131 1328 3148; x_wconf 83' lang='grc'>11.</span> <span class='ocrx_word' id='word_1_2072' title='bbox 1417 3123 1477 3148; x_wconf 89' lang='lat' dir='ltr'>Vno</span> <span class='ocrx_word' id='word_1_2073' title='bbox 1491 3122 1561 3149; x_wconf 88' lang='lat' dir='ltr'>vitio</span> <span class='ocrx_word' id='word_1_2074' title='bbox 1573 3123 1662 3149; x_wconf 86' lang='lat' dir='ltr'>minus</span> <span class='ocrx_word' id='word_1_2075' title='bbox 1676 3124 1801 3153; x_wconf 86' lang='lat' dir='ltr'>vitiosus,</span> <span class='ocrx_word' id='word_1_2076' title='bbox 1818 3122 1890 3157; x_wconf 90' lang='lat' dir='ltr'>quod</span> <span class='ocrx_word' id='word_1_2077' title='bbox 1903 3124 1987 3155; x_wconf 82' lang='lat' dir='ltr'>iners,</span> <span class='ocrx_word' id='word_1_2078' title='bbox 2006 3124 2077 3159; x_wconf 89' lang='lat' dir='ltr'>quod</span> <span class='ocrx_word' id='word_1_2079' title='bbox 2092 3125 2234 3160; x_wconf 56' lang='lat' dir='ltr'>somniple„</span> 
     </span>
     <span class='ocr_line' id='line_1_206' title="bbox 1187 3157 2233 3194; baseline 0.003 -11"><span class='ocrx_word' id='word_1_2080' title='bbox 1187 3166 1251 3189; x_wconf 91' lang='lat' dir='ltr'>nus,</span> <span class='ocrx_word' id='word_1_2081' title='bbox 1272 3157 1344 3191; x_wconf 89' lang='lat' dir='ltr'>quod</span> <span class='ocrx_word' id='word_1_2082' title='bbox 1357 3157 1511 3192; x_wconf 88' lang='lat' dir='ltr'>imperitus,</span> <span class='ocrx_word' id='word_1_2083' title='bbox 1531 3159 1605 3193; x_wconf 81' lang='lat' dir='ltr'>quod</span> <span class='ocrx_word' id='word_1_2084' title='bbox 1617 3158 1802 3194; x_wconf 62' lang='grc' dir='ltr'>ἐπρακτὸτατος</span> <span class='ocrx_word' id='word_1_2085' title='bbox 1824 3159 1897 3185; x_wconf 88' lang='lat' dir='ltr'>Idem</span> <span class='ocrx_word' id='word_1_2086' title='bbox 1910 3160 1962 3186; x_wconf 87' lang='lat' dir='ltr'>Att.</span> <span class='ocrx_word' id='word_1_2087' title='bbox 1977 3169 1997 3191; x_wconf 90' lang='grc'>1,</span> <span class='ocrx_word' id='word_1_2088' title='bbox 2014 3169 2050 3192; x_wconf 90' lang='lat'>¹4-</span> <span class='ocrx_word' id='word_1_2089' title='bbox 2128 3160 2193 3187; x_wconf 90' lang='lat' dir='ltr'>Plin.</span> <span class='ocrx_word' id='word_1_2090' title='bbox 2208 3166 2233 3194; x_wconf 87' lang='lat'>8,</span> 
     </span>
     <span class='ocr_line' id='line_1_207' title="bbox 1187 3192 2234 3230; baseline 0.003 -11"><span class='ocrx_word' id='word_1_2091' title='bbox 1187 3201 1216 3219; x_wconf 83' lang='lat'>21</span> <span class='ocrx_word' id='word_1_2092' title='bbox 1235 3194 1311 3219; x_wconf 80' lang='lat' dir='ltr'>quta</span> <span class='ocrx_word' id='word_1_2093' title='bbox 1329 3192 1395 3219; x_wconf 88' lang='lat' dir='ltr'>hanc</span> <span class='ocrx_word' id='word_1_2094' title='bbox 1414 3194 1471 3220; x_wconf 88' lang='lat' dir='ltr'>fera</span> <span class='ocrx_word' id='word_1_2095' title='bbox 1489 3195 1637 3229; x_wconf 85' lang='lat' dir='ltr'>appellatur</span> <span class='ocrx_word' id='word_1_2096' title='bbox 1656 3194 1817 3228; x_wconf 81' lang='lat' dir='ltr'>catoblcpas‚</span> <span class='ocrx_word' id='word_1_2097' title='bbox 1837 3193 1941 3221; x_wconf 86' lang='lat' dir='ltr'>modica</span> <span class='ocrx_word' id='word_1_2098' title='bbox 1955 3195 2091 3230; x_wconf 84' lang='lat' dir='ltr'>alioquin,</span> <span class='ocrx_word' id='word_1_2099' title='bbox 2112 3198 2234 3223; x_wconf 87' lang='lat' dir='ltr'>caeteris-</span> 
     </span>
     <span class='ocr_line' id='line_1_208' title="bbox 1188 3229 2233 3265; baseline 0.004 -11"><span class='ocrx_word' id='word_1_2100' title='bbox 1188 3238 1240 3263; x_wconf 88' lang='lat' dir='ltr'>que</span> <span class='ocrx_word' id='word_1_2101' title='bbox 1254 3229 1394 3256; x_wconf 77' lang='lat' dir='ltr'>&#39;membris</span> <span class='ocrx_word' id='word_1_2102' title='bbox 1417 3229 1504 3261; x_wconf 86' lang='lat' dir='ltr'>iners,</span> <span class='ocrx_word' id='word_1_2103' title='bbox 1530 3236 1607 3265; x_wconf 89' lang='lat' dir='ltr'>caput</span> <span class='ocrx_word' id='word_1_2104' title='bbox 1627 3235 1745 3261; x_wconf 88' lang='lat' dir='ltr'>tantum,</span> <span class='ocrx_word' id='word_1_2105' title='bbox 1773 3237 1818 3256; x_wconf 75' lang='lat' dir='ltr'>etc.</span> <span class='ocrx_word' id='word_1_2106' title='bbox 1926 3231 2024 3257; x_wconf 86' lang='lat' dir='ltr'>Inertes</span> <span class='ocrx_word' id='word_1_2107' title='bbox 2048 3240 2127 3265; x_wconf 84' lang='lat' dir='ltr'>opera</span> <span class='ocrx_word' id='word_1_2108' title='bbox 2152 3232 2233 3259; x_wconf 78' lang='lat' dir='ltr'>amici</span> 
     </span>
     <span class='ocr_line' id='line_1_209' title="bbox 1565 3265 2232 3299; baseline 0.003 -7"><span class='ocrx_word' id='word_1_2109' title='bbox 1565 3266 1632 3292; x_wconf 88' lang='lat' dir='ltr'>Plin.</span> <span class='ocrx_word' id='word_1_2110' title='bbox 1646 3274 1670 3297; x_wconf 86' lang='lat'>9,</span> <span class='ocrx_word' id='word_1_2111' title='bbox 1685 3268 1702 3291; x_wconf 90' lang='lat'>6</span> <span class='ocrx_word' id='word_1_2112' title='bbox 1721 3265 1785 3291; x_wconf 88' lang='lat' dir='ltr'>Illae</span> <span class='ocrx_word' id='word_1_2113' title='bbox 1797 3265 1828 3291; x_wconf 87' lang='lat' dir='ltr'>ad</span> <span class='ocrx_word' id='word_1_2114' title='bbox 1846 3266 1944 3292; x_wconf 81' lang='lat' dir='ltr'>flexum</span> <span class='ocrx_word' id='word_1_2115' title='bbox 1957 3266 2125 3299; x_wconf 80' lang='lat' dir='ltr'>immobiles,</span> <span class='ocrx_word' id='word_1_2116' title='bbox 2145 3267 2177 3293; x_wconf 89' lang='lat' dir='ltr'>ad</span> <span class='ocrx_word' id='word_1_2117' title='bbox 2192 3277 2232 3294; x_wconf 89' lang='lat' dir='ltr'>re-</span> 
     </span>
     <span class='ocr_line' id='line_1_210' title="bbox 1938 3302 2233 3337; baseline 0 -8"><span class='ocrx_word' id='word_1_2118' title='bbox 1938 3302 2142 3337; x_wconf 79' lang='lat' dir='ltr'>Colun1el.6‚27</span> <span class='ocrx_word' id='word_1_2119' title='bbox 2150 3302 2233 3336; x_wconf 69' lang='lat' dir='ltr'>Quod</span> 
     </span>
     <span class='ocr_line' id='line_1_211' title="bbox 1187 3335 2232 3373; baseline 0.002 -11"><span class='ocrx_word' id='word_1_2120' title='bbox 1187 3335 1206 3362; x_wconf 82' lang='lat' dir='ltr'>si</span> <span class='ocrx_word' id='word_1_2121' title='bbox 1220 3336 1383 3363; x_wconf 75' lang='lat' dir='ltr'>admissarius</span> <span class='ocrx_word' id='word_1_2122' title='bbox 1396 3337 1465 3362; x_wconf 86' lang='lat' dir='ltr'>iners</span> <span class='ocrx_word' id='word_1_2123' title='bbox 1477 3337 1506 3362; x_wconf 89' lang='lat' dir='ltr'>iu</span> <span class='ocrx_word' id='word_1_2124' title='bbox 1521 3338 1654 3363; x_wconf 84' lang='lat' dir='ltr'>Venerem</span> <span class='ocrx_word' id='word_1_2125' title='bbox 1668 3336 1720 3368; x_wconf 84' lang='lat' dir='ltr'>cst,</span> <span class='ocrx_word' id='word_1_2126' title='bbox 1741 3336 1825 3362; x_wconf 82' lang='lat' dir='ltr'>odore</span> <span class='ocrx_word' id='word_1_2127' title='bbox 1839 3337 2013 3371; x_wconf 86' lang='lat' dir='ltr'>perfricatur,</span> <span class='ocrx_word' id='word_1_2128' title='bbox 2033 3338 2138 3364; x_wconf 82' lang='lat' dir='ltr'>detersis</span> <span class='ocrx_word' id='word_1_2129' title='bbox 2156 3339 2232 3373; x_wconf 88' lang='lat' dir='ltr'>spon-</span> 
     </span>
     <span class='ocr_line' id='line_1_212' title="bbox 1642 3368 2233 3407; baseline 0.005 -10"><span class='ocrx_word' id='word_1_2130' title='bbox 1642 3368 1663 3407; x_wconf 51' lang='grc' dir='ltr'>ἦ</span> <span class='ocrx_word' id='word_1_2131' title='bbox 1685 3381 1697 3397; x_wconf 82' lang='grc'>2</span> <span class='ocrx_word' id='word_1_2132' title='bbox 1733 3371 1899 3405; x_wconf 65' lang='lat' dir='ltr'>Substantiam.</span> <span class='ocrx_word' id='word_1_2133' title='bbox 1942 3375 2018 3399; x_wconf 88' lang='lat' dir='ltr'>Aetas</span> <span class='ocrx_word' id='word_1_2134' title='bbox 2032 3374 2110 3404; x_wconf 85' lang='lat' dir='ltr'>iners,</span> <span class='ocrx_word' id='word_1_2135' title='bbox 2117 3373 2233 3400; x_wconf 67' lang='lat' dir='ltr'>Senectus</span> 
     </span>
     <span class='ocr_line' id='line_1_213' title="bbox 1851 3408 2232 3444; baseline 0.005 -10"><span class='ocrx_word' id='word_1_2136' title='bbox 1851 3408 1947 3435; x_wconf 84' lang='lat' dir='ltr'>Anima</span> <span class='ocrx_word' id='word_1_2137' title='bbox 1966 3409 2047 3435; x_wconf 91' lang='lat' dir='ltr'>Ouid.</span> <span class='ocrx_word' id='word_1_2138' title='bbox 2062 3410 2126 3436; x_wconf 85' lang='lat' dir='ltr'>Met.</span> <span class='ocrx_word' id='word_1_2139' title='bbox 2143 3418 2174 3441; x_wconf 89' lang='grc'>13,</span> <span class='ocrx_word' id='word_1_2140' title='bbox 2188 3412 2232 3444; x_wconf 80' lang='grc'>76.</span> 
     </span>
    </p>
   </div>
   <div class='ocr_carea' id='block_1_54' title="bbox 1187 3300 1865 3335">
    <p class='ocr_par' dir='ltr' id='par_1_69' title="bbox 1187 3300 1865 3335">
     <span class='ocr_line' id='line_1_214' title="bbox 1187 3300 1865 3335; baseline 0.001 -9"><span class='ocrx_word' id='word_1_2141' title='bbox 1187 3301 1357 3334; x_wconf 80' lang='lat' dir='ltr'>pugnandum</span> <span class='ocrx_word' id='word_1_2142' title='bbox 1372 3301 1485 3333; x_wconf 88' lang='lat' dir='ltr'>inertes,</span> <span class='ocrx_word' id='word_1_2143' title='bbox 1505 3307 1531 3327; x_wconf 89' lang='lat' dir='ltr'>et</span> <span class='ocrx_word' id='word_1_2144' title='bbox 1545 3300 1660 3335; x_wconf 86' lang='lat' dir='ltr'>pondere</span> <span class='ocrx_word' id='word_1_2145' title='bbox 1673 3301 1719 3326; x_wconf 88' lang='lat' dir='ltr'>suo</span> <span class='ocrx_word' id='word_1_2146' title='bbox 1733 3307 1865 3328; x_wconf 87' lang='lat' dir='ltr'>oneratae.</span> 
     </span>
    </p>
   </div>
   <div class='ocr_carea' id='block_1_55' title="bbox 1186 3372 1744 3442">
    <p class='ocr_par' dir='ltr' id='par_1_70' title="bbox 1186 3372 1744 3442">
     <span class='ocr_line' id='line_1_215' title="bbox 1186 3372 1446 3405; baseline 0 -7"><span class='ocrx_word' id='word_1_2147' title='bbox 1186 3372 1229 3405; x_wconf 84' lang='lat' dir='ltr'>gia</span> <span class='ocrx_word' id='word_1_2148' title='bbox 1243 3372 1358 3398; x_wconf 86' lang='lat' dir='ltr'>feminae</span> <span class='ocrx_word' id='word_1_2149' title='bbox 1370 3372 1446 3398; x_wconf 88' lang='lat' dir='ltr'>locis.</span> 
     </span>
     <span class='ocr_line' id='line_1_216' title="bbox 1186 3407 1744 3442; baseline -0.002 -9"><span class='ocrx_word' id='word_1_2150' title='bbox 1186 3407 1265 3434; x_wconf 86' lang='lat' dir='ltr'>Ouid.</span> <span class='ocrx_word' id='word_1_2151' title='bbox 1280 3408 1367 3435; x_wconf 84' lang='lat' dir='ltr'>Trist.</span> <span class='ocrx_word' id='word_1_2152' title='bbox 1379 3418 1407 3442; x_wconf 84' lang='lat'>4,</span> <span class='ocrx_word' id='word_1_2153' title='bbox 1420 3413 1442 3439; x_wconf 82' lang='lat'>8,</span> <span class='ocrx_word' id='word_1_2154' title='bbox 1456 3415 1477 3439; x_wconf 81' lang='lat'>3-</span> <span class='ocrx_word' id='word_1_2155' title='bbox 1497 3415 1557 3442; x_wconf 73' lang='lat' dir='ltr'>quae</span> <span class='ocrx_word' id='word_1_2156' title='bbox 1568 3407 1655 3433; x_wconf 78' lang='lat' dir='ltr'>tardos</span> <span class='ocrx_word' id='word_1_2157' title='bbox 1663 3407 1744 3442; x_wconf 68' lang='lat' dir='ltr'>facit.</span> 
     </span>
    </p>
   </div>
   <div class='ocr_carea' id='block_1_56' title="bbox 329 3440 2233 3478">
    <p class='ocr_par' dir='ltr' id='par_1_71' title="bbox 329 3440 2233 3478">
     <span class='ocr_line' id='line_1_217' title="bbox 329 3440 2233 3478; baseline 0.003 -13"><span class='ocrx_word' id='word_1_2158' title='bbox 329 3440 486 3475; x_wconf 77' lang='lat' dir='ltr'>Disputatum</span> <span class='ocrx_word' id='word_1_2159' title='bbox 499 3442 541 3477; x_wconf 86' lang='lat' dir='ltr'>est,</span> <span class='ocrx_word' id='word_1_2160' title='bbox 548 3443 683 3471; x_wconf 76' lang='lat' dir='ltr'>habeantne</span> <span class='ocrx_word' id='word_1_2161' title='bbox 698 3445 786 3470; x_wconf 81' lang='lat' dir='ltr'>Graeci</span> <span class='ocrx_word' id='word_1_2162' title='bbox 799 3453 890 3473; x_wconf 76' lang='lat' dir='ltr'>nornen,</span> <span class='ocrx_word' id='word_1_2163' title='bbox 899 3442 963 3478; x_wconf 75' lang='lat' dir='ltr'>qnod</span> <span class='ocrx_word' id='word_1_2164' title='bbox 974 3443 1067 3476; x_wconf 89' lang='lat' dir='ltr'>Inepto</span> <span class='ocrx_word' id='word_1_2165' title='bbox 1080 3451 1120 3468; x_wconf 81' lang='lat' dir='ltr'>re-</span> <span class='ocrx_word' id='word_1_2166' title='bbox 1129 3452 1165 3477; x_wconf 89' lang='lat'>90</span> <span class='ocrx_word' id='word_1_2167' title='bbox 1184 3443 1259 3470; x_wconf 88' lang='lat' dir='ltr'>Idem</span> <span class='ocrx_word' id='word_1_2168' title='bbox 1275 3444 1341 3470; x_wconf 85' lang='lat' dir='ltr'>Fast.</span> <span class='ocrx_word' id='word_1_2169' title='bbox 1354 3453 1374 3475; x_wconf 84' lang='lat'>1,</span> <span class='ocrx_word' id='word_1_2170' title='bbox 1388 3446 1430 3471; x_wconf 81' lang='lat'>168</span> <span class='ocrx_word' id='word_1_2171' title='bbox 1462 3442 1603 3476; x_wconf 85' lang='lat' dir='ltr'>Tempora</span> <span class='ocrx_word' id='word_1_2172' title='bbox 1614 3442 1732 3469; x_wconf 85' lang='lat' dir='ltr'>commisi</span> <span class='ocrx_word' id='word_1_2173' title='bbox 1748 3443 1878 3469; x_wconf 87' lang='lat' dir='ltr'>nascentia</span> <span class='ocrx_word' id='word_1_2174' title='bbox 1893 3444 1971 3470; x_wconf 83' lang='lat' dir='ltr'>rebus</span> <span class='ocrx_word' id='word_1_2175' title='bbox 1985 3444 2090 3478; x_wconf 84' lang='lat' dir='ltr'>agendis</span> <span class='ocrx_word' id='word_1_2176' title='bbox 2099 3464 2106 3475; x_wconf 92' lang='lat'>‚</span> <span class='ocrx_word' id='word_1_2177' title='bbox 2141 3445 2233 3471; x_wconf 74' lang='lat' dir='ltr'>Totus</span> 
     </span>
    </p>
   </div>
   <div class='ocr_carea' id='block_1_57' title="bbox 1184 3478 2233 3972">
    <p class='ocr_par' dir='ltr' id='par_1_72' title="bbox 1184 3478 2233 3972">
     <span class='ocr_line' id='line_1_218' title="bbox 1185 3478 2233 3515; baseline 0.002 -10"><span class='ocrx_word' id='word_1_2178' title='bbox 1185 3479 1219 3505; x_wconf 88' lang='lat' dir='ltr'>ab</span> <span class='ocrx_word' id='word_1_2179' title='bbox 1233 3480 1349 3514; x_wconf 87' lang='lat' dir='ltr'>auspicio</span> <span class='ocrx_word' id='word_1_2180' title='bbox 1361 3488 1395 3505; x_wconf 85' lang='lat' dir='ltr'>ne</span> <span class='ocrx_word' id='word_1_2181' title='bbox 1409 3479 1478 3504; x_wconf 85' lang='lat' dir='ltr'>foret</span> <span class='ocrx_word' id='word_1_2182' title='bbox 1492 3479 1581 3504; x_wconf 86' lang='lat' dir='ltr'>Annus</span> <span class='ocrx_word' id='word_1_2183' title='bbox 1596 3478 1674 3505; x_wconf 80' lang='lat' dir='ltr'>iners.</span> <span class='ocrx_word' id='word_1_2184' title='bbox 1718 3478 1820 3513; x_wconf 79' lang='lat' dir='ltr'>Causam</span> <span class='ocrx_word' id='word_1_2185' title='bbox 1833 3479 1916 3505; x_wconf 81' lang='lat' dir='ltr'>reddit</span> <span class='ocrx_word' id='word_1_2186' title='bbox 1931 3481 2024 3512; x_wconf 70' lang='lat' dir='ltr'>Ianus,</span> <span class='ocrx_word' id='word_1_2187' title='bbox 2043 3490 2087 3506; x_wconf 85' lang='lat' dir='ltr'>cur</span> <span class='ocrx_word' id='word_1_2188' title='bbox 2095 3483 2178 3515; x_wconf 79' lang='lat' dir='ltr'>primo</span> <span class='ocrx_word' id='word_1_2189' title='bbox 2192 3480 2233 3507; x_wconf 75' lang='lat' dir='ltr'>die</span> 
     </span>
     <span class='ocr_line' id='line_1_219' title="bbox 1185 3512 2233 3549; baseline 0.004 -10"><span class='ocrx_word' id='word_1_2190' title='bbox 1185 3517 1248 3540; x_wconf 83' lang='lat' dir='ltr'>anni</span> <span class='ocrx_word' id='word_1_2191' title='bbox 1261 3515 1373 3549; x_wconf 87' lang='lat' dir='ltr'>quisque</span> <span class='ocrx_word' id='word_1_2192' title='bbox 1389 3515 1444 3540; x_wconf 88' lang='lat' dir='ltr'>suas</span> <span class='ocrx_word' id='word_1_2193' title='bbox 1458 3519 1526 3540; x_wconf 84' lang='lat' dir='ltr'>artes</span> <span class='ocrx_word' id='word_1_2194' title='bbox 1541 3513 1639 3540; x_wconf 87' lang='lat' dir='ltr'>delibet</span> <span class='ocrx_word' id='word_1_2195' title='bbox 1651 3512 1761 3548; x_wconf 81' lang='lat' dir='ltr'>agendo.</span> <span class='ocrx_word' id='word_1_2196' title='bbox 1834 3514 1944 3541; x_wconf 88' lang='lat' dir='ltr'>Brachia</span> <span class='ocrx_word' id='word_1_2197' title='bbox 1965 3514 2046 3542; x_wconf 89' lang='lat' dir='ltr'>Ouid.</span> <span class='ocrx_word' id='word_1_2198' title='bbox 2060 3517 2123 3542; x_wconf 83' lang='lat' dir='ltr'>Met.</span> <span class='ocrx_word' id='word_1_2199' title='bbox 2139 3524 2161 3549; x_wconf 84' lang='grc' dir='ltr'>ς,</span> <span class='ocrx_word' id='word_1_2200' title='bbox 2176 3521 2233 3549; x_wconf 77' lang='lat'>548.</span> 
     </span>
     <span class='ocr_line' id='line_1_220' title="bbox 1186 3548 2233 3584; baseline 0.002 -8"><span class='ocrx_word' id='word_1_2201' title='bbox 1186 3550 1285 3577; x_wconf 86' lang='lat' dir='ltr'>Bruma</span> <span class='ocrx_word' id='word_1_2202' title='bbox 1314 3551 1382 3576; x_wconf 89' lang='lat' dir='ltr'>Hor.</span> <span class='ocrx_word' id='word_1_2203' title='bbox 1395 3551 1484 3576; x_wconf 88' lang='lat' dir='ltr'>Carm.</span> <span class='ocrx_word' id='word_1_2204' title='bbox 1498 3558 1526 3581; x_wconf 87' lang='lat'>4,</span> <span class='ocrx_word' id='word_1_2205' title='bbox 1541 3558 1563 3581; x_wconf 85' lang='lat'>7,</span> <span class='ocrx_word' id='word_1_2206' title='bbox 1579 3558 1614 3576; x_wconf 88' lang='grc'>12.</span> <span class='ocrx_word' id='word_1_2207' title='bbox 1685 3550 1755 3575; x_wconf 85' lang='lat' dir='ltr'>Caro</span> <span class='ocrx_word' id='word_1_2208' title='bbox 1775 3548 1848 3576; x_wconf 87' lang='lat' dir='ltr'>Idem</span> <span class='ocrx_word' id='word_1_2209' title='bbox 1861 3550 1942 3576; x_wconf 84' lang='lat' dir='ltr'>Serm.</span> <span class='ocrx_word' id='word_1_2210' title='bbox 1958 3560 1979 3582; x_wconf 88' lang='grc'>2,</span> <span class='ocrx_word' id='word_1_2211' title='bbox 1992 3560 2020 3584; x_wconf 90' lang='lat'>4,</span> <span class='ocrx_word' id='word_1_2212' title='bbox 2034 3560 2072 3584; x_wconf 89' lang='lat'>41.</span> <span class='ocrx_word' id='word_1_2213' title='bbox 2144 3551 2233 3578; x_wconf 74' lang='lat' dir='ltr'>Corda</span> 
     </span>
     <span class='ocr_line' id='line_1_221' title="bbox 1184 3584 2232 3621; baseline 0.001 -9"><span class='ocrx_word' id='word_1_2214' title='bbox 1184 3586 1261 3620; x_wconf 88' lang='lat' dir='ltr'>Virg.</span> <span class='ocrx_word' id='word_1_2215' title='bbox 1277 3586 1342 3612; x_wconf 87' lang='lat' dir='ltr'>Aen.</span> <span class='ocrx_word' id='word_1_2216' title='bbox 1356 3594 1382 3618; x_wconf 87' lang='lat'>9,</span> <span class='ocrx_word' id='word_1_2217' title='bbox 1397 3594 1430 3615; x_wconf 77' lang='lat'>55-</span> <span class='ocrx_word' id='word_1_2218' title='bbox 1503 3585 1623 3619; x_wconf 87' lang='lat' dir='ltr'>Corpora</span> <span class='ocrx_word' id='word_1_2219' title='bbox 1643 3584 1714 3610; x_wconf 82' lang='lat' dir='ltr'>Idem</span> <span class='ocrx_word' id='word_1_2220' title='bbox 1729 3584 1794 3610; x_wconf 88' lang='lat' dir='ltr'>ibid.</span> <span class='ocrx_word' id='word_1_2221' title='bbox 1806 3586 1891 3618; x_wconf 80' lang='lat'>2‚364.</span> <span class='ocrx_word' id='word_1_2222' title='bbox 1962 3586 2056 3621; x_wconf 85' lang='lat' dir='ltr'>Frigus</span> <span class='ocrx_word' id='word_1_2223' title='bbox 2075 3587 2157 3613; x_wconf 85' lang='lat' dir='ltr'>Ouid.</span> <span class='ocrx_word' id='word_1_2224' title='bbox 2167 3588 2232 3614; x_wconf 89' lang='lat' dir='ltr'>Met.</span> 
     </span>
     <span class='ocr_line' id='line_1_222' title="bbox 1871 3621 2232 3657; baseline 0.006 -10"><span class='ocrx_word' id='word_1_2225' title='bbox 1871 3621 2000 3655; x_wconf 79' lang='lat' dir='ltr'>Ignauum</span> <span class='ocrx_word' id='word_1_2226' title='bbox 2015 3628 2093 3657; x_wconf 84' lang='lat' dir='ltr'>atque</span> <span class='ocrx_word' id='word_1_2227' title='bbox 2107 3623 2176 3649; x_wconf 82' lang='lat' dir='ltr'>iners</span> <span class='ocrx_word' id='word_1_2228' title='bbox 2189 3631 2232 3656; x_wconf 83' lang='lat' dir='ltr'>ge-</span> 
     </span>
     <span class='ocr_line' id='line_1_223' title="bbox 1184 3655 2231 3690; baseline 0.001 -9"><span class='ocrx_word' id='word_1_2229' title='bbox 1184 3664 1233 3682; x_wconf 89' lang='lat' dir='ltr'>nus</span> <span class='ocrx_word' id='word_1_2230' title='bbox 1246 3655 1462 3690; x_wconf 77' lang='lat' dir='ltr'>interrogationis</span> <span class='ocrx_word' id='word_1_2231' title='bbox 1484 3655 1540 3682; x_wconf 90' lang='lat' dir='ltr'>Cic.</span> <span class='ocrx_word' id='word_1_2232' title='bbox 1554 3655 1586 3682; x_wconf 87' lang='lat' dir='ltr'>de</span> <span class='ocrx_word' id='word_1_2233' title='bbox 1601 3657 1665 3681; x_wconf 84' lang='lat' dir='ltr'>Fato</span> <span class='ocrx_word' id='word_1_2234' title='bbox 1679 3658 1717 3681; x_wconf 78' lang='lat'>26.</span> <span class='ocrx_word' id='word_1_2235' title='bbox 1739 3655 1767 3680; x_wconf 81' lang='lat' dir='ltr'>de</span> <span class='ocrx_word' id='word_1_2236' title='bbox 1781 3655 1868 3682; x_wconf 72' lang='lat' dir='ltr'>Some.</span> <span class='ocrx_word' id='word_1_2237' title='bbox 1941 3658 2044 3684; x_wconf 86' lang='lat' dir='ltr'>Glacies</span> <span class='ocrx_word' id='word_1_2238' title='bbox 2063 3659 2130 3684; x_wconf 84' lang='lat' dir='ltr'>Hor.</span> <span class='ocrx_word' id='word_1_2239' title='bbox 2145 3659 2231 3684; x_wconf 86' lang='lat' dir='ltr'>Carm.</span> 
     </span>
     <span class='ocr_line' id='line_1_224' title="bbox 1186 3690 2231 3728; baseline 0.002 -11"><span class='ocrx_word' id='word_1_2240' title='bbox 1186 3699 1211 3721; x_wconf 85' lang='grc'>2,</span> <span class='ocrx_word' id='word_1_2241' title='bbox 1224 3700 1250 3723; x_wconf 88' lang='grc'>9,</span> <span class='ocrx_word' id='word_1_2242' title='bbox 1265 3701 1286 3724; x_wconf 76' lang='grc'>5.</span> <span class='ocrx_word' id='word_1_2243' title='bbox 1358 3691 1473 3723; x_wconf 81' lang='lat' dir='ltr'>Glebae,</span> <span class='ocrx_word' id='word_1_2244' title='bbox 1495 3692 1602 3726; x_wconf 70' lang='lat' dir='ltr'>pigrae,</span> <span class='ocrx_word' id='word_1_2245' title='bbox 1617 3691 1684 3715; x_wconf 77' lang='lat' dir='ltr'>nihi!</span> <span class='ocrx_word' id='word_1_2246' title='bbox 1692 3690 1853 3723; x_wconf 75' lang='lat' dir='ltr'>producentes</span> <span class='ocrx_word' id='word_1_2247' title='bbox 1875 3691 1946 3726; x_wconf 82' lang='lat' dir='ltr'>Virg.</span> <span class='ocrx_word' id='word_1_2248' title='bbox 1960 3694 2058 3728; x_wconf 86' lang='lat' dir='ltr'>Georg.</span> <span class='ocrx_word' id='word_1_2249' title='bbox 2074 3702 2143 3725; x_wconf 82' lang='lat'>1,94.</span> <span class='ocrx_word' id='word_1_2250' title='bbox 2192 3691 2231 3718; x_wconf 90' lang='lat' dir='ltr'>Id.</span> 
     </span>
     <span class='ocr_line' id='line_1_225' title="bbox 1186 3725 2230 3762; baseline 0 -10"><span class='ocrx_word' id='word_1_2251' title='bbox 1186 3726 1284 3761; x_wconf 79' lang='lat' dir='ltr'>Georg.</span> <span class='ocrx_word' id='word_1_2252' title='bbox 1299 3736 1327 3760; x_wconf 89' lang='lat'>4,</span> <span class='ocrx_word' id='word_1_2253' title='bbox 1342 3735 1368 3759; x_wconf 73' lang='lat'>23</span> <span class='ocrx_word' id='word_1_2254' title='bbox 1401 3728 1431 3753; x_wconf 91' lang='lat' dir='ltr'>In</span> <span class='ocrx_word' id='word_1_2255' title='bbox 1445 3726 1562 3752; x_wconf 86' lang='lat' dir='ltr'>medium</span> <span class='ocrx_word' id='word_1_2256' title='bbox 1577 3726 1619 3751; x_wconf 86' lang='lat' dir='ltr'>seu</span> <span class='ocrx_word' id='word_1_2257' title='bbox 1633 3725 1710 3752; x_wconf 84' lang='lat' dir='ltr'>stabit</span> <span class='ocrx_word' id='word_1_2258' title='bbox 1723 3725 1808 3757; x_wconf 79' lang='lat' dir='ltr'>inerS,</span> <span class='ocrx_word' id='word_1_2259' title='bbox 1828 3727 1872 3753; x_wconf 86' lang='lat' dir='ltr'>seu</span> <span class='ocrx_word' id='word_1_2260' title='bbox 1886 3729 1999 3762; x_wconf 84' lang='lat' dir='ltr'>profluet</span> <span class='ocrx_word' id='word_1_2261' title='bbox 2014 3729 2118 3755; x_wconf 85' lang='lat' dir='ltr'>humor.</span> <span class='ocrx_word' id='word_1_2262' title='bbox 2188 3727 2230 3752; x_wconf 88' lang='lat' dir='ltr'>In-</span> 
     </span>
     <span class='ocr_line' id='line_1_226' title="bbox 1185 3761 2229 3822; baseline 0.001 -35"><span class='ocrx_word' id='word_1_2263' title='bbox 1185 3762 1293 3795; x_wconf 83' lang='lat' dir='ltr'>genium</span> <span class='ocrx_word' id='word_1_2264' title='bbox 1313 3762 1393 3789; x_wconf 88' lang='lat' dir='ltr'>Ouid.</span> <span class='ocrx_word' id='word_1_2265' title='bbox 1407 3764 1500 3788; x_wconf 83' lang='lat' dir='ltr'>Amor.</span> <span class='ocrx_word' id='word_1_2266' title='bbox 1514 3770 1533 3793; x_wconf 87' lang='lat'>1,</span> <span class='ocrx_word' id='word_1_2267' title='bbox 1549 3770 1584 3793; x_wconf 70' lang='grc'>15,</span> <span class='ocrx_word' id='word_1_2268' title='bbox 1596 3770 1617 3786; x_wconf 81' lang='lat'>2.</span> <span class='ocrx_word' id='word_1_2269' title='bbox 1710 3761 1810 3792; x_wconf 87' lang='lat' dir='ltr'>Lucus,</span> <span class='ocrx_word' id='word_1_2270' title='bbox 1829 3763 1935 3797; x_wconf 67' lang='lat' dir='ltr'>Quietus</span> <span class='ocrx_word' id='word_1_2271' title='bbox 1956 3764 2017 3790; x_wconf 88' lang='lat' dir='ltr'>Stat.</span> <span class='ocrx_word' id='word_1_2272' title='bbox 2033 3762 2176 3822; x_wconf 72' lang='lat' dir='ltr'>Theb.A10,</span> <span class='ocrx_word' id='word_1_2273' title='bbox 2189 3766 2229 3791; x_wconf 80' lang='lat'>86.</span> 
     </span>
     <span class='ocr_line' id='line_1_227' title="bbox 1968 3798 2230 3830; baseline -0.015 -4"><span class='ocrx_word' id='word_1_2274' title='bbox 1968 3800 2024 3826; x_wconf 68' lang='lat' dir='ltr'>Cic.</span> <span class='ocrx_word' id='word_1_2275' title='bbox 2038 3799 2068 3823; x_wconf 84' lang='lat' dir='ltr'>de</span> <span class='ocrx_word' id='word_1_2276' title='bbox 2082 3798 2110 3823; x_wconf 90' lang='lat' dir='ltr'>L.</span> <span class='ocrx_word' id='word_1_2277' title='bbox 2149 3805 2187 3830; x_wconf 80' lang='lat' dir='ltr'>gr.</span> <span class='ocrx_word' id='word_1_2278' title='bbox 2207 3806 2230 3828; x_wconf 88' lang='grc'>2,</span> 
     </span>
     <span class='ocr_line' id='line_1_228' title="bbox 1186 3833 2230 3868; baseline -0.001 -11"><span class='ocrx_word' id='word_1_2279' title='bbox 1186 3840 1222 3864; x_wconf 88' lang='lat'>90</span> <span class='ocrx_word' id='word_1_2280' title='bbox 1238 3833 1331 3867; x_wconf 86' lang='lat' dir='ltr'>Itaque</span> <span class='ocrx_word' id='word_1_2281' title='bbox 1345 3833 1419 3860; x_wconf 86' lang='lat' dir='ltr'>illam</span> <span class='ocrx_word' id='word_1_2282' title='bbox 1432 3834 1591 3865; x_wconf 87' lang='lat' dir='ltr'>Campanam</span> <span class='ocrx_word' id='word_1_2283' title='bbox 1611 3833 1806 3865; x_wconf 83' lang='lat' dir='ltr'>arrogantiam,</span> <span class='ocrx_word' id='word_1_2284' title='bbox 1825 3840 1903 3868; x_wconf 86' lang='lat' dir='ltr'>atque</span> <span class='ocrx_word' id='word_1_2285' title='bbox 1923 3833 2112 3861; x_wconf 81' lang='lat' dir='ltr'>intolerandam</span> <span class='ocrx_word' id='word_1_2286' title='bbox 2135 3833 2230 3857; x_wconf 84' lang='lat' dir='ltr'>feroci-</span> 
     </span>
     <span class='ocr_line' id='line_1_229' title="bbox 1187 3866 2228 3899; baseline -0.001 -6"><span class='ocrx_word' id='word_1_2287' title='bbox 1187 3875 1245 3899; x_wconf 86' lang='lat' dir='ltr'>am,</span> <span class='ocrx_word' id='word_1_2288' title='bbox 1263 3868 1367 3894; x_wconf 87' lang='lat' dir='ltr'>ratione</span> <span class='ocrx_word' id='word_1_2289' title='bbox 1387 3874 1412 3894; x_wconf 88' lang='lat' dir='ltr'>et</span> <span class='ocrx_word' id='word_1_2290' title='bbox 1432 3867 1541 3894; x_wconf 84' lang='lat' dir='ltr'>consilio</span> <span class='ocrx_word' id='word_1_2291' title='bbox 1561 3867 1675 3894; x_wconf 86' lang='lat' dir='ltr'>maiores</span> <span class='ocrx_word' id='word_1_2292' title='bbox 1694 3867 1776 3894; x_wconf 83' lang='lat' dir='ltr'>nostri</span> <span class='ocrx_word' id='word_1_2293' title='bbox 1790 3868 1821 3894; x_wconf 85' lang='lat' dir='ltr'>ad</span> <span class='ocrx_word' id='word_1_2294' title='bbox 1836 3869 2017 3896; x_wconf 80' lang='lat' dir='ltr'>inertissimum</span> <span class='ocrx_word' id='word_1_2295' title='bbox 2032 3874 2057 3893; x_wconf 80' lang='lat' dir='ltr'>et</span> <span class='ocrx_word' id='word_1_2296' title='bbox 2070 3866 2228 3893; x_wconf 77' lang='lat' dir='ltr'>desidiosissi-</span> 
     </span>
     <span class='ocr_line' id='line_1_230' title="bbox 1187 3901 2227 3937; baseline -0.001 -10"><span class='ocrx_word' id='word_1_2297' title='bbox 1187 3911 1262 3928; x_wconf 87' lang='lat' dir='ltr'>mum</span> <span class='ocrx_word' id='word_1_2298' title='bbox 1275 3903 1369 3930; x_wconf 86' lang='lat' dir='ltr'>Otium</span> <span class='ocrx_word' id='word_1_2299' title='bbox 1383 3904 1571 3937; x_wconf 85' lang='lat' dir='ltr'>perduxerunt.</span> <span class='ocrx_word' id='word_1_2300' title='bbox 1641 3902 1731 3929; x_wconf 64' lang='lat' dir='ltr'>Poetns</span> <span class='ocrx_word' id='word_1_2301' title='bbox 1751 3904 1830 3931; x_wconf 87' lang='lat' dir='ltr'>Ouid.</span> <span class='ocrx_word' id='word_1_2302' title='bbox 1846 3905 1930 3931; x_wconf 81' lang='lat' dir='ltr'>Trist.</span> <span class='ocrx_word' id='word_1_2303' title='bbox 1943 3912 1963 3935; x_wconf 68' lang='lat'>3,</span> <span class='ocrx_word' id='word_1_2304' title='bbox 1978 3911 2003 3937; x_wconf 81' lang='lat'>7,</span> <span class='ocrx_word' id='word_1_2305' title='bbox 2018 3911 2053 3928; x_wconf 83' lang='grc'>22.</span> <span class='ocrx_word' id='word_1_2306' title='bbox 2125 3901 2227 3927; x_wconf 85' lang='lat' dir='ltr'>Pondus</span> 
     </span>
     <span class='ocr_line' id='line_1_231' title="bbox 1186 3937 2228 3972; baseline 0 -9"><span class='ocrx_word' id='word_1_2307' title='bbox 1186 3937 1260 3964; x_wconf 84' lang='lat' dir='ltr'>Idem</span> <span class='ocrx_word' id='word_1_2308' title='bbox 1274 3938 1338 3964; x_wconf 87' lang='lat' dir='ltr'>Met.</span> <span class='ocrx_word' id='word_1_2309' title='bbox 1352 3947 1371 3970; x_wconf 85' lang='grc'>1,</span> <span class='ocrx_word' id='word_1_2310' title='bbox 1385 3944 1407 3968; x_wconf 89' lang='lat'>8.</span> <span class='ocrx_word' id='word_1_2311' title='bbox 1479 3937 1624 3970; x_wconf 79' lang='lat' dir='ltr'>Qerelae,</span> <span class='ocrx_word' id='word_1_2312' title='bbox 1644 3939 1788 3971; x_wconf 65' lang='lat' dir='ltr'>Languidus</span> <span class='ocrx_word' id='word_1_2313' title='bbox 1802 3950 1809 3965; x_wconf 96' lang='lat'><em>:</em></span> <span class='ocrx_word' id='word_1_2314' title='bbox 1846 3940 1903 3965; x_wconf 70' lang='lat' dir='ltr'>Liuv</span> <span class='ocrx_word' id='word_1_2315' title='bbox 1920 3947 1938 3970; x_wconf 85' lang='lat'>1,</span> <span class='ocrx_word' id='word_1_2316' title='bbox 1953 3946 1983 3970; x_wconf 76' lang='lat'>59</span> <span class='ocrx_word' id='word_1_2317' title='bbox 1991 3945 2035 3972; x_wconf 82' lang='lat' dir='ltr'>pr.</span> <span class='ocrx_word' id='word_1_2318' title='bbox 2061 3937 2153 3963; x_wconf 85' lang='lat' dir='ltr'>Mouet</span> <span class='ocrx_word' id='word_1_2319' title='bbox 2171 3943 2228 3963; x_wconf 85' lang='lat' dir='ltr'>tum</span> 
     </span>
    </p>
   </div>
   <div class='ocr_carea' id='block_1_58' title="bbox 449 3969 2230 4010">
    <p class='ocr_par' dir='ltr' id='par_1_73' title="bbox 449 3969 2230 4010">
     <span class='ocr_line' id='line_1_232' title="bbox 449 3969 2230 4010; baseline -0.004 -5"><span class='ocrx_word' id='word_1_2320' title='bbox 449 3970 518 4001; x_wconf 69' lang='lat' dir='ltr'>Illud</span> <span class='ocrx_word' id='word_1_2321' title='bbox 526 3977 631 4007; x_wconf 57' lang='lat' dir='ltr'><em>apparet</em></span> <span class='ocrx_word' id='word_1_2322' title='bbox 638 3990 647 4004; x_wconf 70' lang='lat'><em>³</em></span> <span class='ocrx_word' id='word_1_2323' title='bbox 661 3977 737 4006; x_wconf 57' lang='lat' dir='ltr'>Eum&gt;</span> <span class='ocrx_word' id='word_1_2324' title='bbox 752 3970 871 4008; x_wconf 83' lang='lat' dir='ltr'>ineptum</span> <span class='ocrx_word' id='word_1_2325' title='bbox 884 3974 928 4010; x_wconf 64' lang='lat' dir='ltr'>‘ff</span> <span class='ocrx_word' id='word_1_2326' title='bbox 940 3977 1046 4003; x_wconf 82' lang='lat' dir='ltr'>alienum</span> <span class='ocrx_word' id='word_1_2327' title='bbox 1060 3975 1120 4002; x_wconf 84' lang='lat' dir='ltr'>alo·</span> <span class='ocrx_word' id='word_1_2328' title='bbox 1131 3981 1172 4009; x_wconf 74' lang='lat'>105</span> <span class='ocrx_word' id='word_1_2329' title='bbox 1185 3973 1267 4009; x_wconf 81' lang='lat' dir='ltr'>patris</span> <span class='ocrx_word' id='word_1_2330' title='bbox 1277 3973 1427 4007; x_wconf 84' lang='lat' dir='ltr'>moestitia,</span> <span class='ocrx_word' id='word_1_2331' title='bbox 1446 3978 1502 4000; x_wconf 88' lang='lat' dir='ltr'>tum</span> <span class='ocrx_word' id='word_1_2332' title='bbox 1527 3974 1625 4000; x_wconf 82' lang='lat' dir='ltr'>Brutus</span> <span class='ocrx_word' id='word_1_2333' title='bbox 1646 3969 1785 4010; x_wconf 73' lang='lat' dir='ltr'>castigator</span> <span class='ocrx_word' id='word_1_2334' title='bbox 1806 3974 1975 4002; x_wconf 79' lang='lat' dir='ltr'>lacrimarum</span> <span class='ocrx_word' id='word_1_2335' title='bbox 1998 3979 2077 4008; x_wconf 85' lang='lat' dir='ltr'>atque</span> <span class='ocrx_word' id='word_1_2336' title='bbox 2099 3972 2230 3998; x_wconf 87' lang='lat' dir='ltr'>inertium</span> 
     </span>
    </p>
   </div>
   <div class='ocr_carea' id='block_1_59' title="bbox 1496 4008 2229 4042">
    <p class='ocr_par' dir='ltr' id='par_1_74' title="bbox 1496 4008 2229 4042">
     <span class='ocr_line' id='line_1_233' title="bbox 1496 4008 2229 4042; baseline -0.001 -6"><span class='ocrx_word' id='word_1_2337' title='bbox 1496 4010 1514 4036; x_wconf 80' lang='lat'>6</span> <span class='ocrx_word' id='word_1_2338' title='bbox 1533 4008 1556 4038; x_wconf 88' lang='lat' dir='ltr'>X</span> <span class='ocrx_word' id='word_1_2339' title='bbox 1591 4017 1608 4038; x_wconf 85' lang='grc'>2.</span> <span class='ocrx_word' id='word_1_2340' title='bbox 2137 4015 2229 4042; x_wconf 64' lang='lat' dir='ltr'>quere0</span> 
     </span>
    </p>
   </div>
  </div>
 </body>
</html>
