2479 4225
451 191 495 232 D·
598 191 635 231 O

31 285 101 314 malea
113 282 194 315 dario
247 281 303 310 Cic.
317 281 349 309 de
361 280 454 316 Leglb.
467 289 491 313 3,
504 287 540 315 47
558 280 630 307 Haec
643 279 721 306 detur
735 278 805 305 cura
817 275 986 304 emtoribus.
1004 275 1030 306 h.
1044 285 1064 304 e.

35 322 166 356 Negotium
185 317 230 346 hoc
246 318 299 344 illis
316 320 492 344 committatur.
562 318 629 343 Hor.
650 313 726 349 Epist.
741 321 762 353 ι,
778 321 798 344 ι,
811 321 854 338 ιοι

175 354 301 381 insanire
321 359 394 387 putas
408 352 543 379 sollemnia
559 361 617 384 me,
635 357 718 383 neque
740 346 820 380 rides,

186 389 243 416 Ncc
262 388 360 415 medici
378 387 476 420 credis,
496 397 543 414 nec
556 384 692 414 Curatoris
705 391 782 418 egere

187 425 209 450 A
224 426 346 451 Praetorc
360 424 424 450 dati.
953 452 960 458 ι

34 461 146 489 Cursum
157 459 271 486 nauibus
301 460 362 486 Liu.
378 467 402 491 9,
439 478 445 485 .
559 456 670 484 Cursum
683 453 745 480 dare
758 453 876 481 dicuntur
888 459 962 480 venti
989 453 1065 488 Virg.

34 492 99 525 A'en.
111 504 134 527 3,
148 503 194 530 337
226 494 308 530 allusio
321 494 354 522 ad
366 502 469 525 nautas,
498 492 547 521 Sed
557 492 609 518 tibi
625 490 671 525 qui
685 490 796 516 Cursum
814 489 904 521 venti,
928 498 994 524 quae
1012 490 1066 516 fata

35 530 145 557 dedere?
216 531 363 562 Damnum,
392 530 496 563 afferre
514 525 699 556 incommodum,
719 533 803 551 nocere
835 525 904 551 Ter.
919 525 1000 551 Andr.
1012 533 1031 556 1,
1046 533 1066 556 ι,

34 574 72 599 115
93 566 163 592 Nam
179 565 197 591 fi
211 566 286 593 illum
299 565 431 599 obiurges,
449 565 517 592 vitae
529 562 576 597 qui
588 559 717 588 auxilium
730 560 809 592 tulit,
835 560 907 594 Quid
921 561 1000 586 facies
1014 560 1066 591 illi,

34 601 82 636 qui
94 599 334 628 dederitDamnuni
354 608 397 628 aut
410 599 522 627 malum?
590 597 629 622 De
641 596 693 622 tuis
708 596 815 622 fiunmis
830 595 939 622 Deliciis
952 596 984 622 da
997 595 1064 621 mihi

32 636 117 664 Plaut.
130 636 243 663 Trucul.
257 643 279 669 ς,
291 642 331 670 48-
402 637 482 662 Decus
502 632 566 659 Plin.
582 634 619 664 16,
633 642 660 666 4.
714 631 776 657 Liu.
790 639 831 666 27,
870 650 876 658 .
914 649 920 657 .
956 632 1010 657 Vos
1024 631 1066 656 illi

33 671 168 700 hodierno
182 671 229 698 die
237 673 353 706 primum
367 667 581 706 fugatiexercitus
593 666 698 693 dedistis
707 667 800 693 Decus.
871 666 1066 698 Defensionem,

30 714 81 744 pro
95 709 240 739 Permittere
254 716 294 733 ruo
303 727 310 739 ,
330 715 359 733 vt
365 707 399 742 fi
405 703 528 740 defendat.
569 703 637 729 Suet.
651 702 680 728 in
693 702 785 729 Claud.
800 709 869 735 c.-29
887 702 1066 728 Consocerum

33 743 127 775 suum,
145 741 245 769 incerto
266 743 391 772 crimine,
414 748 460 766 nec
480 738 539 764 data
553 738 709 764 Defenfione
728 737 834 764 occidit.
904 736 984 763 Plaut.
999 737 1066 763 Rud.

34 787 60 811 ς,
79 786 100 810 3,
119 785 144 809 31
172 778 227 804 Iam
248 783 272 804 te
291 784 359 804 ratus
376 774 479 802 nactum
498 773 633 800 hominem
653 771 732 808 qiiem
752 772 965 800 Defraudandum
985 772 1066 799 dares.

35 812 145 840 Dextras
157 813 235 845 dare,
256 815 399 840 Pramum
431 809 513 835 Plaut.
528 810 609 836 Merc.
629 816 652 842 ς,
665 818 693 842 4,
707 820 734 844 4.
806 808 882 841 Virg.
897 808 960 833 Aen.
978 816 1006 840 4,
1021 813 1066 839 308

33 847 131 875 Necte
150 848 237 874 noster
256 856 343 880 amor,
362 854 407 871 nec
427 850 452 871 tc
470 844 528 871 data
542 846 654 872 Dextera
674 844 824 880 quondam,
861 843 917 870 Nec
937 843 1067 869 moritura

31 888 106 910 tenet
125 883 225 910 crudeli
243 884 332 910 funere
350 880 437 908 Dido}
508 880 632 906 Dextram
650 887 676 906 et
696 880 774 906 fidem
803 879 862 905 Liu.
881 887 901 911 1,
917 884 954 911 38.
1027 879 1066 905 De

33 926 113 945 manu
127 918 202 944 dare:
229 921 268 945 cui
280 919 408 956 oppqnitur
422 914 507 942 Foris.
544 915 674 942 Columel.
689 923 716 950 7,
730 924 745 948 9
766 914 904 950 defitibus,
925 914 994 940 Nam
1009 915 1066 954 qui-

32 210 106 250 237>
131 238 136 245 ι

1090 426 1105 452 5

1084 605 1111 623 10

34 954 94 981 dem
112 955 195 981 cultus
213 962 274 988 ager
290 959 390 986 opimas
402 950 489 977 reddit
502 952 574 983 sues,
595 960 676 986 quum
695 950 731 977 est
745 950 924 984 graminosus,
945 956 970 975 et
985 949 1112 983 pluri-'20

33 988 84 1017 bus
99 989 235 1024 generibus
248 995 387 1024 pomorum
399 985 527 1019 consitus,
547 993 576 1014 vt
590 996 635 1021 per
648 986 707 1013 anni
723 985 825 1011 diuersa
838 991 972 1019 tempora,
990 985 1066 1018 mala,

33 1033 134 1059 pruna,
154 1025 254 1059 pirum,
272 1022 448 1049 multiformes
459 1031 548 1054 nuces,
562 1031 591 1048 ac
605 1022 684 1048 ticum
697 1020 832 1056 praebeat:
852 1029 898 1046 nec
911 1026 996 1046 tamen
1008 1029 1067 1054 pro-

30 1068 92 1094 pter
107 1060 168 1087 haec
181 1064 297 1094 parcetur
310 1057 426 1084 horreis:
456 1066 517 1083 nam
537 1058 610 1092 saepe
631 1059 670 1084 De
681 1065 760 1083 manu
778 1056 892 1082 dandum
913 1055 963 1087 est,
983 1065 1065 1090 quum

33 1095 108 1127 foris*
124 1094 210 1122 deficit
229 1092 369 1128 pabulum:
403 1098 517 1127 propter.
532 1093 604 1127 quod
623 1092 736 1126 plurima
756 1091 827 1122 glans
846 1091 889 1116 vel
908 1090 1024 1117 cisternis
1038 1092 1066 1117 in

34 1139 131 1166 aquam
149 1130 190 1156 vcl
203 1129 278 1156 fumo
298 1128 419 1155 tabulatis
436 1128 601 1156 recondenda
620 1128 663 1152 est.

35 1166 160 1193 Dextram
173 1164 276 1196 misero,
290 1170 315 1190 et
328 1170 414 1190 tecum
427 1172 469 1190 me
483 1164 546 1190 tolle
561 1169 607 1196 per
621 1159 710 1187 vndas-
782 1160 842 1186 Liu.
857 1169 877 1191 1,
890 1166 917 1193 58
946 1161 993 1187 Sed
1007 1161 1065 1188 date

34 1201 143 1230 Dextras
158 1199 307 1234 fidemque,
327 1199 396 1226 haud
413 1200 520 1232 impune
533 1196 653 1224 adultero
672 1195 741 1222 fore.
818 1194 921 1222 Debere
935 1196 1010 1230 dare,
1032 1196 1067 1230 est

33 1235 112 1265 Fadio
124 1235 171 1272 fico
190 1235 323 1262 dominium
334 1240 400 1261 retro
421 1233 570 1268 transfirre.
603 1231 661 1258 Vid.
675 1231 770 1258 Alciae.
783 1232 811 1256 in
831 1230 849 1258 1.
864 1237 985 1258 mutuum
1000 1234 1031 1259 D,
1046 1233 1064 1259 fi

35 1278 98 1298 cert.
111 1276 160 1306 pet.
194 1292 195 1297 ,
230 1270 306 1297 Dicta
319 1270 396 1302 dar‘e,
411 1277 459 1305 pro
469 1270 555 1303 Loqui.
592 1267 652 1293 Liu.
665 1275 706 1299 22,
728 1284 734 1291 -
757 1283 763 1291 .
806 1266 880 1301 Virg.
895 1268 958 1293 Aen.
973 1277 998 1300 2,
1012 1276 1065 1302 790

33 1307 107 1334 Haec
125 1305 171 1333 vbi
191 1305 261 1332 dicta
281 1305 361 1332 dedit.

33 1340 94 1373 fita‘,
112 1340 186 1376 atque
198 1341 294 1368 acerbo
308 1346 394 1366 aceto:
422 1339 519 1373 linguis
532 1338 611 1365 Dicta
630 1337 717 1364 dulcia
732 1335 807 1363 datis.
878 1338 933 1365 Cic.
946 1339 1000 1365 Att.
1016 1348 1034 1369 1,
1048 1341 1065 1365 6

33 1376 155 1411 Tulliola
176 1376 226 1403 tibi
246 1376 324 1402 Diem
343 1376 400 1407 dat,
421 1375 573 1409 sponsorem
593 1373 712 1408 appellat.
760 1371 832 1408 Conf.
854 1373 968 1406 Flomg,
988 1383 1010 1406 3,
1027 1383 1065 1407 ι4.

27 1412 89 1439 cic.
108 1413 208 1444 Ata-4,
225 1419 253 1446 17
293 1411 413 1438 Vestorio
433 1410 512 1436 dandi
536 1410 594 1436 sunt
611 1409 683 1441 dies,
707 1410 725 1434 i.
745 1408 812 1443 apud
841 1417 897 1435 eum
915 1408 1066 1445 diuerfizbor.

23 1445 192 1481 ,Manapia
206 1455 228 1480 3,
240 1456 266 1478 2,
275 1455 288 1480 5
312 1447 380 1474 Proh
389 1446 428 1472 dii
439 1445 612 1475 immortales,
625 1444 695 1471 mihi
707 1443 776 1470 hunc
786 1443 864 1470 Diem
878 1444 983 1471 dedistis
995 1445 1068 1472 lucu-

26 1481 141 1522 lentum,
155 1485 172 1509 i.
179 1481 291 1518 fectstis,
301 1480 475 1518 praestitistis.
512 1482 706 1508 Documentum
719 1479 774 1505 Cic.
788 1488 838 1513 pro
850 1480 945 1506 Milon.
959 1488 997 1507 22.
1027 1482 1068 1508 Sic
1084 1492 1113 1519 35
1131 1482 1191 1508 Liu.
1212 1489 1237 1514 ς,

24 1517 89 1550 ‚Liu.
104 1525 145 1550 25,
181 1537 188 1544 .
225 1537 232 1544 .
323 1518 396 1544 Idem
410 1525 453 1550 43,
489 1535 495 1542 .
533 1536 539 1543 .
577 1517 608 1543 Et
617 1517 813 1543 Documentum
826 1514 992 1550 eloquentiae
1006 1514 1068 1542 dare

28 1552 124 1580 voluit.
195 1553 250 1579 Cic.
265 1554 318 1580 Att.
333 1561 358 1588 7,
372 1561 396 1585 13
434 1552 506 1585 Qui,
528 1557 558 1579 vt
576 1551 650 1578 aliud
669 1550 755 1582 nihil,
774 1549 824 1576 hoe
840 1556 928 1577 tamen
946 1551 1068 1586 profecit,

24 1588 105 1620 ,dedit
119 1588 161 1616 illi
172 1589 310 1619 Dolorem.
372 1589 441 1616 Hor.
455 1589 536 1614 Serm.
548 1596 569 1618 2,
582 1596 605 1620 3,
617 1592 663 1617 288
689 1585 808 1620 Iuppiter
823 1586 952 1620 ingenteis
965 1587 1012 1621 qui
1024 1587 1069 1613 das

25 1623 175 1659 ,adimisque
191 1624 311 1650 Dolores.
383 1624 449 1650 Plin.
463 1623 542 1657 Epist.
555 1631 579 1655 3,
594 1624 632 1654 16,
647 1629 659 1655 5
691 1620 794 1647 Deinde
810 1630 893 1655 quum
906 1622 951 1648 diu
966 1621 1069 1648 cohibi-

432 1304 514 1330 Plaut.
527 1304 614 1329 Truc.
636 1311 656 1335 1,
672 1311 693 1333 2,
713 1305 745 1336 78
784 1301 873 1329 Corda
886 1303 914 1328 in
932 1303 994 1329 felle
1008 1305 1065 1330 sunt
1078 1312 1110 1337 30
1129 1303 1218 1330 Hostis
1235 1305 1244 1330 3
1279 1304 1452 1339 impatientiae
1472 1305 1593 1330 militaris
1613 1313 1662 1330 vox
1674 1310 1786 1339 pugnam
1800 1304 1961 1340 flagitantis.

1544 188 1583 228 D
1689 191 1726 230 O

1127 277 1243 305 Tantam
1257 274 1400 305 Fortunam
1416 278 1449 305 de
1472 276 1621 312 improuiso
1631 279 1681 304 esse
1696 278 1736 305 his
1749 277 1834 306 datam
1847 280 1857 306 3
1928 279 1989 309 Liu.
2001 291 2042 316 34,
2055 289 2072 310 2
2098 283 2163 310 Date

1125 314 1223 340 Frenos
1241 314 1381 348 impotenti
1403 321 1510 340 naturae
1531 320 1555 340 et
1576 313 1708 341 indomito
1726 315 1843 340 animali.
1904 315 2007 351 sperate
2029 320 2095 353 ipsas
2107 328 2163 346 mo.

1128 349 1190 375 dum
1204 350 1323 376 licentiae
1336 348 1457 379 saecutus,
1471 349 1518 376 nist
1532 358 1578 376 vos
1591 349 1700 376 faciatis.
1737 352 1774 375 De
1787 351 1926 378 mulmibus
1939 356 2055 388 loquitur.
2092 356 2164 382 Dare

1127 384 1240 417 Frenos,
1264 387 1346 421 igitur
1367 383 1399 417 est
1418 386 1518 418 laxare,
1545 387 1689 420 permittere
1710 385 1824 411 habenas.
1877 387 1934 412 Vitl.
1959 399 2013 415 mox
2034 390 2164 418 Habenas.

1130 420 1210 446 Ouid.
1230 420 1294 447 Met.
1315 426 1344 453 8,
1365 428 1408 452 341
1439 420 1568 447 Sternitur
1586 421 1690 448 incursu
1711 429 1817 453 nemus,
1842 426 1868 446 et
1887 424 2008 455 propulsa
2022 426 2165 460 Fragorem

1131 454 1201 481 Silua
1222 455 1272 482 dat.
1368 455 1498 480 Columcl.
1518 456 1550 482 de
1570 456 1696 483 Arborib.
1715 465 1737 482 c.
1758 458 1791 482 16
1827 456 2003 491 Fruelumque
2024 462 2164 488 meliorem

1131 490 1238 517 dabunt.
1309 490 1368 517 Liu.
1390 498 1435 521 αι,
1473 507 1479 515 .
1517 510 1522 516 .
1561 493 1615 523 Qii
1633 492 1651 518 ti
1670 491 1750 518 valles
1769 491 1926 518 occultiores
1943 493 2103 527 insedisti-nt,
2122 506 2165 524 co.

1131 528 1185 552 orti
1200 527 1227 552 in
1242 535 1354 561 pugnam
1368 530 1474 558 repente
1491 525 1620 558 ingentem
1637 528 1748 561 Fugam,
1762 526 1924 562 stragemque
1936 527 2068 556 dedissent.
2115 533 2167 559 Fu-

1130 569 1188 595 gam
1204 563 1264 588 dare
1283 560 1467 595 nauigantibus
1483 560 1605 587 dicuntur
1620 564 1694 588 venti
1714 564 1786 596 Virg.
1804 563 1867 588 Aen.
1881 570 1908 597 7,
1921 571 1964 598 24.
2036 566 2121 600 Fugae
2140 573 2166 594 ct

1131 598 1159 622 in
1181 597 1268 631 fugam
1289 598 1344 623 Cic.
1359 598 1413 623 Att.
1429 603 1456 629 7,
1470 603 1511 620 zz-
1617 598 1695 623 Ouid.
1715 597 1748 624 'de
1769 599 1831 624 Arte
1850 599 1907 624 Am.
1927 607 1955 630 3,
1973 601 2023 632 462
2055 601 2080 626 Si
2100 602 2166 629 bene

1130 635 1303 667 promittunt,
1324 632 1435 658 totidem
1452 630 1599 664 promittite
1618 633 1706 658 verbis
1722 644 1727 659 2
1763 634 1788 659 Si
1802 632 1938 666 dederint,
1960 640 1985 660 et
2004 643 2051 661 vos
2064 638 2167 665 Gaudia

1130 667 1204 702 paeia
1222 667 1288 693 date.
1396 666 1470 700 Virg.
1487 667 1549 692 Aen.
1564 676 1586 698 2,
1601 675 1625 699 53
1649 669 1791 694 Insonuere
1803 677 1895 701 cauae,
1916 670 2105 706 Gemitumque
2124 673 2167 699 de-

1131 703 1192 729 dere
1210 712 1345 729 caucrnae.
1420 701 1555 727 Gemitum
1574 702 1635 728 dare
1654 704 1759 737 pectore
1776 703 1809 730 ab
1828 704 1884 730 imo
1904 704 1976 731 Idem
1989 707 2052 732 Aen.
2066 716 2090 738 1,
2109 713 2167 741 483.

1132 738 1251 764 Gemitui
1265 739 1290 764 se
1303 738 1359 764 Cic.
1368 737 1480 764 Tuscul.
1490 745 1562 771 2,57.
1633 739 1713 765 Ouid.
1725 739 1789 766 Met.
1802 747 1839 772 10,
1855 741 1905 772 264
1923 740 1972 766 Dat
1986 741 2074 775 digitis
2088 743 2169 770 Gem-

1132 782 1202 806 mas,
1219 773 1262 799 dat
1278 774 1355 807 longa
1375 772 1488 798 monilia
1508 773 1585 798 collo.
1657 774 1717 800 Liu.
1737 779 1766 805 8,
1801 794 1807 800 .
1845 794 1851 801 .
1887 776 2023 803 Postremo
2044 786 2076 804 ne
2094 779 2122 805 id
2142 780 2168 806 se

1131 809 1237 835 Gratiae
1255 809 1316 834 dare
1336 809 1374 842 Q
1392 809 1467 834 Fabii
1488 808 1620 839 crederet,
1643 810 1669 835 se
1695 809 1880 836 iusiurandum
1899 810 1960 837 dare
1979 819 2082 846 paratos
2102 815 2169 848 csse,

1130 853 1183 870 non
1202 843 1304 875 videri,
1325 852 1370 869 etc.
1442 845 1530 870 Scncc.
1547 844 1624 877 Epist.
1647 853 1668 870 11
1700 844 1779 870 Dedit
1798 846 1870 871 enini
1889 846 1967 873 nobis
1988 848 2114 882 Gustum,
2134 850 2169 877 ad

1130 888 1209 914 quem
1228 878 1415 912 respondebit,
1452 882 1470 905 i.
1485 880 1611 915 Jpecimctz
1625 879 1676 915 stul
1753 880 1838 910 Gyros
1857 881 1918 907 dare
1937 883 2012 918 Virg.
2027 885 2124 919 Georg.
2144 895 2170 919 3,

1130 922 1177 948 ¹13-
1246 914 1319 940 Idem
1339 916 1402 940 Aen.
1424 922 1447 945 1,
1467 918 1496 946 63
1533 930 1577 935 —-
1614 915 1766 948 Regemque
1791 914 1877 946 dedit,
1902 917 1949 951 qui
1967 919 2077 946 foedere
2096 928 2170 948 certo

1129 951 1160 977 Et
1179 958 1315 984 premere,
1341 956 1366 975 et
1390 950 1458 976 laxas
1478 951 1553 977 sciret
1574 949 1636 977 dare
1654 950 1732 975 iuffus
1747 949 1882 983 Habenas,
1913 953 1965 978 viil.
1979 961 2008 988 p.
2026 965 2048 980 a.
2070 957 2170 984 Frenos

1130 986 1201 1012 dare.
1309 985 1407 1019 Vir-gil.
1421 986 1484 1011 Aen.
1499 994 1530 1018 9,
1544 988 1589 1018 362
1626 985 1675 1011 Ille
1694 985 1740 1010 suo
1755 986 1870 1011 moriens
1890 986 1933 1012 dat
1948 989 2052 1016 Habere
2068 993 2170 1026 nepoti.

1130 1021 1252 1048 Hilarem
1270 1020 1295 1046 se
1311 1020 1406 1052 alicui,
1428 1022 1552 1047 Hilarirer
1570 1030 1623 1046 cum
1636 1022 1720 1055 aliquo
1741 1019 1854 1052 versari:
1885 1022 1965 1048 Plaut.
1980 1024 2047 1050 Asin.
2063 1034 2085 1059 ς,
2101 1035 2120 1059 1,
2140 1037 2172 1055 21.

1130 1056 1205 1090 Qun
1225 1063 1251 1082 te
1272 1064 1335 1090 ergo
1356 1056 1475 1082 Hilarem
1494 1056 1537 1082 das
1558 1055 1650 1082 mihi-3
1729 1054 1863 1081 Historiae
1882 1057 1907 1081 se
1929 1057 1990 1083 dare
2010 1061 2064 1086 Cic.
2079 1063 2131 1090 Att.
2146 1072 2159 1089 2

1254 1091 1341 1117 Senec.
1358 1091 1389 1117 de
1406 1092 1493 1118 Bencf.
1512 1094 1536 1122 6,
1573 1111 1580 1117 .
1618 1110 1624 1117 .
1662 1090 1736 1116 Plato
1749 1098 1830 1124 quum
1849 1091 1946 1117 flumen
1961 1101 2028 1119 naue
2042 1082 2173 1130 transiret:

2096 203 2162 246 238

736 1124 812 1158 Virg.
826 1126 890 1151 Aen.
910 1128 934 1157 6,
947 1134 997 1160 370
1027 1127 1065 1153 Da
1078 1133 1110 1161 25‘
1129 1135 1176 1153 nec
1190 1127 1222 1153 ab
1237 1127 1287 1152 illo
1300 1126 1446 1161 quidquam
1464 1127 1581 1161 portitor
1600 1126 1740 1160 excgilict,
1758 1124 1810 1152 hoc
1824 1126 1929 1153 Honori
1942 1128 1990 1153 suo
2009 1129 2097 1156 datum
2116 1142 2172 1159 cre-

1129 1162 1207 1195 dens,
1227 1161 1311 1194 dixit,
1332 1169 1376 1188 etc.
1484 1163 1576 1188 Horat.
1596 1162 1676 1188 Sei-m.
1699 1170 1720 1194 1,
1740 1169 1762 1193 3,
1784 1163 1812 1187 16
1847 1177 1892 1182 —
1928 1163 1983 1196 Qu
2002 1164 2093 1192 stultus
2114 1168 2172 1194 Ho.

1128 1206 1223 1230 nores,
1257 1197 1338 1231 Saepe
1357 1197 1399 1224 dat
1419 1197 1549 1232 indignis,
1572 1203 1597 1223 et
1614 1198 1699 1223 famae
1714 1197 1796 1223 seruit
1810 1197 1924 1231 ineptus.
1997 1201 2077 1227 Ouid.
2091 1203 2172 1236 Epist.

1128 1241 1154 1265 a,
1168 1239 1210 1263 108
1234 1234 1310 1266 Qiae
1330 1233 1381 1259 tibi
1396 1233 1572 1267 Demophoon
1592 1232 1677 1267 longis
1698 1232 1836 1259 erroribus
1855 1233 1915 1260 acto
1951 1234 2098 1263 Threicios
2111 1247 2174 1272 por·

1128 1274 1185 1301 tus,
1205 1269 1410 1303 Hospitiumque
1429 1268 1500 1294 dedi.
1593 1268 1662 1294 Tac.
1681 1268 1710 1294 in
1730 1269 1818 1302 Agric.
1839 1278 1860 1294 c.
1876 1277 1902 1301 33
1930 1270 2043 1303 Qando
2063 1272 2173 1303 dabitur

1521 1339 1525 1343 ι
2039 1309 2172 1336 iacturam

1495 1340 1551 1365 Cic.
1566 1339 1643 1365 Acad.
1657 1348 1685 1372 4,
1700 1348 1737 1365 121
1764 1340 1850 1373 Negas
1869 1339 1922 1366 fine
1935 1340 1986 1367 deo
2007 1344 2075 1377 posse
2095 1345 2172 1379 quid-

1130 1384 1225 1409 quam,
1246 1383 1304 1401 ecce
1325 1374 1411 1402 tibie
1432 1375 1579 1401 transuerso
1596 1375 1784 1409 Lampsacenus
1804 1378 1904 1407 Strato,
1923 1377 1971 1411 qui
1988 1377 2032 1404 det
2051 1379 2094 1406 isti
2113 1381 2174 1407 Deo

1129 1410 1328 1437 lminunitatem
1350 1411 1439 1445 magni
1460 1409 1568 1445 quidem
1593 1410 1718 1438 muneris.
1827 1411 1902 1445 Virg.
1916 1413 1981 1438 Aen.
1997 1422 2021 1444 1,
2040 1420 2079 1447 138
2106 1416 2174 1443 Non

1130 1446 1173 1472 illi
1186 1447 1331 1481 Imperium
1350 1446 1450 1480 pelagi,
1471 1447 1630 1480 sacuumque
1650 1446 1809 1478 tridentem,
1845 1446 1894 1472 Sed
1907 1447 1976 1474 mihi
1990 1449 2060 1476 sorte
2072 1450 2174 1479 datum.

1320 1502 1327 1508 .
1362 1481 1480 1508 Sublidia
1500 1481 1527 1507 in
1549 1483 1653 1508 auersos
1680 1483 1892 1516 transuersosque
1914 1484 2045 1517 Impetum
2071 1487 2174 1514 darent.

1132 1517 1201 1543 Tac.
1217 1519 1283 1543 Ann.
1298 1526 1320 1550 2,
1333 1520 1361 1543 16
1387 1518 1489 1543 Primus
1502 1515 1596 1542 Caesar
1614 1525 1673 1542 cum
1687 1518 1828 1544 Praetoriis
1842 1517 1997 1545 cohortibus
2012 1528 2087 1556 capto
2100 1523 2174 1549 vallo

1131 1552 1203 1578 dedit
1216 1554 1345 1586 Impetum
1360 1552 1387 1578 in
1401 1552 1485 1578 siluas.
1557 1552 1616 1577 Liu.
1627 1562 1655 1585 4,
1670 1557 1700 1581 28
1727 1553 1798 1578 Haec
1818 1553 1952 1586 locutum,
1976 1557 2175 1591 exsequentem-

1132 1596 1184 1622 que
1211 1588 1297 1619 dieta,
1320 1586 1499 1620 redintegrato
1521 1586 1637 1613 clamore
1658 1588 1740 1613 secuti
1766 1587 1827 1614 dant
1846 1589 2050 1622 Impressionem.

1132 1622 1215 1657 probe
1228 1622 1305 1654 dare,
1326 1631 1351 1648 et
1364 1622 1458 1648 iniuste
1472 1622 1605 1654 adimere,
1630 1622 1683 1648 vid.
1703 1629 1769 1648 IMP
1780 1629 1912 1649 ROBVS.

1130 1340 1212 1366 Plaut.
1227 1339 1307 1366 Stich.
1320 1346 1344 1373 5,
1356 1348 1385 1372 4,
1399 1341 1424 1365 6.

2120 1595 2177 1620 Im·-

1987 1626 2041 1652 Cic.
2058 1627 2179 1662 Philipp,

25 1665 72 1689 ,tae
92 1659 216 1691 lacrimae
240 1659 391 1692 vincerent,
414 1663 686 1693 proriimperentque,
715 1655 916 1690 egrediebatur,
935 1662 997 1683 tunc
1017 1658 1069 1683 sese
1077 1669 1114 1694 40
1133 1663 1156 1690 8,
1171 1666 1197 1690 33
1225 1658 1340 1684 Caeteris
1355 1664 1459 1689 autem,
1479 1657 1497 1683 si
1517 1666 1636 1683 errorem
1655 1659 1730 1683 suum
1751 1657 1940 1690 deposuerint,
1961 1665 1987 1685 et
2005 1661 2034 1686 1⁵¹1
2046 1662 2175 1696 Reipubl-

24 1695 127 1727 ¹Dolori
141 1695 226 1722 dabat.
315 1695 371 1721 Cic.
386 1694 498 1728 Philipp.
513 1702 545 1726 11,
560 1695 590 1725 36
622 1691 807 1718 Animaduerti
823 1692 849 1718 Ρ.
863 1693 894 1718 C.
918 1691 971 1718 dici
989 1693 1042 1718 iam
1055 1701 1070 1719 a

27 1730 191 1764 ‚quibusdam
211 1730 334 1756 exornari
354 1730 433 1756 etiam
451 1729 567 1755 nimium
585 1737 600 1754 a
620 1737 662 1754 me
680 1727 805 1758 Brutum,
825 1727 938 1753 nimium
958 1727 1070 1753 Cassium

26 1765 138 1791 iornari:
167 1765 248 1791 Cassio
269 1774 333 1792 vero
356 1765 483 1792 sententia
501 1773 559 1790 mea
580 1763 753 1789 Dominatum
771 1767 797 1786 et
808 1762 985 1798 principatum
1002 1761 1068 1787 dari.

31 1800 110 1826 Dono
125 1800 186 1826 dare
204 1801 278 1833 Virg.
292 1800 344 1826 Ecl.
358 1809 383 1831 2,
395 1808 436 1834 37.
481 1799 564 1825 Plaut.
581 1797 676 1829 Amph.
690 1805 710 1827 1,
723 1804 748 1826 3,
758 1804 804 1827 40.
868 1795 935 1820 'Liu.
950 1802 985 1826 23,
1004 1813 1011 1819 .
1032 1813 1038 1820 .
1061 1813 1067 1820 .

26 1835 165 1867 Laetaque
179 1834 270 1859 iuueni
283 1834 427 1867 promitIis,
448 1841 545 1866 equum
557 1832 685 1860 eximium
699 1831 778 1854 Dono
791 1828 842 1853 dat.

28 1868 137 1895 Phorm.
150 1875 173 1900 ς,
186 1874 213 1901 7,
226 1870 263 1898 36.
334 1868 415 1892 Plaut.
431 1866 515 1894 Trin.
530 1873 554 1894 z,
563 1874 595 1898 4³
610 1872 657 1898 107
676 1863 718 1889 Est
729 1871 791 1896 ager
805 1862 852 1888 sub
865 1862 945 1889 vrbe:
966 1862 1008 1889 hic
1021 1873 1069 1890 vo-

23 1902 71 1930 bis
84 1911 145 1929 eum
163 1901 231 1928 dabo
247 1902 343 1929 Dotem
364 1901 459 1927 sorori.
532 1900 605 1925 Caes.
619 1899 647 1925 B.
663 1898 694 1924 G.
710 1906 729 1930 1,
744 1906 774 1931 14
803 1898 853 1923 His
866 1899 961 1925 Cacsar
980 1898 1018 1925 ita
1029 1902 1069 1926 re—

26 1936 151 1973 spondit,
174 1945 207 1963 eo
220 1937 270 1963 fibi
283 1936 370 1963 minus
382 1935 564 1963 Dubitationis
578 1934 646 1966 dari,
665 1932 738 1967 quod
751 1941 793 1958 eas
806 1941 862 1966 reu,
882 1941 928 1960 etc.
997 1935 1068 1961 Ter.

24 1974 160 2006 ,Heaut.2‚
169 1981 196 2005 4,
204 1981 237 1999 22
256 1973 377 1998 Immovt
385 1978 486 2006 patrem
499 1976 573 1997 tuum
587 1970 646 1996 vidi
659 1969 707 1995 effe
720 1968 849 1999 habiturn,
868 1968 914 1995 diu
927 1968 1007 1996 etiam
1015 1971 1069 1995 Du-

8 2028 12 2032 -
30 2018 73 2036 ras
91 2008 172 2035 dabit.
186 2007 292 2043 subaudi
304 2007 411 2034 Poenas.

25 2052 56 2078 -5,
68 2054 96 2078 4,
109 2052 123 2070 2
142 2043 232 2070 Oculis
245 2043 339 2077 Epulas
352 2043 424 2074 dare,
439 2041 580 2069 delubrum
593 2040 641 2075 qui
653 2039 736 2066 hodie
747 2046 869 2066 ornatum
882 2049 914 2066 eo
927 2041 1013 2066 visere
1027 2049 1070 2067 ve—

27 2081 81 2107 .nit.
151 2078 217 2105 Plin.
235 2087 277 2111 29,
291 2085 320 2112 17
350 2077 469 2104 Percuffis
488 2078 544 2103 esui
555 2076 617 2103 dare
631 2075 786 2102 Decochnn.
857 2075 913 2102 Cic.
926 2075 957 2101 de
970 2076 1027 2102 Fin.
1043 2085 1069 2108 2,

27 2124 70 2143 :121
91 2115 121 2141 Et
129 2119 215 2140 tamen
223 2113 287 2148 qnid
299 2113 392 2140 attinet
410 2112 570 2141 luxuoriofis
585 2111 664 2138 vllam
677 2111 867 2145 Exceptionem
876 2111 947 2141 dari,
962 2117 1006 2137 aut
1022 2111 1070 2137 fin-

28 2159 95 2186 ⁸gere
103 2150 214 2184 aliquos,
228 2149 275 2184 qui
288 2158 369 2184 quum
378 2148 513 2174 luxuriose
525 2147 660 2179 vinc-trent,
674 2155 689 2172 a
701 2147 812 2177 summo,
825 2153 870 2173 etc.
916 2146 1026 2173 Excidio
1040 2155 1069 2172 ac

29 2186 120 2213 ‚ruinis
139 2185 211 2211 dedit
226 2193 277 2211 vna
289 2183 355 2210 hora
369 2192 434 2218 opus
447 2182 701 2218 quadringentorum
714 2191 845 2208 annorum
863 2181 992 2213 Liu.1,1.6
1005 2189 1070 2208 extr.
1087 2186 1115 2213 55
1133 2182 1228 2208 Casum
1247 2182 1451 2210 irreuocabiiem
1471 2184 1497 2209 se
1515 2183 1597 2211 daret.

33 2221 217 2247 Excruciatum
230 2219 261 2246 da
275 2229 317 2246 me
329 2219 410 2246 Plaut.
426 2219 485 2246 Mil.
498 2227 525 2250 2,
537 2221 563 2250 6,
575 2223 617 2251 84.
687 2218 747 2244 Liu.
767 2224 810 2251 27,
846 2237 853 2243 .
891 2237 897 2243 .
932 2217 1069 2243 Vrbanum

33 2262 152 2282 veterem
165 2256 314 2282 Exercitum
327 2255 435 2282 Fuluius
448 2254 545 2282 Consul
558 2255 588 2280 C.
602 2253 698 2280 Fuluio
713 2252 803 2279 Flacco
818 2252 904 2287 legato
924 2252 953 2278 in
973 2253 1071 2279 Hetru-

27 2292 100 2322 ,riam
115 2290 187 2317 dedit
197 2290 355 2318 ducendum.
443 2289 534 2318 Tacit.
548 2292 615 2316 Ann.
629 2297 665 2322 ις,
680 2291 710 2322 56
730 2288 816 2315 Glitio
830 2288 907 2314 Gallo
926 2293 1003 2324 atque
1018 2289 1070 2315 An-

29 2326 81 2353 nio
94 2326 209 2353 Pollioni
227 2327 359 2353 infamatis
377 2326 475 2361 magis,
495 2334 574 2360 quam
592 2324 737 2357 conuiciis,
756 2323 814 2351 data
833 2324 927 2350 Exilia.
996 2324 1071 2351 Idem

34 2362 102 2389 Ann.
121 2370 159 2394 11,
173 2360 205 2396 34
228 2362 270 2388 Ne
285 2362 418 2389 indefensa
431 2361 528 2389 coniux
540 2361 632 2393 Exitio
643 2361 758 2387 daretur.
866 2359 925 2386 Liu.
939 2368 980 2393 3ο,
1019 2380 1025 2387 .

28 2398 88 2430 ,Vos
108 2397 220 2423 laceffiss'e
237 2403 263 2424 et
277 2398 371 2432 tuipse
385 2398 491 2430 fateris,
516 2403 542 2424 et
560 2397 599 2423 dii
617 2397 691 2423 testes
709 2397 781 2428 sunt,
805 2395 852 2430 qui
870 2401 896 2422 et
915 2395 988 2421 illius
1007 2395 1072 2422 belli

28 2433 140 2461 Exitum
155 2433 292 2460 secundum
305 2434 346 2459 ius
358 2434 450 2468 fasque
465 2432 601 2465 dederunt,
615 2438 641 2460 et
654 2431 733 2458 huius
746 2431 808 2457 daut
821 2437 847 2458 et
861 2430 968 2458 dabunt.
1023 2432 1072 2457 Ex-

33 2468 237 2503 spectationem,
251 2469 413 2502 praMouere
429 2468 631 2504 exspectationem
644 2468 700 2494 Cic.
714 2468 767 2493 Att.
782 2475 805 2499 2,
844 2486 851 2493 .
887 2486 894 2493 .
965 2467 1072 2500 Experi-

33 2510 155 2536 mentum
174 2503 280 2537 insignis
300 2503 406 2530 artificii
427 2504 533 2530 Sueton.
547 2503 574 2529 in
587 2503 690 2529 Neron.
711 2511 731 2530 c.
745 2510 788 2528 22».
895 2502 977 2529 Plaut.
996 2500 1072 2537 Epid.

35 2547 64 2570 1‚<
72 2547 92 2570 1,
106 2540 136 2570 36
159 2538 187 2564 Id
201 2538 282 2568 modo
295 2539 457 2572 videndum,
473 2545 503 2566 vt
517 2539 638 2566 materies
653 2539 771 2573 suppetat
784 2537 920 2569 scutariis,
938 2537 956 2564 fi
975 2537 1004 2564 in
1023 2538 1071 2564 fin-
1085 2538 1116 2570 65¹
1133 2538 1233 2567 Ennio,
1255 2539 1313 2565 Nec
1327 2539 1378 2565 sese
1392 2538 1464 2564 dedit
1478 2541 1507 2564 In
1519 2540 1695 2572 Conspectum
1712 2539 1790 2564 corde
1802 2540 1908 2572 petitus.

37 2573 104 2607 gulis
117 2572 266 2607 stipendiis,
284 2574 316 2600 ad
329 2574 414 2601 hostes
427 2574 540 2601 Exuuias
556 2573 638 2602 dabit.
735 2573 791 2600 Cic.
806 2572 917 2599 Tuscul.
933 2581 960 2606 1,
979 2582 991 2606 3
1019 2574 1071 2599 An-

36 2608 78 2635 nis
96 2618 110 2641 e
129 2609 166 2640 im
182 2609 241 2639 ,fere
261 2615 277 2635 C
287 2615 328 2635 CC
339 2616 355 2637 c
365 2617 383 2637 x
400 2610 456 2645 post
470 2611 582 2636 Romam
596 2608 728 2636 conditam
743 2608 838 2635 Liuius
850 2608 975 2635 Fabulam
988 2607 1070 2635 dedit.

33 2644 94 2675 Cic.
108 2618 178 2670 grut.
197 2654 218 2670 c.
234 2650 258 2674 18
281 2644 375 2671 Liuius
409 2660 454 2666 --
490 2646 537 2680 qui
555 2646 653 2680 primus
666 2644 792 2671 Fabulam
808 2643 888 2670 dedit.
975 2644 1071 2670 Donat.

37 2679 67 2706 in
83 2679 150 2713 prol.
164 2680 257 2711 Hecyr.
283 2681 322 2706 Ita
341 2680 455 2712 dicitur,
475 2680 535 2706 data
548 2681 588 2706 est
606 2680 721 2711 Fabula,
741 2684 770 2706 vt
787 2678 845 2704 data
864 2678 900 2704 est
914 2687 1010 2709 coena,
1029 2678 1072 2704 da-

37 2720 94 2743 tum
115 2714 150 2740 est
168 2714 316 2749 prandium.

36 2758 118 2783 quum
141 2750 232 2784 placet.
333 2749 416 2776 Plaut.
431 2748 514 2776 Casm.
527 2757 552 2781 2,
564 2754 588 2781 8,
601 2757 613 2780 3
633 2750 672 2774 Ita
686 2747 744 2774 fieri
759 2753 872 2782 oportet.
903 2754 931 2774 ο.
961 2747 1071 2775 Fadium

35 2790 62 2810 et
76 2791 195 2810 curatum
209 2784 286 2812 dabo.
367 2785 434 2811 Ter.
450 2783 531 2811 Andr.
547 2793 568 2816 1,
583 2793 610 2817 4,
623 2785 640 2810 6
665 2782 699 2810 Di
719 2782 777 2809 date
791 2782 947 2809 Facultatem
962 2782 1071 2810 obsecro

36 2819 99 2846 huic
118 2820 249 2853 pariundi.
322 2821 376 2847 Cic.
391 2820 444 2846 Att.
458 2822 484 2852 6,
498 2828 510 2845 2
536 2819 586 2845 His
604 2827 654 2853 ego
674 2818 778 2844 duobus
798 2818 937 2852 generibus
956 2819 1071 2845 Faculta-

37 2861 90 2881 tem
111 2855 141 2880 ad
160 2856 185 2880 se
206 2864 265 2881 aere
291 2855 379 2881 alieno
399 2853 546 2882 liberandas
569 2859 614 2879 aut
637 2852 760 2880 leuandas
778 2851 847 2879 dedi.
954 2853 1071 2880 Facultas

12 2912 14 2916 ,
33 2890 97 2924 ,data
117 2890 152 2916 cst
173 2890 258 2922 mihi,
279 2896 306 2916 vt
325 2900 386 2917 tneo
404 2890 532 2917 arbitratu
549 2890 663 2915 facerem
682 2888 755 2915 Idem
768 2888 799 2914 de
813 2888 870 2914 Fin.
885 2896 912 2919 1,
925 2895 967 2922 72.

38 2928 90 2952 Att.
105 2934 134 2957 11,
151 2933 168 2960 7
195 2925 244 2951 Sed
262 2925 280 2951 fi
297 2926 361 2960 quid
375 2935 404 2952 re
422 2926 495 2952 dabit
515 2925 566 2951 tibi
581 2924 733 2954 Facultatis‚
751 2923 778 2950 id
792 2932 832 2949 me
848 2923 962 2949 maxime
980 2925 1071 2950 conso-

37 2961 99 2988 lari*
109 2961 213 2995 poterit.
320 2961 485 2995 Qialemque
505 2959 583 2987 dabat
596 2966 622 2986 te
642 2960 733 2991 Fama,
745 2958 866 2986 videmus
881 2959 975 2986 Valet.
989 2960 1071 2987 Flacc.

39 3004 63 3030 5,
78 3004 134 3032 507.
182 2995 240 3022 Vzd.
258 2995 318 3022 ibid.
335 2999 469 3022 Burmann.
506 2999 536 3022 it.
559 2995 593 3021 ad
608 2996 680 3022 Grat.
692 2996 788 3029 Cyneg.
809 3004 834 3021 v.
850 3003 904 3020 100.
976 2996 1070 3023 Horat.

35 3032 119 3058 .Serm.
133 3040 158 3064 2,
173 3040 196 3062 z,
209 3040 238 3064 93
265 3032 316 3058 Das
330 3031 432 3066 aliquid
446 3032 559 3058 Famae?
589 3030 613 3057 h.
629 3040 648 3057 e.
667 3032 740 3058 Putas
755 3030 805 3057 hoc
819 3029 851 3056 ad
866 3031 971 3057 Famam
991 3032 1071 3065 perti-

38 3069 124 3095 mere?
160 3068 254 3094 Acron.
304 3068 409 3099 Malim,
433 3068 518 3094 Famae
530 3067 615 3103 struis
628 3069 640 3093 ,ἓ
694 3067 735 3093 Sic
751 3065 841 3092 Tacit.
855 3066 922 3092 Ann.
939 3074 965 3098 1,

39 3099 88 3134 ‚bat
104 3107 128 3132 et
144 3103 250 3135 Famae,
271 3108 299 3129 vt
313 3109 437 3136 vocatus,
455 3102 606 3137 electusque
617 3101 704 3136 potius
717 3110 732 3128 a
752 3101 862 3136 Republ.
884 3101 1035 3135 videretur,
1054 3105 1072 3128 ι’.

40 3135 124 3171 famae
136 3139 204 3173 causa
217 3138 340 3173 faciebat.
455 3137 521 3164 Plin.
540 3145 581 3170 35,
601 3145 622 3164 11
650 3137 833 3171 Qamobrem
851 3137 902 3164 arti
922 3137 1028 3164 daturus
1048 3144 1074 3164 et

44 3170 181 3203 ¹celeritatis
197 3174 317 3206 Famam,
336 3172 450 3200 absoluit
469 3183 523 3200 vno
542 3173 585 3200 die
602 3172 740 3206 tabellam,
762 3179 806 3199 etc.
910 3173 989 3199 Ouid.
1009 3169 1074 3200 Fast.

43 3213 70 3237 32
80 3208 136 3240 6¹41
147 3208 217 3234 Anna
236 3217 281 3242 per
294 3209 358 3235 hanc
378 3210 454 3242 iuro,
474 3218 553 3244 quam
567 3209 701 3243 quondam
717 3208 810 3235 audire
827 3208 940 3240 solebaS,
977 3209 1072 3235 Tellu-

45 3242 177 3272 ¹rem-Fato
190 3245 352 3279 prosperiore
365 3244 430 3272 dari.

44 3275 113 3306 Aen.
127 3284 152 3309 9«,
162 3286 208 3311 135·

48 3313 60 3336 i
83 3310 150 3345 sm
274 3280 420 3312 Fenestram
434 3281 566 3315 ingentem
586 3280 640 3306 lato
654 3289 701 3307 ore
719 3279 792 3306 dedit
812 3280 885 3306 Idem
899 3280 963 3306 Aen.
979 3288 1002 3312 2,
1014 3285 1072 3313 482.

62 3330 69 3336 .
105 3320 115 3335 c
152 3330 158 3337 .
179 3322 189 3333 .-

67 3346 72 3350 '
163 3346 168 3351 Π
224 3315 310 3342 Ferias
324 3316 385 3343 dare
399 3315 475 3342 debet
489 3316 609 3342 Procons.
628 3315 646 3341 fi
668 3316 696 3342 in
714 3315 808 3342 vrbem
827 3315 942 3349 aliquam
963 3315 1073 3341 aduene—

49 3352 86 3373 rit
111 3345 211 3380 leian.
233 3349 251 3375 l·
265 3358 281 3384 7
301 3357 343 3386 pr.
377 3351 408 3378 de
429 3349 504 3378 offic.
523 3351 643 3378 Procons.
721 3350 828 3384 Fidem,
855 3352 960 3382 lutare,
979 3351 1075 3378 confir-

46 3389 138 3413 mare,
158 3381 293 3424 spondere,
312 3389 392 3422 inquit
410 3387 536 3414 Donatus.
571 3386 654 3413 Plaut.
668 3386 727 3413 Mil.
740 3395 765 3419 2,
779 3394 802 3420 ς,
816 3394 857 3420 45.
927 3386 994 3412 Ter.
1008 3387 1072 3414 Eun.

49 3424 73 3450 ⁵1
85 3425 112 3448 9,
126 3425 156 3448 30
179 3416 222 3456 DQ
231 3418 368 3453 F1demita
379 3422 505 3450 futurum.
576 3422 649 3449 Idem
664 3423 728 3448 Hec.
742 3431 762 3454 1,
777 3431 799 3455 2,
811 3427 838 3454 38
859 3421 885 3448 Si
899 3421 967 3447 mihi
981 3422 1072 3448 Fidem

43 3451 95 3485 :¹1³8
109 3457 133 3477 te
150 3457 298 3491 tacituram,
312 3456 403 3484 dicam.
439 3464 494 3484 PH.
529 3457 561 3485 ad
580 3458 718 3492 ingenium
736 3458 826 3484 redis:
851 3456 943 3484 Fidem
963 3456 1014 3491 do,
1034 3458 1073 3484 lo-

49 3495 140 3522 quere·
209 3487 264 3513 Cle·
282 3488 421 3523 deKSenec’t.
436 3501 467 3527 73
500 3493 564 3520 Non
583 3494 621 3519 M.
634 3493 774 3526 Attilium‚
793 3493 840 3529 qui
861 3492 893 3519 ad
916 3493 1072 3527 supplicium

3 3545 8 3546 ν
46 3522 88 3550 -est
106 3522 253 3556 Ps0fss5h¹⁵2
267 3528 299 3562 *Vt
315 3525 403 3554 Fidem
421 3527 489 3555 hosti
507 3529 592 3556 datam
609 3529 782 3555 conseruaret.
876 3529 948 3555 Caes.
962 3529 1025 3555 Bell.
1040 3530 1072 3555 G.

45 3566 105 3619 {34
126 3559 181 3584 Hac
205 3563 325 3585 Orsstlone
344 3561 460 3595 adducti,
484 3564 553 3591 inter
573 3565 598 3590 se
626 3564 717 3591 Fidem
743 3570 769 3591 et
797 3564 980 3591 iusiurandum
1003 3564 1073 3591 dant.

46 3621 49 3624 Δ
86 3601 111 3618 ιι.
131 3601 170 3626 32,
207 3612 214 3619 .

51 3633 134 3655 munt·
160 3669 167 3671 ξ
204 3628 283 3655 Ouid·
304 3630 367 3655 Met·
385 3639 415 3663 2,
429 3638 471 3662 810
504 3650 547 3655 --
581 3635 687 3670 spinosis
708 3636 776 3670 ignis
795 3636 950 3670 supponitur
970 3635 1074 3667 herbis,

45 3664 126 3696 Quae
142 3672 227 3698 neque
242 3664 302 3690 dffllt
317 3665 456 3700 Flammas,
474 3675 518 3697 etc.
593 3671 728 3698 Fluctibus
747 3671 808 3698 dare
827 3672 867 3704 se,
883 3678 931 3706 pro
946 3672 1074 3706 Nauigare

50 3699 139 3726 Valer.
153 3700 250 3738 Argon.
266 3708 292 3734 7,
312 3702 351 3740 36.
449 3703 529 3732 Plaut.
546 3706 624 3733 Cure.
639 3714 711 3740 4,-1,
732 3715 760 3740 19
791 3706 843 3733 Sub
863 3705 1015 3738 veteribus,
1033 3706 1072 3732 ibi

52 3735 110 3761 sunt
130 3744 176 3769 qui
196 3735 275 3767 dant,
292 3744 400 3775 ¹quique
420 3738 546 3772 accipiunt
564 3742 672 3769 Fenore.
742 3742 832 3769 Tacit.
846 3743 912 3768 Arm.
934 3750 971 3773 11,
992 3749 1015 3775 13
1042 3742 1073 3767 Et

52 3769 109 3804 lege
123 3769 186 3800 lata,
206 3771 342 3797 saeuitiam
357 3769 516 3800 creditorum
527 3777 656 3811 co'etcuit,
673 3787 706 3805 ne
725 3778 754 3804 in
773 3783 859 3804 morte
877 3783 1013 3811 parentum
1033 3786 1074 3811 pe·
1081 3786 1128 3804 100

53 3806 141 3831 eunias
155 3805 216 3832 filiis
235 3807 397 3833 familiarum
421 3807 516 3834 Fenori
534 3810 631 3839 darent.
745 3814 849 3840 Lucret.
863 3821 883 3845 1,
899 3815 957 3838 1106
978 3814 1033 3839 Hac
1049 3815 1074 3839 Ie

49 3840 128 3878 turba
141 3841 221 3867 Foras
236 3841 316 3882 dabit.
388 3842 467 3869 Plaut-
481 3843 550 3870 Men.
562 3853 591 3878 4,
603 3856 625 3879 2²
638 3850 672 3880 96
697 3849 836 3875 Mulierem
854 3857 966 3883 aequum
980 3848 1016 3874 est
1030 3858 1074 3874 ve.

48 3873 200 3902 *stimentum
213 3877 341 3905 muliebre
353 3877 413 3904 dare
427 3878 505 3904 Foras
514 3898 522 3910 ,
536 3879 623 3906 virum
633 3883 728 3916 virile,
754 3885 807 3911 lm.
825 3885 923 3910 Vir-inis
935 3885 975 3910 vel
986 3885 1075 3910 asianis

53 3909 167 3936 mendum
180 3911 245 3938 dare.
348 3913 477 3953 Qiinffil.
490 3921 517 3948 7,
531 3923 549 3948 4
568 3914 639 3955 Sicut
649 3918 772 3952 Epicurus
781 3939 788 3950 ,
807 3920 853 3955 qui
867 3919 1005 3946 humanam
1019 3921 1075 3946 Deo

53 3944 177 3976 Formam
199 3946 340 3986 locumque
358 3955 428 3984 mter
447 3949 558 3982 mundos
582 3950 665 3990 dedit,

885 1830 981 1854 Dotem
998 1829 1068 1855 Ter.
1081 1836 1116 1862 43
1132 1837 1157 1862 ι,-
1178 1830 1267 1864 adfin.

1065 2367 1114 2392 ·6o

369 2716 400 2740 Et
416 2715 482 2741 Dari
500 2714 597 2740 dicitur
617 2714 730 2746 Fabula,
758 2722 839 2747 quum
858 2713 963 2746 agitur:
990 2713 1115 2746 stare,70
1133 2713 1211 2739 Catil.
1227 2721 1246 2744 1,
1261 2721 1297 2745 19.

1080 3430 1117 3454 90

251 3612 257 3619 .
293 3593 387 3622 Achaei
404 3605 493 3632 portus
507 3600 533 3626 et
545 3600 606 3627 dant
620 3600 756 3627 Fiduciam
768 3600 972 3635 postulantibus,
991 3605 1016 3626 et
1030 3599 1073 3625 de-
1088 3607 1120 3633 95

1132 1694 1243 1727 gratiam
1258 1693 1402 1724 redierint,
1422 1693 1527 1718 veniam
1548 1699 1574 1717 et
1587 1692 1775 1726 impunitatem
1790 1691 1900 1719 dandam
1915 1700 1988 1727 puto.
2061 1698 2178 1730 Qinct.

1132 1736 1153 1759 3,
1167 1730 1184 1753 6
1204 1728 1258 1760 Qui
1273 1736 1304 1753 ex
1319 1728 1422 1754 duobus
1435 1727 1561 1761 legitimis
1574 1727 1686 1752 alterurn
1701 1728 1731 1752 In
1738 1727 1916 1761 Adoptionem
1929 1728 2045 1762 dederat,
2059 1733 2176 1762 alterum

1131 1761 1308 1788 abdicauerat.
1416 1762 1492 1796 Virg.
1505 1762 1602 1794 Georg.
1617 1770 1646 1794 4,
1660 1766 1705 1793 528
1729 1763 1800 1788 Haec
1815 1763 1937 1795 Proteus,
1956 1772 1983 1791 et
2001 1767 2026 1792 se
2041 1768 2111 1794 iactu
2130 1769 2176 1795 de-

1132 1796 1171 1821 dit
1184 1797 1292 1829 Aequor
1312 1798 1343 1823 In
1356 1798 1447 1823 altum.
1518 1797 1549 1822 In
1562 1797 1659 1822 Aluum
1678 1805 1773 1831 aquam
1789 1797 1865 1830 dare,
1881 1807 1930 1834 pro
1944 1802 2049 1828 iniicere
2062 1804 2129 1830 Cels.
2144 1814 2178 1838 4,

1363 1833 1393 1857 In
1412 1832 1498 1858 luctus
1512 1832 1639 1858 Animum
1653 1832 1715 1858 dare
1736 1833 1818 1859 Ouid.
1831 1834 1896 1860 Met.
1910 1843 1943 1867 2,
1956 1841 2013 1868 384.
2082 1839 2176 1867 Senec.

1133 1863 1165 1890 de
1179 1865 1270 1891 Benef.
1283 1873 1311 1905 43,
1323 1874 1354 1897 32
1379 1868 1444 1900 Ego,
1464 1867 1537 1902 quod
1553 1868 1594 1893 cui
1609 1867 1720 1894 debeam
1733 1869 1787 1894 scio
1802 1880 1807 1894 :
1835 1869 1893 1895 aliis
1913 1870 1969 1903 post
1982 1871 2088 1906 longam
2101 1874 2177 1902 dienz

1131 1909 1250 1934 repono,
1269 1900 1328 1927 aliis
1348 1903 1378 1928 In
1393 1903 1568 1934 Antei-estium,
1588 1910 1633 1929 aut
1647 1910 1726 1937 prout
1743 1903 1843 1930 occatio
1865 1910 1890 1930 et
1908 1906 1949 1931 rei
1968 1906 2076 1934 facultas
2097 1910 2158 1936 tulit

1132 1939 1150 1961 i.
1170 1937 1230 1962 aliis
1245 1939 1328 1967 ctiam,
1341 1944 1471 1973 antequam
1484 1938 1588 1970 debeam,
1599 1938 1678 1974 sohm.
1722 1939 1988 1973 tsid.T11rneb.12,9.
2023 1943 2089 1969 Add.
2103 1929 2178 1977 303³

1134 1970 1201 1997 Cels.
1217 1973 1243 2002 6,
1256 1979 1273 2005 7
1296 1972 1335 1997 Ad
1350 1973 1465 1999 sonitum
1483 1973 1588 1998 aurium
1609 1974 1678 1999 intra
1692 1973 1718 1999 se
1733 1974 1815 2008 ipsas,
1834 1975 1866 2000 In
1879 1975 1978 2002 Aurem
1993 1977 2091 2005 dandus
2104 1981 2176 2007 radi-

458 2006 552 2040 Epulas
566 2005 665 2036 oculis,
684 2003 785 2039 Pascere
797 2005 878 2030 oculos
897 2004 977 2031 Plaut.
991 2006 1069 2031 Poen.
1083 2012 1115 2038 50
1133 2005 1205 2032 culae
1226 2007 1314 2032 succus
1334 2015 1393 2035 cum
1413 2009 1487 2040 rosa,
1504 2008 1546 2033 vel
1566 2016 1625 2034 cnm
1646 2009 1721 2034 succo
1740 2009 1834 2035 radicis
1854 2018 1885 2035 ex
1906 2019 2044 2039 cucumere
2062 2015 2179 2049 agresti,

1132 2041 1175 2067 vcl
1193 2041 1337 2068 castoreum
1355 2051 1387 2068 ex
1401 2049 1493 2083 aceto,
1514 2048 1539 2069 et
1557 2043 1649 2070 laureo
1668 2044 1739 2070 oleo.
1781 2078 1785 2082 ᾗ
1835 2045 1909 2078 Virg.
1927 2047 1992 2072 Aen.
2015 2056 2058 2081 12,
2081 2052 2126 2082 632
2149 2053 2177 2078 O

1132 2078 1224 2109 soror,
1244 2082 1269 2103 et
1283 2076 1382 2104 dudum
1395 2087 1509 2112 agnoui,
1535 2087 1617 2112 quum
1629 2079 1715 2112 prima
1728 2087 1775 2112 per
1791 2084 1874 2105 artem
1910 2081 2028 2109 Foedera
2047 2085 2158 2113 turbasti

1132 2118 1213 2141 teque
1232 2111 1294 2138 haec
1314 2113 1344 2138 In
1357 2113 1429 2139 Bella
1448 2113 1550 2139 dedisti.
1631 2113 1692 2139 Liu.
1713 2122 1760 2147 43,
1796 2134 1803 2140 .
1840 2134 1847 2141 .
1884 2115 2000 2144 Secunda
2018 2119 2127 2148 fortuna
2147 2107 2181 2151 ir:

1132 2143 1287 2173 conditione
1299 2146 1421 2174 honestae
1436 2149 1505 2182 pacis
1517 2154 1637 2175 vtcretur
1650 2149 1757 2184 potiuS,
1776 2158 1855 2184 quam
1876 2152 1919 2185 spe
1938 2161 2004 2180 vana
2023 2156 2129 2183 euectus
2146 2159 2180 2186 itt

1685 2186 1717 2213 In
1730 2185 1825 2211 Casum
1844 2186 1906 2213 dare
1926 2196 1998 2222 rem,
2019 2192 2179 2227 praelioque

1133 2218 1250 2251 experiri
1262 2217 1350 2244 statuit.
1363 2218 1430 2245 Tac.
1444 2220 1510 2245 Arm.
1525 2228 1560 2252 12,
1574 2228 1612 2252 14.
1719 2221 1751 2247 In
1762 2221 1879 2249 Caucam
1892 2222 1961 2250 dabo
1973 2230 1998 2252 te
2012 2226 2178 2264 Plaut.Capt,

1133 2261 1155 2287 1,
1172 2261 1198 2286 2,
1217 2261 1252 2287 ις.
1356 2254 1437 2281 Plaut.
1450 2255 1580 2281 Trinum.
1600 2264 1623 2288 3,
1636 2263 1660 2287 2,
1675 2257 1707 2289 σς

1333 2303 1378 2310 —
1413 2299 1446 2316 ne
1466 2290 1535 2316 mihi
1552 2290 1619 2317 hanc
1635 2292 1733 2318 famam
1746 2291 1884 2326 differant,
1903 2303 1945 2321 me

1235 2325 1394 2352 Germanam
1407 2334 1492 2352 meam
1505 2327 1625 2353 sororem
1640 2327 1669 2352 in
1681 2327 1895 2356 Concubinatum
1910 2330 1962 2357 tibi
1975 2331 2029 2359 fine
2043 2333 2106 2362 dote

1239 2361 1342 2388 Dedisse
1362 2362 1445 2395 magis
1467 2370 1546 2396 quam
1565 2362 1593 2388 in
1613 2363 1824 2390 matrimonium.

1133 2395 1202 2422 Ter.
1218 2396 1323 2423 Phorm.
1339 2405 1365 2428 1,
1385 2405 1407 2429 ς,
1421 2405 1451 2428 3ο
1482 2398 1568 2431 Ipsum
1590 2397 1674 2432 gestio
1692 2398 1750 2425 dari
1768 2399 1837 2425 mihi
1852 2401 1883 2426 In
1899 2401 2086 2437 Conspec‘tum.
2128 2404 2178 2432 Vbs

1136 2432 1271 2465 Donatus,
1287 2432 1352 2458 Non
1366 2431 1435 2458 dixit
1447 2434 1555 2464 venire,
1575 2439 1605 2460 vt
1618 2433 1703 2460 filium
1717 2444 1723 2460 :
1747 2434 1790 2460 sed
1804 2435 1875 2467 dari,
1893 2442 1922 2464 vt
1933 2447 2018 2464 reum.
2113 2432 2181 2467 Liu.

1134 2475 1147 2499 3
1157 2487 1165 2499 ,
1202 2486 1209 2493 .
1245 2487 1252 2494 .
1288 2468 1428 2501 Insequens
1442 2467 1497 2494 dies
1511 2468 1613 2494 hostem
1625 2470 1656 2495 In
1670 2470 1845 2503 Conspectum
1860 2470 1941 2497 dedit.
2012 2474 2043 2499 In
2060 2474 2177 2509 Conspe.

1136 2501 1209 2528 &um
1222 2503 1332 2529 alicuius
1348 2504 1373 2529 se
1388 2504 1450 2530 dare
1470 2504 1526 2530 Cic.
1541 2505 1617 2529 Verr.
1631 2511 1654 2536 ς,
1673 2506 1705 2534 86
1726 2514 1747 2530 c.
1761 2513 1796 2536 33.
1870 2507 1901 2530 Et
1920 2505 1951 2531 de
1966 2507 2028 2533 Diu.
2047 2516 2071 2540 1,
2086 2518 2117 2542 41
2145 2520 2176 2537 ex

2016 2544 2071 2570 Cic.
2093 2546 2121 2570 in
2156 2546 2178 2568 '-

1133 2574 1189 2599 son.
1202 2576 1234 2603 68
1254 2574 1333 2600 Dedit
1351 2575 1377 2599 se
1390 2575 1419 2599 In
1433 2573 1665 2603 Consuetudinem,
1684 2572 1716 2598 fic
1730 2579 1758 2599 vt
1772 2575 1877 2607 prorsus
1896 2584 1947 2602 vna
1959 2577 2072 2605 viueret.
2133 2546 2178 2608 fiis

1134 2608 1272 2634 Creditum
1287 2607 1348 2635 dare
1367 2609 1504 2642 pecuniam
1524 2608 1605 2633 alicui
1616 2607 1736 2634 'Iulianus
1757 2609 1785 2634 in
1805 2609 1823 2636 l.
1837 2619 1891 2636 non
1905 2613 1992 2639 omnis
2011 2619 2037 2639 et
2054 2615 2071 2640 l.
2091 2615 2109 2641 fi
2122 2616 2177 2644 tibi

1134 2644 1167 2669 D.
1187 2643 1205 2668 fi
1228 2649 1329 2669 certum
1353 2648 1464 2677 petatur.
1570 2643 1630 2670 Liu.
1646 2652 1666 2678 1,
1684 2652 1704 2676 4
1727 2644 1852 2671 Sacerdos
1871 2646 1960 2673 vincta
1976 2649 2007 2674 In
2019 2649 2177 2680 Custodiam

1133 2678 1218 2704 datur.
1289 2679 1320 2704 Et
1338 2677 1404 2713 apud
1422 2678 1478 2704 Cic.
1491 2679 1567 2705 Verr.
1588 2686 1617 2711 ς,
1636 2680 1676 2708 68.
1784 2680 1815 2706 In
1834 2681 1987 2709 Custodiam
2006 2684 2032 2710 se
2051 2685 2124 2713 Idem
2144 2689 2176 2714 in

1368 2713 1454 2739 Senec.
1468 2714 1546 2747 Epist.
1563 2721 1600 2746 115¹
1625 2713 1651 2739 Si
1665 2713 1802 2748 disciplina
1815 2716 1929 2743 ciuitatis
1942 2718 2090 2753 laborauit,
2109 2728 2135 2748 et
2147 2723 2176 2750 se

1133 2749 1164 2774 In
1177 2748 1290 2775 Delicias
1305 2746 1392 2780 dedit,
1408 2754 1591 2782 argumentum
1604 2748 1640 2780 est
1655 2749 1777 2776 luxuriae
1792 2752 1920 2778 orationis
1934 2753 2049 2782 lasciuia.
2104 2758 2164 2785 Tac

1133 2785 1200 2810 Ann.
1210 2792 1232 2815 2,
1248 2792 1272 2809 ιι
1292 2784 1385 2810 Caesar
1397 2784 1449 2810 nisi
1458 2784 1592 2818 pontibus,
1612 2784 1798 2820 praeiidiisque
1814 2786 1942 2822 impositis
1960 2789 2021 2817 dare
2034 2793 2064 2817 In
2076 2779 2176 2821 Discri:

1135 2827 1195 2844 men
1220 2819 1336 2852 legiones
1364 2818 1434 2845 haud
1458 2820 1660 2853 imperatorium
1683 2826 1774 2854 ratus,
1809 2824 1926 2852 equitem
1951 2826 2018 2852 vado
2040 2829 2178 2857 tramittit.

1133 2854 1215 2880 Plaut.
1229 2854 1310 2880 Trin.
1323 2862 1347 2886 3,
1367 2863 1387 2886 ι,
1407 2863 1425 2887 4
1453 2855 1512 2881 Sine
1533 2855 1611 2888 dote,
1631 2856 1677 2882 ille
1697 2856 1770 2883 illam
1789 2858 1819 2883 In
1834 2854 1921 2886 ’tantas
1941 2860 2056 2888 Diuitias
2078 2864 2152 2891 dabit
2164 2867 2178 2892 Ξ

1040 2890 1071 2915 Et
1084 2896 1116 2924 75
1134 2889 1201 2915 Ter.
1216 2890 1280 2916 Eun.
1294 2898 1324 2921 2,
1344 2898 1364 2921 3,
1383 2897 1413 2924 73
1446 2891 1470 2916 Ο
1483 2891 1648 2917 fortunatum
1668 2891 1746 2918 istum
1760 2893 1931 2927 Eunuchum,
1955 2897 2002 2930 qui
2017 2898 2124 2932 quidem
2142 2902 2175 2927 In

1134 2924 1199 2950 hanc
1218 2925 1294 2952 detur
1312 2926 1438 2952 Domum.
1528 2927 1611 2953 Iulius
1625 2927 1731 2953 Firmic.
1746 2936 1768 2960 3,
1784 2936 1798 2960 ,-
1822 2929 1869 2956 Sed
1885 2937 1910 2957 et
1924 2939 1973 2965 ego
1987 2932 2055 2964 scio,
2076 2936 2175 2963 multos

1132 2961 1163 2987 In
1176 2960 1292 2987 Exilium
1305 2960 1388 2992 datos,
1401 2968 1426 2987 et
1438 2961 1505 2987 bene
1523 2969 1549 2988 et
1564 2962 1666 2989 strenue
1680 2963 1847 2998 Respublicas
1860 2966 2053 2994 administrass'e.
2096 2972 2176 2998 Varr-

1134 2995 1166 3022 de
1180 2997 1210 3022 1¹..
1225 2997 1255 3022 R.
1269 3005 1291 3029 3,
1305 3003 1318 3028 ς
1345 2996 1482 3030 Sexaginta
1506 2997 1591 3024 millia
1611 2999 1731 3032 quamuis
1751 3000 1837 3026 statim
1857 3003 1887 3027 In
1907 3003 1991 3029 Fenus
2010 3003 2053 3030 des
2072 3005 2175 3035 licebit.

1133 3033 1164 3057 In
1178 3033 1276 3066 Fugam
1296 3032 1337 3063 se,
1358 3033 1448 3068 Fugere
1463 3043 1470 3057 .·
1501 3040 1524 3058 et
1537 3034 1606 3060 Dare
1621 3034 1737 3068 aliquem
1754 3036 1785 3061 In
1801 3037 1915 3070 Fugam,
1932 3045 1979 3072 pro
1997 3040 2106 3075 Fugare,
2119 3042 2181 3074 fluo.

981 3073 997 3101 7
1022 3068 1072 3093 Da-
1085 3072 1116 3098 80
1133 3075 1271 3093 conuertere
1290 3070 1317 3093 in
1331 3067 1431 3103 fagum.
1469 3068 1539 3095 Caes.
1561 3069 1625 3095 Bell.
1640 3070 1707 3096 Gall.
1721 3078 1748 3102 ς,
1767 3079 1803 3103 49
1830 3072 1962 3099 Celeriter
1979 3073 2063 3100 hostes
2081 3077 2124 3102 dat
2140 3079 2175 3103 Itt

1135 3104 1241 3136 Fugam.
1286 3138 1291 3142 Ι
1313 3103 1368 3129 Cic.
1383 3104 1459 3143 Verr.
1473 3112 1545 3144 4395
1561 3114 1583 3132 c.
1596 3114 1628 3138 43
1650 3106 1718 3131 Dant
1731 3107 1783 3131 sese
1799 3107 1830 3132 In
1843 3107 1940 3141 Fugam
1954 3108 2026 3135 istius
2045 3112 2179 3144 praeclari*

1136 3139 1305 3172 Imperatoris
1320 3138 1444 3165 noehirnt
1456 3140 1564 3166 1ml1tes.
1635 3142 1665 3166 In
1680 3140 1797 3167 Gradum
1817 3142 1930 3169 militiae
1949 3150 2096 3173 extremum
2112 3146 2174 3174 dar?

1136 3174 1204 3200 Ter.
1219 3174 1340 3200 Clemens
1355 3174 1381 3199 in
1396 3174 1412 3200 l.
1427 3175 1473 3201 vlt.
1501 3176 1532 3202 D.
1554 3175 1585 3202 de
1601 3176 1699 3202 custod.
1711 3185 1781 3204 reor.
1869 3179 1900 3204 In
1918 3179 2028 3206 Lectum
2048 3171 2176 3212 moerore¹

1135 3209 1264 3236 dabantur
1277 3210 1381 3235 Lucret.
1396 3213 1422 3242 6,
1435 3219 1508 3246 1247.
1579 3212 1610 3237 In
1624 3212 1754 3238 Mandatis
1775 3212 1890 3246 aliquid,
1910 3212 1943 3246 est
1956 3216 2061 3250 Aliquid
2071 3217 2176 3252 facien-

537 3244 664 3277 SatFatis‚
683 3246 833 3279 Venerique
847 3244 937 3271 datum
948 3244 983 3270 est
996 3245 1071 3278 Virg.
1089 3251 1118 3280 85
1134 3244 1208 3277 dum,
1225 3246 1265 3271 vel
1275 3244 1405 3272 dicendum
1421 3250 1583 3272 committere:
1611 3247 1675 3281 quod
1685 3254 1708 3272 et
1720 3248 1843 3275 A‘landare
1859 3248 1968 3275 dicitur:
1986 3251 2176 3289 Plaut.Amph.

1136 3281 1205 3315 prol.
1218 3286 1252 3310 81.
1320 3281 1400 3307 Ouid.
1415 3281 1491 3315 Epist.
1505 3291 1542 3313 21,
1557 3290 1606 3314 240
1630 3283 1725 3317 Doque
1738 3283 1823 3309 libens
1837 3284 1918 3311 vietas
1935 3286 1964 3311 In
1983 3291 2026 3312 tua
2042 3294 2103 3315 vota
2116 3291 2178 3317 Ma.

1135 3325 1191 3342 nus.
1254 3315 1317 3353 Cic.
1330 3315 1406 3356 Offic.
1425 3325 1451 3348 2,
1464 3320 1498 3342 60
1519 3318 1686 3352 Qiamquam
1699 3318 1771 3345 enini
1787 3319 1858 3353 quod
1872 3321 1988 3353 praesens
2002 3327 2128 3357 tanquam
2142 3327 2177 3355 In

1135 3352 1216 3378 Manu
1237 3351 1327 3383 datur,
1347 3352 1487 3378 iucundius
1505 3352 1556 3384 cst,
1577 3359 1681 3386 tamen,
1699 3361 1742 3380 cte.
1832 3355 1900 3381 Ter.
1917 3355 2019 3382 Phorm.
2039 3367 2072 3391 4,
2091 3369 2119 3392 3,
2138 3370 2175 3395 29

1135 3386 1192 3413 Eho
1205 3387 1247 3413 dic
1261 3386 1325 3421 quid
1339 3387 1405 3413 velis
1420 3387 1477 3414 dari
1492 3387 1543 3413 tibi
1555 3389 1586 3414 In
1600 3389 1715 3419 Manum,
1728 3396 1757 3416 vt
1770 3389 1847 3416 herus
1861 3389 1960 3416 defistat
1973 3391 2082 3421 litibusZ
2125 3397 2176 3424 Vbi

1137 3423 1269 3455 Donatus,
1288 3423 1363 3449 datur
1375 3423 1400 3449 ei
1415 3424 1445 3448 In
1457 3423 1582 3456 Manum,
1602 3425 1649 3458 qui
1662 3425 1799 3458 separatim
1812 3425 1919 3459 accipit,
1938 3426 1991 3452 tine
2011 3428 2119 3458 arbitro
2128 3439 2175 3460 ant

1135 3457 1278 3492 interprete
1294 3468 1299 3484 :
1324 3464 1351 3484 vt
1368 3459 1564 3493 praeuaricator
1580 3466 1624 3486 aut
1644 3460 1722 3486 iudex
1740 3465 1886 3494 corruptus.
1976 3462 2066 3491 Tacit.
2080 3475 2100 3500 4
2123 3468 2175 3495 Da-

1137 3499 1177 3520 tos
1195 3496 1226 3520 In
1250 3494 1359 3520 Manum
1381 3494 1489 3521 milites.
1577 3496 1608 3521 In
1624 3496 1716 3522 Manus
1736 3495 1874 3521 hominnm
1893 3495 2009 3532 aliquid,
2027 3499 2061 3532 est·
2077 3503 2177 3539 aliquid

1136 3529 1218 3562 edere,
1240 3529 1304 3564 quod
1321 3532 1348 3555 in
1367 3539 1453 3556 manus
1466 3530 1589 3556 hominum
1604 3534 1752 3565 perueniat:
1776 3530 1841 3557 Ptin.
1855 3531 1932 3566 Epist.
1947 3541 1999 3569 137.
2067 3538 2098 3564 In
2116 3540 2174 3566 Ma-

1137 3574 1201 3591 num
1220 3565 1300 3591 alicui
1320 3564 1454 3599 virginem
1471 3565 1533 3592 dare
1553 3566 1619 3592 Ter.
1635 3566 1715 3592 Andr.
1730 3574 1749 3597 1,
1765 3574 1786 3597 5,
1805 3568 1845 3598 63.
1885 3567 1934 3594 Vbi
1948 3568 2066 3597 Donatus
2102 3574 2174 3601 Con.

1138 3600 1256 3626 firmatae
1270 3601 1329 3626 sunt
1342 3601 1475 3635 legitimae
1494 3601 1600 3635 nuptiae
1619 3610 1665 3635 per
1683 3601 1710 3626 in
1731 3609 1837 3627 manum
1855 3593 2082 3634 conueiltionem.‚
2141 3612 2175 3638 In

1137 3635 1339 3662 Matrimonium
1361 3636 1421 3663 Liu.
1435 3645 1476 3671 37,
1513 3655 1519 3662 .
1558 3656 1564 3662 .
1634 3636 1706 3662 Caes.
1721 3636 1784 3662 Bell.
1799 3637 1867 3664 Gall.
1882 3647 1901 3671 ι,
1914 3647 1927 3664 2
1955 3641 1986 3666 Ei
1999 3641 2081 3670 filiam
2100 3645 2174 3674 suam

1137 3671 1169 3697 In
1182 3670 1385 3697 Matrimonium
1403 3671 1453 3698 dat.
1523 3671 1581 3698 Liu.
1596 3673 1628 3703 6,
1664 3691 1670 3696 .
1712 3690 1718 3696 .
1756 3672 1796 3698 An
1814 3673 1925 3706 placeret
1950 3675 2044 3704 fenore
2064 3680 2174 3707 circurn-

1136 3713 1241 3732 ventam
1261 3705 1381 3740 plebem,
1400 3708 1429 3733 ni
1449 3707 1535 3742 potius
1554 3715 1631 3740 quam
1652 3707 1747 3732 sortem
1766 3708 1892 3737 creditam
1911 3710 2011 3745 soluat,
2031 3723 2123 3751 corpus
2142 3717 2174 3745 In

1138 3741 1262 3769 Neruum
1276 3750 1305 3768 ac
1316 3742 1442 3777 supplicia
1462 3742 1521 3767 darc
1536 3742 1544 3766 ἓ
1615 3742 1681 3768 Ter.
1697 3742 1777 3770 Andr.
1794 3751 1816 3776 ς,
1832 3753 1851 3777 ι,
1871 3753 1888 3777 9

1283 3776 1325 3803 Ah
1339 3779 1453 3812 rogitas?
1476 3775 1614 3810 perpulisti
1627 3786 1684 3809 me,
1698 3784 1727 3804 vt
1747 3778 1851 3806 homini
1864 3780 2058 3810 adolescentulo

1282 3814 1313 3839 In
1327 3814 1380 3839 alio
1397 3818 1521 3846 occupato
1535 3820 1640 3845 amore,
1651 3813 1806 3841 abhorrenti
1819 3816 1852 3842 ab
1865 3826 1894 3843 re
1908 3819 2017 3851 vxoria,

1281 3848 1377 3874 Filiam
1390 3848 1477 3874 darem
1488 3848 1519 3873 In
1533 3846 1688 3875 seditionem
1700 3855 1777 3884 atque
1792 3852 1902 3879 incertas
1917 3853 2039 3887 Nuptias.

1138 3883 1194 3910 Cic.
1209 3882 1240 3908 de
1253 3883 1327 3909 Orat.
1340 3892 1362 3915 3,
1378 3885 1409 3915 56
1435 3882 1605 3922 Eloquentia,
1629 3886 1769 3919 varietate,
1790 3889 1883 3922 copia,
1901 3897 2085 3924 quamcunque
2102 3890 2128 3916 se
2140 3890 2171 3916 In

1137 3920 1238 3945 Partem
1255 3918 1375 3948 dedisset,
1397 3918 1474 3944 facile
1487 3926 1615 3954 princeps·
1710 3919 1770 3948 Liu.
1790 3928 1818 3954 8,
1856 3944 1862 3950 .
1900 3943 1906 3949 .
1942 3924 2072 3959 Pactoque
2083 3925 2172 3952 reditu

730 3955 806 3997 jer.
824 3954 930 3990 Fthffl·
944 3962 974 3992 5,
993 3957 1026 3991 6,
1042 3954 1288 3993 45105pr0miffum
1302 3953 1337 3983 est
1350 3962 1438 3989 regem
1453 3960 1501 3980 aut
1513 3954 1608 3994 viuum
1622 3960 1667 3990 eut
1681 3963 1821 3990 mortuum
1840 3960 1871 3987 In
1883 3958 2036 3988 Potest-atem
2054 3959 2172 3986 daturos.

1442 3988 1554 4032 932

2109 3995 2171 4023 Liu.
