2479 4225
282 182 355 223 995
674 157 960 205 {MP
1737 154 2022 196 1MP
2340 127 2422 219 993

283 260 315 286 de
329 257 418 285 Diuin.
432 264 451 289 1,
467 262 505 288 115
518 264 539 281 c.
549 261 574 288 51
601 253 681 288 Viget
694 253 764 279 enim
779 250 880 277 animus
893 247 921 273 in
935 247 1052 280 somniis,
1072 247 1195 281 liberque
1208 243 1321 272 senfibun
1381 245 1440 273 dam
1454 245 1619 273 affeffionem
1630 244 1714 271 animi
1729 243 1814 281 facere
1826 243 1928 278 aliquid
1941 243 2075 271 hortatur:
2109 248 2139 272 vt
2160 251 2250 284 atuor,
2268 237 2427 283 'iracundi‘ffi

281 294 315 320 ab
340 293 413 319 omni
432 290 604 326 impeditione
625 297 746 316 curarum
776 287 876 311 iacente
907 288 933 309 et
965 291 1046 317 paene
1072 290 1180 309 mortuo
1199 289 1319 316 corpore·
1381 282 1535 317 aegritudo,
1556 288 1602 308 ete.
1630 299 1632 301 »
1669 282 1701 307 Et
1713 290 1766 306 mox
1780 280 1834 312 s.19
1854 280 1922 314 Ergo
1935 280 2067 306 accusator
2079 288 2138 306 cum
2150 279 2252 319 aliquid
2266 278 2402 318 impuli-io,

282 328 390 355 Viti-uu.
410 335 443 360 9,
464 335 482 360 4
518 325 628 353 Veneris
648 324 724 351 Stella
743 329 801 347 cum
821 319 857 345 est
872 318 985 346 liberata
999 317 1032 346 ab
1045 318 1222 354 impeditione
1235 316 1321 344 radio·
1382 317 1481 344 fastum
1495 318 1542 344 else
1557 317 1640 348 dicet,
1657 316 1735 342 illum
1748 317 1892 350 impetum,
1917 321 1942 341 et
1955 313 2085 349 quandam
2098 321 2306 341 commotionem
2320 322 2400 341 animi
2418 311 2448 355 ,⁵7:33

281 373 342 391 rum
361 362 431 389 solis.
1383 352 1602 387 affeffionemque
1616 351 1704 378 verbis
1722 356 1748 377 et
1766 350 1900 377 sententiis
1917 350 2075 384 amplificare
2095 350 2210 377 debebit.
2304 350 2335 375 Et
2353 349 2372 375 s.
2385 345 2448 377 [Q

318 405 328 424 1
337 405 361 424 M
370 406 385 425 P
395 404 438 424 ΕΒ
447 403 456 422 1
465 404 490 424 M
500 404 516 424 E
525 403 547 422 N
559 403 580 423 T
592 404 612 422 v
620 402 644 421 M
653 414 660 426 ,
681 394 699 418 i.
719 400 745 417 n.
783 386 930 423 [ἐμπόδιον]
966 389 1059 415 dicitur
1068 409 1076 421 ,
1097 387 1217 424 quidquid
1229 384 1262 419 est
1276 395 1322 421 quo
1347 397 1361 423 ς
1384 388 1452 414 Cum
1465 394 1553 415 autem
1565 397 1620 414 non
1635 386 1802 421 impulfione,
1815 395 1908 413 verum
1923 385 2127 412 ratiocinatione
2139 385 2258 419 aliquem
2271 367 2447 419 commistis}

281 437 338 469 quis
349 433 498 468 impeditur,
517 439 546 458 vt
558 441 604 456 non
614 428 729 464 perficiat
741 426 805 462 quoii
818 429 895 460 cupit.
952 425 1019 451 Ter.
1034 423 1114 450 Andr.
1124 433 1149 457 4,
1164 432 1189 456 2,
1202 431 1237 455 24
1260 422 1322 448 Pro·
1385 422 1449 457 quid
1462 423 1541 457 dicet,
1553 431 1599 450 etc.
1693 421 1732 449 Id.
1746 421 1778 448 de
1790 422 1862 448 Orat.
1877 430 1899 454 3,
1913 427 1950 451 118
1963 431 1984 447 c.
1992 430 2023 453 30
2058 421 2278 451 Cohortationes,
2298 420 2427 454 01311119..υ
2438 421 2449 455 ’;

281 469 345 496 inde
359 469 421 496 hinc
433 477 480 495 vos
494 464 656 494 amolimini,
675 471 735 487 113111
748 461 817 487 1111111
835 460 1027 496 impedimento
1041 460 1110 486 estis.
1218 458 1321 484 inferre
1383 459 1469 485 tiones
1479 479 1487 492 ,
1505 459 1713 490 consolationes,
1732 458 1913 483 miserationes
1922 476 1930 489 ,
1949 457 2088 491 omnisque
2100 456 2133 482 ad
2146 465 2251 483 omnem
2265 456 2348 482 animi
2367 455 2449 482 mvl²=l

282 513 386 531 moram
404 511 429 531 et
443 503 657 538 impedimentum
670 497 751 523 alicui
777 497 833 524 Cic.
847 497 879 524 de
892 498 995 523 Inuent.
1014 505 1033 528 1,
1049 504 1083 521 12.
1151 493 1323 528 Legitimum,
1384 499 1441 520 tum
1454 501 1480 520 et
1493 495 1632 529 impulsio,
1657 500 1698 526 et,
1721 493 1739 519 fi
1758 493 1794 519 ita
1806 501 1847 519 res
1861 493 1944 524 feret,
1963 492 2106 527 mitigatio.
2198 491 2323 518 hidufflo
2337 496 2362 518 et
2374 491 2400 518 in
2410 491 2449 519 >l

281 540 338 566 vid.
358 547 373 565 L
383 547 434 566 fix.
503 534 721 570 impedimentum
735 533 789 567 pati
820 532 886 559 Plin.
901 532 978 567 Epist.
991 540 1022 562 2,
1036 540 1068 557 12.
1110 529 1170 557 Vici.
1191 535 1321 556 PATIOR.
1385 529 1469 564 pulsio
1480 530 1511 556 in*
1522 530 1683 557 hilaritatem
1709 529 1766 555 Cic.
1782 528 1814 555 de
1827 529 1900 554 Orat.
1914 536 1936 560 3,
1952 536 2000 561 203
2014 536 2079 561 053·
2413 530 2416 534 ·
2430 526 2444 553 31

283 576 336 602 Effe
351 574 538 610 impedimento
570 570 624 596 Cic.
638 577 687 603 pro
708 569 788 595 Corn.
803 568 876 595 Balb.
915 589 921 594 .
960 587 966 593 .
1020 569 1050 593 it.
1064 575 1114 601 pro
1128 566 1152 591 S.
1165 565 1241 591 Rosc.
1259 573 1280 589 c.
1296 572 1322 597 4.
1339 576 1368 594 10
1422 571 1432 590 1
1442 571 1467 591 M
1478 566 1597 592 P'VLSO
1608 572 1625 590 R
1635 584 1641 595 ‚
1661 564 1725 591 oris.
1748 573 1782 590 m.
1838 564 1889 598 Qi
1906 567 1997 590 incitat
2017 571 2040 590 et
2058 562 2162 598 impellit
2174 562 2207 588 ad
2222 560 2392 597 aliquidfaci
2418 563 2437 596 3¹.

283 610 344 638 Liu.
358 620 386 644 4,
400 618 423 641 13
434 615 475 643 pr.
578 604 719 639 Superabat
732 603 921 639 impedimenta
934 608 1058 635 naturae,
1072 601 1227 635 diligentia,
1246 599 1322 625 indu-
1385 598 1451 627 dum.
1504 601 1573 629 Ter.
1586 602 1650 627 Eun.
1664 608 1687 633 5,
1702 602 1728 632 6,
1744 605 1769 629 18
1796 600 1881 629 Here,
1901 608 1934 624 ne
1946 608 1988 625 me
2003 599 2116 633 speeies:
2151 606 2193 624 me
2207 598 2348 632 impulsore
2362 597 2423 624 has

281 646 396 680 striaque
407 640 592 670 Demosthenes
625 641 681 666 Cic.
695 639 726 666 de
741 640 814 666 Orat.
824 648 844 672 1,
857 641 909 666 260
922 641 990 664 t.61.
1146 634 1166 673 q
1187 644 1202 662 2
1238 636 1322 669 Impe-
1384 644 1439 662 non
1456 635 1528 663 fecit.
1634 636 1778 669 Impulsore
1797 635 1908 661 Chresto
1937 634 2006 661 Suet.
2027 634 2119 661 Claud.
2140 643 2162 660 c.
2184 642 2218 667 25.
2291 633 2385 659 Suasor
2402 644 2413 654 ·-

283 682 412 711 dimenta,
429 681 456 703 in
469 680 576 703 exercitu
591 676 708 702 dicuntur
719 677 783 708 Res,
803 684 862 710 quac
881 673 1050 700 conducuntur
1069 675 1097 698 in
1116 671 1267 706 expeditione
1283 680 1322 696 ne·
1385 671 1513 706 impulsor
1527 671 1700 706 profeffionis
1713 679 1786 697 meae
1812 670 1867 696 Cic.
1881 672 1934 696 Att.
1951 671 1989 703 16,
2002 677 2028 705 7.
2142 669 2273 704 Impulsor
2291 675 2369 704 atque
2381 668 2413 695 ad

282 715 402 749 ceffiiriae.
457 714 489 738 Et
500 711 635 747 nonsolum
648 711 782 743 Sarcinae,
795 710 843 746 sed
854 713 926 736 etiam
941 711 1068 740 Iumenta,
1087 707 1274 741 impedimenta
1286 706 1324 732 di·
1386 707 1459 734 iutor
1484 707 1556 734 Idem
1571 707 1602 734 de
1616 707 1736 733 Prouinc.
1751 706 1857 732 Consul.
1874 711 1907 736 18.

281 757 371 778 cuntur
381 759 388 773 .·
423 754 452 774 vt
464 748 532 773 docet
546 748 686 774 Frontinus
700 747 850 779 Stratagem.
866 754 888 777 2,
903 753 922 775 1,
936 753 957 770 11
969 744 1083 780 scribens
1096 744 1171 769 fuiffe
1184 741 1323 768 interfeela
1340 747 1366 774 15
1420 749 1429 767 i
1438 749 1486 769 MP
1495 749 1559 769 VLs
1569 750 1589 769 T
1599 750 1617 768 R
1628 750 1636 767 1
1646 750 1663 768 x
1676 761 1684 773 ,
1719 742 1749 768 ab
1762 741 1925 775 impellendo
1939 740 2045 766 Nonius
2058 748 2084 771 2,
2099 742 2142 773 631
2168 740 2223 767 dici
2229 739 2322 775 probat
2335 737 2397 765 eade
2414 752 2426 768 ις

279 795 295 813 a
306 784 408 812 Petreio
423 782 611 817 impedimenta
625 783 653 808 in
666 791 757 815 magna
769 790 898 815 aquarum
914 786 939 806 et
953 780 1043 814 pabuli
1056 780 1154 813 inopia.
1214 777 1323 804 Curtius
1385 777 1488 809 forma,
1505 787 1554 813 qua
1569 778 1715 809 Tonstrix,
1736 777 1876 808 Curatrix‚
1898 776 2036 808 Affestrix,
2059 782 2105 802 etc.

280 822 351 853 4,»16
364 825 426 847 extr.
450 819 548 852 Magno
560 818 669 844 consilio
684 817 812 844 iacturam
826 816 996 847 sarcinarum,
1017 815 1323 849 impedimentorumque
1420 820 1431 839 1
1440 820 1465 840 Μ
1477 820 1492 839 1³
1502 820 1519 840 E
1528 822 1548 841 N
1557 820 1575 840 D
1586 821 1601 840 E
1611 821 1645 845 ο,
1665 813 1709 845 di,
1728 813 1783 839 sum
1793 833 1800 844 ,
1823 816 1876 839 e‘re.
1914 812 2120 848 [ἒπικρέμαμαι]
2172 812 2234 837 Plus
2248 818 2318 846 quam
2333 807 2434 846 Instar

280 853 423 881 contemsit.
496 854 568 881 Caes.
583 854 611 880 B.
627 854 659 879 G.
675 862 699 885 1,
712 855 746 879 26
777 852 862 878 Alteri
876 851 906 877 ad
925 850 1112 884 impedimenta
1123 856 1149 876 et
1163 858 1249 876 carros
1264 850 1323 874 suos
1385 846 1433 880 est,
1460 850 1539 884 Supra
1551 856 1623 885 caput
1635 850 1712 875 velun·
1725 858 1753 874 ca
1768 858 1837 875 urum
1846 848 1961 883 pendere.
2066 847 2123 873 Cic.
2136 846 2167 872 de
2181 845 2239 872 Fin.
2257 855 2286 878 1,
2304 847 2339 871 60
2364 848 2446 884 c.12,3¹3⁴

279 891 305 916 se
317 890 493 916 contulerunt.
587 889 642 915 Cic.
656 889 732 914 Verr.
746 897 772 921 4,
785 896 818 913 22
840 888 925 913 Etiam
938 892 993 912 erat
1006 886 1114 912 inimica
1128 885 1323 920 improborum,
1385 884 1494 910 Accedit
1512 885 1592 912 etiam
1613 893 1700 916 mors,
1727 892 1794 918 quae
1808 883 1880 918 quasi
1897 884 1988 910 saxum
2003 882 2136 914 Tantalo,
2164 882 2265 916 semper
2284 881 2447 918 impendetffi

279 934 346 960 quae
359 926 388 952 C.
402 924 511 951 Catonis
524 924 596 951 illius
607 944 615 956 ,
634 924 681 958 qui
696 923 794 950 Consul
808 923 875 955 fuit,
894 921 1082 956 impedimenta
1096 921 1223 954 retinuit,
1245 919 1273 946 de
1289 923 1323 945 ci·
1334 928 1369 946 20
1385 919 1458 946 Idem
1471 920 1552 947 Tusc.
1568 929 1589 954 5,
1602 924 1640 946 62.
1677 926 1700 946 et
1713 928 1746 952 4,
1761 927 1788 952 35
1807 929 1828 945 c.
1844 921 1880 945 16.
1951 918 2122 953 Impendebat
2140 926 2216 944 mons
2229 916 2363 944 altiffimus
2399 923 2431 944 νΧἼ
2444 919 2449 952 ⁴,

276 964 358 987 vitate
372 961 535 987 Mamertina.
589 959 694 986 Abdere
707 958 896 994 impedimenta
920 957 993 984 Caes.
1008 957 1078 983 B.'G.
1092 964 1119 991 7,
1133 962 1167 986 18.
1229 955 1325 982 Amissa
1386 955 1463 981 facile
1475 957 1597 990 perpauci
1610 955 1753 990 prohibere
1767 955 1865 989 possent
1894 954 1966 980 Caes.
1981 954 2012 980 B.
2025 954 2057 979 G.
2070 962 2089 984 1,
2103 955 2170 988 6pr.
2277 952 2350 979 Idem
2361 936 2418 980 ibid
2437 977 2446 989 .·

278 997 354 1023 Curt.
368 1004 400 1029 4,
415 1003 456 1028 15,
470 1004 506 1022 12.
622 995 761 1022 Collocare
789 995 862 1021 Caes.
875 994 904 1021 B.
920 994 952 1019 G.
965 1001 990 1024 2,
1008 1001 1044 1025 19.
1140 992 1264 1026 Diripere
1287 991 1324 1018 Id.
1387 999 1409 1023 3,
1422 998 1487 1026 apr.
1520 992 1676 1026 Montesque
1690 992 1738 1025 qui
1750 989 1949 1026 impenderent,
1967 998 1981 1016 a
1999 990 2114 1016 maxima
2127 988 2301 1015 multitudine
2315 987 2441 1027 Sedunoff‘

278 1031 345 1058 ibid.
361 1041 381 1062 2,
396 1039 433 1065 17.
506 1030 615 1066 Direpta
641 1032 716 1058 Curt.
731 1040 758 1063 4,
773 1038 807 1063 15,
820 1038 862 1056 22.
957 1029 1059 1055 Exuere
1084 1028 1155 1054 Caes.
1170 1028 1238 1054 B.G.
1251 1035 1277 1061 7,
1287 1035 1326 1060 14·
1388 1035 1448 1053 rum
1461 1035 1490 1053 ae
1502 1028 1683 1062 Veragrorum
1696 1027 1790 1054 teneri.
1897 1027 1945 1052 Per
1960 1026 2159 1052 translationem:
2201 1024 2257 1050 Cic.
2277 1023 2309 1050 de
2322 1024 2445 1056 Amicitia,-

277 1067 363 1094 Potiri
377 1066 575 1101 impedimentis
602 1066 640 1092 Id.
655 1067 721 1093 ibid.
737 1076 762 1098 3,
782 1074 822 1098 24.
927 1064 1054 1099 Recipere
1065 1063 1256 1098 impedimenta
1286 1061 1337 1096 ld„
1387 1070 1415 1094 35
1447 1063 1519 1089 Haec
1536 1063 1573 1089 ita
1587 1062 1669 1090 multa
1682 1062 1754 1097 quali
1773 1062 1830 1088 fato
1845 1061 1999 1095 impendere
2012 1060 2151 1087 amicitiis:
2186 1066 2214 1086 vt
2227 1060 2318 1086 omnia
2331 1052 2451 1094 subter-Q

277 1102 347 1130 ibid.
362 1110 392 1137 7,
406 1109 446 1137 87.
541 1102 702 1135 Relinquere
733 1102 771 1128 Id.
790 1100 857 1127 ibid.
871 1108 884 1133 5
894 1120 902 1132 ‚
923 1108 958 1131 33.
1054 1099 1206 1133 Sequuntur
1230 1106 1323 1133 agmen
1336 1100 1368 1126 25
1388 1098 1496 1131 fugere,
1516 1107 1570 1124 non
1583 1098 1664 1125 modo
1677 1098 1833 1132 sapientiae,
1861 1097 1905 1123 sed
1919 1097 1999 1122 etiam
2011 1096 2146 1124 felicitatis
2161 1095 2259 1122 diceret
2272 1095 2321 1122 fibi
2333 1095 2451 1125 videi-iffi

279 1140 355 1165 Curt.
368 1147 396 1171 4,
411 1147 445 1170 12,
460 1147 482 1170 3.
533 1137 601 1165 Add.
616 1138 684 1172 Nep.
699 1143 722 1169 8,
737 1146 757 1167 2,
770 1144 792 1168 5.
909 1136 999 1172 Nugas
1010 1141 1034 1161 et
1047 1138 1172 1170 ineptias,
1191 1134 1327 1161 Gramma-
1385 1133 1461 1159 Idem
1474 1142 1522 1168 pro
1536 1134 1622 1160 Domo
1642 1142 1672 1166 25
1710 1132 1881 1168 Impendebat
1900 1132 1999 1164 fames,
2022 1131 2157 1164 incendia,
2174 1132 2281 1164 caedes,
2300 1121 2451 1167 direptiot'ssj

279 1175 394 1201 ticorum
406 1173 593 1207 impedimenta
604 1180 677 1199 vocat
691 1171 822 1206 Quinetil.
837 1180 857 1204 1,
871 1175 894 1203 8,
911 1179 947 1203 19.
1387 1169 1544 1195 imminebat
1556 1176 1615 1196 tuus
1630 1170 1709 1196 furor
1721 1169 1844 1195 omnium
1856 1168 1972 1194 fortunis
1985 1173 2011 1194 et
2024 1167 2110 1194 bonis.
2205 1168 2262 1193 Cic.
2280 1167 2352 1193 Fam.
2364 1175 2410 1201 4,i

317 1216 327 1234 1
336 1216 361 1235 Μ
371 1217 385 1235 P
394 1216 410 1235 Ε
420 1215 438 1234 D
448 1216 455 1233 1
466 1215 489 1234 Μ
501 1215 517 1234 E
527 1215 549 1234 N
560 1215 582 1234 Τ
592 1214 612 1236 o
623 1214 636 1234 s
646 1216 697 1241 vs,
717 1217 746 1241 a,
765 1216 819 1233 um.
874 1205 935 1233 Adi.
981 1205 1179 1242 ,Impedimentis
1190 1203 1326 1232 abundans.
1387 1206 1423 1231 Vt
1436 1213 1475 1235 ea,
1488 1214 1554 1239 quae
1566 1206 1661 1239 partim
1676 1205 1729 1231 iam
1743 1204 1849 1237 adsunt,
1868 1205 1965 1238 partim
1979 1203 2141 1237 impendent,
2158 1202 2294 1229 moderate
2307 1203 2445 1239 feramus-5]

278 1244 420 1272 Cassiodor.
436 1243 513 1277 Epist.
529 1252 550 1276 1,
561 1251 598 1276 35.
1388 1240 1477 1267 Adeffe
1494 1246 1572 1275 atque
1590 1239 1742 1275 impendere
1761 1240 1831 1266 mala
1850 1239 1978 1266 videntur
2013 1239 2087 1267 Idem
2109 1248 2158 1273 pro
2183 1239 2276 1272 Qiint.
2293 1248 2326 1272 47
2351 1247 2372 1265 c.
2391 1244 2450 1272 143.

315 1286 325 1305 1
335 1287 359 1306 M
369 1286 486 1306 PE1.1M
495 1285 511 1304 E
522 1287 544 1306 N
553 1286 604 1306 TA
629 1278 819 1312 impedimenta
842 1277 965 1305 dicebant
989 1276 1077 1304 Festus
1091 1287 1096 1303 :
1138 1283 1169 1303 vt
1189 1275 1325 1302 Dacrimas
1337 1281 1370 1305 30
1387 1277 1462 1310 Qiae
1475 1276 1581 1303 aderant
1593 1277 1645 1303 iam
1658 1283 1684 1303 et
1696 1275 1883 1311 impendebant
1896 1274 2029 1310 depellere
2055 1275 2093 1301 ld.
2108 1284 2156 1309 pro
2170 1275 2318 1309 Milon.77.
2382 1274 2437 1306 1m÷51

276 1315 411 1342 Lacrimas
420 1335 429 1347 ,
448 1321 493 1341 etc.
1387 1312 1500 1346 pendere
1513 1313 1595 1339 fatum
1609 1312 1735 1346 aliquod,
1752 1317 1796 1338 aut
1808 1311 1905 1338 instare
1920 1312 1973 1337 iam
1987 1311 2076 1345 plane,
2089 1316 2134 1337 aut
2147 1316 2216 1337 certe
2229 1311 2282 1337 iam
2294 1308 2451 1344 appropia-‚n

314 1358 323 1376 1
334 1357 358 1377 Μ
368 1358 382 1377 Ρ
393 1357 409 1376 Ε
420 1358 460 1376 LL
470 1357 505 1382 o,
524 1349 583 1382 sili,
599 1349 701 1383 ulsum,
719 1351 772 1376 ere.
815 1348 915 1382 [ὦθέω,
933 1347 1043 1383 ἐλαύνω]
1088 1349 1214 1379 Imitare,
1227 1355 1326 1382 urgere,
1388 1356 1469 1382 quare
1496 1348 1551 1374 Cic.
1566 1348 1595 1374 in
1608 1348 1688 1374 Catil.
1704 1356 1726 1380 2,
1742 1356 1772 1375 11.
1844 1346 1917 1380 Qiid
1931 1347 1973 1373 illi
1985 1347 2145 1381 impendeat,
2164 1346 2299 1380 eit-aliqua
2312 1354 2342 1372 re
2353 1344 2451 1382 suspia'sss‘

271 1387 421 1421 praesertim
433 1394 523 1421 magna
539 1387 575 1411 ω’.
647 1386 721 1420 Virg.
735 1386 799 1411 Aen.
813 1395 846 1419 4,
865 1393 914 1417 594
949 1385 1027 1410 Ferte
1047 1383 1094 1410 citi
1112 1384 1246 1414 flammas,
1267 1382 1326 1408 date
1387 1383 1442 1410 cari
1464 1383 1537 1410 Idem
1551 1392 1599 1417 pro
1614 1383 1720 1409 Cluent.
1734 1384 1778 1409 66.
1849 1382 1986 1409 Acerbitas
2000 1382 2134 1417 impendet
2148 1381 2272 1408 omnibus
2306 1381 2345 1407 Id.
2362 1380 2445 1413 Famsss

278 1421 351 1453 vela,
371 1421 499 1455 impellite
518 1429 615 1448 remos.
722 1421 778 1447 Cic.
792 1430 840 1454 pro
856 1420 959 1447 Cluent.
974 1427 1009 1454 70
1042 1418 1259 1453 Praecipitantem
1278 1418 1327 1452 igi·
1387 1428 1412 1451 2,
1428 1427 1462 1452 15.
1532 1419 1637 1454 leian.
1650 1419 1679 1444 in
1692 1418 1710 1444 l.
1725 1426 1735 1444 1
1755 1419 1789 1444 D.
1801 1417 1833 1444 de
1842 1418 1931 1444 arbor.
1944 1417 2067 1444 caedend.
2094 1419 2170 1451 Qae
2182 1417 2265 1444 arbor
2278 1426 2309 1443 ex
2324 1410 2440 1444 aedibus?

278 1462 322 1484 tur
340 1457 522 1491 impellamus,
547 1456 652 1491 inquit,
674 1461 699 1483 et
717 1455 851 1491 perditum
872 1455 1073 1490 prosternamus.
1170 1453 1214 1480 Ad
1224 1453 1326 1487 consilia
1341 1461 1370 1489 35
1387 1455 1440 1481 tuis
1455 1455 1483 1481 in
1495 1455 1571 1481 aedes
1586 1454 1657 1480 illius
1670 1453 1814 1487 impendet.
1930 1454 2001 1480 Cura
2013 1454 2147 1487 impendet
2160 1452 2263 1488 pastori
2272 1461 2332 1480 meo
2353 1452 2453 1484 Pinum.

271 1492 346 1529 supe
359 1492 485 1528 refertur:
522 1491 638 1526 Impellit
657 1501 745 1526 regem
766 1491 1038 1518 Lacedaemoniorum
1056 1489 1258 1516 Atheniensibus
1272 1488 1326 1515 bel·
1386 1490 1463 1524 Epid.
1479 1499 1499 1522 1,
1514 1499 1539 1522 2,
1554 1498 1592 1522 33.
1667 1488 1812 1515 Contentio
1825 1487 1960 1522 impendet
1991 1489 2048 1515 Cic.
2061 1489 2116 1515 Att.
2130 1497 2161 1520 2,
2180 1497 2215 1514 22.
2331 1488 2435 1516 Discor-

278 1529 334 1554 lum
349 1528 448 1554 inferre
472 1528 562 1554 lustin.
578 1536 599 1560 ς,
614 1536 632 1558 1,
644 1537 671 1561 4.
743 1527 861 1562 Impellit
874 1528 1044 1553 Artaxerxem
1053 1526 1226 1560 parricidium
1241 1524 1325 1559 parri·
1387 1526 1447 1552 diae
1460 1534 1570 1559 magnae
1584 1524 1736 1558 impendent
1767 1523 1842 1550 Idem
1855 1524 1928 1551 Fam.
1942 1529 1966 1557 8,
1979 1533 2018 1557 14·
2102 1523 2270 1551 Formidines
2281 1523 2434 1558 impendent

280 1564 352 1590 cidio
365 1563 500 1590 vindicare
529 1562 601 1589 Idem
617 1572 647 1596 3,
662 1572 682 1595 1,
696 1571 718 1595 3.
825 1563 964 1597 impellere
984 1569 1064 1596 atque
1083 1561 1186 1588 hortari
1218 1561 1275 1586 Cic.
1294 1559 1326 1586 de
1388 1561 1421 1588 ab
1434 1561 1529 1587 nostris
1549 1560 1681 1594 magistris
1712 1559 1751 1587 Id.
1767 1560 1843 1586 Verr.
1863 1568 1892 1592 5,
1909 1562 1949 1593 56.
2062 1559 2138 1586 Ἶλιοὶς
2150 1565 2220 1586 131113
2233 1559 2363 1586 malorum
2383 1560 2433 1586 im-

280 1600 354 1625 Orat.
371 1608 389 1629 1,
405 1601 457 1624 126.
527 1598 632 1633 Impelli
646 1605 724 1633 atque
737 1598 842 1625 incendi
855 1599 887 1625 ad
900 1598 1001 1633 aliquid
1016 1597 1168 1623 faciendum
1206 1596 1278 1622 Idem
1294 1595 1326 1622 de
1387 1596 1482 1632 pendet
1506 1596 1562 1622 Cic.
1577 1597 1630 1622 Att.
1645 1601 1668 1628 8,
1683 1604 1715 1622 11.
1781 1594 1883 1622 Iudicia
1895 1595 2000 1630 reliqua
2010 1594 2173 1630 impendent,
2192 1595 2308 1622 nondum
2315 1595 2351 1622 est
2358 1594 2434 1629 plane

281 1634 350 1660 Clar.
363 1635 435 1662 Orat.
452 1642 488 1666 19.
595 1634 635 1659 Ad
648 1633 819 1660 accusandum
832 1634 970 1660 dominum
990 1634 1094 1659 seruum
1116 1631 1252 1667 impellere
1287 1631 1370 1666 Id.40
1387 1632 1541 1667 expeditum
1567 1632 1605 1659 ld.
1619 1631 1685 1658 ibid.
1699 1641 1728 1665 4,
1745 1632 1783 1657 16.
1851 1631 1919 1658 Ter.
1935 1631 2040 1658 Phorm.
2058 1640 2078 1663 1,
2092 1640 2126 1664 4,
2146 1640 2163 1657 2
2187 1631 2227 1657 Ita
2240 1630 2309 1656 nune
2323 1631 2434 1665 impara-

281 1678 331 1703 pro
345 1669 433 1695 Deiot.
471 1688 477 1694 .
515 1688 521 1694 .
594 1668 633 1694 Ad
646 1669 745 1694 bellum
758 1668 885 1695 barbaros
909 1670 964 1696 Cic.
977 1678 1026 1703 pro
1040 1669 1111 1695 Sulla
1124 1671 1154 1700 36
1168 1676 1228 1700 013.
1284 1667 1325 1693 Ad
1388 1675 1445 1695 tum
1459 1667 1547 1694 subito
1561 1673 1632 1694 tanta
1646 1673 1672 1693 te
1690 1666 1843 1701 impendent
1859 1667 1928 1694 mala
1940 1686 1948 1698 ‚
1984 1670 2003 1693 i.
2023 1667 2165 1701 Propedsem
2181 1673 2297 1693 euentum
2309 1665 2356 1691 tibi
2364 1666 2436 1700 sune.

280 1705 383 1731 facinus
398 1713 452 1730 non
472 1703 578 1730 videtur
604 1703 739 1730 hominem
761 1703 838 1729 illum
852 1704 996 1738 impulsura
1008 1705 1109 1730 vtilitas
1148 1703 1188 1729 Id.
1202 1704 1284 1729 Bruto
1300 1705 1324 1729 6.
1387 1706 1474 1731 Metus
1488 1703 1556 1729 1111111
1574 1712 1588 1729 3
1602 1703 1702 1738 superis
1718 1702 1870 1737 ²1npende‘nt
1902 1703 1958 1728 Cic.
1971 1701 2003 1728 de
2016 1702 2052 1729 N.
2067 1703 2098 1729 D.
2112 1711 2137 1731 1,
2155 1709 2196 1735 45.
2288 1691 2455 1735 Negotiunss

282 1739 323 1766 Ad
338 1740 464 1765 iniuriam
478 1738 624 1765 faciendam
641 1739 761 1765 animum
779 1739 892 1765 alicuius
906 1739 1042 1772 impellere
1074 1738 1112 1764 Id.
1128 1747 1176 1771 pro
1192 1738 1272 1773 Flace.
1289 1743 1326 1769 85.
1387 1739 1539 1773 impendet,
1575 1739 1611 1765 Vr
1630 1746 1666 1770 et,
1693 1736 1772 1771 iuliae
1808 1737 1882 1764 Idem
1896 1739 1950 1765 Att.
1963 1746 1995 1770 2,
2009 1746 2046 1764 22.
2149 1737 2188 1764 Id.
2204 1735 2237 1762 de
2249 1736 2343 1770 Arusp.
2360 1732 2451 1762 ΚεΓη

280 1774 322 1800 Ad
335 1775 403 1800 iram
429 1776 496 1801 Hor.
511 1774 542 1799 de
556 1775 618 1800 Arte
633 1776 705 1800 Po'e‘t.
720 1782 774 1806 109.
868 1774 907 1800 Ad
922 1773 1020 1799 nullam
1033 1782 1088 1799 rem
1102 1781 1218 1806 vnquam
1234 1773 1326 1805 impel-
1388 1784 1407 1806 4
1419 1782 1462 1804 c.3
1486 1774 1563 1799 Tum
1575 1774 1602 1799 vi
1622 1775 1632 1799 i
1645 1782 1673 1799 ac
1685 1773 1772 1799 inulto
1784 1779 1844 1800 ante
1859 1774 1990 1807 perspexi,
2011 1779 2108 1808 quanta
2121 1772 2257 1807 tempestas
2271 1772 2438 1803 excitaretup

282 1810 351 1835 letur
384 1810 438 1836 Cic.
454 1808 532 1834 Acad.
547 1819 574 1841 4,
590 1817 625 1840 19.
698 1809 738 1835 Ad
758 1809 872 1842 quoduis
885 1809 1045 1836 maleficium
1065 1807 1200 1833 hominem
1215 1806 1328 1840 impellit
1339 1811 1372 1837 45
1388 1813 1486 1842 quanta
1506 1807 1671 1841 impenderet
1689 1807 1805 1841 procella
1829 1809 2012 1842 Reipublicae.
2129 1809 2233 1834 Tantae
2254 1807 2321 1833 inte
2336 1808 2426 1842 impeti

280 1843 394 1871 auaritia
420 1843 497 1869 Auc‘t.
509 1843 542 1868 ad
557 1844 655 1869 Heren.
667 1852 692 1874 2,
708 1852 740 1875 54
753 1853 774 1869 c.
784 1853 819 1869 22.
915 1844 970 1870 Cic.
984 1853 1032 1876 pro
1046 1844 1121 1869 Rosc.
1131 1844 1258 1874 Amer.39
1267 1852 1288 1867 c.
1298 1851 1328 1875 14
1388 1844 1450 1869 dent
1463 1843 1565 1868 Ruinae
1579 1842 1674 1869 ‘Plaun
1687 1841 1761 1876 Epid.
1776 1850 1794 1873 1,
1809 1851 1829 1874 1,
1843 1850 1887 1877 77.
1993 1843 2098 1868 Sumtus
2117 1841 2216 1869 infiniti
2237 1843 2390 1877 impendent
2412 1843 2418 1849 ’

279 1879 411 1906 Luxuries
426 1878 508 1912 igitur
522 1877 658 1903 hominem
672 1878 817 1907 nimirum,
842 1883 868 1903 et
882 1879 951 1903 aeris
964 1879 1048 1903 alieni
1060 1877 1214 1911 magnitudo
1224 1897 1231 1908 ,
1249 1884 1274 1902 et
1287 1877 1327 1902 in·
1387 1878 1436 1904 hos
1450 1878 1595 1908 exercitus,
1615 1878 1711 1912 quibus
1725 1877 1895 1904 defendimur
1926 1877 1982 1904 Cic.
1998 1878 2070 1904 Brut.
2086 1883 2120 1907 18-
2199 1878 2355 1912 Tempestas
2368 1879 2425 1905 inu*

281 1915 397 1942 domitae
412 1913 495 1940 animi
509 1912 663 1947 cupiditates
683 1912 714 1938 ad
730 1912 779 1938 hoc
793 1911 875 1937 scelus
888 1912 1059 1945 impulerunt.
1130 1911 1271 1943 impellere
1284 1912 1326 1936 in:
1388 1913 1447 1938 diae
1461 1918 1557 1945 quanta
1570 1913 1648 1937 nobis
1662 1912 1798 1945 impendet
1827 1912 1902 1939 Idem
1922 1913 1952 1938 in
1966 1913 2045 1938 Catil.
2059 1921 2087 1944 1,
2107 1920 2150 1938 22.
2254 1914 2358 1942 Timor
2371 1914 2426 1941 bel

279 1957 318 1982 vt,
338 1952 369 1977 In
381 1950 467 1975 casum
481 1948 550 1974 hunc
566 1947 707 1982 impulistis
721 1956 763 1974 me
794 1946 868 1973 Idem
881 1947 934 1973 Att.
947 1955 977 1979 3,
992 1955 1016 1979 9.
1073 1945 1146 1980 Cous.
1160 1944 1228 1971 Ibid.
1243 1954 1272 1976 3,
1291 1953 1324 1975 13.
1387 1946 1524 1979 impendet
1550 1946 1589 1971 Id.
1604 1947 1676 1971 Fam.
1691 1954 1718 1977 2,
1732 1953 1770 1971 10.

279 1987 312 2013 In
324 1985 444 2019 fraudem
471 1984 526 2010 Cic.
540 1984 568 2010 111
579 1984 666 2010 Pison.
684 1992 702 2009 1.
759 1984 790 2008 Ει
803 1991 851 2016 pro
867 1982 956 2008 Deiot.
970 1987 993 2014 8,
1007 1990 1033 2014 32
1054 1981 1084 2007 Se
1097 1989 1110 2006 a
1123 1986 1148 2006 te
1161 1986 1326 2014 corruptum,
1339 1984 1370 2010 50
1429 1988 1439 2007 1
1451 1988 1475 2007 M
1485 1987 1498 2006 P
1508 1987 1524 2006 Ε
1535 1987 1557 2006 Ν
1570 1986 1588 2005 D
1598 1987 1614 2006 E
1623 1987 1644 2006 N
1653 1986 1666 2006 s
1675 2001 1683 2014 ,
1707 1981 1783 2009 entis.
1835 1981 1930 2008 Partie.
1986 1980 1998 2014 [
2011 1980 2198 2017 ἐκκρεμάμενος
2209 1983 2222 2018 ]
2276 1984 2343 2012 Plin.
2359 1991 2394 2019 18,
2409 1994 2423 2019 3
2452 2006 2453 2013 ,

280 2022 333 2048 tuis
346 2020 472 2056 promiffis
486 2021 515 2046 in
529 2018 649 2045 fraudem
661 2018 803 2052 impulsum
818 2018 1006 2044 effeconfess'us.
1102 2017 1132 2041 In
1147 2016 1237 2050 sugam
1247 2022 1326 2049 atque
1389 2017 1550 2049 Qiinimmo
1577 2023 1602 2042 et
1629 2016 1807 2042 harundinem
1826 2017 1930 2044 nonnisi
1955 2016 2124 2051 impendente
2145 2019 2237 2053 pluuia
2260 2021 2312 2048 seri
2334 2014 2437 2048 iuben·
2453 2042 2456 2048 .

280 2057 310 2084 111
324 2056 434 2083 latebras
448 2054 549 2089 impelli
574 2054 629 2080 Cic.
642 2062 690 2088 pro
705 2053 795 2079 Rabir.
810 2052 884 2086 perd.
897 2061 939 2078 22.
1044 2050 1117 2077 Idem
1131 2060 1179 2085 pro
1194 2051 1287 2077 Milon.
1297 2056 1327 2082 89
1388 2051 1482 2078 Caedis
1495 2051 1671 2086 impendentis
1685 2051 1833 2086 periculum
1859 2053 1915 2079 Cic.
1930 2053 1983 2079 Att.
1998 2061 2021 2085 5,
2037 2061 2058 2085 3.
2092 2053 2161 2080 Ibid.
2176 2060 2198 2087 8,
2211 2063 2244 2086 13,
2351 2058 2424 2084 Do]
2438 2065 2440 2074 .

281 2092 415 2119 Postremo
428 2091 476 2118 nisi
495 2099 556 2117 eum
577 2089 616 2116 dii
638 2088 801 2116 immortales
825 2088 853 2113 in
874 2096 930 2113 eam
954 2091 1068 2112 mentem
1092 2086 1268 2119 impuliiient,
1297 2092 1326 2111 vt
1387 2087 1426 2114 Id.
1439 2087 1471 2113 de
1483 2088 1542 2113 Fin.
1556 2096 1573 2113 1.
1651 2087 1788 2114 Montium
1800 2087 2012 2123 impendentium
2030 2089 2182 2116 altitudines
2214 2090 2254 2118 Id.
2267 2090 2300 2118 de
2316 2092 2352 2120 N.
2367 2093 2438 2119 D.·

282 2127 380 2159 homo,
400 2134 444 2154 etc.
539 2125 576 2152 Id.
590 2124 622 2151 de
635 2125 710 2151 Orat.
725 2134 752 2156 2,
770 2132 804 2156 92
838 2123 865 2148 Si
879 2122 1068 2160 cognossemus,
1086 2130 1153 2160 quae
1172 2126 1197 2146 te
1216 2122 1286 2146 tausa
1300 2121 1327 2145 in
1387 2128 1428 2154 98,
1499 2122 1586 2148 Ruina
1615 2122 1697 2150 Ouid·
1711 2122 1744 2149 ad
1756 2123 1817 2150 Liu.
1831 2126 1886 2156 363·
1942 2124 2017 2161 Confi
2038 2125 2130 2152 lustin.
2144 2133 2190 2162 17,
2209 2134 2235 2159 1,
2251 2120 2282 2160 5.,
2349 2129 2425 2165 Rup
2444 2149 2449 2154 .

282 2165 429 2190 sermonem
449 2161 608 2196 impuliiset:
686 2180 688 2182 .
705 2160 762 2186 Cic.
776 2160 806 2185 111
818 2158 897 2184 Catil.
911 2166 942 2190 2,
958 2166 987 2183 10
1016 2158 1071 2189 Qu
1086 2163 1166 2181 etiam
1184 2155 1328 2194 nonnullos
1343 2157 1371 2183 55
1387 2157 1461 2183 Idem
1473 2165 1519 2188 24,
1534 2159 1563 2187 6,
1577 2159 1602 2183 6,
2088 2186 2093 2187 .
2404 2163 2436 2189 M

282 2199 394 2233 agrestes
409 2199 530 2224 homiues
549 2202 638 2223 tenues
646 2216 654 2229 ,
677 2201 755 2230 atque
768 2200 871 2229 egentes
885 2194 912 2220 111
927 2192 1035 2219 eandem
1055 2190 1129 2217 illam
1143 2191 1214 2224 spem
1225 2199 1329 2224 rapina-
1427 2198 1438 2217 1
1453 2197 1478 2216 M
1489 2198 1503 2217 P
1513 2198 1529 2218 E
1538 2199 1559 2218 N
1568 2198 1586 2217 D
1596 2199 1604 2218 1
1613 2198 1635 2217 V
1643 2199 1669 2219 M
1678 2212 1686 2225 ,
1715 2200 1723 2218 1
1733 2200 1758 2220 M
1771 2201 1786 2220 Ρ
1796 2201 1813 2221 E
1822 2200 1845 2219 N
1854 2200 1873 2220 D
1881 2202 1891 2222 1
1900 2201 1920 2222 ο
1930 2202 1943 2222 S
1953 2200 1974 2220 V
1986 2201 1999 2221 S
2007 2214 2017 2228 ,
2052 2196 2107 2223 vid.
2131 2203 2141 2222 1
2151 2204 2176 2224 M
2187 2204 2204 2224 P
2214 2205 2231 2225 Ε
2239 2205 2263 2225 Ν
2271 2204 2291 2225 D
2300 2181 2329 2228 oi

282 2244 342 2261 rum
357 2240 476 2261 veterum
490 2232 659 2267 impulerunt.
752 2232 783 2258 In
799 2231 870 2264 spem
886 2228 1050 2267 certillimam
1064 2227 1220 2253 Consulatus
1255 2225 1328 2266 Idem
1426 2233 1494 2253 1Mi>
1506 2233 1523 2254 E
1534 2233 1557 2252 N
1567 2233 1585 2253 D
1596 2234 1631 2260 O,
1652 2228 1694 2260 di,
1717 2229 1789 2261 sum,
1807 2231 1861 2256 pre,
1917 2227 2047 2262 [danmoe'w
2058 2250 2065 2262 2
2084 2231 2225 2267 ὴκλίσκω]
2278 2236 2310 2262 In
2328 2236 2395 2272 alt-qu
2444 2243 2447 2246 .

282 2269 315 2296 ad
330 2271 402 2297 Brut.
417 2278 453 2296 10.
560 2269 592 2294 Iu
605 2268 676 2302 spem
688 2271 842 2300 metumque
855 2266 956 2291 animos
982 2264 1041 2289 Liu.
1056 2270 1099 2296 27,
1112 2271 1152 2296 45.
1220 2261 1328 2296 Impelli
1389 2272 1439 2289 rem
1453 2262 1581 2302 insumere.
1636 2264 1702 2289 Plin.
1717 2265 1796 2298 Epist.
1810 2274 1856 2297 10,
1870 2268 1906 2299 46
1938 2266 1968 2292 Iu
1982 2266 2190 2301 aquaedufflum,
2209 2269 2332 2304 domine,
2352 2272 2406 2298 Nic
2421 2296 2431 2300 ,,

282 2309 326 2331 vt:
363 2306 431 2332 Ter.
444 2303 524 2331 Andr.
539 2312 567 2335 3,
579 2312 606 2334 2,
625 2311 655 2336 43
688 2303 752 2329 Non
767 2301 876 2335 impulit
889 2309 932 2326 me
943 2299 990 2326 hac
1003 2298 1129 2330 omnino,
1143 2303 1171 2324 vt
1185 2298 1327 2324 crederem.
1388 2297 1522 2324 medenses
1542 2298 1728 2331 impenderunt
1753 2307 1773 2328 H
1782 2317 1791 2322 -
1801 2307 1823 2328 s.
1850 2308 1868 2327 x
1877 2309 1896 2327 x
1906 2307 1933 2326 x.
1959 2307 2032 2327 CCC-
2060 2307 2078 2326 Χ
2088 2309 2125 2328 Χ1
2135 2309 2166 2330 Χ.
2198 2306 2246 2341 qui
2262 2306 2436 2340 imperfectus

283 2341 340 2368 Cic.
356 2341 387 2367 de
402 2340 500 2367 Sene&
513 2347 548 2374 77
581 2339 639 2365 Nec
653 2346 694 2364 me
715 2338 800 2364 solum
817 2337 887 2363 ratio
905 2345 933 2362 ac
955 2333 1096 2368 disputatio
1110 2334 1232 2367 impulit,
1250 2339 1277 2359 vt
1293 2333 1329 2358 ita
1336 2337 1372 2361 60
1389 2333 1475 2360 adhuc
1487 2333 1604 2360 relieius.
1675 2335 1831 2368 Impendere
1846 2335 1877 2362 de
1891 2336 1938 2362 suo
1961 2335 2021 2360 Liu.
2030 2337 2055 2367 6,
2069 2344 2103 2368 15.
2174 2334 2305 2370 anetil.
2319 2341 2351 2366 ad
2360 2339 2434 2375 Try.

285 2376 428 2403 crederem.
500 2376 605 2401 Natura
620 2373 790 2409 impellimur,
808 2378 836 2399 vt
850 2372 966 2406 prodesse
981 2370 1094 2397 velimus
1106 2378 1186 2409 quain
1200 2369 1330 2403 plurimis,
1390 2369 1471 2404 phon.
1508 2369 1612 2402 Qiibus
1625 2370 1815 2404 componendis
1834 2375 1881 2403 (vt
1893 2371 1958 2402 scis)
1979 2370 2068 2405 paullo
2075 2371 2132 2405 plus
2145 2381 2223 2406 quam
2237 2374 2374 2402 biennium
2382 2377 2434 2403 im.

285 2413 315 2438 in
331 2412 478 2446 primisque
499 2410 635 2442 docendo,
656 2408 858 2443 rationibusque
876 2406 1031 2442 prudentiae
1051 2404 1182 2431 tradendis
1211 2404 1285 2431 Idem
1299 2403 1331 2430 de
1390 2405 1478 2439 pendi.
1546 2405 1678 2431 Coluuiel.
1692 2406 1720 2431 in
1733 2406 1815 2440 praef.
1831 2415 1841 2432 1
1870 2407 1929 2432 Tot
1949 2405 2089 2440 generibus
2097 2406 2229 2440 ficorum,
2241 2409 2273 2436 fic
2285 2416 2314 2437 vt
2325 2412 2434 2443 rosariis

286 2448 343 2474 fin.
358 2457 380 2479 3,
395 2450 433 2480 63.
505 2445 605 2472 CunCm
619 2445 756 2480 impellere
771 2453 856 2478 pugna
890 2442 979 2469 Valer.
992 2442 1092 2475 Argon.
1106 2449 1134 2473 ς,
1148 2442 1206 2474 675.
1279 2441 1330 2466 Im-
1393 2439 1558 2474 impenderet
1577 2449 1683 2473 curam,
1725 2451 1804 2475 quam
1835 2451 1850 2468 a
1874 2442 2007 2476 plerisque
2030 2442 2110 2468 etiam
2131 2442 2233 2470 maiora
2256 2445 2327 2479 negli
2378 2453 2432 2476 tur.

284 2488 358 2518 petus
371 2484 522 2509 animorum
537 2481 689 2516 impellere,
714 2487 737 2507 et
757 2479 920 2511 Reflcfflre,
939 2479 1068 2504 contraria
1098 2477 1155 2503 Cic.
1169 2476 1200 2502 dc
1214 2476 1286 2502 Orat.
1302 2484 1331 2507 2,
1393 2475 1501 2508 Quin&
1517 2475 1590 2501 Decl.
1605 2483 1655 2507 349
1688 2476 1716 2501 de
1726 2478 1825 2503 Manlio
1839 2484 1862 2503 et
1876 2479 1916 2513 Sp.
1932 2477 2023 2512 Caffio,
2042 2477 2086 2504 Illi
2100 2486 2163 2505 vere
2177 2478 2259 2505 fortes
2272 2485 2298 2506 et
2310 2482 2365 2508 viri
2377 2482 2433 2510 fue-

285 2527 340 2551 312.
436 2518 527 2543 Sensus
539 2517 676 2551 impellere
711 2517 814 2543 Lucret.
831 2524 857 2548 1,
870 2523 930 2548 304.
1003 2512 1174 2539 Voluntatem
1194 2510 1332 2546 impellere
1344 2508 1375 2540 65
1391 2517 1464 2543 runt,
1485 2511 1540 2545 qui,
1555 2519 1613 2536 cum
1627 2510 1677 2538 hoc
1691 2512 1881 2544 meminissent,
1900 2512 2012 2540 Liberos
2025 2522 2040 2539 a
2052 2514 2078 2540 se
2090 2514 2157 2548 reip.
2171 2510 2418 2549 gratia'procreatos
2425 2511 2442 2550 ,ἕ

286 2563 340 2588 quo
363 2554 446 2585 velis,
475 2560 497 2579 et
515 2552 590 2579 Vnde
612 2553 679 2578 velis
703 2551 847 2584 deducere,
867 2551 997 2577 contraria
1031 2548 1087 2574 Cic.
1100 2547 1132 2573 de
1154 2548 1229 2573 Orat.
1244 2555 1253 2573 i
1263 2566 1271 2577 ,
1293 2555 1331 2578 30.
1392 2547 1460 2574 bene
1474 2546 1592 2580 impendi
1607 2546 1774 2573 crediderunt
1787 2547 1917 2582 exemplo.
2011 2549 2144 2575 Laborem
2158 2549 2251 2576 studiis
2276 2550 2343 2578 Plin.
2358 2550 2447 2586 Epistaj

286 2591 353 2616 Cato
369 2599 389 2617 c.
404 2597 416 2622 ς
442 2589 559 2616 Terram
573 2589 700 2616 cariosam
714 2594 805 2614 caueto
817 2596 850 2613 ne
864 2595 937 2619 ares,
957 2593 1025 2611 neue
1037 2583 1180 2619 plaustrum
1190 2603 1197 2615 ,
1216 2591 1283 2608 neue
1291 2591 1333 2615 pe·
1392 2591 1415 2615 3,
1431 2589 1453 2615 5.
1488 2585 1518 2608 it.
1532 2584 1557 2613 6,
1571 2590 1614 2608 20.
1684 2582 1816 2610 Laborem
1831 2592 1859 2610 ac
1873 2584 1987 2610 sumtum
2001 2583 2033 2609 ad
2045 2584 2175 2610 incertum
2188 2586 2275 2612 casum
2296 2587 2416 2614 Cic.Ver
2436 2605 2439 2607 >

286 2634 330 2651 cus
345 2625 373 2650 in
386 2634 443 2650 eam
458 2624 583 2658 impellas.
677 2623 744 2650 Plin.
760 2631 797 2657 17,
813 2630 825 2655 5
851 2621 959 2648 Catonis
973 2620 1054 2647 verba
1067 2619 1184 2645 referens
1199 2617 1230 2644 lic
1245 2617 1333 2658 habet,
1393 2627 1422 2657 3,
1436 2625 1490 2651 227.
1558 2618 1631 2652 Opus
1644 2618 1750 2651 verbis,
1770 2625 1819 2654 pro
1835 2620 1940 2654 Operam
1953 2618 2012 2644 dare
2044 2619 2103 2645 Sen.
2118 2619 2198 2654 Epist.
2212 2623 2256 2656 76.
2323 2623 2440 2657 Opera.

285 2662 352 2688 Cato
367 2659 487 2687 breuiter
505 2667 583 2693 atque
597 2668 628 2686 ex
642 2660 689 2686 suo
702 2667 776 2684 more
788 2658 854 2684 vitia
868 2657 1039 2688 determinat,
1066 2656 1183 2681 Terram
1207 2654 1333 2680 cariosam
1393 2658 1463 2680 intra
1476 2652 1574 2679 tthum
1601 2653 1736 2680 Coluinel.
1750 2662 1788 2687 12,
1801 2663 1822 2681 1.
1925 2654 2186 2689 Operam'duplicem
2223 2658 2301 2684 Varr.
2315 2658 2348 2685 de
2361 2659 2394 2686 R.
2406 2652 2433 2687 R

287 2704 366 2723 caue:
401 2704 468 2721 neue
481 2694 611 2729 plaustro,
629 2703 697 2720 neue
711 2702 805 2728 pecore
820 2693 947 2727 impellas.
1015 2694 1219 2724 Contorquere:
1256 2688 1376 2722 Virg.70
1393 2697 1425 2722 2,
1447 2697 1478 2716 11.
1520 2688 1578 2716 Viti.
1600 2696 1618 2716 O
1629 2696 1667 2716 PE
1677 2697 1735 2716 RA.
1807 2689 1947 2716 Pecuniam
1960 2689 1989 2715 in
2001 2698 2042 2716 res
2057 2690 2171 2724 aliquas‘
2183 2692 2240 2719 Cic.
2254 2694 2332 2720 Verr.
2344 2703 2374 2729 4,
2393 2693 2442 2730 46

287 2732 353 2757 Acu.
369 2739 378 2756 1
390 2750 397 2761 ‚
420 2732 451 2760 86
487 2745 532 2749 -—-
564 2739 657 2757 cauum
673 2729 798 2755 conuersa
813 2728 917 2762 cuspide
930 2733 1047 2753 montem
1083 2725 1193 2760 Impulit
1216 2725 1244 2750 in
1257 2724 1332 2751 latus.
1393 2725 1484 2758 Studia
1498 2724 1640 2752 iuuenibus
1654 2725 1806 2752 erudiendis
1837 2725 1970 2759 Qiine'til.
1984 2725 2012 2751 in
2027 2734 2146 2760 prooem.
2159 2735 2178 2754 1.
2250 2728 2306 2756 Cic.
2320 2730 2396 2757 Verr.
2410 2739 2424 2764 3
2436 2724 2443 2757 >J

288 2765 367 2798 Qiasi
389 2766 417 2791 in
438 2773 511 2796 rem,
540 2774 607 2799 quae
626 2765 708 2791 facile
723 2764 792 2789 cedit
816 2763 891 2789 161111.
933 2763 1047 2789 Seruius.
1152 2757 1333 2796 Labefafbare:
1393 2768 1439 2795 227
1452 2770 1474 2786 c.
1487 2766 1518 2792 98
1559 2760 1600 2786 Ad
1613 2762 1743 2788 'incertum
1761 2762 1848 2788 casum
1867 2767 1892 2788 et
1913 2766 2038 2787 euentum
2056 2767 2141 2788 certus
2160 2764 2309 2798 quotannis*
2320 2765 2397 2793 labor
2414 2773 2444 2793 e

288 2802 355 2830 Plin.
369 2809 414 2833 33,
434 2809 456 2827 11
488 2801 618 2826 Immenso
635 2806 660 2826 et
680 2798 805 2825 Achaicae
820 2798 950 2825 vieloriae
962 2803 1098 2824 momento
1111 2795 1144 2823 ad
1158 2796 1333 2832 impellendos
1395 2802 1480 2822 certus
1504 2797 1602 2822 sumtus
1624 2796 1796 2831 impenditur.
1900 2797 2023 2830 Tempus
2042 2797 2134 2824 studiis
2173 2799 2239 2826 Plin.
2261 2801 2340 2834 Epist.
2362 2810 2395 2834 3,
2417 2809 2442 2835 ς.

288 2845 385 2864 mores.
463 2835 602 2870 Impellere
621 2834 768 2868 mugitibus
786 2842 862 2860 auras
896 2834 975 2860 Ouid.
997 2835 1059 2860 Met.
1079 2842 1105 2865 3,
1126 2842 1160 2859 21.
1270 2834 1332 2858 Loco
1395 2832 1483 2858 Vitam
1498 2832 1584 2858 famae
1619 2832 1681 2859 Stat.
1694 2832 1757 2859 Silu.
1771 2840 1801 2866 ς,
1816 2841 1843 2865 1,
1856 2834 1896 2865 63.
1964 2832 2110 2860 Volumina
2123 2839 2179 2861 tota
2193 2836 2222 2862 in
2234 2834 2411 2871 disputatione
2443 2836 2445 2838 ’

282 2872 383 2909 pellere.
419 2872 478 2898 Liu.
518 2890 524 2896 .
563 2891 570 2897 .
606 2870 720 2904 Impulsa
733 2869 806 2896 frons
814 2869 912 2904 prima:
929 2875 955 2895 et
963 2869 1107 2904 trepidatio
1119 2867 1239 2895 subsidiis
1253 2868 1335 2894 illata.
1347 2871 1378 2900 75
1395 2867 1527 2901 Qiintffll.
1544 2875 1571 2899 3,
1591 2869 1615 2894 6.
1990 2878 1996 2881 ’
2010 2891 2012 2895 ,
2129 2889 2131 2891 ,
2160 2875 2164 2879 ·
2434 2887 2447 2901 ,=

326 2915 336 2934 1
345 2915 370 2934 M
380 2915 394 2934 r
403 2914 419 2934 Ε
430 2914 445 2932 1.
455 2913 472 2932 L
482 2913 498 2933 E
507 2913 528 2932 N
540 2913 552 2933 s
562 2926 570 2939 ,
599 2907 675 2932 entis.
718 2905 810 2932 Partic.
866 2905 940 2939 Virg.
960 2906 1058 2938 Georg.
1076 2914 1109 2938 4,
1128 2912 1174 2937 305
1206 2903 1334 2939 Zephyris
1433 2910 1441 2928 1
1453 2909 1476 2928 M
1487 2909 1503 2929 Ρ
1514 2909 1530 2928 Ε
1542 2910 1562 2928 N
1573 2911 1586 2929 s
1595 2909 1614 2928 V
1624 2910 1636 2929 S
1646 2923 1654 2936 ,
1676 2912 1689 2929 a
1698 2923 1706 2935 ‚
1726 2912 1780 2930 um.
1816 2903 1911 2930 Partic.
1948 2901 2173 2940 [δεδαπανημένος]
2223 2907 2278 2934 Cic.
2290 2906 2346 2934 Att.
2359 2900 2452 2943 Ἀμώς,

289 2941 486 2977 impellentibus
501 2941 590 2969 vndas.
686 2941 777 2967 Iustin-
792 2949 818 2973 4,
831 2948 854 2974 5,
866 2951 885 2975 4
908 2941 1063 2976 Impellente
1076 2941 1141 2966 fato.
1395 2938 1494 2965 Scribis
1509 2938 1580 2964 enim
1595 2939 1642 2964 csse
1657 2948 1792 2972 rumores,
1811 2948 1853 2966 11ιο
1866 2939 1898 2965 ad
1911 2939 1995 2966 lacum
2009 2940 2080 2974 quod
2094 2940 2180 2968 habeo
2191 2941 2376 2977 venditurum,
2390 2941 2448 2979 :fii-t

327 2986 368 3005 IM
379 2985 395 3004 Ρ
406 2986 425 3005 v
435 2985 451 3004 1.
461 2984 503 3004 sv
513 2985 542 3009 s,
564 2986 593 3009 a,
611 2985 666 3002 um.
709 2976 801 3002 Partic.
843 2976 1040 3010 [ἐληλασμένος]
1098 2975 1264 3001 Auetoritate
1278 2975 1335 3000 eius
1395 2974 1527 3001 nusculam
1542 2983 1606 3000 vero
1621 2974 1714 3001 villam
1727 2975 1821 3009 vtique
1839 2975 1942 3008 Qiinto
1958 2976 2116 3002 traditurum
2126 2996 2133 3008 ,
2153 2975 2193 3002 vel
2208 2976 2327 3011 impenso
2341 2980 2429 3014 pretio
2442 2995 2445 2998 ψ

289 3013 393 3048 impulfi
407 3012 577 3039 Athenienses
601 3012 691 3047 Nepos
706 3019 730 3042 1,
745 3019 772 3044 ς,
786 3020 809 3038 2.
906 3012 1072 3038 Conscientia
1087 3011 1118 3037 ad
1136 3010 1274 3037 fatendum
1287 3011 1335 3036 im·
1396 3019 1450 3044 quo
1465 3010 1663 3043 introducatur,
1689 3016 1717 3037 vt
1730 3010 1782 3037 tibi
1803 3012 1838 3044 Q
1851 3011 1922 3037 filius
1936 3010 2035 3038 dixerit
2045 3031 2052 3043 ‚
2075 3011 2161 3038 dotata
2176 3012 2292 3046 Aquilia.
2364 3016 2416 3042 Cae
2429 3026 2451 3044 a·

289 3050 377 3085 pulsus
402 3048 532 3082 Quinetil.
547 3056 569 3081 5,
585 3056 618 3077 15.
713 3048 792 3074 Fama
804 3046 851 3073 hac
864 3046 990 3081 impulsus
1001 3048 1145 3079 Chremes,
1168 3046 1238 3073 vltro
1253 3047 1335 3072 adme
1347 3049 1379 3074 80
1395 3046 1423 3072 Β.
1438 3046 1469 3071 G.
1483 3054 1501 3078 4
1511 3065 1519 3077 ,
1533 3054 1548 3071 2
1583 3045 1657 3079 Qiin
1673 3047 1752 3072 etiam
1766 3047 1907 3079 iumentis,
1926 3047 2024 3080 quibus
2041 3047 2154 3074 maxime
2173 3048 2245 3074 Galli
2260 3042 2453 3087 delcetantur-J

288 3085 363 3111 venit
389 3085 455 3111 Ter.
469 3083 552 3110 Andr.
567 3092 591 3114 1,
606 3091 632 3115 1,
645 3090 689 3118 72.
796 3082 884 3109 Furiis
898 3082 1023 3117 impulsus
1055 3083 1133 3116 Virg.
1148 3083 1212 3108 Aen.
1231 3091 1276 3113 10,
1295 3084 1335 3110 68.
1397 3089 1519 3116 quaeque
1541 3081 1660 3114 impenso
1678 3088 1768 3115 parant
1791 3082 1893 3116 pretio,
1924 3083 2050 3109 Germani
2072 3083 2222 3115 importatis
2241 3093 2295 3111 non
2318 3092 2413 3113 vtuntu
2446 3082 2453 3102 '⁹

289 3120 391 3147 Praelio
405 3120 523 3154 grauiter
537 3118 640 3153 impulsi
653 3118 752 3146 milites
776 3118 873 3145 Patere.
885 3126 949 3151 2,51,
958 3127 980 3150 3.
1015 3117 1089 3154 Conf.
1102 3127 1122 3144 c.
1132 3125 1175 3152 70,
1188 3127 1207 3145 1.
1257 3118 1335 3144 Acies
1396 3120 1415 3143 ι’.
1436 3117 1516 3144 Soluto
1525 3136 1533 3148 ,
1551 3123 1579 3142 vt
1592 3116 1735 3151 quibusdam
1745 3118 1843 3152 placet.-
1878 3118 1924 3144 alii
1943 3119 2038 3154 Magno
2050 3119 2256 3151 interpretantur.
2313 3122 2345 3148 In
2365 3088 2454 3174 (31οῇ

290 3155 415 3191 impulsa,
439 3155 493 3182 vid.
512 3161 602 3182 Acin
612 3161 634 3181 s.
750 3153 847 3180 Lucan.
860 3161 883 3186 ς,
897 3161 942 3185 330
1396 3152 1470 3179 rouis
1485 3153 1590 3186 exemplo
1608 3152 1708 3178 Paullus
1728 3154 1861 3180 Manutius
1885 3156 2080 3188 interpretatur,
2111 3154 2248 3188 lmpenso,
2279 3157 2338 3183 Non
2346 3157 2450 3192 stitutus.

595 3189 683 3216 Nobis
701 3188 818 3216 vitffloria
837 3188 942 3215 turbam
1396 3188 1470 3223 Cous.
1485 3188 1576 3214 Tacit.
1592 3186 1659 3213 Hist.
1675 3196 1694 3219 1,
1708 3196 1740 3219 31,
1754 3195 1780 3223 7.
1853 3188 1942 3215 Labor
1965 3187 2041 3222 Apul.
2057 3197 2080 3221 p.
2089 3191 2148 3222 276.
2256 3191 2355 3219 Labori
2371 3188 2447 3222 aetas

445 3226 510 3253 Non
527 3224 615 3252 dabit:
651 3224 756 3260 impulfi
774 3230 876 3252 tantum
896 3232 963 3259 quae
981 3223 1099 3257 praemia
1115 3222 1180 3249 belli
1350 3229 1380 3258 ες
1395 3224 1513 3258 impensa
1546 3223 1642 3249 Lucan.
1659 3230 1688 3254 2,
1703 3225 1760 3255 569.
1955 3220 1976 3263 ff
1997 3231 2009 3248 2
2046 3224 2168 3259 Magnum
2180 3224 2353 3262 significaret
2372 3219 2443 3265 qucfi

444 3262 565 3288 Auferat.
956 3259 1100 3293 Impulsum
1119 3257 1218 3285 bellum
1234 3257 1337 3285 videtur
1390 3259 1571 3295 povzclerofitm,
1590 3261 1618 3284 in
1635 3257 1704 3284 bonis
1724 3266 1746 3283 et
1764 3259 1845 3286 malis.
1913 3256 2012 3284 Libido
2047 3259 2152 3286 Lucret.
2165 3268 2195 3293 5,
2217 3261 2278 3294 965.
2349 3247 2453 3299 Opemi

290 3295 395 3332 itast-re
407 3296 459 3323 dici
471 3307 501 3323 ac
514 3296 702 3331 profligatum,
724 3295 882 3331 propefinem
897 3292 1038 3321 addubitant.
1142 3292 1261 3320 Chordas
1280 3300 1335 3319 ten-
1396 3294 1465 3321 Gell.
1477 3303 1502 3326 9,
1519 3303 1556 3327 14.
1663 3294 1751 3319 Preces
1777 3295 1855 3329 Apul.
1867 3292 1942 3327 Apol.
1963 3302 1987 3328 p.
1999 3297 2052 3325 336.
2121 3295 2176 3322 Cic.
2193 3297 2247 3324 Att.
2264 3306 2310 3331 14,
2326 3307 2353 3326 12
2385 3284 2453 3328 Misi,

292 3334 358 3359 tauit
372 3333 495 3367 impulsas
509 3332 603 3366 pollice
627 3331 708 3358 Ouid.
723 3333 788 3358 Met.
803 3340 841 3365 10,
856 3338 908 3364 145.
1016 3329 1113 3364 Sagitta
1125 3337 1209 3355 neruo
1224 3329 1336 3363 impulsa
1397 3330 1532 3356 nusculam
1543 3338 1609 3356 vero
1621 3329 1713 3356 villani
1732 3330 1825 3364 vtique
1844 3329 1946 3361 Quinto
1961 3329 2122 3357 traditurum
2136 3332 2178 3357 vel
2199 3332 2318 3367 impenso
2334 3327 2453 3369 Ρ1·01ὶο,’“Ι

292 3377 339 3402 per
351 3368 447 3394 nubem
474 3368 550 3402 γῆς,
567 3368 631 3394 Aen,
648 3376 681 3400 12,
699 3369 754 3399 2336,
1396 3368 1413 3392 i.
1427 3368 1512 3401 pretio
1525 3367 1681 3401 quantumuis
1692 3374 1789 3401 magno.
1858 3363 1918 3389 Liu.
1932 3372 1955 3395 2,
1969 3373 1985 3397 9
2010 3365 2074 3391 Salis
2087 3375 2194 3402 quoque
2206 3368 2360 3403 arbitrium,
2374 3371 2451 3407 quia>

330 3410 398 3429 111111
409 3411 429 3429 ν
439 3410 505 3430 st
515 3411 543 3436 s,
564 3402 601 3429 sis.
622 3412 658 3430 m.
694 3403 813 3436 [ξ’λασις,
833 3400 939 3436 mnan]
986 3400 1041 3428 Cic.
1057 3399 1089 3426 de
1103 3400 1139 3427 N.
1152 3400 1185 3426 D.
1199 3408 1222 3432 2,
1236 3407 1261 3431 31
1277 3408 1298 3425 c.
1314 3406 1378 3430 1190
1397 3401 1516 3435 impenso
1531 3400 1619 3428 Pretio
1631 3399 1753 3433 venibat,
1773 3401 1802 3426 in
1814 3398 1947 3434 publicum
1960 3409 2039 3427 omne
2053 3402 2177 3429 sumtum.
2247 3405 2289 3431 Sic
2307 3409 2380 3432 etiam
2397 3410 2438 3434 in-
2453 3398 2462 3404 ’

294 3438 318 3462 Is
332 3444 416 3465 autem
430 3439 508 3465 ardor
521 3448 574 3465 non
589 3438 676 3464 alieno
690 3438 820 3473 impulsu,
840 3437 883 3464 sed
897 3438 941 3463 sua
954 3437 1044 3471 sponte
1055 3441 1189 3463 mouetur.
1262 3435 1336 3461 Caes.
1396 3437 1476 3472 telligi
1485 3434 1564 3471 potest
1579 3435 1636 3461 Liu.
1651 3444 1687 3467 35,
1702 3445 1739 3468 44
1764 3436 1850 3461 Prima
1862 3434 1918 3460 cius
1932 3436 2021 3462 oratio
2033 3436 2085 3462 fuit
2098 3439 2258 3471 excusantis,
2277 3440 2349 3474 quod
2362 3444 2440 3471 tanto
2460 3463 2462 3469 .

295 3472 323 3498 B.
337 3473 367 3497 G.
382 3482 410 3504 ς,
428 3481 457 3505 25
487 3475 530 3501 Ne
550 3474 642 3500 ciuitas
661 3482 754 3500 eorum
774 3473 889 3507 impulsu
907 3471 1038 3498 deficeret.
1146 3470 1262 3504 Impulsu
1280 3476 1336 3503 tuo,
1396 3472 1547 3498 minoribus
1556 3472 1680 3505 speatque
1688 3469 1958 3505 opinionehomiuum
1966 3472 2050 3505 copiis
2062 3474 2180 3506 venisset,
2189 3473 2216 3499 id
2231 3475 2291 3501 suae
2304 3476 2455 3511 impensae-³

296 3507 359 3537 suo,
381 3508 481 3535 vestro:
516 3510 540 3536 h.
555 3518 574 3535 e.
601 3508 687 3536 DuHu
699 3509 803 3546 etfimsu
814 3515 885 3543 atquc
903 3508 1084 3534 hortationibus
1121 3506 1177 3533 Cic.
1199 3515 1247 3540 pro
1261 3506 1335 3532 Rosc.
1397 3516 1457 3541 erga
1468 3516 1513 3534 eos
1526 3506 1668 3534 voluntatis
1685 3506 1830 3532 maximum
1844 3505 1939 3533 debere
1958 3506 2095 3533 indicium*
2106 3510 2161 3536 esse.
2232 3512 2292 3539 Non
2309 3519 2369 3547 opus
2386 3512 2420 3546 4st
2436 3507 2450 3534 'tx

296 3542 386 3567 Amer.
400 3550 452 3574 ¹07-
523 3545 594 3570 Idem
606 3546 682 3571 Verr.
697 3553 723 3577 2,
736 3547 776 3571 161
806 3543 921 3578 Impulsu
936 3549 982 3569 tuo
997 3548 1022 3569 et
1036 3547 1080 3569 tua
1093 3542 1249 3569 crudelitate
1263 3541 1337 3567 fecis-
1396 3546 1508 3579 inquam,
1528 3549 1556 3568 ve
1563 3542 1678 3575 Impensa
1692 3539 1854 3573 voluntasjit
1867 3542 1934 3576 quasi
1947 3544 2087 3577 propensa:
2106 3544 2250 3578 impensum
2266 3544 2299 3578 est
2312 3533 2437 3583 magnum,
2453 3544 2455 3547 ’

296 3577 341 3602 set.
413 3576 479 3603 Ter.
492 3579 557 3604 Hec.
572 3588 597 3612 2,
611 3588 635 3612 1,
648 3587 680 3614 45
709 3580 802 3607 Vestro
815 3578 928 3614 impulsu
941 3578 1047 3604 duxere.
1155 3577 1269 3610 impulsu
1291 3586 1335 3602 ve-
1348 3584 1381 3610 95
1397 3586 1426 3604 vt
1440 3578 1558 3604 unimus.
1622 3576 1702 3602 Plaut.
1716 3576 1787 3609 Capt.
1800 3586 1835 3608 4,
1849 3585 1864 3602 2
1875 3597 1883 3609 ‚
1900 3580 1935 3603 26
1967 3579 2022 3604 Vae
2035 3579 2133 3605 misero
2146 3580 2203 3612 illi,
2222 3582 2296 3608 cuius
2312 3582 2374 3609 cibo
2387 3568 2445 3611 ist&

296 3613 348 3638 stro
363 3611 460 3645 loquor
486 3613 540 3638 Cic.
555 3614 585 3639 de
599 3616 671 3641 Orat.
687 3624 710 3647 3,
747 3636 753 3642 .
792 3635 798 3642 .
869 3613 984 3648 Impulsu
1001 3612 1100 3639 Pisonis
1113 3612 1235 3638 Consulis
1262 3612 1334 3638 Idem
1397 3613 1481 3640 faetus
1508 3613 1543 3639 est
1567 3611 1716 3645 impeulior.
1823 3613 1930 3643 Grauis,
1957 3614 2135 3645 intolerabilis,
2167 3615 2287 3648 molestus.
2348 3609 2451 3646 ‘Flam-..⁷

295 3648 349 3673 Att.
365 3655 390 3678 1,
404 3655 442 3680 14.
467 3680 472 3686 .
535 3647 572 3673 Id.
587 3658 634 3682 pro
648 3650 752 3677 Caecin.
766 3658 799 3684 45
828 3649 877 3676 Etsi
891 3659 946 3676 non
960 3649 1044 3675 solum
1061 3647 1174 3681 impulsu
1188 3648 1335 3679 scutorum,
1397 3649 1488 3676 Bacch.
1503 3657 1515 3681 3
1527 3668 1535 3681 ,
1549 3656 1578 3678 2,
1599 3655 1627 3673 io
1661 3647 1706 3673 Pol
1722 3646 1845 3679 quidem,
1864 3657 1926 3674 meo
1938 3657 2044 3681 animo,
2063 3649 2167 3682 ingrato
2180 3650 2289 3678 homine
2302 3653 2372 3680 nihil
2387 3655 2436 3682 im-
2454 3650 2462 3658 ¹

295 3692 381 3717 neque
395 3680 520 3721 confflem
534 3690 689 3716 corporum,
711 3695 811 3720 neque,
830 3692 875 3712 etc.
984 3684 1039 3710 Cic.
1054 3684 1138 3709 Tusc.
1152 3692 1175 3713 1,
1192 3692 1221 3715 30
1248 3683 1276 3709 Id
1290 3692 1334 3709 au-
1396 3685 1496 3719 pensius
1509 3683 1559 3714 est,
1593 3683 1612 3708 ²⁷-
1638 3688 1667 3707 vt
1685 3681 1750 3707 νεθε
1770 3682 1860 3715 Ptstor.
1879 3690 1903 3710 et
1918 3685 1994 3710 Gron.
2014 3684 2080 3710 mhi!
2091 3684 2245 3719 divano-siut,
2264 3691 2292 3713 in
2304 3689 2455 3726 quodplust*

295 3724 349 3744 tem
363 3726 409 3744 nce
422 3717 490 3743 nasci
505 3718 603 3756 potest,
620 3727 666 3745 uec
678 3721 763 3747 mori:
798 3721 841 3747 vel
862 3719 981 3747 concidat
997 3727 1077 3746 omne
1096 3719 1211 3750 caelum,
1236 3719 1334 3745 omnis-
1394 3719 1445 3753 line
1452 3718 1545 3755 fruflu
1557 3716 1721 3752 impendatur.
1811 3719 1882 3744 Cura
1895 3719 2050 3753 impenfior,
2082 3720 2107 3745 h·
2119 3729 2139 3746 ι’.
2152 3723 2253 3756 Maior,
2273 3726 2436 3753 vehementior
2446 3719 2454 3745 ss

296 3762 347 3788 que
362 3758 453 3779 natura
469 3751 586 3778 conlistat
599 3755 693 3780 necesse
706 3756 758 3788 est,
776 3765 823 3782 nec
836 3756 892 3782 vim
907 3756 986 3782 vllam
998 3754 1168 3785 nanciscatur,
1186 3763 1236 3788 qua
1245 3754 1333 3788 primo
1341 3763 1388 3781 100
1397 3755 1477 3782 Ouid.
1491 3755 1555 3781 Met.
1569 3761 1581 3778 2
1591 3771 1599 3783 ‚
1617 3753 1678 3784 406.
1735 3751 1802 3779 Tac.
1816 3753 1883 3779 Hist.
1906 3764 1927 3784 1,
1948 3763 1973 3786 3¹
1983 3775 1991 3786 ,
2013 3763 2038 3789 7.
2142 3756 2272 3783 Damnum
2293 3751 2452 3794 impedium?

295 3788 407 3822 impulsu
420 3792 568 3814 moueatur.
604 3821 609 3825 ⁸
1397 3790 1464 3817 Gell.
1480 3798 1530 3821 20,
1552 3796 1570 3814 1.
1605 3786 1629 3813 h·
1648 3796 1667 3813 e.
1690 3789 1785 3814 Maius.
1880 3790 1977 3816 Verbis
2006 3789 2210 3824 impensior-ibus
2230 3792 2339 3820 laudare
2376 3791 2449 3824 Vah*

332 3830 398 3849 JMP
408 3831 428 3849 v
438 3830 454 3848 1.
464 3830 476 3849 s
486 3830 495 3848 1
507 3829 527 3862 ς)
538 3842 546 3854 ,
566 3823 632 3847 61115.
654 3822 673 3847 s.
694 3824 816 3862 [samaia]
853 3826 946 3852 Omnis
961 3824 1154 3860 coagmentatio
1162 3824 1281 3859 corporis
1291 3824 1333 3851 vel
1395 3826 1466 3852 Max.
1478 3833 1505 3857 4,
1518 3832 1528 3854 3
1544 3826 1596 3848 ext.
1614 3830 1633 3848 1.
1738 3824 1828 3849 Preces
1842 3824 2037 3858 impenssssimae
2062 3826 2130 3852 Suet.
2144 3826 2242 3854 Tiber.
2258 3837 2279 3855 c.
2294 3838 2328 3861 13.
2437 3829 2444 3843 ‘
2460 3823 2462 3832 κ’

298 3859 401 3890 calore,
419 3858 461 3884 vel
480 3858 594 3891 frigore,
613 3857 657 3897 yel
677 3857 765 3892 aliqua
785 3860 941 3893 impulfione
962 3861 1112 3888 vehementi
1125 3860 1296 3886 labefaemtur
1309 3866 1335 3886 et
1435 3866 1445 3885 1
1457 3866 1480 3885 Μ
1492 3864 1563 3885 ΡΕΝ
1574 3864 1633 3889 SA,
1653 3866 1690 3885 ae.
1708 3858 1727 3885 f.
1765 3856 1893 3892 [danaum
1911 3860 2036 3895 χορηγία]
2072 3861 2178 3887 Sumtus.
2232 3864 2288 3890 Cic.
2302 3865 2373 3892 Fam.
2387 3871 2400 3896 8
2422 3862 2448 3896 tl

297 3894 428 3927 frangitur
452 3894 507 3920 Cic.
521 3892 553 3918 dc
566 3893 648 3918 Vniu.
662 3901 682 3918 c.
695 3900 716 3924 5.
770 3894 843 3929 Cous.
859 3897 958 3923 Arnob.
974 3905 990 3932 7
1008 3905 1032 3931 p.
1046 3905 1104 3929 234.
1220 3895 1334 3929 Metaph.
1396 3895 1439 3922 Ne
1451 3892 1597 3919 molestiam
1613 3892 1664 3920 tibi
1678 3903 1736 3921 cum
1759 3895 1874 3928 impensa
1885 3904 1943 3921 mea
1956 3895 2102 3922 exhibeam.
2210 3897 2247 3924 Id.
2262 3901 2338 3926 Verr.
2357 3909 2386 3933 3,
2401 3885 2453 3934 ,53-’

297 3929 353 3955 cic.
367 3929 397 3955 de
411 3930 512 3956 Inuent.
527 3937 550 3962 2,
566 3935 595 3962 17
608 3936 628 3955 c.
640 3934 653 3962 5
679 3927 804 3963 Impullio
822 3928 856 3955 elt
870 3938 935 3965 quae
952 3932 1005 3959 fine
1019 3931 1180 3967 cogitatione
1191 3940 1239 3966 per
1253 3938 1385 3966 quan-105
1394 3930 1489 3964 Magna
1503 3928 1627 3963 impensa.
1698 3929 1780 3957 Ouid.
1795 3930 1859 3957 Her.
1875 3937 1910 3965 7,
1924 3936 1966 3961 188
1996 3930 2105 3958 instruis
2122 3931 2239 3967 impensa
2251 3935 2338 3963 nostra
2352 3936 2435 3971 sepul.
2458 3934 2459 3941 ’

2389 3979 2447 4003 111-3,
