2479 4225
50 209 115 255 241
464 196 502 237 D
608 197 644 237 Ο

51 287 138 320 hendor
156 286 280 321 ffrunt,
297 291 331 314 ‘et
346 292 436 314 curant
451 289 552 314 nomina
565 286 613 323 sua
633 285 796 323 iifiribenda.
854 281 922 323 Add.
942 282 997 309 Cic.
1018 282 1086 309 Phil.

52 331 69 358 7
93 332 114 350 c.
129 331 155 356 4.
257 321 317 348 Liu.
336 331 379 356 34,
417 342 423 348 .
461 342 468 349 .
505 324 541 349 Vt
558 323 660 353 Latini,
681 321 726 356 qui
745 321 773 346 in
793 319 925 345 coloniam
940 319 1087 345 Romanam

49 358 170 387 Nomina
189 358 328 390 dedissent,
354 359 424 384 ciues
445 358 559 384 Romani
579 359 663 385 eisent.
756 354 838 382 Ouid.
851 354 936 380 Trist.
956 362 985 386 3,
1005 362 1033 391 3,
1052 362 1086 394 79

49 395 126 426 Quos
148 402 197 428 ego
216 392 339 426 confido,
364 394 486 428 quamuis
506 402 636 425 nocuere,
665 391 771 417 daturos
807 390 915 416 Nomen
934 395 959 415 et
982 390 1087 416 auclori

13 452 18 455 .
50 433 168 464 tempora
185 429 264 463 longa
283 429 339 455 suo.
375 429 400 456 h.
414 438 433 454 e.
459 431 555 455 bamam
573 429 724 455 diunmmm.

50 465 153 491 Gallico
167 464 299 491 vocabulo
311 465 390 490 etiam
402 461 503 498 legioni
518 466 623 491 Nomen
636 460 741 501 dederat
753 459 862 487 Alauda.

49 499 160 526 Celebre
175 499 207 526 ad
224 500 341 534 posteros
356 500 463 526 Nomen
483 499 585 526 flumini
607 496 698 523 dedit:
724 496 752 536 df*
770 497 897 522 Tiberino.

47 534 126 568 Epist.
142 543 161 566 1,
180 543 217 569 17,
235 544 267 562 12⁷
287 535 355 561 Fons
371 536 450 562 etiam
464 535 524 562 riuo
535 534 596 560 dare
609 533 718 571 Nomen
738 531 865 563 idoneus,
886 538 935 571 nete.

47 577 80 596 ex
95 570 178 596 Ponto
192 579 218 602 2,
232 579 257 602 2,
270 579 306 603 40
331 571 416 605 Digna
430 576 534 606 parente
546 569 593 594 suo
606 567 824 601 Nominibusque
839 567 913 593 datis.

965 461 1026 486 Liu.
1041 469 1059 490 1,
1072 468 1084 492 3

989 497 1086 522 Horat.

1003 530 1086 558 Ouid.

1017 566 1083 592 Plin.

47 604 76 630 in
96 606 204 639 praefat.
231 607 280 632 Res
301 606 383 632 ardua
402 605 507 633 vetustis
526 602 682 631 Nouitatem
696 601 774 634 dare,
793 602 871 629 nouis
890 601 1085 629 auctoritatem.
1104 614 1133 633 10
1150 607 1167 631 i.
1189 607 1320 642 impenfiim
1338 606 1590 642 confabulationibus.

46 640 141 667 Horat.
156 641 236 668 Serm.
257 649 283 671 1,
301 649 333 673 9,
351 650 382 675 43
418 657 463 662 --
495 639 598 672 fugiens
619 638 662 664 hic
681 637 780 664 decidit
797 648 885 665 acrem
920 637 1084 664 Praedonuin

45 675 75 702 in
94 675 199 703 turbam
215 687 221 702 :
256 676 329 702 dedit
347 676 391 703 hic
407 685 455 712 pro
477 682 587 708 corpore
608 674 721 699 Numos.
843 674 966 708 Nuptum
986 673 1084 705 tiliam,

44 711 125 744 idem,
144 711 209 748 quod
219 713 286 738 Dare
305 715 332 738 in
351 712 546 738 matrimonium:
573 709 653 735 l’laut.
668 709 735 735 Pers.
750 717 771 741 3,
788 718 808 741 1,
821 716 858 742 55.
931 708 998 734 Ter.
1008 709 1082 734 Adel.

47 755 70 779 3,
83 755 106 779 2,
120 754 156 782 47
180 747 279 774 Periit:
300 756 348 781 pro
362 747 463 780 virgine
476 744 533 770 dari
548 744 668 778 Nuptum
681 753 736 770 non
750 744 843 778 potest.
913 742 988 770 Idem
1001 744 1083 770 Andr.

45 791 72 814 2,
88 790 107 814 1,
127 790 137 808 1
164 783 239 816 Quid
256 784 294 809 ais
313 782 397 809 Birria
413 782 421 807 3
444 780 555 806 daturne
568 780 614 806 illa
628 780 710 806 hodic
724 779 862 814 Pamphilo
878 779 999 813 Nuptum
1014 780 1022 805 3
1058 787 1083 806 Β.
1105 790 1129 816 ις
1150 782 1230 809 (106ὶο
1244 784 1346 809 oratori
1361 783 1416 808 Cic.
1430 782 1461 809 de
1475 784 1549 810 Orat.
1563 793 1585 817 3,
1602 793 1651 818 ¹4¹·

45 816 80 843 iic
94 817 139 843 est.
181 819 242 844 Liu.
256 827 300 851 30,
336 837 342 844 .
455 815 538 842 Plaut.
551 814 631 842 Stich.
646 825 665 849 1,
685 824 707 847 2,
720 821 748 848 83
768 815 857 842 Hostis
870 814 906 840 est
918 823 986 841 vxor
1002 820 1085 849 pater,

45 852 132 879 inuita
145 861 212 888 quae
229 854 262 880 ad
280 854 366 880 virum
379 851 498 885 Nuptum
515 850 600 877 datur.
671 851 732 877 Liu.
752 860 781 884 4,
819 871 825 877 .
864 869 871 876 .
907 850 960 876 Aut
979 851 1007 876 in
1028 859 1084 884 per-

62 893 153 914 etuum
174 897 245 916 arma
269 888 418 920 bellumque
439 885 583 912 Obliuioni
602 885 703 919 danda,
733 887 878 920 iugumque
891 885 1083 920 accipiendum.

42 896 117 950 i’dem
132 932 155 956 ς,
193 944 200 951 .
237 944 243 951 .
280 925 353 956 Qiae
371 921 504 955 auspicato
523 921 624 956 agimus
642 922 733 948 onmia
748 922 804 948 fere
818 921 888 947 intra
905 922 1084 956 pomoerium,

44 960 87 985 cui
102 959 260 992 Obliuioni,
280 963 323 984 aut
337 958 381 983 cui
395 957 579 992 Negligentiae
594 957 684 983 damus
698 959 707 983 ζ

47 994 115 1021 Gall.
130 1003 149 1027 1,
162 1003 184 1027 3.
259 994 290 1020 T
290 1001 327 1019 ac.
339 994 408 1019 Ann.
422 1001 456 1026 ιι,
475 1001 504 1020 ιο
530 993 612 1020 Multi
630 992 661 1019 ad
676 992 809 1019 Gotarzen
827 992 1007 1026 inclinabant,
1026 994 1084 1027 qui-

47 1029 106 1056 dam
125 1030 157 1056 ad
169 1028 347 1057 Meherdatem
363 1028 463 1062 prolem
477 1028 614 1055 Phrabatis
626 1027 738 1055 Obsidio
751 1027 829 1053 nobis
843 1028 942 1054 datum.
1014 1029 1082 1056 Ter.

45 1065 157 1100 Adelph.
171 1074 193 1098 3,
211 1073 235 1098 2,
259 1072 281 1096 [3
309 1063 388 1090 Nihil
407 1064 443 1090 est
459 1064 532 1098 quod
550 1064 657 1095 malim,
676 1072 756 1097 quam
769 1063 843 1089 illam
858 1069 940 1089 totam
953 1063 1083 1091 familiam

44 1099 102 1128 dari
120 1101 187 1128 inihi
198 1099 321 1127 Obuiam.
416 1099 587 1126 Occasionem
606 1099 687 1125 Plaut.
703 1099 777 1133 Capt.
794 1107 814 1130 1,
827 1107 852 1131 2,
866 1103 888 1128 8.
959 1099 1014 1125 Cic.
1029 1100 1083 1127 Att.

44 1143 71 1170 7,
93 1143 122 1170 17
145 1136 262 1162 Alterum
280 1134 452 1161 Consulatum
472 1144 486 1162 a
506 1134 616 1170 Republ.
637 1143 670 1160 ne
684 1134 743 1160 data
761 1133 870 1169 quidem
884 1134 1024 1161 Occasione
1045 1144 1084 1162 re-

42 1172 168 1206 pulimus.
259 1170 338 1197 Ouid.
353 1179 385 1196 ex
399 1171 484 1196 Ponto
496 1180 524 1204 4,
543 1179 569 1203 9,
589 1177 622 1203 54
648 1170 752 1204 Detque
772 1171 873 1196 bonum
894 1176 960 1196 voto
980 1171 1082 1197 lucidus

42 1207 129 1233 Omen
140 1214 212 1240 apex.
278 1206 409 1240 Operam,
431 1208 502 1232 Eniti
514 1213 538 1232 et
549 1206 661 1232 laborare
676 1206 744 1232 Ter.
759 1205 840 1231 Andr.
856 1213 879 1238 2,
893 1213 912 1237 1,
927 1214 966 1238 29·
1008 1206 1083 1233 Idem

41 1242 107 1269 Eun.
120 1250 143 1275 2,
156 1249 177 1274 3,
189 1244 224 1273 69
242 1241 347 1267 Faciam
364 1241 474 1274 sedulo,
494 1250 522 1268 ac
536 1241 605 1267 dabo
622 1249 734 1275 >operam
744 1261 752 1273 ,
771 1240 915 1267 adiuuabo.
972 1243 1082 1268 Plerum-

39 1286 84 1313 que
98 1276 213 1303 Ditiuum
228 1276 375 1303 adiurzffiam
387 1278 459 1303 habet
469 1276 604 1313 personae,
624 1279 665 1302 cui
677 1276 720 1303 illa
734 1283 823 1311 opera,
842 1279 861 1302 i.
875 1277 951 1308 labor,
966 1276 1083 1311 officium,

40 1320 84 1339 aut
96 1311 216 1348 quidquid
227 1310 277 1344 est,
300 1313 429 1339 tribuitur.
523 1312 591 1339 Ter.
607 1313 703 1338 Heaut.
717 1320 740 1344 3,
755 1321 780 1343 i,
801 1320 832 1344 95
858 1311 922 1343 Ibo,
943 1321 971 1339 ac
986 1313 1081 1345 dicam,

39 1355 69 1374 vt
82 1347 207 1380 dixeram,
227 1348 342 1382 Operam
355 1348 477 1374 daturum
491 1356 545 1381 me,
560 1347 642 1374 hodie
654 1357 710 1374 non
722 1349 790 1382 posse
806 1347 847 1373 his
860 1347 931 1374 dare.
999 1349 1082 1375 Plaut.

39 1384 127 1410 Aulul.
140 1391 165 1416 2,
179 1391 199 1415 ι,
218 1391 252 1409 22
278 1384 318 1410 Da
336 1383 405 1409 mihi
424 1386 532 1418 operam
554 1382 658 1410 amabe.
720 1384 761 1410 Sic
778 1383 848 1409 Dare
866 1392 974 1417 operam
996 1384 1083 1410 amico

38 1417 169 1453 vnguenta
188 1419 302 1450 ementi,
316 1426 367 1454 pro
381 1421 468 1445 [unare
481 1422 508 1444 in
521 1419 630 1445 emendis
645 1421 780 1454 unguentis
798 1419 879 1445 Plaut.
894 1420 949 1445 Cas.
963 1427 989 1452 2,
1004 1428 1025 1451 3,
1038 1428 1083 1452 24.

35 1454 90 1481 Cic.
106 1463 154 1488 pro
166 1454 278 1480 Caecina
291 1459 303 1484 8
325 1455 462 1481 Liceretur
475 1456 507 1487 is,
524 1464 604 1489 quem
619 1455 780 1481 Caesenniae
794 1453 856 1481 dare
869 1455 984 1488 Operam
1003 1464 1082 1482 nemo

35 1490 186 1516 miraretur.
259 1490 327 1516 Ter.
342 1491 408 1516 Eun.
429 1499 454 1522 2,
475 1499 500 1522 2,
520 1493 556 1517 60
581 1491 657 1517 Tum
678 1497 705 1516 tu
727 1490 811 1524 igitur
831 1490 949 1524 paullum
967 1490 1000 1517 da
1013 1491 1082 1517 mihi

35 1524 154 1560 Operae,
172 1525 229 1557 fac,
243 1530 273 1552 vt
285 1525 408 1552 admittar
422 1526 453 1551 ad
467 1526 550 1552 illam.
644 1525 724 1552 Plaut.
737 1524 829 1552 Bacch.
845 1534 865 1558 1,
879 1534 905 1558 2,
920 1528 952 1552 26
979 1528 1082 1553 Aurum

35 1559 125 1586 hercle
145 1560 251 1587 auferre
270 1561 394 1592 voluere,
415 1562 442 1587 ei
455 1562 495 1587 rei
509 1562 624 1595 Operam
643 1560 748 1588 dabant.
818 1561 936 1595 Operam
957 1571 991 1589 ne
1009 1561 1084 1588 Idem

34 1596 100 1622 Pers.
115 1604 143 1629 4,
157 1603 179 1628 5.
215 1595 290 1622 Idem
304 1597 385 1623 Milit.
400 1606 426 1629 4,
443 1604 465 1629 5,
481 1605 497 1628 9
518 1597 561 1623 Ne
572 1602 598 1622 te
610 1597 751 1624 abduceret
764 1596 880 1630 Operam
893 1596 962 1623 dedi.
1000 1598 1083 1624 Plaut.

35 1630 120 1658 Cafin.
139 1631 207 1666 prol.
219 1640 254 1658 22
279 1633 333 1658 Vos
351 1640 442 1658 omnes
454 1632 543 1666 Opere
563 1640 659 1666 magno
678 1638 766 1658 oratos
785 1631 833 1657 ess'e
849 1631 931 1664 volo,
967 1633 1084 1666 Benigne

818 425 882 451 Plin.
898 433 931 456 ιι,
944 432 975 459 37
997 425 1086 451 Postea
1112 431 1125 457 5

800 956 909 984 Obsides
929 957 1002 983 Caes.
1019 958 1082 983 Bell.
1097 964 1132 983 20
1149 960 1202 985 sam
1216 959 1332 995 aliquam
1346 960 1374 985 in
1387 961 1512 995 angustiis
1526 962 1661 988 sustineret
1676 971 1690 988 a
1703 968 1778 996 tergo
1791 971 1894 997 agmen.

1101 1501 1129 1526 35
1149 1489 1180 1516 da
1190 1510 1197 1522 ,
1216 1491 1244 1516 ni
1259 1500 1328 1518 nunc
1341 1492 1476 1525 periures,
1496 1492 1524 1518 in
1537 1492 1675 1525 suauium‚
1694 1499 1753 1519 vter
1771 1494 1825 1520 vtri
1837 1494 1888 1521 det.

1539 200 1763 254 ,Do

1150 295 1201 321 que
1215 295 1312 328 eques',
1331 296 1416 322 neque
1432 289 1524 323 pedes,
1543 289 1690 324 praefthus
1709 290 1849 325 quisquam
1867 299 1936 321 tanta
1950 295 2056 323 audacia
2071 295 2123 328 cst,
2140 296 2188 331 qui

1150 330 1234 362 aeque
1255 323 1334 349 faciat
1353 324 1529 359 confidenter,
1549 335 1627 360 quam
1647 326 1770 353 mulieres
1786 328 1902 360 faciunt,
1921 337 1947 356 vt
1967 332 2109 367 vtrobique
2123 332 2189 358 Ora-

1151 363 1252 384 tionem
1269 358 1344 385 dodie
1358 358 1442 386 duint.
1537 362 1619 388 l’laut.
1636 361 1731 396 Amph.
1750 363 1818 396 prol.
1832 372 1864 395 34
1893 365 1987 393 Iustam
2005 377 2062 394 rem
2081 373 2106 394 et
2124 367 2188 394 faci-

1152 392 1202 418 lem
1217 394 1264 433 esse
1279 400 1382 434 oratum
1401 403 1415 420 a
1430 395 1506 421 vobis
1520 397 1599 429 volo,
1620 406 1680 423 nam
1696 397 1761 424 iuste
1779 397 1811 424 ab
1830 398 1902 424 iustis
1919 401 1973 427 sum
1987 404 2085 429 Orator
2104 402 2188 429 datus.

1151 429 1187 454 Os
1200 428 1308 463 dignum
1323 429 1396 455 dabit
1410 430 1596 464 pulcherrimis
1611 433 1681 459 vitae
1697 435 1840 468 praeceptis
1854 441 1938 460 orator
1952 442 2064 464 emeritus
2077 438 2189 472 Qin&.

1152 472 1186 495 12,
1203 473 1232 496 11,
1247 475 1273 499 4.
1302 468 1319 491 i.
1339 465 1488 500 cotxscribct,
1513 476 1577 493 verte
1592 477 1632 494 ore
1650 468 1748 500 tradet,
1761 477 1850 504 praece
1867 476 1902 495 ea.
1973 472 2052 499 Ouid.
2066 475 2129 500 Met.
2149 482 2189 505 10,

1154 504 1195 528 28¹
1219 500 1427 535 incumbensque
1446 507 1506 526 toi-<s
1520 503 1592 528 dedit
1605 504 1710 530 Oscula.
1783 505 1850 531 Oscu
1864 514 1878 531 a
1891 513 1922 533 ex
1937 506 2027 533 animo
2042 508 2102 535 dare
2115 510 2189 535 Idem

1152 534 1244 574 Amor.
1257 544 1283 568 2,
1303 544 1324 569 5,
1345 544 1378 568 5¹·
1395 570 1400 575 ι
1465 536 1556 563 Tacit.
1571 539 1637 565 Ann.
1658 542 1700 572 16,
1717 547 1747 572 25
1777 540 1870 574 chnes
1888 546 1914 567 et
1932 542 2042 575 pauidos
2061 545 2190 578 supremis

1150 570 1201 596 suis
1215 571 1341 598 secretum
1355 572 1448 597 Otium
1463 570 1533 598 dare.
1603 574 1696 601 Otium
1716 575 1803 601 datum
1820 576 1918 603 fabulis
1937 577 2046 610 Qun&
2061 587 2095 611 12,
2109 588 2140 611 11,
2153 584 2188 609 18.

1191 641 1196 645 ·
1435 642 1439 646 .
1693 610 1775 637 Plaut.
1790 611 1872 638 Trin.
1885 621 1912 644 4,
1927 620 1948 644 1,
1961 620 1989 646 19
2014 614 2122 639 Certum
2142 615 2190 647 est,

1151 642 1216 668 Otio
1237 651 1279 668 nie
1299 642 1375 673 dare,
1395 642 1454 668 satis
1474 649 1577 679 partum
1596 643 1689 670 habeo.
1765 646 1837 672 Idem
1856 646 1950 682 Amph.
1970 656 1990 680 1,
2011 656 2029 678 ι,
2042 656 2075 681 54
2098 649 2188 676 Pacem

1151 682 1229 710 atque
1253 678 1340 704 otium
1366 676 1425 703 date
1448 677 1510 703 illis.
1616 680 1706 706 Pacem
1728 681 1885 709 mortalibus
1908 683 1970 709 dare
1992 683 2037 709 Sil.
2058 690 2089 718 7,
2132 703 2138 710 .
2181 704 2187 710 .

1151 712 1232 738 Ouid.
1249 712 1280 738 de
1294 714 1357 739 Arte
1371 713 1430 738 Am.
1446 721 1472 745 2,
1487 720 1538 747 734
1562 714 1633 740 Finis
1653 715 1722 742 adest
1739 717 1831 751 operi,
1853 718 1966 745 Palmam
1982 717 2041 745 date
2058 724 2131 754 grata
2150 719 2190 745 iu-

1300 748 1425 781 Sertaque
1451 747 1576 775 odoratae
1598 758 1698 782 myrtea
1722 752 1789 778 ferte
1813 762 1912 780 comae.
2002 754 2088 781 Palma
2107 754 2191 781 danda

1198 818 1203 823 ι
1291 819 1295 822 ¹
1321 819 1326 823 ι
1397 818 1401 823 .
1421 819 1429 824 .
1505 820 1508 824 ἡ
1737 788 1803 814 Plin.
1822 793 1863 821 28,
1877 798 1894 822 9
1919 789 2056 816 Massurius
2075 790 2191 818 Palmam

1149 818 1242 852 lupino
1255 818 1328 852 adipi
1342 818 1438 844 dedisle
1456 826 1578 854 antiquos
1595 821 1682 847 tradit.
1714 825 1732 847 i.
1748 825 1833 858 pluris
1866 823 1939 858 cciffi.
2010 825 2078 852 Ter.
2092 827 2190 853 Heaut-

1150 862 1179 886 4,
1190 862 1213 885 3,
1227 862 1252 892 3]
1279 854 1349 880 Huic
1364 853 1489 889 equidem
1504 855 1613 882 consilio
1627 857 1741 884 Palmam
1753 858 1803 889 do,
1824 859 1868 886 luc
1885 869 1927 886 me
1945 861 2084 895 magnifice
2099 861 2191 893 effero,

1149 891 1167 914 i.
1182 890 1306 922 consilium
1321 888 1381 914 illud
1394 890 1512 926 praestro
1531 895 1643 918 cacteris.
1716 893 1775 919 Liu.
1789 902 1833 926 24,
1847 903 1863 929 7
1886 896 1957 928 Quia
1972 896 2056 923 custos
2069 897 2190 931 corporis

1149 930 1219 957 erat,
1240 925 1325 951 Partes
1339 925 1412 951 datae
1425 926 1498 958 sunt,
1517 932 1544 952 vt
1558 936 1640 960 quum
1653 928 1876 962 appropinquaret
1890 931 1982 957 ianuae
1996 941 2058 964 rex,
2074 942 2119 967 per
2134 942 2192 959 cau-

1175 996 1179 1000 .
1954 968 2096 995 Patronum
2109 969 2190 995 alicui

1149 996 1205 1022 Cic.
1219 995 1251 1022 de
1263 997 1337 1023 Orat.
1352 1004 1378 1027 2,
1390 1001 1449 1026 280-
1520 998 1626 1024 Pausam
1644 998 1765 1024 conciliis
1783 998 1861 1032 dare,
1880 1000 1905 1026 h.
1919 1009 1939 1027 e.
1958 1005 2061 1037 quietem
2080 1010 2104 1030 et
2118 1003 2191 1038 cessia-

1146 1033 1239 1058 tionem
1257 1032 1505 1068 congregationibus:
1538 1033 1644 1059 Lucret.
1662 1041 1688 1065 2,
1710 1038 1748 1062 118

1517 1082 1564 1087 --
1616 1076 1770 1104 pugnasque

1343 1101 1428 1128 Edere
1442 1103 1579 1129 turmatim
1593 1103 1732 1129 certantia:
1753 1112 1800 1129 nec
1815 1103 1876 1130 dare
1888 1105 1997 1133 Pansam

1346 1138 1491 1170 conciliis,
1507 1144 1533 1164 et
1547 1138 1656 1164 diffidiis
1668 1139 1783 1165 exercita
1798 1139 1906 1166 crebris.

1151 1169 1241 1196 Pectus
1255 1169 1317 1197 dare
1331 1172 1433 1199 ensibus
1453 1174 1540 1200 Senec.
1554 1173 1665 1208 Hippol.
1680 1176 1736 1200 616.
1805 1174 1913 1202 renem
1930 1176 2004 1202 ferro
2017 1175 2079 1203 dare
2093 1176 2192 1211 Virgil.

1151 1206 1216 1231 Aen.
1234 1214 1271 1238 12,
1288 1214 1347 1240 540.
1416 1209 1540 1235 Pccunias
1558 1209 1588 1235 in
1602 1210 1717 1235 sumtum
1735 1209 1803 1236 Ter.
1817 1210 1929 1245 Adelph.
1942 1220 1966 1244 3,
1981 1220 2003 1243 3,
2023 1219 2060 1247 17.
2135 1213 2193 1239 Cic.

1149 1240 1182 1267 de
1197 1241 1293 1268 Natur.
1309 1243 1389 1269 Deor.
1405 1253 1432 1276 3,
1447 1247 1482 1270 60·
1506 1246 1591 1279 Atque
1612 1245 1654 1270 illi
1666 1245 1813 1272 Perniciem
1834 1245 1919 1279 dabo,
1956 1246 2027 1274 Mihi
2047 1256 2194 1281 moerores,

1150 1276 1192 1302 illi
1207 1276 1320 1311 luctum,
1334 1279 1448 1305 exitium
1462 1279 1513 1311 illi,
1533 1279 1644 1306 exilium
1658 1280 1736 1306 mihi.
1790 1283 1825 1307 Ex
1839 1275 1924 1308 Poeta.
1995 1282 2069 1309 Idem
2082 1285 2135 1310 Att.
2146 1288 2194 1316 8,9

2120 220 2189 257 242

1148 753 1243 773 ventus
1251 767 1259 779 ,

1101 1322 1134 1346 3ο
1149 1311 1252 1338 Crebro
1267 1315 1339 1340 enini
1353 1314 1427 1340 illius
1440 1315 1533 1342 literae
1547 1315 1579 1342 ab
1593 1315 1652 1342 aliis
1666 1315 1698 1342 ad
1711 1325 1759 1342 nos
1772 1323 1929 1344 commeant.
1966 1317 2014 1346 Sed
2027 1328 2070 1345 nie
2083 1319 2194 1346 illorum

1149 1347 1292 1375 sententiae
1304 1350 1392 1376 minus
1405 1350 1568 1383 mouebant,
1584 1351 1672 1377 minus
1692 1352 1774 1377 multa
1793 1352 1917 1379 dederant
1931 1351 1973 1379 illi
1986 1354 2136 1389 Reipublic.
2153 1355 2195 1381 Pi-

1149 1391 1241 1423 gnora.
1310 1385 1392 1412 Ouid.
1406 1386 1470 1412 Met.
1481 1395 1506 1418 2,
1518 1395 1547 1419 91
1573 1387 1614 1412 Do
1628 1387 1741 1421 Pignora
1755 1393 1824 1414 certa
1841 1388 1970 1415 timendo·
2024 1389 2091 1417 Add.
2105 1390 2194 1417 Senec.

1149 1427 1179 1445 in
1194 1419 1288 1446 Medea
1308 1421 1325 1447 s.
1339 1427 1365 1455 7.
1438 1421 1520 1447 Plaut.
1533 1421 1655 1448 Bacchid.
1668 1431 1701 1455 4,
1715 1431 1740 1455 9,
1754 1430 1793 1455 ι33
1812 1423 1870 1449 Nae
1886 1432 1935 1458 ego
1954 1433 2013 1450 cum
2031 1425 2079 1452 illo
2098 1427 2195 1460 Pignus

1149 1454 1220 1480 haud
1233 1455 1313 1481 ausim
1325 1455 1402 1488 dare,
1422 1461 1505 1483 tantas
1517 1456 1643 1483 turbellas
1656 1457 1735 1483 facio.
1787 1457 1861 1484 Idem
1876 1459 1953 1486 Poen.
1968 1467 1990 1492 5,
2003 1469 2030 1493 4,
2044 1468 2075 1495 72
2098 1462 2194 1495 Pignus

1944 1494 2027 1521 Plaut.
2043 1497 2063 1523 E
2083 1497 2119 1523 id.
2136 1503 2145 1510 ¹
2166 1505 2181 1524 2

1150 1534 1184 1559 34
1209 1526 1268 1552 Ain'
1287 1532 1315 1553 tu
1335 1527 1446 1554 lubuit?
1483 1535 1508 1554 E.
1529 1528 1589 1559 aio,
1610 1527 1653 1553 vel
1672 1528 1704 1554 da
1717 1528 1812 1562 Pignus
1830 1530 1858 1555 ni
1878 1538 1908 1556 ea
1926 1530 1956 1557 sit
1975 1529 2039 1557 filia.
2065 1505 2081 1531 p
2110 1513 2193 1559 Pii-iuti

1149 1561 1254 1587 Mostel.
1268 1572 1297 1595 4,
1312 1571 1332 1593 2,
1347 1566 1377 1588 62
1401 1562 1474 1596 Qid
1487 1564 1540 1588 ais?
1561 1562 1627 1588 emit
1638 1562 1725 1589 aedeis
1740 1564 1823 1590 vicini
1842 1564 1886 1591 hic
1899 1566 2032 1599 proximas
2045 1567 2055 1593 3
2092 1574 2119 1594 D.
2139 1577 2195 1595 non

1148 1596 1202 1622 aio.
1241 1603 1272 1622 Τ.
1297 1597 1470 1631 quadraginta
1490 1598 1569 1624 etiam
1589 1597 1662 1624 dedit
1679 1597 1815 1633 hucusque
1834 1600 1964 1633 pignori?
2033 1601 2107 1628 Idem
2122 1602 2194 1630 Afin.

1147 1639 1173 1661 2,
1188 1640 1211 1661 2,
1227 1640 1255 1657 10
1282 1632 1368 1659 Etiam
1381 1632 1414 1658 de
1427 1639 1503 1667 tergo
1522 1632 1645 1659 ducentas
1659 1633 1746 1667 Plagas
1767 1641 1936 1668 praegnantes
1955 1634 2039 1667 dabo,
2063 1639 2082 1663 i.
2097 1638 2195 1663 Lubens

33 1672 62 1693 vt
76 1672 191 1701 Operam
205 1666 274 1694 detis
285 1666 319 1693 ad
331 1667 451 1694 nostrum
464 1675 570 1701 gregem
579 1687 587 1699 ,
618 1670 636 1692 i.
649 1667 777 1698 audiatis,
792 1666 933 1701 plaudatis.
1013 1668 1083 1702 Ope·
1092 1676 1129 1700 40
1141 1665 1266 1701 fhfferam
1273 1669 1375 1702 plagas.
1410 1668 1617 1703 Qtemadmodum
1631 1674 1654 1693 et
1669 1669 1738 1694 Dare
1749 1675 1843 1702 poenas
1861 1672 1917 1704 quis
1932 1669 2042 1702 dicitur,
2058 1678 2104 1706 pro
2121 1673 2195 1699 Ferre

34 1710 90 1729 ram
106 1702 257 1733 abortioni,
277 1703 368 1729 Conari
384 1705 495 1729 abortum
502 1703 592 1738 jacere
607 1702 784 1728 Plaut.Truc.
800 1710 819 1734 1,
834 1711 855 1733 2,
867 1710 911 1734 99.
951 1702 1009 1728 Vid.
1023 1709 1083 1729 AB·
1140 1701 1302 1736 fiepplicium.
1356 1703 1437 1729 Ouid.
1457 1704 1521 1728 Met.
1537 1707 1559 1732 8,
1573 1710 1629 1736 447
1649 1703 1740 1735 Qium
1753 1702 1826 1729 videt
1838 1704 1969 1731 extinCIos
1982 1705 2075 1733 fratres
2084 1706 2193 1735 Althaea

35 1743 55 1763 0
65 1744 101 1763 RI
113 1744 175 1763 ΟΒ.
245 1738 361 1771 Operam
374 1738 461 1764 amori
483 1745 508 1763 et
521 1737 633 1763 desidiae
649 1737 729 1763 Plaut.
745 1738 828 1763 Mei-c.
842 1736 910 1770 prol.
923 1739 964 1762 62.
1007 1737 1082 1763 Idem
1147 1736 1260 1767 referri,
1296 1739 1371 1770 Quae
1391 1739 1518 1771 Plangor‘e
1542 1737 1619 1767 dato,
1645 1737 1751 1763 moestis
1773 1737 1936 1766 clamoribus
1959 1739 2054 1767 vrbem
2088 1743 2193 1777 Implet.

33 1771 124 1798 Pseud.
139 1781 157 1803 ι,
170 1780 195 1803 2,
203 1780 236 1806 42
256 1773 400 1808 Experiar,
421 1781 487 1807 quae
502 1773 597 1806 capiti,
613 1781 682 1806 quae
700 1771 788 1798 ventri
802 1779 910 1809 operam
922 1770 982 1802 det,
1003 1779 1082 1809 quae-

33 1815 85 1840 que
99 1807 158 1833 suae
171 1807 220 1833 rei.
314 1809 382 1834 Ter.
396 1809 491 1834 Heaut.
505 1815 524 1836 ι,
545 1815 564 1837 ι,
578 1810 607 1837 38
632 1807 688 1839 Ego
707 1805 791 1830 isthuc
809 1810 901 1829 aetatis
920 1812 976 1829 non
993 1812 1081 1830 amori

33 1841 148 1874 Operam
161 1841 265 1872 dabam,
285 1848 331 1866 etc.

31 1875 102 1901 rium
120 1876 236 1908 Operam
251 1874 303 1900 tibi
317 1874 396 1900 dabo.
489 1873 563 1900 Idem
577 1873 673 1907 Amph.
688 1881 710 1904 3,
725 1883 751 1905 4,
764 1880 794 1903 23
814 1873 870 1898 Iam
889 1872 935 1898 ille
949 1872 993 1899 hic
1006 1873 1080 1900 delu-

30 1909 107 1937 detur
126 1909 226 1944 probe,
246 1909 263 1935 si
283 1909 391 1944 quidem
409 1917 457 1935 vos
475 1908 557 1935 vultis
571 1907 748 1934 Auscultando
762 1909 878 1941 Operam
896 1907 967 1934 dare.
1038 1910 1081 1936 Sic

30 1945 99 1973 Da=e
111 1945 227 1980 Operam
247 1944 354 1971 fabulae
370 1944 450 1971 Plaut.
465 1945 538 1978 Capt.
553 1943 622 1978 prol.
637 1952 678 1977 54.
772 1943 832 1969 Liu.
853 1948 897 1975 38,
917 1945 951 1970 26
978 1944 1080 1970 Tertio

31 1980 76 2007 die
90 1989 171 2015 quum
185 1981 302 2014 auspicio
315 1981 430 2015 Operam
443 1980 566 2011 dedisset,
586 1978 649 2006 dein
666 1978 832 2010 immolasset,
848 1979 876 2004 in
891 1984 1008 2013 quatuor
1021 1989 1079 2013 par-

29 2022 68 2044 tes
82 2016 178 2043 diuisas
193 2016 281 2050 copias
295 2015 393 2042 educit.

6 2070 10 2071 ν
24 2053 111 2088 pulum
130 2054 153 2078 ei
171 2050 230 2085 effe,
250 2054 334 2087 inquit
354 2050 425 2077 Valla
446 2053 473 2076 irz
486 2051 637 2086 Raudensem
651 2060 659 2075 :
686 2050 742 2076 Cic.
759 2049 837 2075 Acad.
852 2060 880 2084 4,
896 2057 924 2083 17

28 2087 198 2115 Clitomacho
211 2086 287 2113 Philo
303 2086 388 2113 vester
401 2087 516 2120 Operam
529 2086 626 2112 multos
639 2093 721 2111 annos
734 2084 813 2111 dedit.
880 2084 949 2111 Ibid.
959 2093 987 2111 12
1007 2086 1077 2112 Dedi

31 2123 164 2153 Antiocho
181 2124 296 2157 Operam
314 2121 485 2156 diligentius,
512 2128 540 2147 vt
561 2121 663 2147 causam
682 2129 713 2147 ex
727 2129 759 2147 eo
779 2126 863 2147 totam
883 2122 1077 2154 cognoscerem.

29 2159 71 2186 Sic
83 2158 192 2192 Qun&
207 2167 245 2190 12,
262 2167 289 2190 2,
301 2166 342 2184 22.
436 2157 518 2182 Plaut.
532 2157 606 2191 Capt.
624 2165 655 2187 2,
675 2164 704 2189 3,
725 2165 737 2188 3
764 2156 828 2182 Vult
847 2162 872 2181 te
892 2165 979 2182 nouus
998 2155 1077 2182 herus

31 2194 146 2228 Operam
166 2193 228 2220 dare
246 2199 294 2220 tuo
312 2192 397 2220 veteri
415 2193 542 2219 Domino.

31 2229 102 2256 Asin.
115 2238 140 2261 2,
154 2238 181 2262 4,
194 2237 235 2255 22.
306 2229 421 2263 Operam
434 2229 551 2259 Furtiuis
570 2226 665 2258 rebus,
689 2231 707 2254 i.
715 2227 809 2262 furari
817 2237 824 2251 .·
851 2226 932 2252 Plaut.
945 2226 1041 2261 Amph.
1057 2236 1077 2258 i,

30 2273 61 2297 3,
81 2273 109 2291 12
136 2263 236 2298 Edepol
252 2264 281 2290 ni
295 2264 341 2290 illa
355 2264 473 2290 Furtiuis
488 2263 568 2290 rebus
586 2269 612 2290 te
632 2263 694 2289 sciat
712 2264 828 2297 Operam
847 2262 926 2294 dare,
942 2271 1008 2297 ege,
1029 2269 1075 2289 etc.

29 2300 98 2328 Ter.
113 2299 193 2326 Andr.
209 2308 229 2331 1,
244 2307 263 2331 1,
278 2308 322 2332 130
342 2300 373 2326 Et
386 2308 455 2326 nunc
468 2299 497 2326 Id
511 2301 628 2334 Operam
642 2299 690 2330 do,
709 2304 737 2325 vt
751 2307 797 2333 per
811 2298 886 2325 falsas
900 2299 1014 2333 nuptias,
1030 2305 1075 2325 etc.

29 2334 97 2363 Ibid.
111 2343 135 2366 2,
149 2344 168 2367 1,
182 2340 195 2365 8
216 2334 258 2361 Ah
271 2341 371 2369 quanto
384 2335 463 2362 satius
480 2335 516 2363 est
535 2341 560 2361 te
573 2334 603 2362 Id
617 2334 678 2361 dare
689 2335 821 2370 Operam,
841 2332 889 2368 qui
903 2333 983 2361 istum
1002 2343 1076 2361 amo-

14 2374 86 2398 'rem
106 2379 137 2397 ex
155 2371 245 2397 animo
264 2379 387 2397 amoueas
406 2376 468 2403 tuo,
487 2379 582 2406 quani,
603 2377 649 2397 etc.
754 2371 810 2397 Cic.
825 2368 936 2396 Tuscul.
956 2379 981 2401 1,
1000 2377 1018 2404 7

28 2415 108 2441 quam
130 2406 347 2433 exercitationem
369 2407 406 2433 ita
432 2415 480 2433 nos
507 2407 623 2433 studiose
647 2406 763 2440 Operam
792 2405 926 2436 dedimus,
955 2411 999 2436 vt,
1028 2412 1073 2431 etc.

27 2442 109 2468 Plaut.
121 2443 200 2469 Poen.
213 2450 236 2473 3,
250 2444 277 2474 6,
290 2450 327 2468 20.
343 2443 444 2468 Donios
457 2442 581 2468 abeamus
596 2441 696 2468 nostras
709 2441 783 2467 sultis
797 2450 866 2467 nunc
879 2441 946 2466 iam:
968 2440 1074 2475 quando

25 2477 72 2510 id,
97 2477 170 2512 quod
190 2478 247 2504 Irae
265 2478 381 2511 Operam
402 2477 548 2509 dedimus,
559 2478 769 2511 impetrauimus.
863 2476 1030 2503 Plaut.-Pers.
1045 2485 1073 2509 4,

27 2520 52 2545 5,
73 2521 85 2538 ι·
106 2509 207 2546 Edepol
227 2511 322 2539 dedisti
340 2513 418 2546 virgo
432 2513 547 2546 Operam
560 2512 729 2539 laudabilem.
792 2512 853 2538 Cic.
868 2511 919 2538 Off.
936 2520 955 2544 ι,
969 2516 1011 2541 128
1031 2511 1073 2537 Li-

947 2058 969 2076 c.
985 2052 1001 2076 6
1021 2052 1078 2076 lam

634 2192 750 2226 Operam
769 2191 890 2217 assiduam
910 2191 981 2217 Foro
1001 2193 1076 2217 Idem
1096 2196 1124 2223 55
1142 2190 1228 2216 dicam
1249 2191 1318 2218 mihi

1148 1770 1286 1812 Plausum,
1311 1773 1486 1812 Applauderg,
1498 1772 1589 1807 plausu
1608 1771 1710 1806 quodam
1731 1774 1772 1799 vel
1788 1783 1917 1807 manuum,
1938 1777 1977 1802 vel
1989 1777 2194 1813 pedumfauere:

1147 1804 1212 1829 vnde
1227 1806 1484 1841 Poetaesab1A172-jic
1497 1807 1613 1841 finiunt,
1633 1813 1678 1839 vt,
1704 1816 1730 1833 v.
1743 1817 1768 1844 g.
1795 1809 1898 1836 Plautus
1913 1810 2072 1842 Asinariam,
2092 1813 2194 1840 Remm-

435 1841 516 1866 Plaut.
526 1840 618 1865 Bacch.
632 1848 660 1871 4,
669 1847 696 1870 9,
710 1846 745 1871 72
766 1837 821 1863 Vbi
835 1837 909 1863 lubet
922 1838 1014 1870 recita,
1027 1840 1081 1864 Au·
1097 1848 1130 1874 45
1148 1838 1285 1872 impetrari
1300 1842 1384 1873 posse,
1400 1842 1418 1868 si
1433 1843 1551 1869 Plausum
1568 1841 1600 1868 sic
1620 1842 1684 1875 (hic
1699 1843 1750 1878 ipse
1761 1845 1893 1878 complodit
1906 1847 2014 1880 manus)
2033 1847 2133 1874 clarum
2148 1849 2194 1876 da-

1148 1872 1190 1899 tis.
1243 1875 1274 1900 In
1289 1875 1390 1903 Cistell.
1416 1878 1495 1904 More
1509 1877 1641 1904 maiorum
1656 1877 1714 1904 date
1728 1878 1847 1905 Plausum
1860 1880 1989 1914 postrema
2003 1882 2031 1908 in
2044 1883 2192 1912 comoedia.

1146 1908 1230 1936 Plaut.
1245 1910 1320 1944 Capt.
1359 1931 1365 1938 .
1402 1932 1408 1937 .
1482 1913 1538 1939 Cic.
1552 1912 1584 1938 dc
1597 1913 1696 1939 Sene&
1710 1916 1727 1939 6
1753 1914 1859 1947 Qiibus
1879 1924 1963 1949 quum
1982 1926 1997 1943 a
2017 1918 2113 1945 cunero
2132 1928 2194 1946 con·

1146 1943 1208 1970 sessu
1224 1944 1326 1972 Plausus
1342 1948 1402 1973 esset
1415 1948 1553 1982 multiplex
1570 1948 1651 1973 datus.
1725 1949 1820 1975 Horat.
1836 1951 1924 1976 Carm.
1940 1960 1960 1983 1,
1980 1960 2021 1984 2ο,
2033 1962 2061 1985 4.
2116 1955 2193 1981 Plau-

1146 1979 1203 2005 sum
1218 1980 1300 2013 pensis
1315 1981 1376 2008 dare
1388 1983 1484 2017 Virgil.
1499 1984 1565 2009 Aen.
1579 1991 1600 2014 ς,
1615 1990 1663 2014 215.
1734 1984 1790 2010 Cic.
1806 1993 1855 2019 pro
1869 1986 1972 2012 Cluent.
1986 1996 2017 2019 30
2042 1988 2098 2021 Qui
2112 1991 2193 2018 vxori

488 2017 604 2049 Operam
621 2015 739 2045 Platoni,
760 2021 783 2040 et
796 2017 916 2046 caeteris,
931 2021 981 2049 pro
994 2015 1080 2048 Disci-
1095 2023 1127 2049 50
1146 2014 1207 2040 suae
1222 2015 1361 2042 Cluentiae
1379 2026 1462 2051 quum
1478 2019 1532 2052 ipse
1545 2018 1672 2044 Poculum
1686 2017 1810 2052 dedisset,
1830 2020 1919 2047 subito
1939 2021 1984 2048 illa
2004 2022 2033 2049 in
2046 2024 2133 2051 media
2146 2035 2192 2060 po-

1145 2049 1220 2089 tione
1239 2051 1412 2085 exclamauit,
1432 2060 1478 2079 etc.
1581 2054 1692 2084 Poenas,
1713 2054 1820 2080 Puniri:
1847 2055 1915 2082 Ter.
1929 2056 2035 2084 Phorm.
2049 2067 2084 2092 4,
2102 2069 2130 2093 3,
2148 2070 2192 2088 22.

1146 2086 1221 2119 Virg.
1236 2087 1300 2112 Aen.
1315 2096 1344 2120 4,
1358 2096 1410 2120 403
1429 2088 1512 2115 Dabis
1530 2087 1653 2121 improbe
1666 2088 1771 2116 Poenas.
1843 2091 1900 2117 Cic.
1913 2092 1997 2119 Tusc.
2013 2101 2036 2126 5,
2074 2114 2081 2121 .
2119 2115 2127 2123 .
2163 2097 2192 2124 Si

1143 2119 1229 2153 digito
1251 2131 1331 2156 quein
1350 2123 1491 2157 attigisset,
1511 2124 1608 2149 Poenas
1628 2122 1743 2149 dedisset.
1845 2126 1943 2154 Poenas
1963 2128 2071 2163 incesti,
2089 2137 2135 2157 aut
2156 2138 2194 2158 te-

1143 2156 1273 2182 meritatis
1294 2157 1354 2184 Liu.
1377 2166 1405 2190 2,
1442 2178 1449 2184 .
1488 2178 1494 2184 .
1565 2158 1621 2184 Cic.
1635 2158 1750 2194 Philipp.
1767 2168 1806 2193 12,
1820 2169 1855 2194 24
1876 2171 1897 2188 c.
1914 2171 1942 2189 10
1962 2165 2057 2199 Itaque
2073 2165 2120 2200 ipsi
2140 2172 2192 2198 (ne

1326 2196 1336 2225 )
1357 2193 1458 2227 Populo
1479 2194 1602 2221 Romano
1622 2194 1719 2220 Poenas
1739 2195 1888 2224 dederuut:
1921 2207 1965 2225 me
1985 2200 2086 2231 saluum
2105 2202 2190 2230 adhuc

1142 2226 1267 2260 Respubl.
1282 2229 1457 2255 conseruauit.
1563 2230 1661 2256 Poenas
1681 2230 1823 2265 sanguine,
1842 2239 1892 2267 pro
1910 2235 1983 2261 Mori
1995 2245 2004 2260 :
2031 2237 2107 2271 Virg.
2123 2239 2189 2267 Aen.

1142 2269 1169 2301 23
1185 2264 1235 2294 366
1265 2263 1323 2290 Nec
1342 2264 1393 2291 soli
1412 2265 1509 2291 Poenas
1529 2263 1590 2292 dant
1609 2266 1734 2300 sanguine
1749 2267 1871 2301 Teucri,
1899 2269 1924 2295 h.
1938 2279 1958 2296 e.
1978 2271 2134 2299 Moriuntur
2150 2274 2191 2302 in.

1141 2295 1229 2331 digne.
1267 2298 1319 2325 hoc
1337 2300 1409 2326 enim
1428 2301 1536 2335 proprie
1555 2300 1690 2335 significat.
1727 2302 1843 2330 Seruius.
1967 2306 2104 2334 Portiones
2122 2309 2189 2337 Plin.

1143 2340 1178 2364 12,
1193 2342 1232 2367 14.
1286 2334 1360 2361 Idem
1374 2345 1409 2371 12,
1423 2344 1447 2369 ις
1468 2336 1533 2362 Νοη
1547 2336 1609 2363 dant
1623 2344 1655 2363 ex
1667 2337 1775 2369 myrrha
1790 2338 1927 2366 Portiones
1945 2340 2004 2368 deo.
2076 2345 2189 2372 Potesta-

1044 2371 1075 2396 In
1095 2370 1130 2396 60
1142 2373 1211 2399 tem,
1231 2367 1264 2402 est
1274 2371 1392 2406 (inquit
1408 2371 1480 2398 Valla
1494 2382 1519 2406 4,
1534 2373 1584 2406 18)
1610 2373 1669 2399 Rem
1682 2374 1786 2400 alterius
1799 2376 1906 2402 arbitrio
1920 2381 2070 2405 committere
2078 2391 2086 2404 :
2105 2380 2186 2407 Plaut.

1144 2405 1212 2444 Pers.
1228 2414 1254 2438 4.
1268 2414 1296 2438 4,
1312 2414 1347 2438 52.
1423 2407 1492 2433 Ter.
1505 2406 1612 2434 Phorm.
1626 2415 1650 2441 5,
1663 2410 1689 2440 6,
1709 2418 1746 2442 40
1772 2410 1816 2437 Ait
1835 2416 1946 2446 vterque
1964 2413 2012 2439 sibi
2031 2414 2188 2442 Potestatem

1141 2447 1198 2465 eius
1212 2439 1346 2468 habendae
1366 2441 1436 2468 dare.
1508 2442 1580 2469 Idem
1595 2443 1623 2470 in
1636 2444 1704 2478 prol.
1718 2445 1814 2472 Heaut.
1828 2454 1855 2478 35
1876 2447 1969 2474 Adeste
1982 2457 2068 2482 aequo
2080 2451 2186 2477 animo:

1140 2473 1199 2501 date
1212 2475 1367 2503 Potestatem
1381 2477 1450 2504 mihi
1475 2478 1614 2505 Statariam
1626 2488 1703 2513 agere
1715 2487 1743 2506 vt
1757 2480 1833 2507 liceat
1846 2490 1892 2514 per
1906 2481 2047 2510 silentium.
2111 2486 2186 2512 Pote-

1139 2509 1241 2543 statem,
1255 2511 1394 2545 honorem,
1413 2513 1610 2546 auctoritatem,
1627 2522 1810 2541 ornamentum
1825 2516 1964 2543 (Πανὶ-ιτ.
1974 2525 1996 2550 5,
2007 2523 2044 2548 83
2100 2520 2184 2548 Plaut,

27 2547 100 2574 beris
113 2547 175 2574 dare
186 2548 316 2581 Operam,
332 2557 362 2575 re
377 2547 515 2575 honesturn
529 2548 579 2580 est,
600 2548 710 2575 nomine
728 2547 884 2578 obscenum,
916 2547 940 2574 h.
960 2556 979 2573 e.
1002 2547 1073 2573 Libe-
1091 2552 1122 2584 65
1139 2546 1215 2579 Capt.
1231 2554 1260 2579 5,
1280 2557 1305 2580 1,
1326 2557 1355 2581 14
1382 2549 1428 2574 Dii
1447 2549 1602 2576 Potestatem
1621 2549 1734 2581 dabunt,
1758 2555 1786 2575 vt
1805 2549 1962 2578 beneficium
1985 2552 2052 2580 bene
2070 2557 2184 2583 merenti

27 2585 66 2609 ris
81 2583 251 2617 procreandis.
343 2584 426 2611 Plaut.
441 2584 516 2618 Capt.
531 2592 553 2616 3,
568 2592 590 2616 5,
604 2592 636 2617 43
660 2583 709 2610 Sed
726 2582 794 2609 mihi
811 2592 888 2617 aegre
906 2582 942 2609 est
955 2591 997 2608 ine
1010 2582 1073 2609 huic

29 2616 124 2644 dedisse
136 2618 250 2653 Operam
263 2619 376 2652 Malam,
388 2620 435 2654 qui
448 2628 517 2645 nunc
530 2625 640 2654 propter
653 2628 696 2645 me
710 2627 821 2653 meaque
835 2618 915 2645 verba
929 2618 1015 2644 vicine
1027 2618 1072 2644 est.

29 2653 98 2680 Gell.
112 2662 138 2686 2,
152 2661 182 2686 29
200 2654 286 2688 Reges
298 2656 420 2687 veniant,
438 2656 608 2689 Operamque
621 2656 742 2681 Mutuam
757 2655 833 2686 dent,
847 2661 873 2680 et
886 2654 990 2680 messem
1003 2653 1071 2678 hanc

28 2688 107 2715 nobis
120 2688 264 2715 adiuuent-⁷
321 2690 437 2724 Operam
450 2690 588 2728 Optimam
607 2690 688 2715 Plaut.
703 2689 792 2715 Aulul.
805 2698 831 2720 2,
844 2697 869 2720 2,
883 2696 924 2714 22.
996 2687 1071 2713 Idem

1138 2581 1230 2620 nostro
1249 2583 1348 2609 merito
1369 2592 1501 2610 numeres.
1605 2583 1670 2609 Cels.
1690 2592 1715 2613 1,
1737 2592 1761 2616 13
1786 2585 1856 2612 Illud
1878 2586 1942 2612 scire
1960 2595 2082 2622 oportet,
2102 2600 2184 2618 omne

1138 2616 1293 2643 huiusmodi
1319 2617 1556 2657 medicamentum,
1585 2617 1659 2652 quod
1679 2619 1757 2645 Potui
1781 2620 1873 2653 datur,
1899 2631 1953 2648 non
1976 2625 2078 2659 semper
2098 2628 2185 2661 aegris

1138 2651 1271 2684 prodesse,
1295 2653 1397 2687 semper
1416 2654 1483 2679 sanis
1495 2661 1602 2680 nocere.
1699 2654 1778 2681 Potui
1798 2655 1875 2682 datur
1896 2656 1928 2683 ad
1950 2658 2095 2687 iecinerum
2114 2663 2182 2690 vitia

1137 2686 1202 2712 Plin.
1218 2694 1256 2718 21,
1271 2695 1313 2712 20.
1370 2688 1411 2715 Sic
1424 2688 1554 2715 Columel.
1568 2694 1590 2721 8,
1605 2695 1627 2720 ς.
1731 2691 1825 2716 Potum
1838 2693 1923 2718 arenti
1938 2694 1994 2721 solo
2008 2696 2074 2722 Plin.
2090 2705 2128 2732 17,
2138 2701 2182 2726 26.

29 2724 99 2750 Asin.
112 2732 136 2755 2,
150 2733 176 2756 2,
190 2732 224 2756 99
244 2723 313 2750 Iussit
328 2725 373 2750 vel
387 2733 435 2750 nos
449 2725 606 2754 atriensem,
630 2724 673 2750 vel
687 2732 735 2750 nos
747 2731 859 2749 vxorem
878 2723 950 2748 suain
966 2721 1071 2748 defrau-
1087 2731 1122 2758 70
1136 2720 1205 2747 Ter.
1216 2721 1296 2748 Andr.
1311 2731 1334 2755 3,
1343 2732 1372 2757 4,
1388 2731 1420 2758 27
1440 2723 1549 2751 Vtinam
1563 2723 1631 2750 mihi
1644 2725 1704 2751 esset
1715 2725 1819 2766 aliquid
1834 2726 1886 2760 hic,
1900 2737 1955 2762 quo
1969 2739 2038 2757 nunc
2052 2741 2095 2758 me
2108 2734 2182 2760 Prae-

27 2759 89 2785 dare
103 2769 108 2784 ε
143 2759 211 2786 dixit
225 2759 277 2785 sese
290 2760 406 2794 Operam
420 2759 571 2785 Promissam
585 2758 653 2785 dare.
756 2758 825 2784 Ter.
838 2757 949 2792 Adelph.
966 2765 986 2789 1,
1007 2765 1030 2789 2,
1045 2765 1070 2790 15

26 2794 150 2828 Denique
170 2795 188 2820 si
202 2795 392 2828 conferendum
413 2794 560 2828 exemplum
579 2793 631 2826 est,
649 2802 703 2820 non
720 2794 831 2820 fratrem
851 2793 924 2819 videt
937 2792 988 2818 Rei
1007 2793 1070 2818 dare

27 2830 158 2864 Operam,
176 2831 235 2856 ruri
254 2831 302 2856 ess'e
316 2839 421 2865 parcum
438 2838 467 2855 ac
481 2829 600 2855 sobrium
613 2830 623 2855 3
648 2832 696 2855 int.
711 2830 751 2855 rei
763 2828 908 2860 familiari,
926 2828 1070 2863 diligentem

43 2872 119 2892 utrem
128 2866 248 2900 familias
262 2864 313 2898 affin
408 2865 489 2892 Plaut.
504 2864 573 2891 Afin.
588 2871 611 2897 5,
625 2872 649 2894 2,
670 2872 698 2890 21
723 2865 778 2898 Ego
798 2865 890 2889 censeo
909 2871 970 2888 eum
988 2864 1069 2888 etiam

20 2871 163 2928 hominem
176 2901 282 2926 Senatui
295 2900 358 2926 dare
372 2902 502 2935 Operam,
522 2906 567 2927 aut
579 2899 727 2926 clientibus.

27 2944 38 2962 1
61 2936 180 2967 Sermoni
194 2936 300 2970 reliquo
313 2935 404 2962 demus
418 2937 533 2970 Operam
546 2935 678 2967 sedentes,
700 2937 716 2961 i.
729 2934 901 2970 colloquamur.
986 2934 1068 2959 Plaut.

27 2971 102 3006 Epid.
117 2980 137 3004 2,
152 2980 175 3006 2,
193 2980 225 3005 54
254 2971 451 2998 Dislimulabam
470 2980 512 2998 me
525 2971 619 2997 harum
632 2971 752 2997 Sermoni
767 2971 882 3005 Operam
897 2969 975 3002 dare,
999 2972 1017 2995 i.
1032 2975 1071 2995 at-

26 3006 136 3040 tendere,
156 3007 302 3043 auscultare.
385 3008 500 3041 Operam
515 3008 630 3040 Somno,
649 3008 764 3033 Dormire
789 3006 871 3032 l’laut.
886 3004 976 3031 Pseud.
997 3013 1022 3037 1,
1041 3013 1067 3037 2,

29 3049 73 3074 42.
141 3043 200 3069 Liu.
215 3051 251 3075 23,
288 3063 294 3068 .
332 3062 338 3069 .
376 3043 497 3077 Corpora
512 3051 619 3075 curare,
637 3042 787 3076 Somnoque
801 3042 917 3076 Operam
936 3040 1007 3073 dare,
1020 3047 1066 3066 etc.

24 3075 87 3108 Cic.
99 3076 130 3104 de
144 3078 215 3105 Clar.
229 3079 303 3105 Orat.
317 3080 367 3110 306
384 3079 438 3113 Ego
451 3084 539 3105 autem
555 3078 621 3104 iuris
634 3078 722 3104 ciuilis
737 3077 823 3103 studio
837 3076 951 3103 multum
966 3078 1070 3110 Operae
1083 3079 1115 3105 80
1132 3075 1168 3102 est
1183 3076 1322 3109 prandium
1335 3077 1544 3106 aduenientibus.

33 3109 124 3141 dabam
140 3115 178 3148 Q
191 3114 345 3146 Scaeuolae,
374 3115 400 3140 P.
415 3115 443 3141 F.
472 3115 519 3148 qui
535 3123 684 3148 quanquam
702 3114 804 3139 nemini
823 3114 848 3139 se
868 3111 911 3139 ad.
920 3111 1068 3138 docendum

33 3145 122 3179 dabat,
134 3153 219 3175 tamen
232 3149 427 3176 consulentibus
440 3149 638 3184 respondendo,
660 3149 794 3176 studiosos
806 3147 933 3175 audiendi
947 3147 1067 3174 docebat.

35 3181 145 3216 Operam
162 3184 241 3216 Stilo,
260 3192 308 3219 pro
320 3185 431 3221 scribere
450 3188 490 3212 vel
507 3192 666 3220 componere:
697 3185 804 3211 Sueton.
827 3185 855 3210 in
871 3184 972 3210 Domit.
997 3192 1019 3209 c.
1033 3191 1068 3209 20

36 3216 174 3252 Nunquam
192 3225 278 3246 tamen
295 3220 414 3247 historiis
433 3222 629 3248 carminibusue
646 3220 831 3255 cognoscendis
845 3221 959 3254 Operam
976 3219 1068 3251 vllam,

35 3257 79 3277 aut
92 3252 154 3280 Stilo
172 3255 214 3281 vel
231 3256 370 3283 necessario
385 3256 466 3284 dedit.
559 3257 675 3291 Operam
688 3257 717 3283 T
718 3256 859 3283 onsoribus
879 3255 953 3281 Idem
972 3254 1001 3280 in
1014 3255 1067 3280 Au-

36 3286 101 3327 gufls.
120 3296 140 3313 c.
154 3295 187 3322 79
205 3297 253 3325 pro
271 3291 388 3320 Tonderi.
481 3293 538 3319 Cic.
557 3291 590 3319 de
607 3292 714 3319 Amicit.
750 3312 757 3318 .
795 3311 800 3317 .
839 3311 845 3317 .
883 3289 964 3323 Qiod
983 3299 1067 3324 quum

35 3329 165 3356 optimum
181 3327 374 3363 maximumque
393 3327 443 3360 sit,
468 3328 487 3354 si
507 3328 535 3354 id
557 3328 679 3355 volumus
703 3327 831 3362 adipisci,
858 3326 960 3352 Virtuti
977 3326 1066 3359 Opera

35 3357 121 3384 danda
137 3357 172 3397 ⁰st
186 3369 192 3384 ²
224 3360 274 3388 fine
286 3371 337 3397 qua
348 3372 434 3398 neque
445 3364 607 3395 amicitiam,
624 3373 711 3399 neque
724 3364 806 3389 vllam
823 3371 879 3389 rcm
895 3361 1065 3396 expetendam

34 3393 161 3427 consequi
178 3395 310 3426 possumus.
385 3399 468 3426 Plaut.
483 3400 569 3426 Truc.
583 3409 618 3434 4,
633 3408 665 3432 2,
680 3408 708 3425 ιο
738 3399 786 3425 Sed
803 3398 927 3429 obsecro,
947 3397 980 3423 da
997 3396 1065 3423 mihi

34 3429 166 3462 Operam,
186 3435 214 3454 vt
229 3438 344 3465 narrem,
364 3443 431 3469 quae
450 3435 530 3468 volo,
562 3438 581 3461 i.
599 3435 659 3461 audi
678 3444 722 3461 me.
810 3434 878 3460 Ter.
892 3434 957 3459 Eun.
973 3441 992 3465 1,
1005 3441 1026 3465 1,
1040 3437 1066 3462 18

34 3465 122 3504 Qfflfn
138 3463 155 3489 fi
175 3463 218 3489 des
230 3464 352 3499 OPel'flms
371 3471 407 3496 Vt
425 3480 483 3497 cum
503 3471 608 3498 ratione
629 3471 750 3498 insanias.
836 3469 892 3496 Cic.
908 3469 983 3495 Verr.
1000 3476 1022 3500 2,
1038 3477 1066 3501 19

33 3499 113 3526 Dedit
128 3500 258 3539 Operam,
276 3501 312 3527 Vt
323 3504 456 3532 Halesinus
469 3506 501 3533 ad
515 3507 556 3537 se,
575 3513 621 3532 etc.
692 3505 772 3532 Plaut.
786 3504 854 3536 Rud.
874 3513 894 3537 1,
914 3513 937 3537 2,
951 3512 977 3536 33
1003 3505 1066 3530 Pau-

34 3536 71 3561 CiS
92 3541 272 3569 percontarier
288 3537 348 3563 volo
367 3548 397 3566 ex
414 3546 448 3568 te.
487 3548 516 3568 D.
542 3542 649 3568 dabitur
669 3541 772 3577 Opera,
793 3546 872 3575 atque
891 3541 920 3566 in
938 3541 1065 3574 negotio,

33 3573 53 3597 ''-
72 3579 121 3596 ⁷²0⁷2
138 3570 236 3596 audiam
253 3570 335 3601 '⁷¹⁰d02
347 3573 392 3607 sed
407 3577 548 3612 respondebo
569 3580 651 3604 ctiam.
742 3577 796 3603 Cic.
813 3577 886 3603 Verr.
900 3584 926 3607 2,
942 3578 990 3610 176
1014 3576 1064 3601 His

821 2899 877 2925 Cic.
890 2898 922 2924 de
936 2897 1029 2932 Legib.
1042 2906 1068 2930 2,
1088 2904 1120 2933 75
1134 2903 1254 2931 ceptum,
1269 2905 1319 2934 pro
1341 2901 1485 2935 Praecipere
1501 2901 1562 2928 Liu.
1579 2910 1627 2934 30,
1663 2921 1669 2928 .
1708 2922 1715 2929 .

1086 3442 1121 3467 90
1129 3441 1156 3472 3⁵.
1165 3434 1192 3464 6,
1205 3438 1247 3466 48·

1137 2756 1245 2790 cipitcm
1259 2756 1358 2784 darem.
1453 2758 1522 2785 Ibid.
1537 2768 1558 2792 1,
1572 2767 1594 2791 3,
1608 2768 1624 2790 9
1648 2760 1818 2795 Praecipitem
1839 2772 1882 2789 uie
1901 2764 1928 2790 in
1943 2766 2081 2799 pistrinum
2097 2769 2182 2797 dabit.

1136 2792 1231 2818 Horat.
1245 2793 1325 2819 Serm.
1341 2802 1358 2822 ι,
1378 2801 1403 2825 2,
1423 2801 1448 2826 51
1475 2795 1527 2820 Hic
1545 2795 1571 2821 se
1590 2795 1763 2830 Praecipitem
1782 2797 1852 2824 testo
1871 2798 1953 2826 dedit.

1136 2826 1151 2851 d
1288 2828 1294 2833 ι
2059 2805 2182 2840 Praeceps

1154 2831 1210 2852 atus
1227 2828 1410 2855 trucidabatur
1429 2829 1498 2856 Tac.
1512 2830 1578 2857 Ann.
1595 2839 1615 2862 1,
1628 2839 1675 2863 44.

1225 2862 1230 2867 ι
1437 2865 1442 2869 .
1737 2867 1742 2872 Δ
1783 2834 1859 2868 Virg.
1875 2835 1972 2870 Georg.
1992 2848 2019 2871 4,
2039 2845 2082 2871 398
2109 2840 2181 2868 Nam

1135 2860 1189 2888 sine
1204 2871 1232 2888 νι
1245 2872 1299 2890 non
1315 2864 1367 2890 vlla
1382 2863 1456 2890 dabit
1467 2866 1619 2900 Praecepta:
1635 2875 1722 2901 neque
1735 2867 1812 2895 illum
1839 2870 1948 2897 Orando
1962 2873 2057 2900 flectes.
2105 2876 2180 2902 Prae-

1172 2933 1178 2938 *
1368 2935 1373 2939 ι
1788 2904 1844 2931 Cic.
1864 2905 1895 2932 de
1911 2907 1968 2933 Fin.
1983 2917 2007 2940 2,
2022 2914 2055 2942 84
2082 2910 2120 2936 Ad
2137 2921 2179 2938 eas

1135 2942 1207 2959 enim
1222 2943 1263 2960 res
1281 2934 1314 2961 ab
1327 2935 1442 2969 Epicuro
1455 2937 1592 2971 Praecepta
1604 2937 1707 2964 dantur.
1734 2957 1738 2959 >
1803 2941 1903 2968 Praelia
1917 2942 1978 2969 dare
1996 2945 2066 2979 Virg.
2081 2946 2179 2974 Georv.

1134 2977 1157 3009 3,
1172 2971 1226 3001 265.
1238 3004 1244 3010 '
1334 2971 1388 2997 Cic.
1402 2971 1454 2997 Off.
1467 2981 1491 3005 2,
1506 2974 1541 2998 60
1560 2973 1640 3007 Qiod
1655 2974 1792 3006 Praesens,
1808 2982 1930 3011 tanquam
1945 2980 1971 3004 in
1984 2989 2077 3013 manu,
2092 2968 2179 3014 datus,

1134 3004 1276 3031 iucundius
1291 3005 1333 3032 est.
1407 3007 1533 3035 Scaeuola
1549 3008 1580 3035 de
1594 3008 1665 3035 Statu
1678 3009 1769 3035 liberis
1791 3011 1808 3038 l.
1822 3012 1925 3039 Sticho:
1949 3015 2031 3040 Iubeo
2046 3015 2089 3043 det
2102 3018 2177 3044 Prae-

1134 3039 1182 3066 stet
1196 3039 1254 3066 filio
1268 3048 1294 3067 et
1309 3042 1386 3067 vxori
1398 3051 1480 3069 meae.
1550 3044 1630 3071 Plaut.
1646 3044 1741 3079 Amph.
1756 3054 1778 3077 2,
1792 3055 1813 3077 2,
1830 3056 1855 3079 33
1877 3049 1956 3074 Domi
1969 3050 2076 3077 datm-us
2096 3061 2176 3079 nemo

1615 3080 1705 3107 Preces
1719 3089 1772 3106 non
1785 3081 1828 3108 dat
1841 3083 1940 3110 Miloni
1955 3085 2050 3112 Cicero
2065 3087 2176 3120 Q2i116h

1131 3113 1157 3141 6,
1179 3119 1204 3143 1,
1225 3120 1267 3146 27.
1299 3115 1317 3138 i.
1334 3122 1381 3138 non
1393 3114 1532 3141 introducit
1544 3122 1687 3150 precantem
1698 3117 1855 3151 suppliciter.
1924 3119 1991 3146 Plin.
2005 3122 2082 3155 Epist.
2100 3131 2119 3154 ι,
2140 3131 2175 3149 22

1132 3146 1254 3173 Dandum
1267 3148 1337 3174 enim
1351 3148 1473 3183 precibus
1486 3151 1591 3182 onris,
1608 3151 1722 3178 dandum
1736 3151 1806 3178 filiae
1819 3152 1947 3185 lacrimis,
1965 3155 2080 3183 dandum
2093 3158 2175 3185 etiam

1131 3181 1210 3208 nobis
1228 3183 1336 3216 amicis,
1356 3191 1401 3210 etc.
1436 3188 1454 3212 i.
1468 3185 1553 3212 horum
1575 3190 1679 3213 omnium
1699 3190 1726 3212 in
1746 3191 1856 3222 gratiam
1875 3191 2048 3226 ulciscendum.
2119 3193 2174 3219 Pri-

1131 3226 1201 3250 niaS,
1222 3219 1360 3252 secundas,
1380 3221 1471 3247 tertias
1484 3222 1611 3257 (partes)
1624 3222 1704 3248 alicui
1719 3223 1759 3248 rei
1772 3223 1827 3249 Cic.
1844 3223 1875 3250 de
1888 3225 1962 3252 Orat.
1971 3235 1993 3258 3,
2007 3235 2054 3253 211.
2099 3228 2174 3255 Idem

1087 3255 1115 3285 85
1132 3253 1184 3280 Off.
1198 3262 1223 3285 2,
1237 3256 1272 3281 66
1296 3255 1366 3281 Huic
1381 3265 1489 3291 quoque
1501 3266 1564 3292 ergo
1583 3267 1597 3283 a
1615 3258 1760 3284 maioribus
1776 3259 1870 3286 nostris
1884 3260 1919 3286 est
1934 3261 1963 3287 in
1976 3268 2031 3288 tota
2044 3262 2175 3297 dignitate

1131 3289 1295 3324 Principatus
1310 3290 1393 3317 datus.
1435 3293 1492 3318 Vid.
1509 3300 1524 3319 1¹
1534 3300 1552 3319 R
1562 3302 1571 3319 1
1583 3300 1603 3319 N
1613 3300 1655 3320 ΟΕ
1665 3299 1679 3318 P
1689 3300 1712 3320 s.
1785 3294 1853 3321 Ter.
1869 3296 1933 3322 Eun.
1953 3305 1980 3329 3,
1997 3305 2022 3330 2,
2040 3307 2060 3331 4
2084 3300 2174 3333 Quam

1132 3325 1260 3352 venuste?
1279 3327 1351 3361 quod
1363 3326 1436 3354 dedit
1449 3328 1610 3363 Principium
1624 3328 1785 3356 adueniens?
1807 3331 1921 3365 quomodo
1939 3334 2052 3366 incepit?
2122 3335 2174 3362 Lu·

1130 3366 1194 3387 cret.
1208 3370 1233 3393 2,
1248 3364 1298 3388 262
1320 3362 1389 3389 Nam
1401 3363 1485 3389 dubio
1501 3364 1591 3398 procul
1607 3364 1647 3390 his
1660 3364 1738 3390 rebus
1752 3366 1795 3391 sua
1808 3366 1904 3400 cuique
1917 3366 2038 3394 voluntas
2073 3369 2173 3397 Princi-

1129 3396 1230 3431 cipium
1244 3396 1295 3424 dat.
1367 3399 1521 3432 Progeniem
1535 3399 1700 3426 vitiosiorem
1717 3400 1813 3432 daturi,
1828 3405 1970 3436 generaturi
1978 3404 2071 3430 Horat.
2081 3406 2169 3435 Carm.

1317 3433 1358 3460 Sic
1371 3435 1445 3469 Virg.
1461 3436 1525 3461 Aen.
1543 3444 1562 3467 1,
1576 3443 1626 3470 274
1652 3436 1741 3462 Donec
1758 3437 1849 3469 regina
1864 3437 1981 3463 sacerdos
2016 3440 2103 3467 Marte
2116 3451 2174 3476 gra..

1130 3477 1172 3494 vis
1192 3468 1323 3502 geminam
1344 3476 1419 3503 partu
1441 3470 1513 3497 dabit
1532 3471 1580 3497 Ilia
1599 3471 1710 3498 Prolem.
1786 3472 1926 3504 Promissa,
1944 3474 2065 3507 Spondere
2084 3477 2172 3509 Catul.

1131 3504 1229 3538 Argon.
1240 3513 1281 3539 ¹39
1301 3505 1334 3531 At
1346 3514 1399 3532 non
1413 3505 1475 3532 haec
1488 3507 1620 3540 quondam
1636 3505 1729 3533 blanda
1743 3506 1863 3532 Promissa
1877 3507 1988 3535 dedisti?
2006 3511 2079 3537 Voce
2093 3512 2172 3539 mihi.

1130 3539 1207 3574 Virg.
1217 3540 1281 3566 Aen.
1294 3549 1320 3573 9,
1331 3548 1363 3574 45
1385 3541 1449 3568 Non
1463 3541 1524 3568 haec
1538 3542 1659 3569 Euandro
1674 3541 1705 3567 de
1721 3547 1745 3567 te
1759 3542 1881 3569 Promissa
1895 3545 1997 3577 parenti
2031 3546 2173 3575 Discedens

1130 3573 1264 3602 dederam.
1337 3576 1392 3603 Cic.
1407 3577 1438 3603 de
1451 3578 1509 3604 Fiu.
1526 3587 1545 3610 1,
1563 3586 1589 3611 19
1616 3578 1684 3604 Nam
1699 3577 1715 3602 fi
1729 3585 1820 3602 omnes
1835 3580 1918 3605 atomi
1931 3579 2110 3616 declinabunt,
2126 3591 2172 3611 etc.

35 3614 84 3640 pro
98 3605 176 3632 rebus
195 3606 266 3640 quod
286 3609 430 3646 portorium
448 3621 502 3639 non
513 3613 573 3640 esset
592 3613 697 3645 datum,
716 3612 806 3639 literas
826 3611 858 3638 ad
872 3612 959 3638 socios
972 3610 1065 3637 mififfe
1081 3616 1113 3644 95
1129 3610 1246 3644 primum
1258 3610 1310 3637 erit
1321 3611 1372 3638 hoc
1384 3612 1454 3647 quasi
1469 3614 1617 3640 Prouincias
1630 3612 1723 3639 atomis
1737 3611 1814 3643 dare,
1834 3622 1901 3648 quae
1911 3615 1999 3648 roste,
2019 3626 2087 3651 quae
2100 3620 2171 3646 obli.

34 3642 65 3668 L·
78 3641 236 3681 Canuleium
246 3661 259 3681 ³,
273 3641 319 3675 qui
332 3650 361 3668 m
372 3643 449 3672 Portu
461 3648 558 3682 Operas
572 3648 653 3675 daret.
725 3648 797 3674 Idem
812 3648 883 3674 Fam.
899 3656 932 3679 13,
944 3649 975 3679 65
996 3647 1063 3672 Cum

33 3678 60 3704 P.
76 3677 210 3717 Terentio
224 3678 356 3717 Hispone,
375 3680 421 3712 qui
432 3681 529 3715 Operas
541 3684 570 3710 in
583 3684 715 3719 Scriptura
728 3693 776 3718 pro
790 3683 915 3718 magistro
929 3682 983 3714 dat,
996 3681 1066 3708 mihi

34 3713 133 3746 summa
148 3712 328 3744 fssmsslasltffi,
340 3714 547 3752 consuetudoque
559 3720 603 3746 est.
673 3720 761 3754 Opera
773 3719 842 3751 data,
861 3722 878 3745 i.
892 3718 920 3743 de
932 3715 1065 3749 industria,

33 3748 148 3782 consilio:
172 3748 232 3782 le.
253 3749 282 3774 in
303 3748 341 3774 1.ι
365 3746 387 3785 §
409 3750 480 3782 Qid
498 3753 516 3779 si
534 3755 644 3782 vulnera
668 3755 686 3781 i.
702 3756 733 3781 D.
748 3755 780 3780 de
793 3753 969 3781 Senatuscons.
986 3752 1065 3779 Silan.

36 3783 93 3811 Nisi
115 3789 160 3810 aut
180 3783 227 3818 ipsi
249 3783 297 3810 sibi
311 3783 420 3810 vulnera
442 3785 488 3812 ista
507 3788 624 3817 fecerunt
644 3791 703 3817 data
722 3791 823 3825 Opera,
843 3799 876 3816 ne
900 3788 1065 3823 punirentur.
1075 3794 1121 3812 100
1129 3788 1187 3822 prie
1205 3798 1253 3822 pro
1266 3789 1374 3816 inducet
1391 3801 1395 3816 :
1417 3797 1461 3822 vt,
1478 3791 1598 3823 Magnam
1612 3788 1686 3816 dabit
1699 3789 1744 3816 ille
1758 3791 1872 3818 ruinam.

37 3819 103 3845 Add.
116 3819 182 3845 Plin.
197 3820 241 3854 Ep.
253 3827 280 3853 7,
293 3828 330 3851 12,
344 3822 368 3845 6.
476 3822 546 3848 Caes.
559 3825 621 3851 Bell.
637 3826 704 3853 Gall.
718 3835 744 3858 3,
759 3834 787 3860 17
813 3824 870 3852 Nisi
889 3833 974 3859 aequo
994 3824 1065 3856 loco,

37 3852 82 3885 aut
97 3855 300 3888 opportunitate
319 3855 407 3890 aliqua
426 3855 501 3888 data,
514 3857 598 3891 legato
618 3860 796 3888 dimicandum
815 3870 869 3887 non
889 3859 1063 3887 existimabat.
1088 3864 1099 3877 '
1130 3860 1201 3886 enim
1215 3860 1343 3886 membris
1359 3860 1401 3886 dat
1415 3868 1477 3885 cura
1490 3860 1625 3894 Qiietem.

37 3887 203 3930 L'i11.·26.,·2-9
227 3890 298 3917 Nam
317 3900 399 3925 quum
419 3898 491 3918 extra
511 3892 607 3919 sortem
619 3895 740 3931 Collegae
755 3897 900 3931 Optionem
921 3895 982 3922 dare
1004 3904 1065 3930 pro-

35 3932 137 3964 vinciae
157 3933 276 3959 iniquum
294 3926 393 3959 fuerit,
413 3934 527 3961 quanto,
545 3934 590 3954 etc.
681 3933 763 3959 Plaut.
783 3931 849 3959 Rud,
864 3941 896 3965 4,
916 3941 948 3964 4,
968 3940 1001 3957 20
1034 3937 1065 3957 G.

35 3959 156 3987 Alienon‘
170 3961 240 4023 μεως
252 3968 391 4025 quaipItuo
403 3962 477 3990 dabis
491 3963 664 3992 Orationem?

100 4016 113 4021 -
221 4002 273 4025 01..
343 4018 348 4025 .

731 3967 881 3995 I'laut.Mil.
895 3976 920 4001 2,
928 3975 950 4001 5,
962 3969 993 4000 56
1011 3967 1067 3994 Ne·
1077 3965 1267 4002 105ficri1>offit
1284 3965 1366 3992 Plaut.
1381 3965 1462 3993 Milit.
1478 3975 1496 3999 1,
1514 3977 1534 4001 ι,
1546 3976 1593 4004 47.

1130 3654 1183 3679 que
1195 3646 1327 3673 feruntur.
1397 3649 1453 3675 Cic.
1469 3650 1546 3675 Verr.
1560 3659 1588 3681 4,
1607 3657 1631 3680 51
1658 3646 1769 3673 Ferebat
1786 3650 1902 3683 grauiter
1916 3651 1986 3677 illam
2003 3652 2051 3679 sibi
2071 3654 2104 3680 ab
2119 3655 2169 3681 isto

1130 3681 1298 3708 Prouinciam
1313 3682 1408 3710 datam.
1479 3684 1558 3710 Plaut.
1574 3682 1661 3709 Pseud.
1678 3691 1696 3713 i,
1709 3690 1732 3716 5,
1747 3691 1783 3709 ιιι
1810 3685 1886 3712 Dabo
1900 3686 1979 3713 aliam
1992 3697 2105 3723 pugnam
2120 3691 2170 3716 cla-

1131 3725 1186 3742 ram
1200 3723 1225 3744 et
1237 3719 1507 3746 commemorabilem.
1560 3719 1626 3744 Ter.
1642 3719 1706 3744 Eun.
1721 3726 1742 3751 5,
1758 3728 1780 3750 2,
1794 3722 1828 3746 60
1849 3722 1933 3747 (rede
1946 3722 1996 3749 hoc
2009 3733 2082 3751 meae
2096 3725 2170 3757 fidei,

1130 3751 1205 3779 dabit
1224 3753 1266 3779 hic
1285 3753 1400 3788 aliquam
1414 3763 1526 3789 pugnam
1546 3753 1641 3779 denuo.
1684 3754 1731 3780 Vbi
1749 3754 1882 3789 Donatus,
1905 3757 1986 3784 Dabit
2005 3767 2091 3785 autem
2109 3770 2170 3795 pro-

1671 3824 1674 3825 ,
1943 3793 2011 3820 Tac.
2020 3795 2086 3822 Hist.
2098 3806 2125 3828 4,
2134 3804 2170 3830 79

1700 3826 1773 3860 Virg.
1791 3828 1854 3853 Aen.
1869 3836 1906 3860 10,
1920 3837 1967 3863 217
2002 3845 2047 3849 ——
2082 3839 2167 3864 neque

1684 3862 1777 3895 Queri
1796 3863 1822 3889 se
1836 3863 1898 3889 dare
1912 3873 1943 3889 ex
1957 3864 2053 3890 diurno
2067 3865 2168 3896 labore,

1678 3897 1737 3924 Liu.
1756 3907 1782 3930 9,
1820 3918 1826 3924 .
1866 3918 1872 3925 .
1908 3900 1999 3925 Curari
2015 3900 2089 3929 cibo,
2111 3908 2168 3926 cor-

1462 3931 1618 3965 Ratione1n‚
1636 3934 1728 3960 Docere
1747 3936 1866 3959 rationem
1887 3941 1909 3959 et
1921 3933 2029 3966 modum,
2050 3944 2094 3969 qno
2108 3934 2168 3969 quid

1663 3969 1736 3996 Caes.
1748 3969 1814 3997 Bell.
1826 3969 1886 3996 Ciu.
1901 3978 1919 4001 i,
1933 3974 1963 3999 82
1992 3968 2019 3995 Si
2035 3971 2168 4004 praelium

1431 4003 1458 4029 H
1477 4001 1497 4031 h
2095 4014 2167 4033 cumn

1131 3824 1187 3850 Nec
1203 3825 1230 3850 in
1244 3825 1353 3859 longum
1368 3826 1450 3857 Qiies
1468 3824 1547 3851 militi
1561 3825 1628 3851 data.

1129 3895 1183 3921 vid.
1196 3896 1278 3929 paulJo
1286 3893 1355 3929 post,
1377 3896 1473 3922 Somno
1492 3896 1516 3921 se
1536 3895 1606 3923 dare.

1130 3939 1193 3964 pora
1208 3931 1301 3964 Qiieti
1320 3930 1389 3956 dant.
