2479 4225
49 206 157 243 297⁷
431 188 464 228 E
553 188 580 228 B
660 189 695 229 Ο
1528 187 1561 226 E
1660 189 1693 227 C
1776 189 1803 227 B
2089 199 2164 241 298

49 280 161 308 radicem
200 278 321 305 siluestris
357 278 448 310 rosae,
478 286 556 312 quam
600 275 782 310 cynosrhodon
821 279 930 306 vocant,
958 274 1074 301 eblandi-
1130 276 1266 310 producens
1286 275 1372 302 baccas
1391 276 1481 302 rubras
1500 282 1524 303 et
1537 276 1614 303 veluti
1628 275 1787 312 sanguineas,
1805 277 1831 301 ιή
1844 276 2030 309 fimilstudinem
2045 278 2164 314 sambuci.

50 322 102 342 tam
115 314 162 340 fibi
175 313 292 348 adspectu
305 313 389 348 pridie
404 313 431 339 iu
446 313 560 345 fruteto,
580 314 696 339 mitteret
716 311 774 337 filio
788 309 936 336 bibendam.
973 310 1020 337 Sed
1031 309 1073 336 bic
1141 311 1208 337 l'ndc
1232 311 1305 346 Virg.
1328 310 1379 337 Ecl.
1401 320 1438 344 10,
1461 320 1494 346 27
1523 312 1676 346 §anguineis
1694 311 1771 338 libuli
1790 310 1883 337 baccis.
1954 314 2083 340 Columel,
2103 323 2127 345 2,
2140 322 2164 341 2.

46 352 142 376 omnino
154 349 276 385 legendum
290 347 322 382 ‘st
334 348 497 374 Blanditam:
535 355 557 374 ct
570 351 606 374 ita
618 347 704 375 babent
719 346 812 372 codices
832 342 965 377 emendati,
985 352 1008 371 ct
1027 355 1072 371 mc-
1135 346 1199 371 Plin.
1215 355 1251 379 25,
1266 355 1294 372 ιο
1325 345 1403 373 libuli
1428 356 1532 382 quoque
1559 351 1654 382 (quem
1686 355 1765 373 nemo
1796 347 1915 381 ignorat)
1935 348 2010 375 fumo
2041 350 2165 384 sugantur

50 387 100 412 rito
111 387 148 411 ita
160 385 250 411 editur.
344 384 436 418 Paffiue
471 384 526 410 Cic.
541 393 588 417 pro
602 384 684 409 Planc.
698 390 727 407 ιο
740 390 761 406 c.
774 389 792 414 4
812 379 948 407 Eblandita
962 380 1007 407 illa
1019 389 1073 407 non
1137 381 1273 414 serpentes.

49 420 180 447 enucleata
192 420 240 446 etse
252 418 385 454 suffragia,
405 422 422 445 i.
436 418 566 446 blanditiis
578 416 761 445 candidatorum
781 418 921 451 impetrata.
1097 428 1112 455 ς
1173 424 1187 442 r:
1199 424 1213 443 Β
1223 425 1241 442 v
1252 425 1269 444 R
1279 437 1286 449 ‚
1298 415 1351 450 siue
1372 423 1388 442 E
1397 422 1412 442 13
1421 422 1439 441 0
1449 423 1467 442 R
1477 435 1483 446 ,
1503 417 1566 443 bris.
1591 425 1618 444 n.
1652 416 1780 450 [ἐλέφας]
1815 416 1945 451 Elephanti
1960 418 2017 443 dens
2031 428 2038 443 ε
2074 419 2140 454 quasi
2153 430 2164 446 e

672 456 673 459 ’
1138 452 1234 484 barro,
1253 455 1271 478 i.
1290 451 1432 486 Elephanto
1455 452 1610 485 produitus,
1628 460 1656 478 ut
1676 454 1772 486 placet,
1792 452 1870 488 nqscso
1892 461 1962 487 quam
1976 454 2045 484 benc,
2065 456 2165 481 Seruio.

320 492 347 523 E
395 492 417 522 Β
467 492 494 523 0
565 498 593 522 ct
651 489 678 520 Ε
726 487 748 518 Β
796 488 823 519 R
1138 487 1192 512 cic.
1213 488 1290 514 Acad.
1311 496 1337 520 4,
1354 496 1399 512 100
1426 487 1488 512 Non
1508 488 1578 513 enim
1598 488 1632 513 cst
1652 496 1666 513 e
1686 489 1746 514 saxo
1760 488 1886 521 scalptus,
1905 494 1948 513 aut
1961 488 2040 514 ebore
2056 490 2166 516 dolatus.

1137 523 1202 549 Plin.
1217 528 1237 553 8,
1251 532 1262 555 3
1282 523 1309 549 de
1325 522 1494 557 Elephantinss
1508 522 1617 548 dentibus
1627 543 1634 554 ‚
1654 524 1710 549 Hoc
1726 523 1808 548 solum
1823 522 1888 549 ebur
1900 523 1943 548 cst.
2015 525 2062 550 Pro
2089 526 2168 560 is‘asts,

84 564 102 586 ις
111 566 126 586 13
135 566 154 586 0
162 567 181 587 R
192 567 213 586 Α
223 567 240 586 R
251 567 290 587 IV
299 567 312 586 S
322 580 330 593 ,
347 560 399 587 vid,
421 568 437 587 E
446 567 461 587 13
469 567 490 586 v
498 561 538 587 R)
1138 565 1179 583 aut
1193 560 1251 584 aliis
1266 559 1336 584 rebus
1350 567 1378 583 ex
1391 557 1457 583 ebore
1472 557 1563 583 dolatis
1571 577 1577 588 ‚
1590 559 1704 591 Jollcmni
1718 559 1870 592 Metunymia
1879 577 1886 590 ,
1907 559 1972 584 Hor.
1982 559 2068 585 Carm.
2078 569 2102 592 2,
2115 567 2147 592 18,
2158 570 2166 586 1

87 601 156 622 EBR
167 603 176 621 1
188 603 248 628 vs,
269 605 297 627 a,
324 605 376 622 um,
416 597 475 622 Adi.
509 592 646 627 [μέθυσοὴ
666 589 800 626 οἰνοβαρῆς,
819 590 945 624 οἰνόφλυξ,
962 590 1076 624 μεθύων]
1097 604 1124 622 ιο
1140 594 1202 620 Non
1216 594 1296 626 ebur,
1316 601 1400 627 neque
1415 601 1522 618 aureum
1560 593 1619 618 Mea
1641 593 1743 619 renidet
1760 593 1786 619 in
1800 593 1880 619 donno
1894 593 2006 620 lacunar.
2112 596 2167 621 Cic.

76 633 102 656 ui
123 634 198 657 nimio
214 637 276 666 potu
299 633 420 657 alienatus
439 629 472 663 ist
492 635 566 655 mente
579 637 589 656 ,“
623 636 652 652 ex
665 627 741 658 Bria,
754 626 826 686 {qwd
838 625 871 659 ‘st
886 637 931 653 uas
942 630 1075 653 vinarium.
1139 630 1213 654 Vcrr.
1233 637 1258 660 2,
1278 637 1304 661 35
1330 629 1416 654 Omne
1435 627 1501 653 ebur
1517 635 1548 653 ex
1563 627 1670 653 aedibus
1686 629 1775 659 sacris,
1794 635 1839 654 etc.
1861 630 1984 655 auferret.
2088 629 2167 657 Plaut.

56 665 114 692 Vni.
134 665 196 699 Voſjt
212 667 291 700 Etym.
306 663 643 697 Brouckh.acITib.1‚7‚2g.
696 663 753 697 Qun
779 662 809 688 ab
823 662 905 688 Ebrio
918 660 991 694 dfflee
1003 661 1077 688 Ebri-
1138 664 1215 690 Most.
1232 672 1251 696 1,
1265 672 1287 696 3,
1300 672 1341 690 102
1356 661 1494 698 postulanti
1503 664 1597 698 puellae·
1612 666 1749 696 certulam,
1768 662 1813 699 qui
1830 664 1908 689 malas
1922 665 2038 696 oblinat,
2057 664 2168 691 adulato—

51 701 124 732 osus‚
141 701 192 727 vid.
205 701 229 727 h.
246 711 270 727 v.
324 703 402 728 Plaut.
416 700 472 727 Aul.
487 708 514 731 4,
528 707 564 729 10,
576 707 606 724 20
628 697 717 724 Nimis
731 697 822 723 vinum
837 697 891 724 vile
906 704 984 731 atque
991 705 1076 729 amor,
1138 702 1174 725 rie
1186 699 1359 737 respondetur,
1380 700 1437 724 Vna
1452 707 1530 732 opera
1543 698 1608 723 ebur
1624 705 1766 725 atramento
1779 700 1947 726 candefacere
1962 700 2089 734 postules,
2103 700 2170 735 quast

51 735 70 762 si
85 735 160 762 ebrio
171 741 248 770 atque
263 738 358 764 amanti
372 738 475 770 impune
490 734 589 766 facere,
607 733 678 767 quod
691 732 789 765 lubeat,
799 732 866 758 licet.
938 733 993 758 Cic.
1003 733 1073 758 Fam.
1137 734 1204 760 dicat
1218 733 1332 767 ccruſjam
1346 733 1380 760 ad
1392 733 1518 759 candorem
1529 735 1622 768 puellae
1636 741 1814 769 cmuparatam,
1828 735 1855 770 se
1869 735 1954 762 habere
1967 743 1996 762 vt
2009 742 2171 762 atramentum

50 779 78 804 9,
92 778 119 805 17
138 771 258 798 Habuisti
274 773 344 799 enim
358 773 384 799 in
396 777 438 797 tua
450 769 583 804 potestate,
591 777 622 794 ex
636 776 690 802 quo
703 768 786 794 velex
798 768 898 799 sobrio,
907 767 948 793 vel
966 774 1035 794 certe
1045 777 1075 794 ex
1094 776 1118 802 ¹3
1135 770 1168 796 ad
1181 769 1244 795 ebur.
1351 768 1434 799 Ebur,
1449 776 1497 803 pro
1520 770 1651 804 Elephanto
1672 769 1757 802 ‹lixi—'lle
1782 774 1883 797 videtur
1909 772 1999 797 quen.
2015 772 2064 797 Sat.
2081 780 2116 802 12,
2133 780 2170 798 ιιι

50 806 126 832 ebrio
140 807 204 833 scire
221 808 307 841 poss'es.
371 805 463 833 Ebrius
477 813 502 830 es
518 815 523 830 :
540 813 587 830 nec
601 805 670 829 enim
684 804 780 829 faceres
794 803 821 829 id
835 802 937 829 sobrius
949 812 1075 837 vnquam,
1138 820 1181 824 —
1200 805 1276 830 Mora
1288 803 1358 829 nulla
1371 813 1417 838 per
1430 804 1548 830 Histrum
1585 805 1743 837 Pacuuium,
1761 806 1826 839 quin
1845 806 1910 832 illud
1929 806 1995 832 ebur
2014 806 2123 833 ducatur
2137 807 2170 833 ad

49 846 78 867 vt
89 841 169 867 velles
183 843 258 868 corio
271 843 372 875 ludere,
391 840 485 872 cerdo,
502 846 549 865 tuo
569 839 683 866 Martial.
699 848 723 871 2,
739 846 772 872 ις.
833 838 1076 866 Titubantz'mncbrz-
1137 849 1202 866 aras.
1240 838 1450 874 Nempe-signauit
1463 839 1561 872 btfliam
1575 850 1588 865 a
1598 847 1672 874 purte
1686 840 1808 866 nobiliori.
1862 844 1954 868 Contra
1974 842 2046 875 Virg.
2067 843 2130 868 Aen.
2144 845 2171 875 6,

48 883 117 902 orum
129 877 303 912 dey‘cmptiones
315 875 426 912 congcffit
438 875 562 901 Drakcnb.
576 875 609 900 ad
621 875 666 900 Sil.
681 882 711 909 7,
725 883 783 900 200.
818 874 920 900 Lucret.
934 882 958 906 3,
972 882 1021 907 425
1138 877 1187 907 896
1211 874 1383 909 Elephantum
1402 874 1469 900 dixit
1483 883 1531 910 pro
1556 876 1637 901 Ebore.
1691 875 1747 901 ΗΑ.
1778 875 1949 909 ΕΙερῇῑιηῑιις,
1967 881 1994 903 in
2026 884 2170 905 i-‘LEt‘i-iAs.

203 914 318 947 Denique
331 920 376 937 cur
388 911 523 938 hominem
535 919 615 945 quum
629 910 687 936 vini
699 910 739 936 vis
757 909 904 943 penetrauit
1139 909 1219 937 Ouid.
1228 911 1348 940 Amor-2,
1358 918 1379 942 ς,
1387 919 1422 942 40
1441 911 1579 944 Aut,quod
1593 919 1625 936 ne
1642 910 1726 944 longis
1741 911 1877 937 flaucsccrc
1890 914 1962 945 pollit
1973 912 2005 938 ab
2020 914 2093 939 annis
2102 914 2171 939 Mae-

203 949 291 980 Acris,
309 953 332 974 et
346 947 373 973 in
386 955 463 972 venas
476 945 582 972 disceffit
595 945 692 972 diditus
705 944 799 976 ardor,
1086 956 1120 974 20
1139 946 1197 972 onis
1215 945 1344 978 Assyrium
1365 945 1464 971 femina
1485 947 1564 972 tinxit
1579 945 1653 971 ebur.
1759 945 1825 970 Atla'.
1842 948 1925 983 Heius
1941 948 1973 972 ad
1986 948 2078 973 Claud.
2092 948 2123 974 de
2139 950 2169 976 R,

203 983 375 1017 Consequitur
393 982 506 1016 grauitas
522 981 701 1007 membrorum
715 982 724 1006 ἓ
758 978 963 1013 praepediuntur
1137 981 1205 1008 Pros.
1221 990 1239 1012 1,
1253 988 1315 1015 274.
1422 981 1493 1007 Ebur
1507 982 1534 1007 in
1548 981 1652 1014 templis
1665 979 1753 1011 fleuit,
1767 982 1783 1005 i.
1790 980 1865 1015 signa
1879 991 1907 1006 ex
1920 983 1986 1008 ebore
1995 983 2050 1009 Sen.
2059 984 2170 1015 Thyest.

202 1020 283 1045 Crura
297 1017 452 1044 vacillanti?
488 1016 731 1050 tardestitlingua?
765 1015 852 1041 madet
872 1015 962 1041 mens?
1138 1025 1195 1051 702.
1301 1015 1508 1043 Pulcherrimum
1531 1025 1562 1042 ex
1589 1017 1669 1042 ebore
1691 1014 1789 1048 signum
1812 1016 1948 1042 Mineruae
1968 1018 2022 1043 Cic.
2047 1018 2078 1043 de
2099 1020 2169 1045 Clar.

202 1054 272 1080 Nant
285 1053 355 1080 oculi
370 1053 378 1079 ἓ
413 1052 529 1084 clamor,
547 1052 684 1086 singultus,
704 1051 805 1084 iurgia,
819 1050 952 1076 crescunt?
1137 1053 1211 1078 Orat.
1230 1057 1285 1085 257.
1392 1052 1479 1078 Statua
1495 1060 1526 1078 ex
1542 1051 1623 1078 ebore
1653 1051 1721 1076 Suet.
1733 1049 1793 1075 Tit.
1801 1059 1855 1076 c.2.
1958 1053 2083 1085 Asperum
2097 1054 2173 1081 lienis

49 1086 147 1114 Insanis
170 1093 195 1114 et
218 1088 298 1114 ebriis
318 1088 400 1114 multa
424 1088 488 1114 falsa
511 1087 634 1114 videntur
654 1086 709 1112 Cic.
734 1085 765 1112 de
788 1086 879 1113 Diuin.
893 1094 919 1117 2,
934 1093 979 1111 120
1002 1093 1022 1110 c.
1038 1088 1074 1116 58.
1120 1087 1204 1113 ‘ebur
1222 1087 1282 1113 Seu.
1294 1085 1402 1120 Hippoi.
1416 1093 1471 1119 399.
1574 1086 1702 1118 Ass'yrium
1721 1084 1801 1111 Ouid.
1816 1086 1905 1111 Amor.
1920 1094 1940 1115 2,
1954 1094 1977 1118 ς,
1991 1097 2035 1119 40.
2107 1084 2172 1115 Can·

49 1119 71 1157 Ἴ
92 1131 108 1148 2
147 1124 247 1150 Tralate
255 1131 302 1158 pro
319 1125 415 1150 Mentis
426 1126 497 1158 inops
510 1133 519 1151 ‚·
553 1130 581 1149 vt
597 1128 683 1148 contra
698 1121 806 1147 Sobrius
815 1129 863 1156 pro
871 1122 958 1147 Sanus.
994 1120 1075 1146 Plaut.
1092 1130 1123 1157 25
1139 1123 1199 1149 deas
1220 1121 1299 1148 Ouid.
1319 1130 1350 1147 ex
1371 1123 1453 1148 Ponto
1474 1131 1496 1154 3,
1515 1130 1538 1154 3,
1552 1126 1591 1154 98.
1699 1120 1877 1154 Conspicuam
1896 1121 1968 1147 Idem
1984 1121 2049 1147 ibid.
2065 1131 2092 1154 4,
2105 1131 2126 1155 ς,
2141 1130 2173 1154 ¹8-

50 1157 112 1184 Cist·
127 1168 154 1190 42
168 1166 187 1190 ¹,
203 1166 226 1191 ¹5
245 1159 303 1185 Alia
315 1159 412 1185 mulier
426 1158 474 1184 isto
489 1157 564 1193 paeto
578 1158 662 1187 dicat,
678 1157 762 1183 dicam
775 1157 822 1182 ess‘e
840 1156 952 1185 ebriam.
1024 1156 1077 1181 ΕΗ·
1137 1157 1235 1185 Curule
1251 1158 1317 1183 Hor.
1333 1157 1409 1191 Epist.
1425 1167 1443 1188 1,
1460 1160 1485 1190 6,
1500 1165 1534 1190 53.
1562 1158 1586 1183 h.
1601 1165 1619 1181 e.
1642 1156 1704 1182 Sella
1717 1159 1809 1181 curum
1821 1156 1936 1188 eburnea,
1954 1166 2001 1183 non
2017 1157 2063 1190 mst
2070 1158 2175 1191 jammis

49 1193 183 1229 gaiitfflirne
197 1195 261 1220 Hor.
275 1194 303 1220 αέ
317 1195 444 1229 Cleopatra
456 1203 526 1229 quam
540 1196 617 1219 nimia
623 1193 733 1228 fortuna
746 1192 773 1218 de
787 1192 853 1228 sizna
871 1199 948 1218 mente
965 1190 1076 1217 exturba-
1137 1191 1322 1229 magistratibus
1334 1192 1447 1226 conciJJJLi.
1537 1192 1657 1218 Indicum
1678 1191 1743 1217 Hor.
1760 1192 1847 1218 Carm.
1863 1200 1882 1224 1,
1895 1201 1930 1224 31,
1944 1195 1969 1218 6.
2049 1193 2175 1220 Nitidum

47 1235 127 1258 verat,
161 1229 273 1256 Fortuna
285 1229 356 1256 dulci
370 1229 444 1256 ebria
464 1230 550 1255 Carm.
564 1237 584 1261 1,
596 1236 682 1262 37,10.
719 1228 803 1254 Eodem
811 1228 884 1262 sensu
897 1227 963 1253 dixit
972 1228 1075 1252 Lucret.
1137 1229 1218 1256 Ouid.
1233 1229 1298 1254 Met.
1312 1236 1333 1258 2,
1346 1237 1366 1260 3,
1452 1228 1570 1254 Niuenm
1590 1226 1628 1253 Id,
1649 1225 1714 1252 ibid.
1729 1234 1765 1259 ιο,
1779 1235 1841 1261 247.
1928 1229 2018 1254 quen.
2031 1229 2080 1254 Sat.
2096 1234 2118 1261 g,
2134 1238 2176 1261 103

0 1287 1 1292 ,
47 1271 71 1295 3,
85 1265 131 1289 106
148 1264 225 1290 Curis
238 1264 335 1291 ebrius.
442 1264 557 1291 Martial.
578 1273 605 1297 4,
620 1272 652 1296 54
679 1262 758 1289 Ebria
772 1263 895 1289 Sidoniae
908 1271 967 1288 cum
982 1262 1030 1288 tint
1043 1261 1075 1288 de
1138 1264 1290 1291 Phidiacum
1303 1263 1412 1289 viuebat
1426 1263 1499 1289 ebur.
1516 1266 1534 1289 ι’.
1550 1265 1649 1291 statuae
1664 1264 1777 1288 eburneae
1785 1263 1898 1297 sculptae
1912 1273 1927 1289 a
1942 1264 2032 1290 Phidia
2047 1265 2175 1300 tamajus-

45 1298 168 1332 sanguine
182 1300 302 1326 conchae.
394 1300 508 1334 Tapetes
522 1299 592 1326 ebrii
606 1300 682 1325 succo
707 1300 785 1325 Mart.
800 1299 827 1324 in
839 1297 989 1324 Mimiamb.
1025 1317 1031 1322 .
1068 1316 1075 1322 .
1091 1312 1123 1338 30
1137 1299 1212 1333 cestii,
1232 1306 1261 1325 vt
1274 1301 1357 1325 uiuere
1371 1299 1524 1325 viderentur.
1597 1297 1693 1331 Regale
1712 1297 1767 1323 Seu.
1782 1298 1891 1332 Hippol,
1904 1303 1962 1331 899.
2023 1299 2117 1326 Seffile
2134 1300 2176 1327 de.

47 1333 139 1360 Claud.
162 1335 238 1361 Cons.
261 1335 338 1362 Prob.
364 1341 390 1362 et
409 1335 488 1367 Oljb.
508 1343 556 1367 250
593 1335 673 1361 Mella
687 1334 773 1360 ferant
786 1334 880 1366 siluae,
897 1335 949 1359 iam
964 1333 1076 1367 profluat
1137 1336 1205 1361 liciis
1221 1333 1295 1360 India
1307 1335 1390 1361 mittit
1405 1334 1471 1361 ebur
1490 1333 1571 1360 Ouid.
1587 1334 1619 1359 de
1632 1333 1728 1359 Medic.
1743 1333 1799 1360 Fac.
1813 1342 1849 1360 10.
1922 1334 2093 1369 Splendidum
2118 1336 2175 1363 Seu.

45 1367 134 1395 ebrius
145 1371 240 1401 amnis,
275 1371 383 1397 Mutatis
395 1371 422 1397 in
435 1371 496 1397 vina
509 1370 591 1396 vadis.
669 1370 732 1396 Non
746 1369 781 1396 est
794 1369 836 1396 hic
849 1370 908 1395 Ilias
922 1369 983 1394 Acci
997 1368 1075 1393 Ebria
1135 1370 1246 1403 Thyest.
1259 1377 1318 1404 457.

43 1410 151 1431 veratro
171 1405 237 1432 Pers.
244 1414 264 1439 1,
273 1414 312 1439 50.
418 1406 540 1432 Gladium
554 1405 699 1432 latrociniis
714 1405 818 1432 ebrium
839 1405 956 1432 Tertull.
971 1404 1002 1430 de
1016 1403 1074 1429 Res.
1172 1412 1267 1438 E5BVR
1277 1413 1297 1432 N
1307 1410 1352 1432 Εν
1362 1411 1374 1431 S
1384 1424 1390 1435 ‚
1409 1413 1423 1431 a
1433 1425 1441 1437 ,
1460 1413 1512 1431 um,
1544 1403 1604 1430 Adi.
1641 1402 1714 1438 ‚Qcod
1727 1412 1755 1429 ex
1770 1402 1836 1429 ebore
1851 1401 1891 1436 est.
1927 1404 1991 1430 Plin.
2006 1411 2046 1439 28,
2060 1415 2078 1440 4
2103 1406 2177 1434 Elide

43 1438 121 1466 carn·
135 1448 157 1465 c·
167 1443 202 1467 ¹6-
269 1443 343 1468 Mens
358 1440 480 1468 desiderii
495 1450 598 1468 veneno
610 1441 685 1471 ebria
702 1442 827 1475 Cypriam
864 1460 871 1467 ·
907 1460 914 1466 -
963 1439 1075 1466 Peccatis
1137 1441 1237 1468 solebat
1250 1440 1351 1467 ostendi
1363 1441 1430 1466 costa
1444 1440 1560 1474 Pelopis,
1580 1448 1658 1474 quam
1674 1439 1815 1465 eburneam
1830 1436 2003 1466 affirmabant.
2083 1443 2176 1470 Iouem

43 1473 113 1500 ebrii
134 1475 247 1503 Saluian.
266 1477 298 1503 de
318 1477 388 1503 Gub.
408 1478 458 1503 Dei
473 1477 490 1503 l.
505 1484 531 1512 7.
725 1477 745 1513 Ἴ
766 1485 778 1508 3
814 1477 885 1502 Anus
899 1475 974 1502 ebria
993 1474 1074 1501 Ouid.
1092 1486 1119 1512 3,-
1137 1478 1200 1504 fecit
1213 1477 1359 1503 eburneum
1380 1476 1452 1502 [dem
1466 1478 1506 1507 36,
1519 1483 1540 1508 ς.
1611 1474 1727 1500 Peffines
1747 1475 1823 1508 Apul.
1833 1475 1936 1507 Menti,
1973 1494 1979 1502 .
2017 1494 2024 1503 .
2062 1478 2177 1510 Quadri.

42 1507 108 1535 Fast.
120 1518 144 1542 2,
159 1516 211 1543 582.
316 1513 421 1545 Coena,
433 1520 482 1548 pro
496 1513 623 1547 opipara,
641 1518 666 1538 et
678 1521 739 1547 quae
751 1514 837 1537 nimiis
851 1511 947 1537 deliciis
960 1511 1036 1537 veluti
1044 1509 1077 1535 ad
1138 1523 1184 1548 gae
1204 1514 1271 1539 Suet.
1286 1513 1314 1538 in
1327 1512 1426 1538 Neron.
1442 1520 1462 1536 c.
1477 1519 1518 1536 22.
1589 1509 1672 1535 Sellae
1693 1510 1751 1535 Liu.
1766 1517 1788 1541 ς,
1803 1518 1828 1542 4.
1902 1511 2011 1544 Signum
2030 1512 2086 1538 Cic.
2100 1515 2176 1541 verr,

41 1544 181 1572 ebrictatem
190 1551 305 1574 conuiuas
317 1551 415 1575 inuitet.
459 1548 540 1574 Plaut.
556 1547 639 1573 Cafin.
651 1556 674 1579 3,
689 1550 715 1579 6,
730 1552 754 1576 18
775 1547 863 1573 Facite
876 1555 984 1572 coenam
998 1545 1075 1577 mihi,
1138 1558 1166 1581 4,
1180 1557 1197 1574 1.
1270 1549 1331 1573 Item
1345 1545 1425 1578 instar
1439 1546 1517 1571 eboris
1530 1544 1626 1576 album,
1651 1551 1680 1570 vt
1695 1545 1793 1570 Cei-uix
1812 1543 1926 1572 eburnea
1940 1566 1949 1578 ,
1975 1547 2096 1574 Eburi-rea
2111 1550 2178 1576 colla

42 1585 72 1604 vt
83 1579 156 1607 ebria
170 1582 199 1608 sit
211 1582 305 1616 lepide,
313 1583 449 1619 nitideque
461 1583 533 1609 volo.
545 1583 613 1608 nihil
626 1591 718 1608 moror
731 1582 870 1608 barbarico
885 1582 949 1607 ritu.
1006 1581 1077 1606 Con·
1138 1583 1204 1619 apud
1216 1582 1297 1609 Ouid.
1310 1582 1373 1607 Met.
1387 1590 1408 1613 3,
1422 1589 1481 1613 422.
1521 1579 1578 1606 isid.
1601 1580 1700 1605 bburni
1716 1580 1808 1614 Digiti.

42 1615 106 1641 viua
126 1617 205 1643 Ouid.
220 1618 285 1644 fait.
298 1626 321 1651 ς,
333 1627 386 1653 337.
458 1619 515 1645 Sen.
529 1618 599 1645 Med.
614 1620 649 1650 69
668 1618 726 1644 Huc
741 1616 832 1643 incede
846 1616 934 1643 Gradu
946 1615 1077 1642 marcidus
1173 1624 1189 1644 E
1200 1624 1215 1644 Β
1225 1624 1245 1643 ν
1255 1624 1273 1642 R
1284 1624 1305 1643 N
1316 1614 1360 1643 Εό
1369 1623 1385 1642 ι,
1394 1623 1413 1641 ν
1423 1623 1446 1648 s,
1455 1624 1479 1647 a,
1492 1624 1546 1641 um.
1566 1615 1667 1640 Dimin.
1699 1615 1753 1641 Cic.
1768 1615 1799 1639 de
1812 1614 1885 1640 Orat.
1903 1622 1925 1646 3,
1939 1623 1986 1646 223
1999 1624 2020 1641 c.
2035 1619 2070 1642 60
2090 1619 2178 1651 Qiem

0 1679 1 1685 ,
41 1649 135 1683 ‘hdo'
155 1652 188 1677 “d
201 1653 371 1687 Hymcnaam.
464 1653 559 1680 Catull.
574 1661 614 1686 43,
628 1661 650 1679 Π
675 1653 706 1679 Et
721 1652 804 1678 dulcis
819 1652 895 1686 Pueri
910 1651 997 1678 ebriOS
1010 1650 1078 1676 0⁶21-
1094 1659 1130 1684 40
1140 1654 1244 1679 seruum
1265 1652 1314 1679 sibi
1335 1651 1428 1677 habuit
1449 1651 1494 1676 ille
1508 1650 1539 1676 ad
1551 1658 1673 1680 manum,
1693 1658 1752 1675 cum
1765 1649 1908 1675 eburneola
1922 1649 2014 1676 solitus
2031 1651 2067 1677 est
2080 1651 2178 1680 habere

0 1708 1 1711 ,
43 1686 85 1721 los
117 1687 163 1713 Ille
176 1697 308 1722 purpureo
326 1698 372 1716 ore
392 1689 525 1721 suaniam,
543 1697 589 1721 era.
695 1687 793 1714 Turba
823 1689 939 1721 Propert.
952 1695 980 1719 4,
993 1695 1021 1719 4,
1035 1691 1075 1720 78.
1139 1688 1230 1714 fistula.
1302 1687 1370 1713 Gell.
1384 1695 1404 1718 1,
1415 1694 1428 1718 3
1448 1685 1595 1723 Eburneam
1612 1690 1691 1709 vacat.
2143 1701 2147 1703 -

43 1720 130 1747 Verba
149 1723 244 1749 Tibul.
258 1732 280 1755 3,
293 1732 320 1758 7,
335 1733 361 1757 4.
453 1724 568 1758 Vestigia
581 1722 653 1749 ebria
666 1722 768 1749 trahere
793 1723 908 1756 Propert.
923 1731 942 1754 ι,
956 1729 1010 1753 3,9.
1175 1729 1273 1749 EBVR
1283 1729 1374 1753 st,
1393 1730 1420 1752 a,
1440 1729 1493 1746 um.
1514 1719 1573 1745 Adi.
1609 1719 1693 1744 Decus
1708 1717 1836 1744 eburnum
1857 1718 1951 1744 Claud.
1976 1720 2008 1746 de
2025 1721 2100 1756 Rapt.
2115 1724 2177 1750 Pro-

80 1757 193 1784 EBR16
204 1766 218 1784 Ι.
228 1765 279 1791 VS,
290 1768 313 1792 a,
321 1769 373 1785 um.
397 1760 497 1786 Dimin.
532 1759 613 1784 Plaut.
627 1758 704 1783 Curc.
719 1766 737 1788 ι,
751 1767 772 1789 3,
784 1760 816 1789 36
841 1755 913 1789 Quid
932 1757 969 1782 ais
981 1763 1077 1788 propu·
1136 1758 1201 1790 serp.
1215 1765 1233 1786 1,
1247 1764 1304 1790 272.
1341 1757 1414 1790 Virg.
1429 1756 1491 1781 Aen.
1506 1763 1537 1786 11,
1555 1762 1576 1779 ιι
1596 1754 1682 1787 Atque
1696 1754 1785 1779 Ense-m
1800 1753 1869 1779 collo
1884 1754 2016 1789 suspendit
2034 1758 2174 1786 eburnam.

44 1791 118 1817 dium
133 1793 141 1817 ἒ
176 1795 230 1819 tun’
244 1795 322 1819 etiam
336 1803 394 1820 cum
409 1794 545 1820 noeturnis
558 1792 641 1817 oculis
655 1792 808 1817 odiunrme
822 1799 898 1815 vocas
913 1791 922 1815 3
956 1788 1074 1819 Ebriola‚
1135 1794 1152 1816 ι’,
1168 1792 1253 1824 capulo
1268 1791 1366 1816 eburno.
1437 1789 1523 1823 Digiti
1540 1790 1658 1822 Propert.
1673 1797 1693 1818 2,
1708 1797 1726 1820 1,
1740 1797 1764 1821 9.
1777 1792 1794 1815 ι’.
1810 1789 1924 1816 Candidi.
1997 1792 2179 1827 Lucan.2‚3,-6

42 1826 159 1860 persolae
171 1836 262 1860 nugae.
330 1828 400 1853 Ibid.
413 1837 437 1856 2,
451 1836 473 1858 3,
489 1835 514 1859 ις
535 1826 638 1851 Tristes
652 1831 731 1858 atque
746 1824 844 1849 ebrioli
858 1823 989 1852 incedunt.
1088 1832 1121 1858 43
1136 1824 1323 1859 Gradibusque
1337 1825 1450 1851 acclinus
1462 1824 1569 1850 eburnis
1591 1825 1645 1850 Stat
1658 1829 1740 1850 torus.
1796 1823 1923 1851 Claud.in
1931 1825 2011 1860 Nupt.
2020 1829 2123 1856 Honor,
2133 1839 2179 1856 102

77 1866 144 1886 EBR
154 1867 163 1885 Ι
173 1863 213 1886 ds
223 1867 242 1886 v
252 1868 286 1891 s,
298 1869 327 1892 a,
349 1870 402 1887 um.
423 1861 482 1886 Adi.
519 1858 678 1892 [μεθυςικᾱς]
716 1858 890 1893 Qcisaepefit
903 1858 992 1884 ebrius.
1031 1856 1074 1882 Se·
1385 1875 1430 1879 —-
1466 1860 1564 1893 Largos
1578 1858 1640 1885 haec
1653 1859 1765 1885 nectaris
1780 1860 1878 1886 imbres

40 1903 104 1921 neca
114 1895 191 1929 Epist.
207 1900 234 1928 83
254 1896 323 1920 Zeno
335 1896 387 1927 ait,
407 1895 510 1921 ebrium
525 1894 627 1920 duobus
641 1893 728 1919 modis
743 1893 795 1919 dici
805 1913 811 1924 ‚
829 1894 928 1925 altero,
952 1902 1012 1919 cum
1026 1892 1073 1918 ali·
1289 1894 1386 1928 Irrigat
1400 1905 1405 1920 ;
1443 1894 1505 1921 haec
1518 1895 1609 1921 Morsu
1622 1894 1752 1920 numerosi
1766 1894 1850 1920 dentis
1864 1893 1968 1921 eburno

40 1930 99 1964 quis
117 1931 181 1956 vino
199 1931 285 1964 grauis
304 1930 355 1963 est,
376 1936 402 1957 et
421 1931 506 1965 impos
527 1930 564 1956 sui
579 1940 586 1955 ;
620 1929 721 1961 altero,
742 1929 759 1954 si
774 1929 837 1955 solet
850 1929 938 1955 ebrius
952 1928 1028 1959 fieri,
1049 1933 1075 1953 et
1291 1930 1454 1956 Multisidum
1469 1930 1609 1956 discrimen
1622 1936 1685 1955 arat.
1714 1927 1837 1955 Pestinem
1854 1929 1982 1956 eburneum
1996 1933 2125 1968 intelligit.

39 1965 102 1993 huie
113 1966 244 1992 obnoxius
258 1965 326 1992 vitio
340 1965 383 1991 est.
420 1966 551 2000 (Videtur
565 1966 610 1991 hoc
623 1965 656 1990 ad
669 1966 785 1990 Graecum
800 1965 905 1997 με’ᾶυσας
918 1963 1076 1998 pertinere.)
1137 1964 1239 1991 Pleeh‘o
1251 1965 1399 1991 modulatus
1413 1965 1516 1991 eburno
1538 1964 1646 1991 Tibull-
1662 1973 1683 1996 31
1696 1972 1768 1997 4239-
1837 1965 1914 1990 Porta
1935 1966 2009 1999 Virg-
2018 1968 2081 1994 Aen.
2090 1971 2116 2000 6,
2124 1974 2178 2002 898.

42 2016 87 2021 -—--
120 2001 265 2027 Plurimum
279 2001 396 2027 interesse
409 2001 533 2028 concedes
548 2001 617 2026 inter
628 2000 733 2026 ebrium
747 2006 772 2026 et
793 1999 937 2026 ebriosum.
994 1997 1079 2024 Potest
1086 2005 1118 2032 50
1136 2001 1271 2034 sceptrum
1289 1999 1370 2026 Ouid.
1384 2001 1447 2026 Met.
1463 2009 1480 2030 1,
1493 2005 1544 2034 178.
1616 2000 1762 2033 Templum
1783 2000 1900 2033 Propert.
1915 2009 1941 2033 4,
1955 2009 1979 2033 2,
1993 2009 2015 2033 ς.

0 2045 2 2072 ¹.
44 2041 71 2063 et
83 2037 131 2070 qui
144 2036 232 2063 ebrius
247 2036 298 2068 est,
319 2042 379 2063 tunc
393 2037 508 2071 primum
521 2037 583 2069 effe,
604 2044 650 2061 nec
665 2034 761 2061 habere
774 2034 823 2061 hoc
837 2035 935 2062 vitium
949 2045 956 2066 ;
992 2039 1018 2060 et
1031 2033 1079 2068 qui
1173 2043 1189 2063 Ε
1199 2033 1323 2062 ΒόΚΕν
1333 2041 1345 2061 S
1355 2055 1362 2067 ‚
1382 2043 1412 2066 a,
1433 2044 1486 2061 um.
1519 2034 1579 2061 Adi.
1616 2034 1794 2069 [ἕλεφοέντιος]
1830 2035 1944 2067 Qiintil.
1959 2039 1988 2067 6,
2003 2046 2025 2069 3,
2040 2039 2066 2064 6ι
2087 2040 2178 2073 Qfflm

41 2071 160 2103 ebriosus
173 2072 224 2104 est,
239 2072 313 2105 saepe
328 2078 400 2098 extra
412 2073 564 2099 ebrietatem
578 2071 634 2097 esse.
691 2071 754 2098 Sunt
767 2071 803 2096 ibi
813 2072 902 2105 plura,
923 2069 1009 2106 quibus
1023 2069 1081 2104 ujus
1138 2071 1166 2097 in
1180 2070 1318 2105 triumpho
1340 2071 1456 2097 Caesaris
1475 2070 1570 2096 eborea
1583 2069 1680 2103 oppida
1694 2070 1770 2095 ess'ent
1785 2071 1917 2097 translata.
1990 2072 2068 2099 Scobs
2081 2075 2179 2102 eborea

1 2110 2 2113 ’
41 2110 149 2134 nominis
162 2114 186 2134 et
198 2117 237 2134 res
249 2108 301 2143 ipjiz
314 2106 461 2140 illustratur.
530 2107 595 2133 Plin.
610 2114 651 2138 30,
664 2114 689 2138 ι,-
709 2106 823 2132 Ebriosis
837 2115 888 2132 oua
903 2105 1014 2131 noctuae
1034 2113 1080 2138 per
1137 2106 1258 2132 Scribon.
1282 2107 1317 2131 16.
1426 2105 1521 2139 Apollo
1540 2105 1652 2131 eborcus
1672 2105 1738 2130 Plin.
1759 2112 1786 2139 7,
1811 2113 1847 2139 53.
1956 2107 2069 2135 Codices
2085 2110 2178 2138 eborei

41 2142 158 2169 triduum
170 2142 228 2169 data
240 2142 268 2169 in
279 2143 356 2173 vino,
370 2142 486 2169 taedium
501 2142 557 2168 eius
571 2140 712 2168 adducunt.
780 2142 844 2170 Cic.
858 2141 890 2167 de
905 2142 969 2166 Fato
984 2149 1011 2166 io
1026 2149 1046 2165 c.
1062 2146 1075 2171 ς
1137 2142 1198 2175 le.
1212 2142 1240 2166 in
1253 2141 1270 2166 l.
1285 2140 1416 2166 librorum
1431 2139 1477 2177 §.1
1496 2141 1527 2166 D.
1543 2140 1574 2166 de
1588 2140 1638 2174 leg.
1652 2148 1672 2172 3.

41 2177 186 2212 Stilponem
200 2179 287 2204 ferunt
297 2183 322 2205 et
334 2178 466 2208 ebriosum
478 2182 503 2203 et
517 2176 691 2204 mulierosum
703 2177 787 2203 fuisse.
896 2176 1007 2210 Compar·
1026 2175 1074 2200 Ca·
1093 2178 1121 2204 55
1174 2176 1354 2208 EBVRATVS,
1362 2182 1385 2202 et
1398 2181 1576 2208 EBORATVS,
1584 2184 1607 2207 a,
1616 2184 1669 2201 um.
1685 2173 1745 2201 Adi.
1760 2173 1976 2211 [ε’λεφαντόδωτος]
1989 2179 2176 2214 Qodeborete.

41 2213 100 2239 tull.
113 2221 150 2245 25,
164 2223 182 2246 4
210 2214 245 2239 Vt
257 2213 298 2239 lex
311 2213 454 2240 Postumiae
466 2212 540 2239 iubet
553 2212 691 2247 magistrae
726 2212 836 2238 Ebriosa
854 2212 929 2238 acina
948 2210 1075 2237 ebriosio-
1135 2210 1200 2238 Hom
1208 2210 1249 2244 cst.
1286 2211 1488 2243 Plaut.Stich.2,
1496 2220 1520 2242 2,
1528 2219 1554 2242 53
1575 2211 1668 2237 Leotos
1677 2210 1930 2242 eburatos‚auratos.
1992 2214 2059 2241 Sella
2066 2215 2175 2244 eborata

41 2247 87 2274 ris.
128 2249 185 2275 Vid.
204 2247 267 2281 Vqffl
274 2248 358 2275 adloc.
464 2249 623 2283 Qiaeritur,
644 2247 774 2275 ebriosior
782 2248 919 2274 Anacreon
938 2256 971 2273 an
984 2245 1076 2273 libidi-
1135 2245 1271 2281 Lamprid.
1285 2247 1393 2281 Heliog.
1408 2256 1428 2273 c.
1442 2255 1468 2280 4.
1510 2246 1568 2273 Vid.
1583 2246 1696 2273 Borricb.
1713 2246 1792 2282 Cogit.
1801 2253 1829 2281 p.
1843 2256 1887 2281 94.

37 2282 127 2311 nosior
138 2284 234 2309 vixerit
259 2284 314 2310 Sen.
329 2284 373 2318 Ep.
388 2289 424 2314 88.
912 2294 917 2308 ι
1174 2289 1190 2308 Ε
1200 2289 1215 2309 Β
1226 2289 1245 2309 0
1255 2290 1274 2309 R
1286 2290 1333 2309 AR
1343 2290 1352 2309 1
1362 2290 1403 2309 vs
1420 2302 1428 2314 ,
1467 2282 1483 2308 i.
1528 2291 1564 2308 m.
1642 2282 1729 2308 Eboris
1772 2283 1879 2317 artifex.
1933 2283 2057 2311 Eborarii
2095 2294 2176 2314 autem

75 2325 92 2345 F.
101 2323 118 2344 B
127 2325 147 2345 R
156 2326 165 2345 1
174 2315 233 2345 osi
244 2324 266 2345 T
276 2325 297 2345 A
306 2327 334 2351 s,
352 2319 409 2345 atis.
429 2319 449 2345 f.
485 2318 661 2352 [οἰνοφλυγία]
699 2319 754 2346 Cic.
770 2318 852 2345 Tusc.
866 2326 894 2350 4,
911 2325 942 2352 27
956 2326 977 2343 c.
994 2325 1021 2343 12
1040 2317 1075 2342 Vt
1136 2321 1203 2344 inter
1225 2317 1335 2353 artifices
1356 2325 1532 2349 numerantur,
1551 2320 1594 2353 qui
1611 2327 1627 2344 a
1639 2317 1800 2351 Principibus
1812 2321 1964 2344 uacationem
1978 2329 2101 2347 munerum
2115 2323 2176 2349 obli.

38 2353 108 2381 inter
121 2353 275 2380 ebrietatem
286 2360 311 2381 et
324 2354 501 2381 ebriositatem
514 2354 636 2387 interest,
655 2354 780 2389 aliudque
799 2353 835 2380 est
854 2354 902 2380 eise
919 2358 1075 2384 amatorem,
1093 2349 1127 2374 60
1137 2361 1211 2386 nent,
1231 2354 1248 2380 l.
1262 2363 1269 2379 ι
1283 2354 1313 2380 C.
1328 2353 1360 2379 de
1374 2354 1459 2379 excus.
1475 2353 1547 2379 artis.
1585 2373 1591 2379 .
1630 2372 1636 2378 .
1697 2353 1816 2387 Inscript.
1830 2353 1896 2389 apud
1909 2356 2008 2381 Gruter.
2016 2363 2045 2391 p.
2061 2363 2124 2384 va
2144 2359 2174 2386 L.

38 2389 112 2416 alind
123 2397 261 2416 amantem.
302 2389 360 2416 Vid.
369 2390 448 2426 supra
466 2393 493 2415 in
511 2396 670 2417 EBRIOSVS.
1136 2390 1153 2415 P
1161 2389 1182 2415 L
1189 2390 1213 2417 O
1222 2390 1252 2415 T
1259 2390 1270 2415 Ι
1277 2390 1310 2415 O.
1347 2389 1362 2415 S
1372 2390 1392 2414 A
1401 2389 1419 2415 B
1426 2390 1438 2414 Ι
1446 2389 1472 2415 Ν
1480 2389 1514 2415 Ο.
1556 2389 1574 2414 Ε
1582 2389 1601 2415 Β
1609 2388 1633 2415 O
1644 2389 1666 2414 R
1674 2388 1694 2414 A
1703 2388 1725 2414 R
1733 2389 1744 2413 l
1752 2388 1785 2414 O.
1857 2390 1959 2416 Dicatur
1979 2398 2002 2417 et
2024 2391 2175 2420 Eburarius.

2 2428 3 2436 ¹
75 2424 188 2452 enim}
198 2432 219 2451 T
230 2432 288 2456 ns,
307 2425 365 2451 atis.
384 2425 403 2451 f.
440 2425 548 2459 [μέθη]
584 2425 650 2451 Plin.
666 2434 706 2457 30,
720 2431 744 2457 ις
773 2424 934 2451 Ebrietatem
949 2428 1018 2450 arcet
1031 2430 1073 2456 pe·
1135 2425 1252 2459 Inscript.
1268 2424 1384 2450 Florem.
1400 2424 1466 2459 apud
1478 2424 1550 2459 Spon.
1572 2424 1647 2459 Misc.
1669 2424 1743 2449 Erud.
1762 2425 1826 2452 Ant.
1862 2426 1901 2458 Q
1934 2427 2062 2459 CUONSI
2069 2428 2173 2455 D1vs,

39 2460 134 2486 cudum
147 2461 210 2486 assius
223 2460 312 2494 pulmo
325 2461 494 2494 praesumtus.
600 2458 719 2486 Ebrietas
734 2465 762 2485 vt
774 2469 837 2486 vera
849 2465 941 2491 nocet,
961 2459 993 2485 sic
1012 2458 1072 2483 ficia
1136 2461 1156 2486 E
1165 2461 1187 2485 V
1195 2461 1223 2486 M
1233 2461 1256 2486 O
1265 2460 1286 2486 L
1295 2461 1312 2486 P
1322 2461 1344 2486 V
1352 2460 1376 2486 S.
1413 2461 1432 2486 F
1441 2462 1461 2486 A
1472 2460 1490 2485 B
1498 2460 1517 2485 E
1525 2460 1555 2485 R.
1591 2460 1609 2486 E
1618 2460 1636 2485 B
1644 2460 1666 2485 V
1674 2460 1696 2485 R
1705 2461 1724 2485 A
1735 2460 1766 2485 R.

38 2495 144 2522 iuuabit
163 2495 243 2521 Ouid.
259 2495 289 2520 A.
301 2495 334 2520 A.
349 2504 369 2527 1,
383 2502 440 2529 597.
530 2494 647 2521 Ebrietas
669 2494 827 2529 turpiffinia,
846 2503 911 2529 quae
925 2494 1073 2520 labefacere
1170 2502 1187 2522 Ε
1197 2502 1212 2522 Β
1221 2503 1241 2522 ν
1250 2503 1269 2522 R
1279 2502 1300 2522 A
1310 2515 1316 2526 ,
1336 2504 1374 2521 ac.
1395 2495 1415 2521 f.
1452 2493 1582 2530 [’'Es3⁸poe]
1617 2493 1756 2528 Lusitaniae
1769 2493 1829 2520 vrbs
1842 2495 1975 2523 Ptolemaeo
1988 2506 1996 2521 :
2009 2496 2080 2522 bodie
2087 2498 2173 2526 Ebora,

39 2535 66 2556 et
78 2530 196 2556 minuere
210 2528 347 2556 hominum
361 2536 458 2557 mentes
472 2529 536 2556 solet
574 2531 641 2557 Gell.
656 2538 686 2564 ις,
700 2539 723 2557 2.
824 2532 955 2557 Arcanum
966 2529 1071 2556 demens
1083 2525 1115 2557 65
1132 2533 1236 2558 Dicitur
1255 2531 1322 2557 Plin.
1336 2540 1364 2564 4,
1378 2539 1406 2557 21
1424 2530 1524 2556 Eburo.

4 2582 5 2592 l
41 2564 141 2598 detegit
153 2564 263 2591 ebrietas
280 2565 355 2599 Virg'.
370 2565 401 2591 de
411 2566 513 2591 Venere
526 2571 552 2592 et
564 2566 663 2592 Baccho
676 2568 733 2593 v.6.
820 2566 938 2592 Soluitur
958 2565 1071 2592 ebrietas
1170 2573 1186 2592 Ε
1202 2573 1217 2592 Β
1232 2573 1252 2591 V
1266 2573 1285 2591 R
1302 2573 1310 2590 1
1326 2573 1349 2591 N
1365 2573 1374 2591 1
1388 2584 1395 2596 ‚
1436 2566 1604 2591 Lucanorum
1636 2562 1729 2596 Populi
1761 2562 1789 2588 in
1819 2562 1914 2596 Italia,
1933 2573 2034 2600 quorum
2063 2572 2175 2596 meminit

4 2598 5 2625 ἶ
41 2600 108 2626 Cels.
120 2608 146 2632 2,
162 2602 186 2626 6.
290 2600 408 2627 Ebrietas
422 2601 550 2636 geminata
563 2601 676 2628 libidine
689 2606 780 2636 regnat
803 2602 884 2628 Ouid.
897 2603 961 2628 Met.
976 2609 1070 2632 12‚221.
1128 2602 1194 2628 Plin.
1217 2609 1240 2632 3,
1260 2609 1293 2626 ιι.

4 2651 5 2655 =
43 2635 102 2663 Vid.
115 2635 207 2662 Seneca
219 2635 297 2670 Epist.
305 2641 340 2668 ες.
636 2637 638 2639 ’
1167 2643 1183 2662 E
1193 2642 1208 2661 B
1217 2642 1237 2659 ν
1248 2642 1267 2661 R
1276 2636 1296 2660 ὁ
1305 2641 1326 2659 Ν
1336 2640 1352 2659 Ε
1362 2639 1375 2658 s
1384 2653 1392 2665 ,
1444 2633 1607 2669 [Ἐβεριῖνες]
1652 2633 1742 2669 Populi
1777 2635 1844 2659 inter
1883 2634 1988 2670 Belgas,
2016 2644 2101 2673 gente,
2129 2649 2173 2666 no·

73 2669 263 2703 EBRliLo,
279 2675 331 2697 ire.
352 2671 503 2705 [μεθόσκω]
540 2671 650 2701 Ebrium
663 2672 741 2697 facio.
777 2671 921 2702 Laberius,
940 2668 1071 2696 Ebriulati
1133 2674 1212 2702 mine,
1231 2676 1254 2695 et
1276 2678 1375 2694 numero
1403 2668 1519 2694 Germani
1543 2669 1676 2704 appellati,
1704 2668 1848 2701 Condrufis,
1868 2670 2009 2705 Menapiis,
2028 2673 2173 2708 Aduaticis,

39 2712 153 2732 mentem
186 2704 296 2732 hilarem
325 2706 448 2739 arripuit.
497 2706 563 2731 Haec
584 2706 693 2731 Nonius
720 2714 745 2736 2,
768 2708 825 2737 306.
862 2708 924 2732 Item
948 2703 1069 2730 Ebriolo.
1083 2704 1120 2731 70
1137 2707 1255 2732 Treueris
1272 2705 1396 2739 (quorum
1412 2705 1512 2730 clientes
1531 2704 1624 2737 erant)
1646 2709 1669 2729 et
1681 2702 1760 2736 siluae
1783 2704 1931 2730 Arduennae
1944 2706 2052 2741 finitimi
2066 2719 2072 2733 .·
2107 2720 2173 2736 num·

42 2741 111 2768 Vnde
124 2741 204 2767 Plaut.
220 2742 321 2775 Fragm.
346 2761 352 2767 .
374 2760 380 2766 .
401 2741 491 2766 Homo
504 2739 647 2766 ebriolatus
663 2741 763 2767 somno.
1133 2740 1275 2775 Leodicnses
1289 2738 1353 2765 alfii
1365 2738 1431 2773 apud
1445 2740 1537 2765 Gallos.
1574 2738 1640 2764 Plin.
1653 2747 1682 2771 4,
1697 2743 1721 2768 18
1746 2739 1859 2773 Populos
1873 2740 1974 2767 Galliae
1993 2743 2172 2777 Lugdunensis

72 2782 140 2802 EBR
150 2783 159 2801 1
169 2776 191 2802 Ᾱ
201 2783 217 2803 C
228 2783 246 2801 V
256 2784 310 2808 s,a‚
319 2785 373 2802 um.
393 2775 452 2801 Adi.
489 2775 561 2801 Idem
576 2775 646 2809 quod
661 2775 764 2801 Ebrius.
800 2775 880 2801 Plaut.
896 2773 955 2800 Aul.
969 2774 1071 2807 Fragm.
1131 2779 1169 2802 ait
1190 2775 1322 2809 quondam
1343 2774 1468 2800 Aulercos
1488 2773 1648 2808 appellatos,
1667 2783 1735 2800 nunc
1754 2783 1819 2801 vero
1837 2775 1982 2804 Eburones.
2024 2779 2081 2806 Vid.
2097 2782 2170 2808 Caes.

36 2812 126 2839 Homo
139 2811 258 2837 ebriacus
273 2813 364 2837 somno
378 2811 460 2837 sanari
474 2811 546 2836 solet.
583 2812 619 2836 Ex
632 2810 725 2836 Nonio
740 2819 761 2840 2,
776 2812 832 2840 306.
893 2809 949 2836 Viti.
967 2809 1070 2835 Taubm.
1132 2818 1156 2837 et
1168 2811 1231 2837 Scal.
1246 2807 1314 2836 Leflz
1329 2809 1427 2835 Auson.
1443 2818 1466 2842 2,
1482 2818 1512 2842 14
1525 2812 1611 2844 p.126.

35 2846 69 2874 ad
80 2847 181 2880 Fragm.
195 2847 277 2872 Plaut.
291 2856 315 2880 p.
332 2852 403 2880 1489.
439 2846 516 2872 Gloss.
531 2846 577 2872 Gr.
591 2846 647 2871 Lat.
661 2846 798 2875 Ebriacus,
818 2844 935 2876 μεθυςῆς.
1167 2852 1184 2872 E
1195 2852 1210 2872 Β
1219 2852 1239 2871 v
1250 2851 1267 2870 R
1278 2852 1297 2871 0
1307 2851 1328 2869 V
1338 2851 1396 2871 ICE
1405 2852 1417 2871 S
1427 2864 1434 2876 ,
1467 2846 1574 2880 Populus
1587 2844 1689 2871 Galliae
1701 2844 1880 2879 Lugdunensis
1907 2847 1973 2875 Plin.
1988 2857 2015 2882 4,
2030 2855 2063 2880 18.

71 2887 203 2913 EBR10,
231 2885 284 2907 are.
321 2881 439 2908 Macrob.
463 2882 564 2908 Saturn.
586 2888 619 2915 7,
642 2882 659 2906 6
692 2880 818 2906 Mulieres
843 2888 903 2905 raro
923 2878 1068 2905 ebriantur.
1086 2881 1118 2909 75
1166 2879 1326 2910 EBx‘isvs,
1345 2880 1364 2906 i,
1389 2880 1410 2905 f,
1446 2877 1577 2914 [''Essv0·05]
1616 2881 1699 2916 [nsula
1713 2883 1739 2906 i„
1752 2884 1816 2907 mari
1831 2883 1972 2913 Bagam-co,
1990 2887 2070 2912 altera
2085 2889 2171 2923 Pityu-

35 2917 139 2951 Qiibus
151 2916 245 2943 vinum
259 2916 347 2948 dedit,
367 2917 464 2943 ebriati
479 2918 537 2943 sunt
556 2916 657 2951 Ampel.
672 2925 692 2942 c.
705 2916 737 2942 de
750 2924 776 2942 12
790 2915 875 2949 signis.
1124 2916 1229 2952 sarum,
1249 2917 1340 2941 nullum
1354 2917 1446 2942 animal
1459 2919 1558 2942 noxium
1570 2919 1683 2952 gignens.
1720 2916 1785 2942 Plin.
1800 2926 1821 2949 3,
1837 2925 1849 2950 ς
1862 2925 1926 2944 extr.
1947 2920 2022 2946 Ebuli
2044 2929 2113 2949 terra
2130 2925 2170 2950 fu-

28 2948 38 2954 *
72 2964 89 2984 E
100 2963 116 2984 B
127 2957 224 2986 κιᾸΜ
235 2963 291 2988 EN,
303 2956 363 2981 inis.
379 2965 405 2982 n.
441 2957 517 2982 Potus
528 2956 773 2990 inebrians‚m'mpoe,
790 2956 892 2987 Sicera,
909 2957 977 2980 Ὃν).
997 2952 1069 2980 Ter-
1131 2959 1172 2987 gat
1185 2953 1330 2986 serpenteS,
1349 2951 1522 2991 Colubrariae
1542 2952 1610 2986 parit
1625 2962 1630 2977 :
1668 2951 1730 2978 ideo
1752 2952 1846 2991 infesta
1859 2955 1998 2988 omnibus,
2019 2957 2067 2983 nisi
2082 2958 2169 2986 Ebusi-

20 2990 23 2992 ’
35 2992 94 3021 mn,
107 2991 139 3019 ἀς
150 2991 233 3019 Ῑεὶμῃ,
246 3001 268 3018 ς,
281 3000 298 3025 9
318 2991 419 3018 Vinum
432 2997 457 3018 et
470 2991 606 3018 ebriamen
617 3000 672 3018 non
684 2989 766 3018 bibet.
1129 2993 1216 3014 tanam
1236 2994 1333 3013 terram
1354 2986 1539 3013 inferentibus.
1575 2987 1670 3013 Habuit
1687 2987 1745 3013 haec
1759 2990 1840 3024 insula
1853 2990 1966 3024 oppidum
1979 2992 2082 3018 eiusdem
2095 2999 2171 3021 nomi—

1130 3027 1188 3055 nis,
1208 3032 1223 3049 a
1245 3023 1404 3049 Phoenicibus
1430 3023 1481 3056 (vt
1502 3023 1614 3057 putant)
1635 3022 1773 3055 conditum,
1795 3030 1839 3050 aut
1861 3032 1925 3050 certe
1949 3036 1963 3051 a
1978 3029 2080 3060 Poenis,
2099 3033 2170 3065 quia

417 3065 444 3096 Ε
539 3065 562 3096 Β
658 3064 687 3095 V
1083 3055 1116 3081 80
1131 3058 1292 3086 Phoenicibus
1311 3060 1431 3093 originem
1450 3058 1580 3084 duxerunt.
1636 3058 1681 3084 Sil.
1695 3067 1715 3090 3,
1730 3061 1772 3091 363
1799 3060 1908 3094 Iamque
1921 3061 2020 3087 Ebusus
2035 3063 2168 3091 Phoenissa

93 3107 95 3109 ·
151 3110 154 3111 ν
544 3111 548 3114 -
730 3114 749 3132 .
1130 3100 1235 3126 mouet,
1255 3094 1362 3127 iamque
1376 3093 1503 3120 Artabrus
1516 3102 1597 3120 arma.
1639 3094 1695 3120 Vici.
1711 3095 1810 3120 Geuart.
1823 3095 1857 3120 ad
1869 3095 1928 3122 Stat.
1943 3097 2006 3123 Silu.
2020 3102 2113 3131 1.6,1;.

77 3133 232 3170 navem,
250 3134 336 3171 vitiosi
348 3134 446 3170 quidam
458 3135 542 3171 legunt
550 3140 599 3169 pro
617 3139 737 3161 Echvs
752 3142 777 3158 v.
791 3141 817 3158 υ.
1166 3135 1371 3156 EBVSITAN
1382 3135 1402 3156 v
1414 3135 1443 3162 S,
1462 3138 1491 3161 a,
1509 3138 1564 3156 um.
1596 3128 1658 3155 Adi.
1694 3130 1760 3156 Plin.
1784 3138 1814 3162 3,
1833 3139 1855 3163 ς.
1897 3132 1955 3158 Vid.
1977 3126 2050 3159 main
2069 3134 2167 3162 Melam

75 3170 208 3195 Ε’Βνιιι
218 3176 236 3195 0
246 3189 254 3202 ‚
268 3173 315 3196 ire.
350 3170 474 3205 [οἶναξέω,
487 3169 624 3205 dissipabo]
659 3169 849 3199 Efferuescere,
869 3165 970 3192 dietum
985 3165 1066 3192 aBul-
1127 3174 1139 3192 ε
1153 3175 1174 3192 c.
1188 3165 1236 3191 vlt.
1249 3164 1338 3201 odfin.
1880 3191 1887 3195 ⁸

41 3200 89 3234 lis,
113 3209 142 3228 ve
158 3206 194 3229 ait
209 3204 313 3231 Nonius
333 3214 353 3238 ι,
368 3213 429 3240 107,
443 3213 524 3241 nempe
537 3215 597 3241 quas
609 3208 701 3231 emittit
713 3214 785 3240 aquea,
798 3203 853 3229 dum
861 3201 957 3237 feruet.
994 3203 1061 3228 Cato
1465 3203 1493 3234 Ε
1540 3203 1567 3234 C
1615 3211 1643 3234 et
1698 3204 1724 3234 E
1773 3203 1800 3234 C
1847 3204 1876 3236 A

8 3234 10 3255 '³
41 3245 62 3262 c.
76 3244 117 3269 103
133 3237 188 3264 Vbi
199 3239 321 3268 ebullibit
343 3241 452 3274 vinum,
469 3241 557 3276 ignem
576 3240 724 3267 subducito.
742 3241 775 3266 ul.
791 3238 911 3265 bullabit.
1015 3238 1063 3262 Per
1079 3232 1108 3261 85

40 3272 223 3299 translationem
264 3276 318 3302 Cic.
334 3276 366 3302 de
379 3277 436 3303 Fin.
452 3284 474 3309 ς,
490 3282 521 3307 εο
533 3286 553 3303 c.
569 3284 600 3310 27
619 3275 723 3303 Dixerit
736 3275 787 3301 hoc
800 3274 908 3309 quidem
926 3272 1065 3306 Epicurus,
1161 3280 1177 3300 Ε
1187 3278 1213 3299 Ο.
1249 3272 1378 3299 particula
1389 3271 1419 3298 ab
1433 3273 1492 3298 Ecce
1504 3274 1694 3308 interrogatiuis
1707 3272 1850 3299 adhaerens.
1893 3274 1927 3299 l⁷t
1945 3274 2055 3308 Ecquis,
2076 3274 2166 3309 Eccur,

41 3307 141 3340 semper
159 3306 260 3336 beatum
283 3311 331 3337 esse
350 3312 508 3346 sapientem,
526 3311 598 3347 quod
617 3311 725 3346 quidem
737 3310 802 3337 solet
818 3309 931 3335 ebullire
944 3316 1064 3333 nonnun-
1125 3307 1281 3343 Ecquando,
1302 3308 1408 3342 Ecquo,
1429 3308 1596 3341 Ecquonam,
1618 3308 1808 3342 Ecquisquam,
1829 3307 1945 3343 Ecsiquid
1956 3329 1964 3341 ,
1982 3316 2026 3335 etc.
2065 3311 2095 3336 In
2103 3321 2165 3338 com-

40 3350 127 3376 quam.
140 3343 158 3367 i.
170 3351 207 3368 ma
242 3344 293 3378 ifice
305 3346 397 3380 quidem
411 3347 505 3380 dicere,
510 3347 557 3383 fid
561 3347 616 3381 fine
621 3347 696 3383 sensu
711 3356 720 3376 ,·
755 3353 778 3372 et
793 3354 856 3371 vano
870 3350 965 3370 tantum
971 3342 1065 3379 strepi·
1119 3344 1242 3380 positione
1260 3352 1431 3378 nonnunquam
1447 3349 1494 3378 pro
1514 3352 1528 3368 e
1545 3345 1584 3369 uel
1602 3351 1633 3368 ex
1649 3347 1710 3378 poni
1730 3344 1797 3370 docet
1811 3344 1877 3370 Cort.
1892 3344 1925 3369 ad
1936 3344 1995 3370 Sall.
2009 3346 2065 3379 Iug.
2081 3355 2119 3380 14,
2133 3355 2164 3375 11,

38 3384 65 3403 tu
74 3397 82 3409 ,
92 3386 140 3403 non
154 3385 198 3412 quo
228 3380 264 3405 ita
275 3380 338 3415 effee
354 3384 457 3418 reliquis
469 3384 526 3419 fiiis
539 3384 673 3419 fintentiis
690 3381 831 3417 perfiaeasum
852 3379 947 3406 habeat.
1018 3378 1065 3405 Sed
1125 3380 1198 3415 Conf.
1214 3381 1281 3406 Pier.
1293 3379 1327 3405 ad
1340 3380 1413 3412 Virg.
1427 3379 1523 3412 Georg.
1537 3387 1564 3411 4,
1578 3386 1636 3411 450.

38 3412 121 3439 TUsss·
136 3420 157 3444 31
169 3420 204 3444 42
217 3421 238 3438 ἲ·
252 3419 276 3443 ¹8
294 3425 321 3441 ex
333 3418 447 3452 Epicuro,
464 3425 507 3445 aut
518 3421 594 3454 plane
611 3417 738 3454 aliosensu
746 3416 851 3452 positum
861 3414 959 3441 uerbum
971 3411 1020 3446 eft,
1041 3420 1064 3439 et
1076 3411 1112 3436 90
1159 3423 1177 3442 E
1186 3421 1203 3441 c
1212 3421 1331 3442 ΑΝΤΟ,
1368 3414 1448 3440 Gloff.
1462 3414 1508 3440 Gr.
1522 3414 1579 3440 Lat,
1593 3413 1693 3446 ἐξαμλῶ,

39 3446 95 3481 Qni
109 3447 127 3474 fi
140 3447 254 3473 ebullire
265 3450 350 3477 volent
363 3453 471 3480 virtutes
484 3460 509 3480 et
523 3454 675 3489 sapientias,
686 3452 824 3489 fignificat,
835 3460 900 3477 vana
914 3449 1064 3483 illanomina
1161 3458 1177 3478 E
1186 3457 1252 3477 CAs
1262 3457 1283 3476 T
1293 3457 1312 3477 ο
1321 3457 1356 3482 R,
1376 3456 1400 3475 et
1420 3456 1445 3475 M
1455 3456 1471 3476 E
1481 3455 1498 3476 c
1507 3457 1528 3476 A
1537 3457 1578 3476 s'r
1587 3456 1606 3476 o
1615 3453 1643 3476 R.
1683 3448 1749 3475 Adu.
1767 3448 1878 3474 iurandi.
1919 3448 1944 3474 h.
1960 3458 1978 3475 e.
2004 3451 2045 3476 Ita
2058 3460 2095 3477 me
2107 3451 2165 3479 deus

37 3482 134 3515 tandem
146 3484 296 3518 relinquere,
309 3491 331 3510 et
343 3485 411 3519 finem
422 3488 539 3516 bullarum
551 3489 640 3525 facere
653 3499 662 3518 ;
697 3495 740 3515 aut
753 3486 914 3514 emendandus
925 3487 1006 3516 Iocus,
1026 3487 1066 3512 vel
1125 3484 1210 3519 Castor
1216 3486 1309 3520 seruet.
1346 3485 1480 3517 Donatus,
1499 3484 1618 3517 Ecastor,
1635 3486 1682 3511 Per
1692 3484 1824 3510 Castorem
1839 3490 1863 3509 et
1872 3483 2002 3511 Pollucem
2011 3505 2019 3518 ,
2040 3488 2164 3515 ornatiua

37 3524 68 3544 ut
87 3517 202 3552 Daui-'lius
222 3520 290 3549 vult,
306 3519 324 3545 si
342 3520 450 3550 ebullire
465 3525 569 3556 nolent,
591 3526 631 3551 vel
665 3524 711 3550 uod
728 3523 805 3550 eodem
822 3522 904 3554 redit,
920 3521 967 3547 nisi
983 3522 1023 3547 vel
1034 3520 1064 3546 ni
1125 3523 1182 3547 sunt
1195 3520 1316 3550 iurandi,
1335 3526 1394 3554 apta
1407 3520 1524 3546 feminis.
1605 3520 1687 3547 Plaut.
1704 3518 1796 3552 Amph.
1811 3527 1834 3548 2,
1846 3527 1868 3550 3,
1885 3527 1912 3544 ιο
1933 3520 2037 3547 Ecastor
2051 3529 2075 3548 te
2088 3532 2164 3557 expe-

39 3552 153 3580 ebullire
166 3553 264 3579 volent.
354 3555 419 3583 Pers.
437 3567 461 3589 2,
476 3568 503 3586 ιο
520 3561 544 3587 Ο
560 3560 576 3586 si
591 3560 645 3586 Ebu
659 3559 689 3586 lit
701 3558 787 3594 patrui
802 3557 961 3593 praeclarum
973 3557 1064 3588 funus,
1123 3558 1181 3583 rior
1195 3557 1287 3591 quanti
1299 3555 1379 3582 facias
1392 3553 1501 3582 onrem
1517 3562 1597 3582 tuam.
1686 3555 1752 3580 Ter.
1767 3552 1848 3579 Andr.
1864 3562 1887 3586 3,
1907 3563 1933 3587 z,
1946 3557 1963 3581 6
2001 3556 2048 3583 Per
2060 3559 2164 3586 Ecastor

37 3595 119 3614 votum
131 3591 230 3623 impium
242 3588 397 3616 hereditatem
409 3595 441 3617 im
459 3598 561 3621 atienteae
568 3595 741 3632 exspefi'antis.
785 3593 884 3620 Ebullit
893 3600 941 3628 pro
953 3592 1063 3618 ebulliat
1078 3591 1110 3616 95
1124 3593 1202 3618 scitus
1216 3600 1282 3626 puer
1294 3597 1368 3617 natus
1383 3592 1418 3618 est
1439 3591 1586 3625 Pamphilo.
1629 3591 1682 3616 Hoc
1694 3592 1790 3614 nominc
1802 3598 1850 3614 non
1864 3591 1980 3616 iurabant
1994 3595 2053 3619 viri.
2097 3595 2164 3621 Geli,

38 3624 202 3655 archaice,vt
216 3623 306 3654 Edim,
320 3624 421 3656 AUflma
458 3629 510 3655 uim
524 3638 569 3657 etc-¹
674 3631 795 3657 Animam
811 3628 934 3660 ebullire,
939 3634 984 3662 pro
992 3629 1064 3653 Mori
1125 3636 1157 3659 ιι,
1172 3629 1197 3653 6.
1239 3627 1297 3653 Vici.
1308 3627 1416 3662 Hansen.
1430 3634 1454 3652 et
1465 3634 1572 3653 caeteros
1580 3626 1717 3661 scriptores
1732 3623 1760 3649 de
1775 3625 1881 3650 Iureiur.
1902 3626 1968 3652 Vett.
2050 3628 2164 3662 Ecastor,

38 3658 141 3686 Petron.
154 3669 174 3686 c.
189 3667 223 3692 42
237 3667 260 3686 et
273 3662 311 3686 62.
384 3662 414 3686 Et
426 3662 480 3690 Sen.
493 3664 524 3690 de
534 3671 619 3693 morte
631 3666 723 3693 Claud.
737 3676 756 3699 4
779 3666 810 3691 Et
823 3664 868 3690 ille
880 3663 989 3698 quidem
1008 3662 1063 3688 ani·
1125 3662 1238 3696 Edepol,
1256 3669 1301 3687 etc.
1320 3671 1369 3688 non
1387 3662 1525 3693 mecastor,
1546 3659 1660 3693 Aedepol
1670 3679 1678 3690 ,
1692 3666 1737 3685 etc.
1790 3659 1848 3686 th.
1881 3660 1946 3694 Vcff.
1971 3663 2050 3696 Etym.
2067 3666 2161 3701 Meurs.

0 3693 2 3701 '
39 3702 107 3720 mam
120 3694 234 3730 ebulliit,
244 3701 269 3722 et
283 3705 316 3721 eo
328 3695 403 3722 desiit
417 3696 507 3725 viuere
520 3701 615 3728 videri.
1117 3705 1178 3733 par.
1193 3708 1213 3723 1.
1249 3698 1334 3723 Exere.
1348 3700 1407 3724 crit.
1419 3698 1453 3724 ad
1465 3698 1537 3731 Capt.
1558 3706 1579 3721 c.
1593 3704 1610 3727 4
1624 3704 1648 3728 p.
1663 3699 1703 3723 80·

12 3730 13 3744 ¹
73 3736 239 3763 EBVLLO,
265 3735 316 3757 are.
355 3731 512 3767 [παφλάζω]
548 3737 689 3772 humpen,
707 3743 807 3771 crepare
821 3746 829 3760 .·
863 3744 878 3760 a
892 3733 981 3765 Bulla,
1000 3741 1060 3768 quac
1160 3738 1295 3759 ECAVD
1307 3738 1315 3757 1
1328 3738 1357 3764 s,
1387 3742 1410 3758 e.
1443 3732 1501 3759 Adi.
1537 3730 1633 3760 Gauda,
1653 3732 1671 3755 i.
1682 3728 1731 3764 fine
1756 3735 1895 3758 truncatus.
1937 3732 2033 3760 Versus
2054 3735 2162 3762 ecaudea

23 3762 123 3795 'aestiuo
144 3771 248 3800 tempore
266 3769 293 3792 in
313 3775 376 3802 aqua
387 3768 473 3802 pluuia
482 3769 582 3803 subinde
596 3774 703 3798 eleuatur
718 3775 745 3797 in
753 3772 865 3807 formam
879 3767 1018 3800 rotundam,
1033 3778 1062 3794 ac
1070 3771 1116 3789 100
1124 3767 1266 3795 Diomedes
1278 3776 1291 3800 3
1303 3777 1328 3803 p.
1343 3776 1406 3803 497.
1420 3771 1437 3794 i.
1451 3768 1542 3798 miuri,
1557 3763 1657 3801 μάκρσι.

12 3817 13 3831 ,
33 3795 120 3829 statim
132 3801 260 3862 euanycit.
297 3803 363 3828 Pers.
378 3811 398 3832 2,
413 3811 441 3828 10
475 3818 519 3822 ——
552 3804 568 3830 ὂ
581 3805 599 3831 si
634 3807 739 3833 Ehullet
751 3807 836 3842 patrui
851 3804 1011 3839 praeclarum
1019 3804 1060 3829 fu-

12 3834 13 3850 l
39 3840 96 3860 nuS.
109 3837 126 3860 i.
138 3836 180 3861 Ad
206 3838 266 3863 ullae
273 3837 461 3871 similitudinem
481 3845 563 3868 exeat,
581 3847 604 3865 et
617 3849 734 3876 erumpat.
770 3843 826 3868 Alii
846 3843 929 3876 legunt
950 3839 1061 3872 Ebullit,
1503 3838 1529 3868 Ε
1641 3837 1668 3869 C
1767 3837 1790 3870 Β

12 3870 13 3875 ’
55 3867 103 3894 uod
147 3871 215 3897 rabat
244 3873 343 3909 Cafizub.
403 3874 499 3899 Certius
528 3874 652 3901 rontium
678 3886 759 3904 venae
791 3877 907 3903 ebullant
942 3875 1061 3902 Tertull.

12 3915 13 3918 ’
58 3912 72 3930 e
85 3902 126 3929 ¹²³¹
139 3923 145 3930 ·
157 3913 177 3931 c·
185 3912 208 3932 2.
1160 3918 1176 3938 F.
1185 3917 1201 3938 c
1211 3917 1226 3937 Β
1235 3905 1253 3936 Ᾱ’
1262 3917 1275 3936 s
1284 3917 1294 3936 1
1304 3917 1316 3935 s
1325 3928 1334 3941 ,
1354 3917 1407 3935 eos.
1422 3907 1441 3933 f.
1477 3905 1612 3941 [ἔκβασις]
1648 3905 1771 3951 Digreffio
1789 3905 1945 3943 apropofito.

74 3944 91 3966 E
99 3944 115 3966 Β
123 3937 144 3967 ἤ
153 3946 168 3966 1.
179 3946 197 3966 V
206 3947 230 3967 M
238 3961 246 3974 ,
265 3942 283 3969 i.
302 3952 343 4006 ¹11.1
356 3943 410 3978 stuc
430 3951 445 3972 Ε
456 3951 472 3972 Β
480 3942 499 3970 ὕ
507 3951 522 3970 1.
532 3951 552 3971 v
562 3951 574 3970 s
583 3963 591 3976 ,
606 3943 623 3970 i.
644 3953 680 3971 m.
705 3946 894 3982 [χκμαιοίκτη]
930 3946 1013 3974 Herba
1027 3944 1060 3979 esi
1074 3943 1116 3970 ¹05
1161 3954 1201 3974 BC
1210 3952 1226 3972 Β
1235 3943 1257 3972 A
1266 3952 1287 3972 T
1298 3943 1348 4006 ᾸΡΝ
1359 3951 1390 3975 Α,
1403 3951 1490 3970 orum.
1514 3952 1540 3969 n.
1551 3942 1584 3978 pl.
1598 3941 1777 3977 [Ἐκβατανκ]
1796 3945 1943 3980 Metropolis
1951 3940 2102 3975 qsiMffliae:
2122 3944 2163 3971 vol

189 3983 209 4003 v
218 3983 237 4007 o
247 3985 271 4004 ι..
339 3998 346 4005 .
1356 3988 1372 4013 p
2131 3986 2161 4007 vs
