2479 4225
33 231 100 269 473
409 203 560 251 EX
643 203 677 242 C

24 307 80 334 xbus
91 302 152 330 fines
164 301 222 327 suos
238 298 270 325 ab
285 293 482 323 excursionibus
495 293 610 320 hostium
624 298 650 318 et
663 289 810 330 latrociniis
825 292 951 314 tueretur.
1022 286 1062 325 In-

33 334 296 369 festaexcurfionibus
311 331 486 358 Barbarorum
501 330 544 355 via
564 328 619 355 Cic.
633 328 664 354 de
678 327 797 353 Prouinc.
810 324 887 363 Cous.
903 332 930 355 4.
1001 321 1062 347 Liu.

33 385 72 409 30,
107 392 115 400 .
149 391 156 398 .
191 369 254 396 Inde
268 367 359 394 iaculis
373 366 512 396 summoti,
532 372 667 390 recurrere
679 362 711 388 ad
723 362 797 392 suos,
818 358 878 384 inde
897 357 1061 384 excursiones

32 409 144 438 inuicem
162 405 228 432 fieri.
299 403 354 429 Cic.
375 401 407 427 de
422 402 512 427 Diuin.
527 409 558 432 2,
578 402 608 425 26
631 408 652 424 c.
670 406 698 423 10
729 394 777 422 Sed
801 393 863 419 haec
882 394 966 420 fuerit
985 394 1063 419 nobis

32 450 152 478 tanquam
165 441 231 467 leuis
243 445 390 466 armaturae
404 437 488 471 prima
501 435 629 462 orationis
641 431 771 470 excurliO,
786 438 869 461 nunc,
888 436 932 455 etc.

0 506 1 509 ,
30 488 74 508 ves
87 475 244 506 excurfiones
259 473 383 502 Scaeuola
396 472 424 498 in
437 472 454 498 l.
471 480 493 504 13
515 470 620 498 Maeuia
645 467 668 505 §.
684 467 770 494 vltun.
791 466 823 492 D.
844 464 876 491 de
890 464 983 491 annuis
996 464 1064 498 lega.

29 516 77 546 tis.
95 517 113 540 i.
127 516 228 539 itinera.

63 549 336 578 EXCVRSO,÷‘¹rc.
372 542 478 570 Cathol.
514 542 581 568 Hinc

467 578 487 604 f.
523 576 598 603 Idem.
633 571 720 599 Valer.
730 569 840 600 Maxim.
850 579 876 603 2,
888 578 910 602 3,
923 578 946 602 3.
982 570 1065 596 Κατω-

65 591 109 612 ΕΧ
121 587 294 610 CVRSATI
306 586 344 612 o,
362 579 430 605 onis.

31 618 119 656 ἒρομιὶ,
141 618 220 644 Gloff.
236 617 292 643 Lat.
304 616 350 642 Gr.
409 650 415 654 Π

64 653 438 682 EXCVRSATOR‚5ris.
472 656 507 674 in.
953 675 958 680 ¹
1037 675 1042 680 .

66 697 83 717 Ε
94 698 112 717 x
121 695 138 716 c
147 696 166 715 v
175 696 192 715 R
202 695 214 715 s
225 694 244 714 o
256 694 275 713 R
284 707 291 719 ,
313 687 377 712 ὅτις,
412 694 447 711 m.
480 677 665 714 [indpoefunwis]
703 680 753 711 Qi
771 678 891 702 excurrit.
927 676 983 702 Cic.
997 675 1065 702 Phil.

0 741 2 747 =
32 734 61 760 4,
75 734 100 759 ις
117 726 135 751 s.
147 730 210 750 extr.
236 723 277 749 Est
295 723 377 756 igitur
391 718 508 754 Qiiritcs
522 714 611 748 Popul.
626 713 737 739 Roman.
751 711 849 738 viciori
866 712 986 737 omnium
1006 720 1065 745 gen-

0 759 1 762 *
32 763 100 788 tium
122 768 199 786 omne
219 765 350 785 certamen
373 765 431 783 cum
452 751 605 781 excursooe,
630 757 690 774 cuni
710 748 812 773 latrone
821 767 829 778 ,
854 756 913 772 cuin
934 747 1066 780 Spartaco,

544 642 674 670 Ammian.
688 650 721 675 ²4
735 640 782 676 ,βψ
793 643 853 667 init.

0 822 2 840 '⁷
31 831 181 859 emitsarius.
234 829 308 865 Coris.
323 827 407 855 Valer.
420 823 530 851 Maxim.
549 829 581 855 7,
600 828 628 852 3,
649 827 666 854 7
698 819 741 845 vbi
758 816 791 852 est
806 816 918 851 honestus
937 819 1006 844 miles
1026 827 1066 844 ex-

27 866 175 900 cuifionibus
193 872 274 900 aptus.

68 908 85 928 Ε
96 909 113 929 χ
123 908 139 929 c
149 903 170 927 <v
179 908 191 928 s
202 908 221 927 0
228 920 235 931 ,
261 905 312 926 are,
348 894 527 931 [παραιτέομαι
535 912 543 924 ,
559 889 697 926 προφασίζω
705 910 713 922 ,
730 888 916 922 οἷπσλογὲομοα]
951 889 980 914 A
992 890 1065 915 causa

28 937 166 970 deriuamr,
183 939 210 962 in
242 940 348 964 uantum,
367 930 437 957 odi-lex
452 929 475 964 s
485 931 577 954 crimen
592 926 634 960 est.
676 926 710 951 Vt
722 925 847 951 Accusare
861 931 883 950 et
898 924 1016 950 Incusarc
1030 924 1063 958 est

0 1019 3 1024 ⁷
27 1009 82 1036 Λα.
98 1016 130 1041 15,
144 1010 174 1034 26
194 1006 293 1033 Atticae
308 1010 380 1029 meae
393 1000 475 1027 velim
491 1007 532 1025 iue
547 999 583 1024 ita
596 997 717 1026 excuses,
735 1001 773 1028 vt,
793 1002 838 1020 etc.
909 995 1007 1021 Exciiso
1022 1006 1063 1023 me

0 1067 3 1072 .
28 1043 80 1070 tibi
100 1044 128 1070 in
142 1052 175 1070 eo
193 1042 262 1076 ipso,
282 1040 309 1065 in
321 1046 375 1073 quo
395 1042 421 1062 te
440 1036 531 1062 accuso
550 1034 623 1060 Ideni
640 1034 678 1065 Q
690 1032 772 1071 Fratr.
788 1039 800 1056 2
816 1038 859 1065 pr.
896 1030 965 1070 Atld.
983 1031 1063 1058 Plaut.

284 1074 340 1100 Cic.
356 1073 408 1099 Att.
421 1080 445 1104 9,
460 1079 484 1104 ις
505 1071 605 1096 Verum
625 1071 664 1100 (vt
677 1065 781 1098 scribis)
801 1075 883 1100 quum
897 1066 1007 1097 scimus,
1026 1068 1063 1093 vi-

27 1079 97 1106 ΔΕΗ.
110 1088 136 1112 4⁷
150 1087 175 1110 Ζ,
189 1087 216 1111 4.
495 1105 591 1132 Excusa
610 1103 679 1138 patri
697 1108 744 1128 tuo
763 1102 864 1134 casum,
883 1102 926 1127 cui
946 1103 1062 1136 paratior

27 1115 64 1142 ris
79 1114 155 1140 bonis
169 1121 210 1139 me
228 1110 307 1137 nimis
320 1108 424 1135 excuso.

2 1165 5 1171 ·
27 1148 95 1184 apud
109 1148 218 1175 feminas
232 1146 308 1172 venia
322 1144 356 1170 est
373 1143 439 1170 Plin.
454 1142 501 1176 Ep.
515 1146 538 1173 8,
553 1149 583 1166 11.
636 1174 641 1178 .

27 1184 89 1211 cuso
102 1184 173 1210 Idem
186 1183 231 1216 Ep.
246 1189 281 1207 12.
306 1183 324 1207 ι’.
338 1179 386 1205 tibi
397 1187 445 1204 non
457 1178 539 1203 adero.
611 1174 668 1200 Cic.
684 1174 755 1200 Fani.
771 1181 810 1205 ιι,
825 1180 849 1204 15
874 1173 968 1199 Planco
986 1174 1063 1200 colle-

27 1227 73 1255 gae
90 1218 229 1248 mandasti,
246 1222 274 1242 vt
292 1221 317 1242 te
330 1214 398 1241 mihi
410 1222 456 1248 per
476 1213 564 1239 literas
584 1210 726 1249 excusaret.
829 1208 955 1248 Redituni
970 1210 1063 1245 Agrip.

27 1255 104 1292 pinae
117 1253 248 1282 excusauit
266 1251 301 1278 ob
315 1251 498 1277 imminentem
512 1252 614 1282 partum
631 1250 657 1271 et
671 1244 789 1284 hieme-m
801 1244 891 1283 Tacit.
903 1244 969 1271 Ann.
983 1254 1003 1277 1,
1016 1255 1062 1279 44,

29 1299 55 1319 2.
77 1293 95 1318 i.
113 1289 207 1330 cau-[am
219 1287 351 1324 allegauit,
370 1284 434 1321 quod
447 1293 500 1310 nou
517 1282 619 1308 rediret.
673 1281 714 1307 Sic
726 1280 794 1306 Plin.
806 1279 884 1314 Epist.
900 1288 924 1311 1,
942 1288 959 1314 7
984 1281 1064 1307 Excu-

48 1371 89 1389 are
101 1369 124 1389 et
136 1360 269 1396 deprecari.
339 1357 449 1384 Crimen
462 1353 577 1381 lacrimis
596 1353 658 1378 Stat.
672 1351 764 1379 Theb.
778 1354 802 1382 6,
815 1360 861 1384 44.
933 1351 989 1378 Cic.
1005 1352 1065 1378 Phi-

29 1371 93 1432 ἦρι).
104 1401 130 1430 8,
143 1405 154 1423 1
177 1397 331 1429 Quanquam
346 1394 368 1419 is
382 1391 500 1426 quidem,
513 1395 654 1423 antequam
668 1388 822 1413 sententiam
835 1386 943 1418 diceret,
957 1388 1066 1422 Propin-

20 1434 157 1468 „quitatem
175 1430 314 1457 excusauit.
384 1427 457 1461 Idem
474 1427 549 1452 Verr.
571 1433 596 1455 1,
615 1431 657 1456 103
682 1432 703 1449 c.
721 1432 758 1456 40
785 1422 836 1448 His
856 1422 997 1455 omnibus,
1017 1423 1065 1458 qui

0 1490 3 1494 .
17 1468 103 1494 ristius
118 1467 226 1495 iniurias
241 1469 349 1499 norunt,
367 1463 418 1490 hoc
431 1462 467 1489 est
482 1460 572 1495 Popul.
585 1460 697 1486 Roman.
713 1458 850 1490 vuiuerso,
871 1467 912 1484 ine
925 1458 1065 1485 veheiiieii-

27 1538 84 1565 Cic.
92 1539 143 1565 Att.
158 1546 194 1573 12,
208 1546 232 1570 15
251 1538 290 1564 De
304 1545 347 1562 me
360 1534 507 1561 excusando
520 1531 588 1566 apud
601 1529 744 1564 Apuleium
759 1529 882 1555 dederam
897 1529 928 1556 ad
941 1535 967 1556 te
980 1530 1066 1564 pridie

25 1573 123 1601 litei-as.
194 1573 221 1600 Si
240 1581 292 1606 qua
310 1571 377 1597 ineis
395 1570 511 1598 fuci-int,
535 1574 563 1593 vt
581 1572 675 1597 crunt,
695 1565 791 1591 vitiosa
806 1564 920 1596 libellis,
941 1565 1066 1593 Excusata

25 1609 74 1636 suo
85 1615 219 1644 tempore,
238 1607 338 1639 lector,
359 1605 426 1632 habe
444 1603 524 1631 Ouid.
537 1601 621 1628 Trist.
635 1610 663 1634 4,
677 1609 697 1633 ι,
713 1609 731 1626 ι.
801 1600 957 1625 Excusatum
970 1601 1066 1628 habeas

26 1653 85 1677 nie,
105 1653 189 1679 rogo,
209 1651 292 1669 coeno
311 1641 386 1667 domi
405 1638 522 1667 Martial.
542 1646 573 1669 2,
594 1644 637 1671 79.
731 1635 802 1661 Caes.
816 1635 879 1661 Bell.
893 1634 961 1661 Gall.
980 1646 1013 1668 4,
1032 1645 1066 1662 22,

27 1714 137 1741 confilio
151 1715 310 1740 excusarent.
413 1710 542 1737 Fallacem
555 1708 632 1734 vnius
650 1706 712 1732 anui
727 1705 818 1732 Fidem
837 1705 961 1732 omnibus
981 1707 1066 1739 annis,

10 1748 11 1762 ¹
28 1749 207 1784 omnibusque
219 1748 306 1783 postea
319 1746 427 1773 saeculis
439 1745 541 1771 excuset
554 1746 690 1779 Aegyptus
709 1741 774 1767 Plin.
790 1742 849 1767 Pan.
864 1749 904 1773 32,
916 1750 944 1773 4.
968 1751 995 1768 re
1013 1743 1067 1776 φρ

26 1788 117 1812 maiori
125 1784 293 1820 fecunditate.
347 1783 388 1809 sic
400 1782 472 1808 Grat.
487 1787 534 1814 170
556 1781 593 1804 ita
605 1779 655 1812 legi
673 1778 728 1801 uult
742 1778 848 1801 Gronau.
866 1776 895 1813 de
907 1784 965 1800 cane
984 1785 1013 1801 ex
1033 1779 1066 1800 ti-

0 1841 2 1852 ,
25 1820 98 1855 gride
115 1826 243 1853 concepto,
263 1825 287 1843 et
306 1817 372 1843 domi
384 1820 458 1842 etiam
472 1819 589 1841 venante,
609 1813 790 1842 Qiaecunque
804 1809 878 1834 dorni
892 1808 940 1833 fibi
956 1810 1066 1834 crimina

25 1894 105 1916 tamen
111 1888 217 1924 seruant
235 1887 329 1911 Vlitius
343 1891 366 1909 et
379 1885 547 1909 Burmannus.
588 1880 685 1905 certius
702 1875 736 1909 est
755 1877 818 1902 illua
829 1885 858 1902 ex
871 1877 960 1910 Elegia
974 1886 988 1903 a
1020 1878 1065 1903 Li.

26 1924 97 1952 viam
119 1923 151 1949 de
169 1922 256 1948 Morte
275 1917 369 1950 Drufi,
396 1927 421 1944 v.
443 1924 488 1949 415
522 1916 593 1941 Deus
612 1912 735 1951 excusate
751 1913 843 1946 priora
862 1912 925 1938 dum
945 1913 1030 1945 volet,
1050 1922 1065 1939 a

0 1934 7 1993 i
28 1960 112 1988 Druso
125 1963 226 1984 caetera
240 1955 305 1981 laeta
321 1953 403 1980 dabit.
444 1951 501 1978 Vid.
516 1952 622 1977 Gronou.
637 1947 703 1981 Obsl.
720 1957 744 1980 2,
758 1957 782 1980 13
799 1955 829 1983 p.
840 1957 883 1979 312
899 1948 941 1983 sq.
1016 1949 1065 1974 Ex-

0 1998 8 2021 ἐ
29 1996 114 2023 cusare
126 1991 244 2027 aliquid.
267 1988 299 2024 qsi‘
312 1988 440 2016 obtendere
459 1994 481 2014 ct
495 1986 597 2022 adferre
610 1991 727 2019 tanquam
741 1986 836 2019 causam
851 1983 941 2018 Ῐαξῖι,
963 1985 1004 2010 vel
1015 1994 1064 2010 non

0 2028 8 2045 ⁴*
23 2029 114 2068 fasti,
137 2027 201 2065 quod
214 2026 368 2062 excusatione
389 2031 450 2059 opus
468 2022 549 2049 habet.

0 2084 1 2089 =
28 2067 47 2094 s.
60 2065 132 2093 Deci.
146 2072 180 2095 12,
192 2071 222 2095 25
239 2063 287 2088 Tu
299 2067 388 2087 tamen
407 2058 425 2085 fi
445 2056 625 2092 interpellatus
639 2054 835 2089 tempestatibus
848 2055 936 2081 seruus
949 2056 1066 2086 venisses,

30 2103 156 2130 excusares
168 2107 240 2126 mare
253 2103 279 2123 et
293 2096 431 2130 ambiguos
444 2095 528 2120 flatus.
563 2091 637 2127 Conf.
653 2091 794 2117 Burmann.
808 2091 843 2118 ib,
862 2099 886 2125 p.
901 2094 961 2117 266.
1004 2091 1064 2116 Liu.

33 2141 109 2170 26‚22
126 2136 154 2163 de
171 2136 308 2170 Torquato,
327 2131 475 2158 Oculorum
487 2127 666 2156 valetudinem
679 2127 823 2152 excusauit.
859 2125 927 2152 Add.
941 2125 1015 2152 Idem
1030 2134 1067 2158 23,

35 2178 58 2204 8.
78 2179 104 2200 ,et
117 2174 143 2205 6,
153 2179 193 2198 22.
250 2169 358 2195 Sueten.
373 2166 456 2200 Calig.
473 2174 495 2192 c.
511 2172 552 2198 27.
589 2170 612 2189 et
633 2162 725 2189 Claud.
744 2171 765 2188 c.
779 2164 796 2188 6
815 2169 838 2188 et
852 2170 885 2193 ις.
921 2169 944 2187 et
958 2162 1024 2188 Ner.
1043 2170 1066 2188 c.

37 2212 80 2242 40.
104 2204 105 2208 ’
131 2206 170 2234 Sic
181 2205 246 2232 Plin.
261 2206 304 2236 26,
317 2212 326 2230 i
346 2202 440 2229 misto
453 2201 574 2228 excusare
586 2197 775 2224 valetudinem.

35 2243 174 2271 curantibus
185 2240 276 2270 Tacit.
290 2241 359 2266 Ann.
372 2247 394 2271 3,
411 2247 442 2270 11,
460 2245 481 2263 2.
552 2236 646 2261 Horat.
662 2233 739 2268 Epist.
753 2242 772 2265 1,
785 2240 810 2267 7,
825 2235 860 2268 67

435 2272 483 2299 Ille
502 2270 624 2305 Philippo
844 2291 846 2293 .

219 2311 348 2338 Excusare
369 2309 504 2339 laborem,
524 2312 550 2332 et
570 2304 732 2332 mercenaria
750 2304 854 2336 vincla,

35 2367 40 2371 -
220 2347 301 2380 Quod
320 2354 374 2372 non
394 2353 470 2371 mane
489 2343 597 2369 domum
618 2341 736 2368 venisset.

30 2382 77 2410 Sed
90 2383 178 2410 Moras
194 2383 297 2409 excusat
314 2381 392 2408 fratri
410 2381 473 2407 Stat.
488 2377 581 2405 Theb.
596 2386 631 2408 12,
645 2385 700 2409 334.

30 2427 87 2446 rum
105 2418 216 2446 alicuius
228 2418 349 2445 excusare
363 2417 479 2443 Cic.Att.
496 2423 529 2446 ιι,
544 2420 581 2445 25.
609 2420 632 2439 et
647 2419 682 2443 15,
695 2413 736 2437 26.

337 2453 476 2485 Postquain
496 2448 617 2475 mandata
636 2447 754 2481 peregit,

222 2487 361 2513 Auxilium
377 2486 476 2520 petiit3
505 2484 576 2510 vires
594 2482 716 2508 Aetolius
739 2480 817 2508 heros

222 2522 339 2547 Excusat.

29 2557 131 2593 Causam
150 2556 257 2592 negandi
276 2556 363 2591 adfert
382 2558 450 2581 viret
470 2561 562 2580 tenues.

30 2593 136 2619 excuser
151 2591 240 2619 morbi
257 2592 331 2618 causa
350 2591 377 2618 in
394 2590 450 2617 dies
468 2590 590 2624 singulos.
740 2584 770 2624 ἦ
792 2596 807 2613 2
844 2588 972 2614 Excusare
992 2591 1069 2614 iater-

30 2628 88 2655 dum
106 2627 224 2662 impedire
238 2626 287 2660 est,
307 2626 495 2661 autproh'iberc.
531 2624 636 2658 leian.
657 2623 673 2649 l.
690 2632 699 2649 1
717 2621 765 2660 §³3
785 2623 816 2649 de
830 2623 996 2657 postulando,
1016 2624 1068 2649 Ini-

29 2665 98 2690 tium
111 2663 174 2690 fecit
186 2664 292 2689 Praetor
304 2662 336 2689 ab
350 2662 402 2694 his,
420 2662 466 2696 qui
480 2662 508 2687 in
523 2666 608 2686 totum
622 2659 797 2692 prohibentur
809 2659 939 2691 postulare
948 2677 956 2689 ‚
973 2659 1000 2684 in
1014 2666 1069 2691 quo

29 2698 134 2731 edicio,
152 2704 196 2724 aut
210 2698 367 2732 pueritiam,
387 2703 431 2723 aut
446 2697 532 2722 casum
546 2695 679 2720 excusauit
693 2704 698 2719 :
728 2694 884 2726 pueritiam,
906 2693 968 2717 duni
983 2693 1069 2717 mino-

29 2744 86 2768 rem
99 2734 174 2760 annis
187 2734 276 2759 decem
296 2739 321 2759 et
334 2733 429 2766 septem
438 2751 446 2762 ‚
480 2744 526 2749 —-

30 2770 133 2801 casum,
151 2769 276 2801 surdum,
295 2768 341 2803 qui
358 2767 463 2802 prorsus
481 2774 534 2791 non
549 2763 635 2795 audit,
655 2762 779 2797 prohibet
798 2762 867 2796 apud
888 2762 912 2787 se
930 2762 1069 2796 postulare.

31 2806 88 2833 Nec
108 2805 180 2830 enim
199 2810 255 2830 erat
274 2802 477 2837 permittendum
497 2801 523 2827 ei
543 2799 688 2834 postulare,
715 2798 762 2832 qui
784 2797 917 2824 decretum
940 2798 1069 2824 Praetoris

30 2840 155 2868 exaudite
173 2849 227 2866 non
246 2845 357 2873 poterat.
429 2836 593 2864 Callistratus
610 2835 627 2860 l.
643 2843 666 2860 11
687 2834 718 2860 dc
732 2833 905 2860 Decurionib.
934 2834 998 2859 Non
1015 2840 1069 2859 tan-

31 2883 104 2908 tum,
123 2876 169 2910 qui
182 2882 286 2901 tenerae
299 2874 408 2906 aetatis,
428 2872 471 2899 sed
484 2873 563 2898 etiam
579 2870 626 2905 qui
640 2869 749 2904 grandes
768 2875 830 2895 natu
851 2870 923 2901 sunt,
947 2868 1068 2894 decurio-

807 2410 889 2437 Ouid.
897 2412 962 2437 Met.
973 2419 1012 2443 14,
1020 2416 1070 2445 402

31 2921 76 2939 nes
89 2911 148 2938 fieri
163 2910 339 2946 prohibentur
354 2920 359 2935 :
386 2909 426 2935 illi
446 2908 516 2943 quasi
531 2906 661 2933 inhabiles
676 2905 814 2939 Renipubl.
829 2905 908 2937 tueri,
921 2903 952 2930 ad
967 2910 1068 2938 tempus
1080 2915 1112 2943 73

33 2948 200 2974 excusantur:
219 2946 247 2973 hi
261 2955 326 2972 vero
339 2946 367 2971 in
381 2950 533 2979 perpetuum
546 2947 703 2968 amouentur
743 2942 810 2966 Hinc
818 2940 958 2975 Metaphor.
973 2939 1070 2966 Pallad.

34 2983 107 3009 Nou.
119 2989 146 3017 7,
160 2991 176 3009 2
198 2982 225 3008 de
237 2981 387 3018 arbusculis,
404 2980 460 3007 Nec
473 2988 488 3006 a
505 2980 527 3005 se
541 2978 618 3012 longe
631 2975 778 3003 statuendae
793 2977 861 3009 sunt,
875 2983 902 3002 vt
916 2975 1030 3002 inuicem
1044 2976 1070 3002 se

35 3026 50 3044 a
67 3017 150 3044 calore
172 3018 232 3044 solis
252 3018 373 3044 excusent
397 3016 475 3042 eodem
492 3014 581 3051 sensu,
612 3022 657 3049 quo
671 3019 697 3047 p.
711 3022 733 3038 a.
753 3012 867 3044 din-rat,
887 3011 945 3038 Nisi
962 3011 1070 3038 obiectu

35 3053 125 3087 aliquo
137 3052 316 3086 defendantur,
331 3053 471 3079 intereunt.
528 3051 567 3076 Sic
581 3050 597 3076 s.
607 3058 636 3081 14
653 3047 730 3074 Locis
743 3047 862 3082 lapidosis
877 3053 902 3074 et
917 3047 1037 3082 glareosis
1052 3047 1069 3073 fi

0 3095 3 3100 ⁷
37 3089 158 3115 iuuantui
171 3089 316 3121 laetamine,
325 3089 446 3115 excusant
457 3096 490 3113 ne
505 3095 583 3120 poma
595 3084 691 3111 caduca
702 3089 728 3110 et
740 3084 913 3110 vermiculosa
927 3085 1072 3110 nascantur.
1081 3093 1114 3119 30

73 3129 90 3150 E
98 3131 117 3150 x
125 3129 143 3149 C
153 3130 172 3148 V
182 3131 194 3151 S
202 3131 223 3151 A
231 3132 252 3150 N
260 3132 273 3151 s
282 3144 290 3156 ‚
310 3124 386 3150 antis.
423 3123 516 3150 Partic.
552 3119 764 3155 [nocentissimum]
800 3120 854 3145 Cic.
870 3120 900 3145 de
913 3119 982 3146 Clar.
996 3120 1070 3145 Orat.

40 3167 79 3185 101
99 3158 150 3184 Cui
163 3164 248 3185 tamen
261 3160 365 3186 Laelius
379 3160 404 3186 se
418 3159 555 3189 excusans,
575 3165 628 3182 non
644 3164 742 3190 genero
759 3155 858 3181 minori
874 3155 941 3181 dixit
956 3156 980 3180 sc
993 3155 1070 3187 illud,

38 3193 81 3221 scd
95 3193 191 3220 maiori
201 3194 269 3220 filiae
283 3195 405 3221 detulisse.
453 3194 539 3221 Verba
553 3192 700 3219 excusantia
713 3191 800 3217 dicere
815 3191 895 3217 Ouid.
905 3191 969 3216 Met.
985 3199 1011 3223 9,
1021 3198 1070 3222 215.

73 3236 90 3256 E
100 3237 118 3256 x
129 3234 146 3255 C
158 3236 178 3254 v
187 3236 199 3256 s
208 3236 256 3256 AT
264 3237 283 3255 v
295 3236 308 3255 S
319 3250 327 3262 ,
345 3240 369 3263 a,
390 3239 444 3256 um.
480 3229 572 3256 Partic.
608 3229 671 3261 Qio
689 3227 837 3253 excusatior
857 3226 888 3253 sis
907 3227 965 3252 Sen.
978 3227 1071 3253 Contr.

39 3274 59 3298 1,
73 3273 91 3298 4
111 3270 174 3290 extr.
243 3265 444 3292 Excusatiss'imiis
463 3266 538 3291 effem
558 3263 630 3290 Ideni
644 3263 675 3289 de
688 3263 733 3289 Ot.
747 3263 804 3296 Sap.
823 3272 843 3288 c.
858 3271 897 3295 29.

73 3307 91 3326 Ε
101 3307 118 3326 x
128 3306 145 3326 c
154 3307 174 3324 v
183 3306 196 3325 s
203 3305 252 3326 ΛΤ
260 3307 276 3326 E
285 3320 291 3326 .

39 3335 128 3363 rursus
141 3334 233 3367 irasci,
251 3334 268 3360 fi
281 3337 422 3369 meruerit,
443 3336 515 3371 quod
529 3341 650 3362 exoratus
663 3334 808 3360 excusatius
826 3333 914 3360 facies.
986 3332 1072 3365 Qiin-

9 3375 13 3410 ,1
39 3371 95 3397 eiii.
110 3379 132 3402 2,
152 3379 162 3396 1
193 3370 223 3395 Et
241 3369 299 3396 fieri
319 3371 346 3397 id
357 3372 464 3399 videtur
478 3372 610 3401 excusate,
638 3373 656 3396 i.
677 3373 743 3396 citra
756 3370 860 3404 culpam.
931 3368 1072 3403 Comparat.

10 3415 13 3422 ‘
39 3406 162 3441 Sperabat
176 3406 200 3431 se
214 3404 259 3444 sub
273 3406 353 3439 specie
365 3407 519 3435 tributariae
532 3405 682 3433 necessitatis
696 3405 840 3432 excusatius
854 3403 990 3438 sacrilegia
1003 3412 1073 3430 com·

10 3445 12 3458 >
38 3443 174 3470 missurum
191 3440 281 3466 lustin.
295 3448 333 3472 32,
346 3449 370 3473 2,
384 3451 402 3468 1.

27 3512 31 3513 .
75 3484 91 3504 E
101 3485 119 3504 x
128 3483 145 3503 C
153 3483 174 3502 V
182 3483 195 3503 S
203 3483 224 3502 Α
232 3483 253 3502 T
264 3482 270 3500 1
283 3481 302 3501 Ο
313 3494 320 3504 ‚
337 3477 402 3503 onis.
423 3477 443 3503 f.
479 3479 653 3514 [nupsi-nau,
665 3475 793 3511 πρόφασις,
806 3474 976 3509 οἷπολόγημοι]
1013 3473 1070 3500 Cic.

0 3515 7 3538 t
40 3513 71 3540 de
84 3513 193 3539 Amicit.
205 3519 236 3545 37
260 3510 344 3537 Nulla
357 3512 392 3537 est
405 3512 484 3546 igitur
497 3513 629 3540 excusatio
643 3512 756 3546 peccati,
776 3511 794 3536 fi
808 3510 888 3536 amici
900 3510 972 3536 causa
986 3518 1072 3544 pecca-

0 3544 15 3575 ³?
40 3549 118 3574 veris·
186 3547 266 3573 Plflut·
282 3545 350 3572 Afin-
365 3554 388 3578 3,
402 3556 421 3578 1,
435 3556 459 3579 31
484 3550 535 3576 Hic
553 3549 609 3575 dies
625 3549 741 3574 suminus
760 3547 796 3572 est
814 3545 883 3580 apud
902 3554 944 3571 me
964 3546 1071 3579 inopiae

3 3590 8 3600 '
43 3583 182 3612 excusatio.
250 3582 307 3607 Deo
320 3590 353 3607 ne
367 3583 494 3610 excusatio
514 3585 621 3619 quidem
639 3583 675 3610 est
690 3582 842 3609 inscientiae
860 3581 915 3608 Cic.
930 3581 961 3607 de
975 3582 1071 3608 Natur.

5 3619 10 3631 ”·
42 3618 122 3646 Deor.
130 3627 152 3651 3,
161 3627 203 3652 90.
239 3616 277 3644 Id.
294 3616 324 3642 de
337 3617 411 3643 Orat.
425 3625 449 3646 2,
462 3625 505 3653 275
525 3622 559 3647 Vt
572 3629 631 3654 ego,
643 3620 691 3654 qui
708 3619 736 3645 in
749 3617 1069 3651 dele&uMete110‚quum
1084 3619 1116 3645 95
1137 3622 1190 3650 178.

2 3685 6 3689 ,
42 3655 233 3694 excusationem
252 3653 391 3679 oculorum
408 3660 423 3678 a
441 3661 482 3678 me
499 3663 551 3681 non
570 3656 714 3689 acciperet,
734 3659 760 3680 et
779 3653 897 3684 dixitur,
919 3653 967 3679 Tu
989 3653 1071 3685 igitur

42 3689 109 3716 mhil
126 3688 218 3716 vides?
291 3687 489 3714 Excusationem
508 3688 603 3716 habere
621 3689 781 3717 valetudinis
799 3689 855 3715 Cic.
869 3689 897 3714 in
909 3689 994 3714 Pison.
1014 3696 1035 3713 c.
1049 3688 1073 3712 6.

42 3724 137 3752 Idonea
150 3730 175 3752 et
187 3724 254 3751 iusta
268 3724 399 3750 excusatio
414 3721 486 3749 Idem
499 3724 568 3751 Fam.
576 3728 612 3756 16,
621 3734 659 3756 25.
689 3732 713 3752 et
727 3725 755 3751 in
767 3725 852 3751 Pison.
863 3726 893 3755 36
913 3732 934 3749 c.
943 3731 977 3755 ις.
1031 3722 1074 3748 Sa-

45 3759 114 3792 piens
127 3767 151 3787 et
164 3759 310 3795 probabilis
324 3758 456 3786 excusatio
471 3758 525 3785 Cic.
540 3762 591 3786 Att.
606 3767 629 3792 8,
642 3763 676 3788 16.
713 3761 810 3787 Omnia
831 3761 889 3786 sunt
908 3759 1009 3792 integra
1029 3766 1075 3783 no-

1004 429 1063 454 Bre-
1085 432 1098 456 5

24 796 104 824 *Idem
118 796 193 822 Verr.
213 803 245 826 2,
264 802 296 820 22
324 792 389 819 Petit
407 787 525 817 Naeuius
537 784 648 818 Turpio
672 783 779 818 quidam
804 783 876 808 istius
897 783 1019 809 excursor
1041 789 1066 809 et
1083 786 1106 811 15

28 973 56 999 in
69 973 170 999 causam
184 972 217 998 ad
235 978 314 1001 acere,
333 970 370 993 im
384 966 525 994 Excusare,
545 962 602 989 inde
619 962 688 987 velut
705 960 803 986 educere
819 966 842 984 et
860 959 973 985 liberare.
1009 962 1064 986 Cic.
1077 967 1111 985 20

653 1138 731 1164 Hunc
750 1137 836 1164 solum
855 1137 927 1163 diem
948 1137 998 1164 tibi
1018 1147 1061 1164 ex-
1073 1144 1104 1170 25

30 1327 84 1354 sare
95 1325 203 1354 Baeticis
215 1330 305 1350 contra
318 1331 400 1349 vnum
414 1319 549 1346 bominem
563 1316 781 1348 aduocationem,
806 1318 824 1341 ι’.
843 1315 914 1351 causta
927 1316 1004 1342 allata
1024 1326 1064 1342 ne-
1075 1324 1107 1348 30

28 1501 68 1530 ter
80 1503 226 1529 excusatum
240 1501 320 1533 volo,
339 1508 393 1526 non
408 1497 567 1532 negligentia
582 1504 640 1521 mea
654 1495 730 1528 fore,
750 1500 778 1520 vt
794 1493 876 1519 multa
894 1501 1064 1528 praeteream.
1080 1500 1108 1526 35

24 1680 198 1706 Morinorum
219 1678 300 1712 legati
321 1676 354 1703 ad
376 1684 437 1702 eum
458 1678 603 1704 venerunt,
622 1671 668 1706 qui
690 1671 715 1696 se
734 1670 766 1696 de
780 1670 923 1704 superioris
938 1672 1108 1705 temporis40

25 1855 90 1881 fecit
102 1855 222 1884 excuset,
240 1852 304 1877 silua
316 1859 425 1883 magnus
438 1852 568 1882 pugnator
581 1846 689 1877 adepta,
703 1850 753 1876 pro
766 1845 833 1877 vulg.
848 1843 981 1874 Excutiet,
1019 1843 1105 1870 110d43

619 2018 751 2053 Quinctil.
769 2019 797 2045 in
814 2019 886 2045 Pastu
907 2019 1063 2046 cadauerum
1076 2021 1107 2045 50

848 2198 882 2223 Iis
902 2196 1005 2224 diuersa
1024 2205 1066 2223 ex-
1082 2193 1110 2219 55

756 2376 787 2402 Et
799 2374 968 2401 Tarditate'm
981 2370 1110 2401 litera-60

635 2552 692 2580 Cic.
706 2553 759 2578 Att.
775 2560 812 2584 12,
829 2560 858 2584 14
879 2550 926 2578 Sed
942 2561 1020 2584 cura,
1039 2557 1068 2578 vt
1081 2554 1112 2585 65

562 2728 686 2763 prohibet
707 2727 844 2761 postulare.
879 2741 923 2745 —
962 2727 1111 2760 Proptcr70

325 3301 391 3328 Adi..
427 3299 636 3335 [mmmm]
682 3298 839 3332 Plin.Epist.
858 3307 891 3330 9,
911 3306 939 3324 21
966 3296 1071 3323 Licebit
1103 3286 1113 3300 ³

1524 195 1790 236 Exc
2082 211 2159 250 474

1124 286 1198 312 teriti
1218 285 1345 320 temporis
1367 285 1558 312 excusationem
1579 283 1684 316 Assem,
1704 284 1774 318 quod
1793 290 1818 310 te
1838 287 1987 318 profeciuiu
2007 288 2158 320 audieram,

1125 322 1175 347 vid.
1197 329 1216 348 Λ
1228 329 1242 348 1³
1255 327 1270 347 1³
1281 327 1366 348 51³0.
1460 320 1606 347 Dcseiidere
1625 320 1790 346 excusatione
1808 321 2012 355 adolescentiae,
2030 325 2095 350 vitia
2111 324 2168 350 ali-¹

1125 358 1198 382 cuius
1213 358 1268 384 Cic.
1284 365 1332 391 pro
1347 355 1417 382 Cael.
1432 364 1456 382 2.
1509 356 1633 382 Defendit
1648 356 1762 390 aliquem
1777 356 1927 381 net-enitatis
1940 360 2070 386 excusatio
2085 360 2158 385 Idem

1126 402 1173 426 pro
1188 394 1278 419 Rabir.
1291 391 1358 419 Post.
1370 398 1408 424 27.
1465 391 1610 418 Dct’eiidere
1624 393 1648 418 se
1663 392 1828 417 excusatione
1841 392 1951 424 stuporis
1965 394 2058 420 Cic.de
2067 396 2158 429 Arusp.

1127 429 1201 462 Resp.
1217 437 1238 460 ς.
1331 427 1472 460 Deprecari
1490 427 1657 453 excusatione
1678 427 1792 453 summae
1814 426 1953 457 stultitiae,
1975 428 2088 456 summae
2110 431 2158 456 iiii.

1125 463 1265 498 probitatis
1280 462 1373 489 odium
1387 463 1459 487 idem
1472 471 1519 495 pro
1533 463 1637 488 Caecin.
1653 471 1691 494 30.
1762 462 1817 488 Cic.
1831 463 1901 488 Fam.
1915 464 1941 494 6,
1955 469 1972 496 7
1992 463 2039 489 Sed
2055 466 2159 500 vtrique

1126 500 1164 525 rei
1183 499 1393 529 excusationem,
1412 502 1472 522 tuae
1492 497 1560 523 vitae
1581 496 1742 524 consuetudo
1761 498 1818 524 Dat.
1891 497 1962 523 Ideni
1977 499 2049 525 Verr.
2063 510 2096 532 4,
2118 509 2158 533 125

1127 534 1245 569 Sappho,
1260 542 1327 569 quae
1342 531 1441 558 sublata
1455 532 1486 557 de
1499 533 1625 563 Prytaneo
1637 533 1687 564 est,
1708 534 1757 559 Dat
1776 533 1827 559 tibi
1847 533 1939 559 iustam
1958 535 2160 567 excusationem,

1127 579 1208 604 prope
1221 576 1249 596 vt
1263 567 1457 595 concedendum
1472 574 1550 601 atque
1565 568 1749 600 ignoscendum
1770 569 1817 594 ess'e
1833 569 1960 595 videatur.
2067 570 2159 597 Errare

1127 607 1195 640 posse
1210 614 1269 631 cum
1281 603 1447 630 excusatione
1464 603 1521 628 Cic.
1536 604 1606 628 Fam.
1620 612 1652 635 ιι,
1664 609 1703 633 28.
1753 604 1841 630 Senec.
1855 604 1885 630 de
1900 604 1990 630 Benef.
2004 612 2030 636 2,
2045 612 2076 636 30
2097 605 2161 631 Non

1127 641 1172 673 est,
1186 641 1257 674 quod
1273 640 1412 674 quisquam
1427 638 1620 664 excusationem
1633 640 1726 665 mentis
1739 640 1855 673 ingratae
1869 639 1902 666 ab
1917 639 2069 666 infirmitate
2083 646 2160 674 atquc

1128 677 1219 710 inopia
1232 676 1329 707 Eruat‚
1360 677 1381 713 i.
1398 674 1423 700 se
1443 675 1521 707 tingat
1535 675 1641 708 inopem
1660 681 1703 700 aut
1724 676 1873 707 infirmum,
1895 684 1926 701 ne
1945 677 2061 709 ingratus
2074 675 2162 702 videa-

1127 719 1177 739 tur.
1244 711 1301 737 Cic.
1315 711 1343 736 in
1356 710 1440 735 Pison.
1454 712 1483 740 36
1509 718 1530 734 c.
1544 717 1566 741 ις
1592 708 1673 743 Qiod
1693 710 1719 735 in
1734 710 1881 737 honoribus
1893 711 2039 737 vestrorum
2057 712 2162 746 propin-

1127 755 1241 782 quorum
1254 755 1307 772 non
1315 745 1421 776 Facitis,
1440 745 1481 770 vel
1498 745 1589 771 aetatis
1605 746 1787 778 excusatione,
1808 746 1848 772 vel
1866 747 1992 778 honoris,
2019 750 2037 772 i.
2051 756 2104 773 cum
2124 749 2165 774 ve!

1125 784 1214 813 honos,
1232 783 1273 807 uc!
1284 788 1352 807 aetas
1359 780 1427 815 sitis
1440 789 1483 806 vos
1497 783 1608 815 excusent
1617 800 1625 812 ,
1646 781 1673 806 id
1687 781 1714 806 iii
1727 781 1806 807 salute
1819 790 1876 807 inea
1890 783 1964 808 nullo
1978 789 2100 816 rogante,
2115 791 2163 809 vos

1127 818 1212 845 vestra
1224 818 1314 852 sponte
1327 815 1433 842 fecistis.
1505 815 1609 842 Habere
1622 817 1813 843 excusationem
1829 817 1974 851 legitimam
1987 819 2043 845 Cic.
2052 818 2163 853 Philipp.

1127 862 1148 887 5,
1163 863 1200 887 14.
1304 851 1411 878 Habere
1423 851 1616 877 excusationem
1632 852 1745 885 pietatis,
1763 852 1928 884 ueterrimis,
1947 859 1973 879 et
1987 853 2077 880 aetatis
2090 854 2164 888 Ideni

1127 898 1176 924 pro
1190 888 1261 916 Cael.
1275 896 1297 914 2.
1369 887 1434 913 Non
1449 887 1535 913 Habet
1549 888 1742 913 excusationem
1756 888 1865 914 stultitia
1880 889 1935 915 Cic.
1951 889 1983 914 de
1998 890 2070 915 Orat.
2087 898 2105 919 i,
2116 897 2163 922 ης.

1127 925 1199 951 Idem
1214 923 1292 950 Attic.
1308 931 1343 953 12,
1356 930 1389 956 27
1414 923 1506 956 Itaque
1520 922 1546 948 id
1561 923 1646 957 ipsum
1659 922 1771 954 dubito,
1789 931 1821 948 an
1835 925 2027 950 excusationem
2046 925 2163 959 aliquam

1126 960 1158 987 ad
1181 960 1256 986 illuni
1271 960 1377 989 Parem,
1410 957 1462 983 vid.
1487 965 1501 983 P
1512 964 1600 984 ΑΚΘ.
1694 958 1750 983 Cic.
1766 959 1792 983 in
1807 959 1880 984 Orat.
1897 968 1941 990 :30
1969 960 2057 985 Nobis
2075 967 2163 986 autem

1126 997 1154 1022 in
1171 994 1325 1026 scribendo,
1344 1000 1422 1028 atque
1444 993 1472 1019 in
1495 993 1607 1020 dicendo
1630 992 1781 1018 necessitaiis
1803 993 1936 1019 excusatio
1959 1003 2013 1021 non
2028 996 2163 1022 Probatur.

1127 1033 1261 1065 Qiaerere
1281 1030 1474 1056 excusationem
1496 1029 1567 1055 Idem
1587 1037 1634 1062 pro
1650 1027 1740 1054 Rabir.
1754 1027 1827 1053 Perd.
1843 1037 1889 1053 reo
1905 1035 1928 1054 ιι.
2031 1031 2087 1056 Cic,
2111 1033 2163 1057 An,

1125 1076 1152 1100 9,
1167 1075 1196 1100 ¹4
1219 1067 1292 1092 Hanc
1306 1073 1378 1091 eram
1393 1065 1472 1098 ipsam
1486 1064 1679 1090 exeusationem
1691 1063 1843 1089 Reliciurus
1855 1062 1886 1088 ad
1896 1064 2042 1091 Caesarem.
2108 1067 2164 1093 'I'e-

1125 1103 1208 1137 genda
1221 1101 1386 1128 excusatione
1401 1100 1547 1129 amicitiae,
1568 1098 1700 1125 consentio
1720 1098 1905 1132 improborum
1924 1107 1978 1125 non
1991 1099 2042 1131 est,
2063 1100 2105 1126 sed
2120 1111 2165 1135 po.

1125 1139 1177 1165 tius
1191 1137 1266 1163 omni
1284 1135 1415 1170 supplicio
1434 1134 1589 1161 vindicanda
1610 1134 1665 1160 Cic.
1686 1133 1718 1160 de
1732 1134 1838 1161 Aiuicit.
1852 1142 1891 1168 43.
1986 1135 2078 1161 Valent
2098 1137 2166 1169 apud

1124 1174 1241 1207 aliquem
1254 1172 1432 1198 excusationes
1445 1171 1553 1197 alterius
1574 1170 1645 1196 Idem
1660 1178 1708 1204 pto
1720 1169 1790 1195 Sulla
1805 1177 1840 1203 47
1866 1179 1887 1195 c.
1905 1171 1941 1195 16.
2013 1172 2069 1196 Cic.
2089 1170 2166 1197 Offic.

1125 1218 1149 1239 2,
1163 1212 1194 1239 68
1212 1207 1344 1234 Vtendum
1358 1208 1437 1232 etiam
1449 1207 1484 1232 est
1497 1205 1664 1232 excusatione
1678 1204 1802 1231 aduersus
1815 1213 1869 1237 eos»,
1890 1214 1955 1239 quos
1971 1205 2072 1232 inuitus
2086 1206 2167 1233 offen-

1125 1245 1179 1276 das,
1199 1252 1354 1279 quacunque
1368 1242 1457 1276 poss'is,
1474 1250 1555 1277 quare
1570 1241 1607 1273 id,
1626 1241 1696 1275 quod
1710 1241 1820 1272 feceris,
1838 1241 1933 1266 necesse
1946 1242 2044 1271 fuerit,
2060 1251 2107 1268 nec
2120 1243 2168 1268 ali-

1125 1286 1165 1307 ter
1178 1280 1263 1307 facere
1278 1278 1405 1313 potueris.
1500 1277 1573 1303 Idem
1588 1278 1640 1303 Att.
1657 1286 1694 1307 10,
1709 1285 1731 1308 ¹3
1756 1276 1803 1301 Sed
1819 1276 1835 1301 si
1852 1276 1919 1302 inihi
1932 1278 1969 1310 Q
1981 1278 2062 1303 Axius
2077 1278 2104 1303 in
2120 1278 2167 1305 hac

1126 1324 1184 1342 mea
1199 1316 1261 1349 fuga
1283 1322 1303 1341 H
1314 1322 1326 1341 s
1353 1321 1387 1340 xi
1400 1320 1427 1338 11
1453 1322 1507 1338 non
1522 1312 1626 1345 reddit,
1648 1321 1715 1347 quae
1730 1311 1789 1338 dedi
1804 1312 1862 1337 eius
1877 1312 1935 1338 tilio
1948 1319 2053 1346 mutua,
2072 1319 2096 1340 et
2111 1314 2167 1340 Vti-

1125 1358 1170 1378 tur
1182 1350 1349 1377 excusatione
1363 1348 1489 1383 temporis
1498 1368 1504 1379 ‚
1522 1355 1567 1374 etc.

1163 1394 1180 1414 E
1189 1394 1208 1414 x
1219 1393 1236 1413 c
1248 1393 1269 1411 v
1278 1393 1290 1413 s
1300 1392 1351 1412 AT
1361 1392 1370 1411 1
1379 1391 1399 1410 v
1410 1391 1430 1410 N
1439 1390 1456 1410 c
1465 1390 1484 1409 v
1496 1390 1510 1408 L
1520 1391 1556 1415 A,
1576 1391 1615 1409 ae.
1652 1382 1671 1408 f.
1709 1382 1823 1408 Saliiian.
1838 1388 1929 1409 contra
1942 1383 2021 1410 Auar.
2039 1383 2057 1410 l.
2072 1392 2084 1416 3
2104 1387 2140 1411 in.

1163 1429 1207 1449 Ex
1218 1428 1234 1448 C
1246 1428 1266 1447 v
1276 1429 1289 1448 s
1298 1429 1320 1448 A
1329 1428 1350 1448 T
1359 1427 1378 1447 o
1387 1427 1406 1446 R
1416 1439 1424 1452 ,
1447 1419 1511 1446 oris.
1547 1428 1583 1445 m.
1620 1418 1756 1452 Augustin.
1773 1418 1804 1444 de
1817 1419 1846 1444 C.
1860 1419 1892 1444 D.
1908 1427 1931 1451 3,
1944 1427 1986 1444 20.
2053 1419 2167 1446 Saluian.

1128 1458 1160 1485 de
1174 1457 1243 1484 Gub.
1258 1458 1290 1483 D.
1303 1465 1315 1489 3
1336 1465 1359 1490 p.
1375 1458 1416 1488 96.

1165 1500 1181 1519 E
1190 1501 1208 1520 x
1217 1499 1234 1519 c
1243 1500 1263 1519 v
1271 1500 1284 1519 s
1292 1499 1314 1519 Α
1322 1498 1339 1519 Β
1348 1490 1358 1517 ἴ
1366 1499 1383 1518 L
1391 1499 1401 1517 1
1411 1498 1423 1517 s
1433 1510 1441 1522 ,
1460 1498 1482 1515 e.
1511 1488 1571 1516 Adi.
1595 1487 1770 1522 [mentm-0¹5]
1807 1488 1916 1515 Crimen
1929 1489 2076 1516 excusabile
2089 1490 2169 1517 Ouid.

1129 1538 1160 1556 ex
1175 1530 1248 1555 Pont.
1262 1537 1290 1561 4,
1304 1537 1325 1560 i,
1339 1535 1357 1553 i.
1429 1526 1487 1551 Pars
1501 1524 1593 1550 delicti
1607 1524 1760 1550 excusabilis
1775 1524 1846 1550 Idem
1860 1524 1926 1551 ibid.
1940 1534 1960 1558 i,
1972 1532 1999 1559 7,
2013 1533 2052 1559 4¹·
2122 1527 2170 1552 Ex-

1129 1564 1271 1591 cusabilior
1284 1572 1361 1589 error
1375 1561 1463 1587 Valer.
1478 1561 1548 1586 Max.
1564 1565 1587 1591 8,
1603 1567 1634 1591 Π,
1649 1569 1676 1592 4·

1164 1606 1180 1626 Ε
1190 1607 1207 1626 x
1219 1605 1236 1625 c
1247 1605 1267 1624 v
1275 1606 1288 1625 s
1297 1605 1318 1624 A
1329 1603 1345 1624 Β
1359 1604 1367 1622 ι
1381 1603 1396 1621 L
1406 1604 1415 1622 i
1423 1603 1444 1623 T
1454 1603 1469 1622 E
1478 1602 1506 1621 R.
1540 1596 1608 1621 Adii.
1650 1593 1718 1621 Vnde
1731 1594 1910 1621 Exciisabilius
1927 1601 1968 1629 ap.
1982 1594 2092 1621 Paullin.
2105 1595 2172 1623 Nol.

1130 1636 1175 1669 Ep.
1190 1643 1217 1665 39
1239 1643 1264 1659 n.
1279 1642 1306 1666 4.
1342 1640 1366 1658 et
1380 1631 1516 1666 Augustin.
1532 1630 1564 1656 dc
1577 1629 1682 1656 Trinit.
1699 1638 1738 1661 14,
1752 1638 1776 1661 15
1796 1637 1860 1655 extr.

1165 1676 1181 1696 E
1191 1678 1209 1696 x
1219 1676 1236 1696 c
1245 1677 1265 1695 v
1274 1675 1287 1694 s
1296 1676 1316 1695 A
1326 1674 1369 1695 nv
1378 1674 1398 1693 N
1409 1673 1427 1693 D
1437 1674 1457 1693 v
1467 1673 1479 1691 s
1489 1685 1497 1697 ‚
1522 1674 1536 1692 a
1545 1685 1552 1696 ,
1578 1674 1631 1690 um.
1668 1664 1770 1689 Adicet.
1813 1663 1890 1698 Apul.
1905 1663 1981 1697 Apol.
2008 1672 2032 1697 p.
2055 1672 2120 1696 324,
2141 1673 2172 1698 ¹4

1128 1707 1296 1738 Quamquam
1311 1702 1356 1729 etfi
1376 1700 1524 1728 destrifflus
1544 1708 1650 1733 magum
1668 1707 1710 1724 nie
1729 1698 1846 1730 dixisset,
1864 1699 1944 1732 poss'et
1963 1697 2051 1725 videri
2070 1701 2173 1726 excusa·

1129 1740 1218 1766 hunda
1246 1740 1272 1764 se
1291 1738 1349 1763 filio
1367 1737 1423 1762 vini
1441 1743 1528 1761 meam
1548 1743 1627 1768 quam
1647 1733 1812 1759 voluntatem
1834 1733 2024 1763 ssiam„ca11sari
2045 1734 2171 1763 maluiffe.

1129 1772 1170 1806 Est
1184 1782 1239 1808 ergo
1255 1771 1450 1800 excusabunda,
1470 1778 1529 1805 quae
1541 1768 1673 1803 excusandi
1684 1768 1756 1803 causa
1770 1768 1867 1803 ailquid
1879 1768 1941 1794 dicit
1956 1770 1996 1795 vel
2000 1769 2083 1803 facit.

1165 1813 1182 1832 E
1192 1814 1209 1832 x
1219 1812 1236 1831 c
1244 1813 1264 1831 v
1274 1812 1287 1831 s
1296 1813 1318 1831 A
1327 1813 1350 1831 M
1360 1813 1375 1831 E
1385 1813 1406 1831 N
1416 1812 1437 1831 T
1451 1811 1468 1830 v
1478 1811 1503 1831 M
1511 1823 1518 1834 ,
1539 1803 1559 1829 i.
1595 1812 1622 1828 ιι.
1660 1803 1800 1838 Excujatio.
1836 1804 1915 1830 Mart.
1928 1804 2027 1838 Capell.
2038 1810 2051 1834 8
2071 1814 2097 1839 p.
2110 1812 2171 1840 272.

1164 1846 1364 1871 excvsmz,
1384 1839 1507 1867 aris.1n.
1547 1845 1563 1865 Ε
1576 1845 1594 1864 x
1608 1845 1748 1870 cvsvs,
1780 1838 1834 1865 vid.
1853 1845 2022 1867 Excvno.

1163 1881 1436 1907 LXCVSSATVS,
1470 1879 1666 1906 ExCVSSE,
1702 1880 1996 1906 Excvssoiuvs,
2033 1881 2172 1904 excvs-

1128 1918 1214 1943 svs,
1249 1911 1301 1936 vid.
1320 1920 1376 1936 mox
1390 1910 1437 1945 sub
1464 1915 1618 1937 Excv'rll
1631 1915 1663 1934 ο.

1161 1954 1178 1973 E
1188 1954 1205 1973 Χ
1217 1951 1234 1972 C
1247 1944 1266 1972 V⁰
1278 1952 1300 1972 'r
1313 1953 1322 1971 1
1333 1953 1350 1971 0
1359 1965 1367 1977 ,
1394 1945 1418 1970 ssi
1427 1965 1435 1977 ,
1463 1946 1524 1970 sfuni
1534 1964 1542 1976 ,
1567 1947 1621 1970 ere.
1657 1941 1819 1977 [ἐπιτάσσω
1835 1942 2025 1979 κ’παςυφελίξω]
2073 1945 2113 1972 Ab
2134 1947 2170 1973 Ex

1126 1989 1150 2007 et
1164 1981 1264 2015 (Qiatio
1276 1992 1283 2011 ;
1308 1980 1439 2015 fignificat
1452 1981 1551 2006 Monere
1566 1987 1611 2013 per
1624 1982 1675 2004 vim
1688 1979 1738 2004 loco
1745 1978 1808 2014 su0,
1826 1985 1849 2004 ct
1861 1980 1980 2009 deiicere:
2018 1989 2059 2013 vt,
2081 1981 2173 2010 Excus-

1126 2018 1167 2044 sae
1184 2018 1211 2042 in
1225 2023 1322 2042 terram
1337 2016 1428 2042 literae
1442 2015 1499 2041 Cic.
1514 2014 1545 2040 de
1560 2015 1655 2041 Natur.
1669 2015 1750 2040 Dcor.
1765 2022 1789 2046 2,
1806 2022 1845 2046 93.
1941 2016 2007 2042 Pers.
2020 2020 2043 2048 5',
2058 2025 2104 2042 100
2122 2018 2171 2044 Sed

1127 2059 1228 2079 tremor
1248 2053 1317 2078 inter
1334 2052 1398 2077 vina
1417 2050 1502 2083 subit,
1533 2050 1700 2084 calidumque
1717 2050 1841 2075 trientem
1883 2051 1988 2078 Excutit
2005 2061 2019 2078 e
2039 2052 2171 2080 manibus.

1130 2088 1272 2122 Amplexus
1286 2087 1367 2114 Ouid.
1381 2087 1446 2113 Met.
1460 2095 1484 2119 9,
1499 2094 1537 2118 52.
1572 2085 1620 2113 Sed
1634 2087 1768 2112 Burmann.
1783 2085 1863 2111 Exuit
1875 2087 2018 2121 amplexus.
2090 2089 2172 2116 Arcus

1130 2125 1220 2150 saeuos
1241 2123 1323 2150 Ouid.
1345 2123 1376 2148 de
1389 2123 1451 2148 Arte
1466 2123 1524 2147 Ain.
1540 2129 1566 2152 3,
1580 2129 1622 2153 29.
1691 2121 1838 2147 caesariem
1858 2122 1963 2150 cxcuffit
1981 2123 2054 2149 Idem
2068 2124 2132 2150 Met.
2151 2133 2172 2157 i,

1131 2167 1185 2193 179.
1251 2159 1333 2193 Plaut.
1349 2157 1437 2184 Aulul.
1453 2165 1476 2189 2,
1491 2165 1510 2188 1,
1524 2165 1554 2189 29
1578 2156 1650 2190 Qiia
1668 2156 1765 2182 misero
1785 2156 1853 2182 mihi
1866 2158 2014 2185 Cerebrum
2035 2160 2173 2186 excutiunt

1129 2194 1199 2222 dieta
1213 2200 1271 2226 tua,
1291 2201 1335 2220 etc.
1407 2192 1490 2219 Cibos
1508 2198 1630 2219 excutere
1645 2200 1691 2217 ore
1712 2192 1772 2217 Stat.
1784 2192 1876 2219 Theb.
1891 2202 1913 2226 ς,
1927 2196 1986 2226 603.
2057 2195 2173 2222 Clauum

1130 2230 1217 2265 lapide
1231 2230 1312 2256 Plaut.
1328 2230 1400 2255 Men.
1414 2237 1432 2259 1,
1448 2237 1467 2262 i,
1481 2237 1518 2254 10.
1614 2228 1726 2260 Comas,
1742 2227 1860 2262 furentis
1877 2229 1976 2256 habitus
1995 2229 2125 2263 QiinCtil.
2141 2240 2174 2264 ιι,

1131 2275 1151 2299 3,
1164 2274 1203 2301 71.
1299 2265 1488 2292 Conditionem
1504 2264 1563 2289 suae
1578 2263 1655 2289 sortis
1667 2262 1748 2296 Ouid.
1757 2263 1842 2289 Trist.
1853 2274 1872 2295 3,
1887 2272 1923 2297 ¹4·
1993 2267 2173 2301 Qiaecunque

1131 2302 1205 2328 domi
1220 2301 1268 2327 fibi
1285 2301 1405 2328 Crimina
1418 2300 1497 2329 fecit,
1532 2299 1652 2325 Excutiet
1665 2298 1728 2325 silua
1740 2307 1846 2332 magnus
1862 2306 1992 2334 pugnator
2004 2301 2096 2336 adepta
2110 2303 2175 2329 Gra-

1131 2338 1182 2364 tius
1196 2338 1293 2371 Cyneg.
1315 2346 1341 2363 v.
1358 2338 1412 2369 169.
1464 2334 1511 2362 Sed
1524 2335 1557 2361 al.
1571 2335 1698 2366 Excuset,
1714 2344 1738 2360 v.
1752 2343 1778 2360 υ.
1866 2336 1954 2362 Curru
1969 2339 2083 2363 excuffus
2098 2339 2173 2373 Virg.

1131 2374 1197 2400 Aen.
1213 2381 1251 2405 10,
1266 2381 1323 2405 590.
1393 2370 1466 2398 Idem
1480 2371 1543 2396 Aen.
1557 2379 1579 2402 3,
1595 2379 1645 2397 200
1672 2370 1826 2396 Excutimur
1838 2371 1939 2404 Cursu,
1951 2375 1984 2398 'et
2004 2373 2086 2399 caecis
2105 2383 2174 2401 erra-

1133 2419 1191 2435 mus
1206 2409 1233 2435 in
1245 2408 1333 2434 undis.
1404 2406 1518 2432 Delicias
1538 2406 1631 2432 Claud.
1642 2405 1671 2432 iti
1684 2406 1793 2440 Eutrop.
1810 2416 1829 2436 s,
1843 2415 1900 2441 147.
1968 2408 2080 2434 Delicias
2097 2416 2122 2434 et
2135 2410 2174 2435 in-

1132 2446 1214 2480 eptias
1229 2445 1383 2479 aliquorum
1397 2443 1454 2468 Cic.
1468 2450 1516 2475 pro
1530 2442 1652 2475 Cael.67.
1725 2441 1765 2468 Ab
1780 2442 1859 2476 Equis
1875 2443 1961 2468 excuti
1974 2443 2055 2469 Ouid.
2070 2444 2098 2470 in
2112 2443 2173 2470 Ibin

1134 2490 1159 2511 1,
1177 2486 1231 2513 580.
1303 2479 1425 2513 Equitem
1444 2483 1584 2509 excutere,
1604 2477 1700 2503 dicitur
1718 2486 1801 2511 equus
1819 2477 1878 2503 Liu.
1899 2483 1927 2509 8,
1965 2497 1972 2503 .
2009 2497 2016 2504 .
2094 2479 2172 2506 Ferat

1132 2516 1266 2542 cubilibus
1285 2515 1349 2541 Pliu.
1365 2515 1392 2540 in
1406 2515 1498 2547 Paneg.
1511 2518 1544 2542 81.
1648 2512 1777 2538 Flammas
1792 2512 1899 2545 pectore
1918 2512 1999 2539 Ouid.
2014 2513 2077 2539 Met.
2091 2521 2119 2548 7,
2134 2523 2171 2549 ¹7·

1130 2551 1258 2578 Flosculis
1271 2551 1367 2576 casuris
1387 2549 1403 2575 si
1418 2549 1513 2575 leuiter
1526 2547 1706 2579 excutiantur,
1727 2547 1793 2572 nitet
1805 2547 1893 2572 oratio
1908 2547 2016 2580 Qiin&
2031 2557 2063 2579 κ,
2081 2557 2119 2582 ιο,
2131 2558 2172 2583 73.

1131 2587 1232 2614 Foedus
1247 2591 1401 2619 conceptum
1418 2583 1513 2616 Virgil.
1531 2584 1594 2607 Aen.
1612 2590 1647 2612 12,
1662 2587 1711 2613 158.
1815 2582 1902 2608 Genus
1921 2589 2007 2609 totum
2026 2585 2172 2612 maledicio

1132 2622 1237 2649 excussit
1249 2621 1380 2646 calamitas
1393 2619 1449 2645 Cic.
1463 2626 1510 2651 pro
1523 2617 1610 2642 Domo
1623 2617 1665 2642 sua
1680 2619 1723 2651 76.
1794 2617 1918 2643 Gladium
1932 2619 2065 2645 morituro
2084 2620 2172 2647 Senec.

1126 2657 1163 2683 dc
1177 2656 1267 2682 Benef.
1282 2663 1303 2685 3,
1320 2662 1345 2687 9.
1436 2652 1538 2679 Gradus
1551 2651 1743 2678 ambulantium
1756 2653 1856 2679 excutit
1875 2659 1976 2680 tremor
1989 2653 2105 2681 fabricae
2118 2657 2173 2683 Pal-

1132 2691 1182 2717 lad.
1199 2700 1217 2722 1,
1228 2699 1253 2722 9,
1269 2698 1293 2716 2.
1310 2696 1340 2715 vt
1353 2695 1432 2714 certos
1440 2688 1515 2723 pedes
1522 2695 1614 2723 ponere
1627 2697 1675 2713 non
1684 2687 1784 2722 poffint.
1857 2688 1979 2715 Habenas
1992 2699 2037 2724 per
2051 2691 2119 2717 colla
2134 2692 2172 2718 iu-

1131 2726 1228 2760 basque
1241 2724 1320 2752 Ouid.
1335 2725 1400 2751 Met.
1414 2731 1437 2756 ς,
1449 2732 1513 2756 404.
1585 2722 1746 2749 Hirudinem
1759 2723 1879 2749 faucibus
1894 2723 2077 2752 adhaerentem
2097 2736 2173 2754 excu-

1130 2768 1186 2789 tere
1200 2761 1318 2787 Scribon.
1333 2768 1385 2792 199.
1457 2759 1513 2785 Cic.
1531 2766 1579 2792 pro
1593 2757 1664 2784 Sulla
1701 2778 1707 2784 .
1743 2777 1750 2784 .
1788 2759 1843 2792 Qui
1856 2758 1873 2786 fi
1889 2760 2026 2787 attulerint
2039 2771 2135 2789 neruos
2147 2769 2173 2791 et

1129 2797 1301 2828 industriam,
1318 2795 1387 2821 mihi
1404 2793 1494 2825 crede,
1513 2793 1647 2819 excutient
1667 2793 1718 2819 tibi
1733 2793 1807 2820 istam
1827 2795 1970 2822 verborum
1984 2798 2156 2825 laetationem

1131 2840 1156 2860 et
1170 2840 1195 2859 te
1209 2841 1240 2858 ex
1254 2833 1347 2858 somno
1362 2831 1435 2864 saepe
1454 2829 1621 2861 excitabunt,
1645 2832 1663 2854 i.
1683 2829 1800 2856 adime-nt.
1896 2832 1985 2866 Ignem
1998 2833 2064 2859 Plin.
2082 2837 2110 2860 16
2127 2819 2174 2869 40,

1131 2870 1222 2903 Ignem
1236 2867 1268 2893 de
1281 2865 1399 2894 crinibus
1412 2865 1494 2892 Ouid.
1508 2865 1571 2891 Met.
1588 2873 1622 2897 12,
1638 2870 1685 2894 εει.
1756 2865 1813 2892 Cic.
1835 2865 1866 2891 de
1883 2866 1912 2893 L.
1926 2869 1987 2905 Agr.
2001 2877 2033 2901 2,
2053 2872 2088 2895 60
2111 2853 2173 2904 'Qii

1131 2914 1184 2930 non
1199 2903 1280 2930 modo
1294 2911 1382 2936 reges,
1399 2908 1478 2936 atque
1492 2907 1641 2926 exterarum
1656 2900 1795 2927 nationum
1809 2900 1930 2929 homines
1940 2923 1947 2933 ,
1968 2903 2011 2930 sed
2025 2906 2105 2932 etiam
2120 2907 2173 2932 Ini-

1132 2946 1264 2974 peratores
1278 2938 1379 2964 nostros
1393 2937 1563 2963 excuss'erunt.
1632 2937 1749 2963 Intentio
1769 2937 1864 2963 inentis
1882 2947 1973 2971 mora,
1995 2946 2020 2966 et
2039 2941 2173 2969 interdum

1131 2975 1268 3002 iracundia
1287 2974 1420 3001 excutitur
1440 2971 1571 3005 Qinffil.
1590 2980 1629 3004 ιο,
1645 2980 1668 3004 3,
1681 2981 1723 2998 20.
1825 2974 1921 3008 Iugum
1941 2981 2079 3009 excutere,
2101 2978 2174 3004 Nolle

1131 3011 1244 3038 obedire:
1275 3007 1398 3036 Traeinm
1416 3008 1446 3034 ab
1464 3010 1547 3043 equis,
1567 3008 1607 3033 vel
1619 3007 1692 3033 bobus
1705 3011 1841 3039 aratoriis,
1860 3012 1903 3044 qui
1916 3010 1971 3036 dum
1986 3021 2059 3037 arare
2078 3014 2174 3045 nolunt,

1132 3049 1226 3082 Iugum
1241 3045 1393 3072 excutiunt:
1412 3044 1478 3070 Pliu.
1495 3044 1585 3079 Paneg.
1606 3051 1627 3069 c.
1644 3051 1676 3069 11.
1761 3045 1944 3077 quentutem‚
1968 3047 2021 3072 vid.
2035 3056 2090 3072 mox
2108 3057 2133 3073 n.
2148 3057 2174 3076 2.

1133 3083 1266 3110 Lacrimas
1279 3086 1401 3108 excutere
1419 3078 1515 3109 alicui,
1535 3080 1670 3105 prouocare
1689 3080 1793 3113 aliquem
1813 3080 1848 3106 ad
1863 3082 1979 3106 lacrimas
1994 3081 2063 3107 Ter.
2077 3083 2172 3109 Heaut.

1134 3128 1154 3151 1,
1169 3127 1187 3148 ι,
1203 3125 1249 3150 115.
1345 3117 1462 3142 Mentem
1477 3114 1572 3145 alicui,
1590 3117 1607 3140 i.
1623 3114 1730 3141 adimere
1750 3115 1815 3140 Plin.
1825 3115 1903 3149 Epist.
1918 3124 1938 3147 1,
1952 3121 1986 3145 18.
2022 3117 2078 3143 Seii.
2093 3118 2137 3151 Ep.
2146 3125 2171 3151 7.

1134 3153 1216 3181 Ouid.
1231 3152 1295 3180 Fast.
1309 3160 1329 3183 1,
1346 3153 1374 3177 16
1401 3151 1492 3185 Deque
1507 3159 1567 3176 meo
1582 3150 1690 3184 pauidos
1703 3156 1795 3176 excute
1809 3149 1888 3176 corde
1900 3151 1996 3177 Metus.
2064 3153 2173 3180 Moenia

1133 3188 1217 3216 fundo
1236 3188 1368 3215 excutiam
1387 3187 1448 3213 Stat.
1464 3185 1556 3212 Theb.
1572 3194 1594 3218 3,
1608 3194 1670 3219 249.
1777 3186 1880 3212 Numos
1893 3186 1962 3212 inihi
1975 3186 2007 3212 de
2018 3196 2096 3214 manu
2112 3189 2173 3223 le.

1136 3226 1163 3251 in
1178 3225 1195 3251 l.
1217 3225 1244 3251 Si
1259 3226 1348 3250 seruus
1362 3224 1465 3249 sei-uum
1485 3219 1509 3255 6.
1526 3222 1552 3248 Si
1566 3222 1625 3256 quis
1639 3222 1671 3247 de
1683 3229 1760 3247 manu
1780 3222 1811 3247 D.
1828 3221 1868 3248 Ad
1881 3222 1930 3256 leg.
1945 3223 2034 3257 Aquil.
2090 3224 2172 3251 Plaut.

1104 3275 1114 3282 .
1136 3261 1203 3288 Pers.
1212 3268 1234 3292 ς,
1248 3268 1274 3291 2,
1288 3266 1318 3291 50
1338 3259 1371 3284 At
1385 3267 1434 3293 ego
1447 3254 1498 3284 tib'i
1512 3257 1561 3283 hoc
1575 3257 1702 3283 continuo
1716 3257 1810 3289 cyatho
1818 3257 1930 3284 Oculum
1943 3259 2072 3285 excutiam
2087 3266 2171 3286 tuum.

1135 3296 1202 3324 Add.
1217 3296 1275 3322 Seri.
1289 3295 1334 3328 Ep.
1349 3302 1374 3326 9.
1444 3295 1518 3320 Onus
1538 3292 1698 3324 visceribus,
1728 3295 1744 3319 i.
1764 3293 1875 3318 abortum
1887 3293 1975 3328 facere
1994 3293 2074 3319 Ouid.
2094 3295 2172 3327 Epist.

1136 3341 1169 3365 11,
1183 3340 1223 3365 42.
1276 3330 1439 3364 Opinionem
1455 3329 1519 3355 hanc
1533 3327 1656 3354 mihimet
1669 3333 1790 3355 excutere
1803 3328 1879 3355 volui
1892 3328 2015 3355 radicitus
2031 3330 2173 3357 Cic.Tusc.

1136 3377 1156 3400 1,
1178 3376 1222 3394 ιιι.
1291 3366 1382 3392 Pacem
1395 3366 1535 3391 excusserat
1548 3363 1609 3389 orbi
1624 3364 1720 3391 Lucan.
1736 3372 1760 3396 1,
1774 3367 1817 3396 69.
1889 3364 1984 3397 Virgil.
1998 3366 2062 3391 Aen.
2078 3372 2105 3399 7,
2125 3374 2174 3400 299

1135 3404 1209 3438 Qiin
1223 3402 1303 3429 etiam
1316 3402 1401 3428 Pati-ia
1420 3401 1535 3426 excussos
1554 3399 1647 3426 infesta
1663 3409 1710 3434 per
1726 3399 1806 3426 vndas
1842 3400 1908 3425 Ausa
1923 3399 2005 3433 sequi.
2077 3401 2174 3428 Pennas

1135 3438 1238 3466 excussit
1251 3438 1347 3464 Boreas
1361 3435 1515 3463 Ouid.Met.
1530 3437 1556 3469 6,
1568 3442 1627 3470 703.
1733 3434 1858 3467 Qierelas
1873 3434 1964 3460 Claud.
1979 3434 2010 3460 de
2025 3435 2053 3461 Β.
2068 3436 2126 3462 Get.
2134 3445 2174 3470 25.

1135 3475 1219 3509 Qiies
1241 3480 1342 3500 terrore
1363 3472 1497 3498 excutitur
1513 3470 1595 3497 Ouid.
1610 3470 1673 3497 Fast.
1688 3480 1715 3504 4,
1728 3473 1788 3504 667.
1879 3469 2018 3496 Rationem
2035 3478 2175 3506 excutere,

1134 3513 1174 3537 vel
1187 3510 1352 3539 examinare,
1380 3512 1396 3536 ι’.
1415 3506 1531 3542 conficere
1543 3506 1708 3542 etsuhduccre
1725 3509 1845 3531 rationem
1856 3506 1961 3531 militum
1976 3506 2040 3533 Plin.
2054 3507 2132 3541 Epist.
2147 3516 2176 3543 7,

1136 3555 1170 3578 31.
1243 3545 1334 3572 Risum
1349 3543 1396 3570 sibi
1410 3544 1504 3569 Horat.
1516 3542 1597 3568 Serm.
1610 3551 1630 3574 1,
1644 3550 1671 3574 4,
1685 3548 1722 3573 33-
1791 3540 1901 3573 Sceptris
1920 3542 2006 3568 excuti
2028 3542 2061 3569 ab
2074 3543 2175 3579 aliquo,

1135 3585 1152 3608 ι’.
1173 3591 1188 3607 a
1200 3590 1276 3618 regno
1291 3580 1363 3607 deiici
1381 3578 1462 3606 Ouid.
1477 3577 1541 3605 Fast.
1556 3586 1585 3610 4,
1598 3584 1652 3611 ¹98·
1723 3575 1867 3601 Scintillam
1883 3575 1948 3603 silici
1963 3578 2058 3612 Virgil.
2073 3580 2138 3606 Aen.
2154 3589 2176 3613 1,

1245 3615 1292 3643 Sed
1306 3616 1414 3641 meliores
1432 3613 1467 3640 ibi
1480 3612 1598 3639 Exciidit.
1670 3611 1810 3637 Excutiunt
1828 3611 1854 3636 se
1867 3611 1981 3638 iumenta
1996 3614 2052 3648 post
2066 3615 2177 3642 Voluta-

1135 3653 1237 3678 tionem
1250 3652 1342 3684 Veget.
1357 3650 1469 3676 Muloin.
1484 3657 1505 3681 3,
1519 3657 1560 3681 42,
1573 3657 1592 3674 1.
1660 3646 1729 3672 Ter.
1744 3644 1848 3672 Phorm.
1861 3656 1889 3680 4,
1904 3656 1913 3673 1
1923 3667 1931 3680 ,
1944 3656 1979 3674 20
2006 3650 2087 3684 Quod
2101 3650 2119 3676 fi
2132 3650 2177 3677 fit:

1137 3688 1176 3713 vti
1192 3696 1234 3712 ine
1248 3686 1393 3716 excutiam,
1411 3691 1489 3719 atque
1506 3683 1624 3718 egrediar
1637 3680 1717 3706 domo
1728 3700 1742 3720 ,⁸
1756 3680 1782 3706 id
1800 3681 1893 3713 restat,
1916 3687 1933 3709 i.
1952 3684 2057 3720 resoluta
2070 3685 2124 3712 dote
2138 3686 2176 3711 di.

1131 3722 1231 3758 [κάμῃ
1251 3731 1261 3747 2>
1279 3724 1434 3747 matrimonio
1452 3720 1528 3746 illius,
1600 3716 1691 3742 Sensus
1707 3715 1773 3742 mihi
1789 3717 1893 3744 excussit
1907 3718 2006 3746 nimius
2019 3720 2099 3748 dolor
2118 3721 2175 3747 Seri.

1138 3759 1216 3784 Herc.
1231 3758 1292 3783 Oet.
1311 3757 1330 3783 s.
1345 3765 1380 3783 10.
1452 3756 1538 3782 Seram
1552 3752 1623 3787 poste
1639 3750 1718 3777 Ouid.
1733 3752 1824 3780 Amor.
1840 3761 1860 3783 1,
1878 3756 1905 3787 6,
1917 3763 1962 3788 24.
2033 3757 2089 3783 Cic.
2102 3757 2174 3782 Fam.

48 3793 105 3822 bis:
126 3796 193 3822 nihil
208 3795 413 3830 praetermiss'um
427 3793 477 3824 est,
496 3794 566 3828 quod
584 3803 637 3820 non
658 3795 751 3822 habeat
770 3795 912 3830 sapientem
932 3793 1128 3822 excusatio-100
1139 3802 1164 3825 9,
1181 3801 1209 3819 10
1234 3793 1281 3819 Tu
1295 3791 1361 3819 adeo
1378 3791 1445 3818 mihi
1459 3789 1586 3816 excuffani
1606 3787 1777 3813 Seueritatem
1795 3795 1914 3816 veterem
1935 3796 2024 3824 putas,
2045 3798 2074 3817 vt
2095 3800 2127 3817 ne
2147 3791 2176 3816 in

19 3822 21 3873 l
47 3836 120 3870 nem,
135 3840 186 3858 non
201 3831 281 3858 modo
294 3830 467 3865 probabilem.
538 3830 573 3855 Ea
586 3830 651 3855 vitia
664 3830 761 3858 habent
775 3830 877 3865 aliquid
891 3830 1075 3861 excusationis,

20 3876 21 3900 ι
47 3871 99 3891 non
112 3865 180 3894 illius
194 3866 303 3902 quidem
318 3866 415 3898 iustae,
434 3863 475 3890 sed
489 3873 555 3899 quae
569 3863 675 3898 probari
687 3868 753 3899 poss'e
768 3865 890 3893 videatur
903 3866 959 3892 Cic.
974 3865 1005 3891 de
1015 3865 1074 3891 Sen.

46 3907 68 3926 c.
89 3905 123 3931 18.
320 3899 343 3964 ἒ
365 3910 381 3928 2
423 3900 501 3927 Verba
526 3901 610 3926 ordine
629 3901 793 3928 elementorum
808 3901 888 3936 postea
904 3912 911 3925 :
949 3900 1074 3935 Accipere

45 3936 230 3975 excusationem
250 3938 307 3965 Cic.
345 3946 396 3965 am.
417 3945 461 3968 12,
478 3943 516 3969 25.
599 3934 703 3968 Turpis
722 3938 852 3964 excusatio
872 3936 983 3962 minime
1001 3936 1075 3962 Acci-

44 3972 136 4005 menda
148 3973 183 3999 est
197 3974 252 4000 Cic.
267 3972 299 3999 dc
313 3973 419 4000 Amicit.
433 3981 478 4005 40.

174 4015 195 4035 v
204 4016 224 4037 0
233 4015 258 4036 L.
294 4009 329 4036 ΙΙ.

1138 3828 1201 3855 foro
1214 3827 1322 3862 quidem
1335 3827 1467 3862 reliquiae
1479 3823 1601 3858 pristinae
1614 3822 1710 3862 frontis
1723 3825 1882 3858 appareant?
1936 3826 2013 3852 Sitiin
2026 3826 2102 3852 vndis
2117 3826 2173 3852 Sen.

1138 3865 1217 3891 Herc.
1232 3864 1293 3889 Oet.
1313 3863 1330 3888 s.
1346 3869 1369 3892 8.
1439 3861 1536 3887 Somno
1550 3864 1638 3885 excuti
1656 3858 1752 3892 Virgil.
1767 3860 1831 3886 Aen.
1846 3869 1873 3892 2,
1887 3869 1939 3891 302.
2009 3860 2091 3888 Ouid.
2109 3861 2174 3887 Fast.

1141 3908 1161 3932 i,
1176 3906 1235 3933 347.
1305 3898 1431 3931 Soporem
1450 3893 1530 3921 Ouid.
1545 3895 1608 3921 Met.
1622 3901 1660 3926 ιι,
1678 3897 1739 3928 677.
1810 3895 1938 3930 Spiritum
1957 3896 2069 3930 impulsu
2085 3896 2174 3922 subito

1138 3936 1242 3962 naribus
1258 3939 1379 3959 excutere
1397 3929 1526 3964 Qlinffil-
1542 3938 1581 3963 11,
1602 3938 1624 3962 ὅ,
1643 3934 1683 3959 80-
1707 3929 1850 3964 vtfaciunt
1861 3928 2038 3962 sternutantes.
2118 3931 2173 3957 Cic.

547 3969 622 3999 Idem
635 3970 654 3996 F
656 3977 706 3996 am.
720 3977 748 3996 ro
756 3990 765 4003 ,
778 3980 797 4005 4
821 3973 875 4007 Ego
893 3978 983 3999 autem
1002 3980 1075 4006 prae·
1084 3982 1127 4009 ¹05
1138 3980 1187 4006 pro
1199 3971 1326 3998 Muraena
1338 3970 1371 3995 26
1392 3976 1412 3992 c.
1426 3974 1455 3998 14
1474 3965 1572 3993 Omnia
1591 3964 1638 3992 ista
1652 3964 1729 3992 nobis
1743 3964 1834 3993 Studia
1852 3966 1884 3993 de
1897 3966 2017 3992 manibus
2038 3966 2180 3993 excutiun-

1398 4002 1422 4027 O
1444 4010 1461 4027 o
1483 4009 1500 4028 o
2121 4006 2173 4030 tur.
