2479 4225
289 184 348 221 191
657 166 697 210 D
797 167 813 206 1
905 166 936 205 R
1764 162 1801 201 D
1888 165 1903 204 Ι
1998 163 2024 203 S
2340 172 2407 212 192

289 267 309 287 1.
324 265 353 288 29
365 265 386 282 c.
403 258 430 281 16
444 265 495 281 cum
507 252 590 291 egiffi't
602 254 630 281 de
642 240 757 282 dirarum
771 252 987 283 obnuntiatione,
1007 258 1077 286 quam
1089 249 1185 284 Craffits
1198 249 1314 286 neglexit,
1375 255 1449 284 putas
1462 251 1658 278 Deuotionibus
1675 251 1740 277 meis
1754 251 1822 285 poffe
1835 252 1911 278 Diras
1926 251 2056 279 inuocari.
2114 252 2206 278 Iterum
2218 252 2293 287 Virg.
2307 251 2371 277 Aen.
2386 254 2411 281 8,

290 293 389 317 Etenim
402 291 478 322 Dira,
497 298 525 316 vt
536 296 636 317 caetera
649 290 759 324 auspicia
768 309 777 322 ,
796 295 824 315 vt
837 288 926 314 omina
939 292 964 311 et
977 285 1060 320 signa,
1080 295 1134 312 non
1153 285 1238 324 causas
1253 283 1312 323 affe·
1375 293 1421 324 70.¹
1440 287 1547 312 Mauors
1582 303 1627 307 —
1662 287 1799 322 tristesque
1813 295 1844 313 ex
1858 288 1962 315 aethere
1974 289 2069 320 Dirae,
2088 288 2117 314 Et
2131 287 2199 314 sciss'a
2212 287 2324 322 gaudens
2335 284 2410 313 vadit

288 332 365 357 runt,
393 333 438 350 cur
458 325 520 359 quid
540 327 644 352 eueniat
653 345 661 358 ,
700 324 741 351 sed
764 324 884 349 nuntiant
908 327 1035 347 euentura
1047 341 1056 354 ,
1086 321 1132 347 nili
1154 319 1312 354 prouiderls.
1375 320 1512 348 Discordia
1525 322 1599 356 palla.
2350 358 2355 363 .

288 359 401 391 Dautfiuf
416 359 486 386 dirae
492 359 549 396 posi
565 363 643 387 Turn.
659 368 680 392 5,
694 368 735 386 20.
789 359 816 386 Si
826 358 883 383 dira
894 359 1000 382 retinere
1008 358 1122 392 placeat,
1143 354 1314 391 intelligentur
1410 361 1474 381 DIR
1484 355 1524 383 i'T
1533 365 1554 384 A
1563 365 1592 390 S,
1619 358 1675 384 atis.
1705 357 1724 383 f.
1760 357 1773 390 [
1784 356 1880 385 οἷπῆνεια
1895 358 1907 391 ]
1940 358 2094 389 Crudelitas,
2117 358 2157 386 vel
2192 360 2309 383 eneratim
2328 355 2410 382 dirum

287 396 327 420 vel
337 395 458 421 Carmina
466 397 522 428 ,vel
533 396 655 429 auspicia,
669 396 709 420 vel
719 395 768 419 tale
781 391 846 427 quid.
887 392 921 417 Vt
935 392 1094 426 auspicantes
1102 396 1238 426 precantur
1257 390 1314 416 boni
1337 398 1351 424 5
1375 389 1492 424 quiddam
1504 399 1526 417 et
1539 393 1674 428 aduersum.
1709 393 1764 419 Cic.
1777 393 1859 419 Tusc.
1873 400 1894 424 3,
1909 400 1939 424 29
1956 402 1976 419 c.
1990 403 2019 428 14
2034 404 2062 420 ex
2077 395 2163 428 Euripi
2182 401 2207 423 e,
2225 394 2260 419 Vt
2273 392 2291 418 fi
2305 399 2356 426 qua
2370 391 2411 416 in·

280 427 402 464 succqffics
413 429 562 467 bona—signa,
575 434 612 456 ita
623 431 665 463 qui
677 428 741 454 diris
749 430 850 453 alterum
864 426 989 460 deuouent,
995 434 1132 462 precantur
1143 426 1203 452 mali
1215 431 1314 451 euentus
1374 424 1450 451 νοἃ3
1463 425 1554 453 diritas
1573 430 1631 454 casu
1647 429 1732 460 foret,
1757 430 1775 453 32
1788 439 1811 453 τι
1824 428 1952 463 mimorum
1977 437 2058 465 nempe
2071 432 2160 454 mentio
2169 427 2298 463 praeceffit
2311 429 2411 466 mortis,

280 463 354 499 figna
373 463 473 498 tristia,
495 474 554 501 quac
572 463 655 490 deinde
670 464 805 489 olanuntiat.
999 461 1019 501 ff
1039 471 1055 489 2
1091 464 1206 488 Omnium
1226 464 1315 495 optime
1375 462 1461 493 exilii,
1481 468 1529 487 etc.
1566 465 1615 489 Pro
1632 463 1777 490 crudelitate
1797 464 1852 490 Cic.
1866 465 1894 489 in
1908 463 1997 489 Vatin.
2011 472 2026 495 9
2044 466 2202 498 Qianquam
2214 462 2244 488 fis
2259 470 2333 488 0111111
2346 461 2411 502 ⁶¹5¹?

287 502 327 524 vis
346 503 451 526 nominis
470 500 595 536 apparebit
614 508 643 523 ex
656 501 705 530 iis,
722 496 806 532 quibus
825 496 981 534 adiungitur.
1037 497 1147 524 Acci-,ita
1166 496 1240 528 dira,
1260 495 1313 521 uid.
1376 501 1428 522 tate
1440 503 1519 530 atque
1531 496 1693 525 immanitate
1705 499 1864 525 teterrimus.
1920 497 1993 524 Idem
2007 498 2038 524 de
2050 499 2149 526 Senth.
2164 501 2195 531 65
2207 507 2228 524 c.
2243 503 2267 527 18
2293 496 2410 530 Intelligl

286 539 333 559 AC
344 540 392 560 ΟΝ
402 542 410 560 1
421 541 442 561 Τ
452 542 512 562 VM.
563 534 672 559 Amores
685 537 821 558 executere
836 531 908 559 diros
936 532 1016 559 Ouid.
1032 534 1097 559 Met.
1111 541 1149 564 10,
1164 533 1220 564 526.
1276 532 1314 557 De
1376 532 1459 565 potest
1474 540 1505 557 ex
1520 531 1553 557 iis
1566 533 1762 569 fratribus,qui
1777 535 1805 560 in
1814 533 1938 568 Adelphis
1947 534 2013 566 sunt,
2021 541 2115 567 quanta
2127 535 2154 560 in
2167 534 2250 560 altero
2258 533 2367 564 Diritas,
2382 532 2411 558 in

287 569 417 603 Auspiciis
435 570 488 596 Cic.
503 570 534 595 de
548 568 639 594 Diuin.
662 577 681 599 1,
695 572 721 596 28
741 575 762 592 c.
778 568 806 593 16
835 568 927 603 Itaque
942 568 1042 594 sinistra
1056 568 1118 594 dum
1131 576 1184 593 non
1197 566 1314 600 exquiri·
1331 575 1360 595 ¹0
1376 567 1461 593 altero
1484 567 1602 593 comitas.
1657 570 1698 596 Sic
1710 573 1770 606 legit
1791 570 1896 596 Nonius
1909 577 1935 601 2,
1951 570 2000 602 246
2027 567 2067 601 Est
2085 577 2162 596 autem
2177 569 2292 601 Diritas,
2314 569 2412 606 Feritas

286 612 359 637 inus,
380 605 407 630 in
420 606 475 632 dira
487 610 511 630 et
523 604 550 629 in
563 603 657 629 vitiosa
670 601 839 628 incurrimus.
907 603 1005 630 Caedes
1019 603 1078 629 dira
1104 602 1184 629 Ouid.
1200 602 1264 628 Met.
1279 608 1314 633 15,
1393 602 1492 628 uaedam
1511 605 1607 638 ingenii
1619 610 1646 629 at
1663 614 1691 630 ut
1702 608 1853 631 immanitas.
1914 604 1982 631 Vnde
1994 603 2126 630 Hannibal
2138 605 2168 631 ab
2176 604 2291 631 Horatio
2305 603 2411 638 apposite

286 644 340 669 802·
394 641 475 673 Caput
493 638 580 664 dirum
610 639 667 664 Sen.
680 636 773 663 Οᾶδυ-
792 638 810 664 s·
830 645 853 669 5-
923 639 1047 666 Carmina
1066 638 1128 665 dum
1149 638 1229 672 capiti
1246 638 1315 663 male
1375 611 1455 664 ssirus
1468 639 1605 673 appellatus
1619 647 1630 663 e
1654 657 1660 664 .
1717 641 1842 668 Caeterum
1856 640 1921 676 apua
1933 640 2091 666 Ciceronem
2105 640 2284 670 aliiDuritas‚
2303 637 2411 665 Duritia

284 674 339 700 fido
352 674 408 700 dira
422 680 548 699 canuntur
568 672 648 700 Ouid.
663 672 700 698 lb.
714 677 750 704 83.
819 674 945 701 Cometae
959 674 1013 700 diri
1029 674 1105 708 Virg.
1119 674 1216 707 Georg.
1230 677 1314 705 1‚488.
1373 674 1420 699 alii
1431 675 1531 709 legunt,
1552 683 1611 709 quos
1623 673 1715 709 refellit
1726 675 1842 702 Nonius.
1899 677 1989 709 Qium
2001 674 2037 701 ob
2050 674 2131 700 totius
2143 675 2196 702 diei
2210 676 2345 703 diritatem
2357 681 2413 699 non

285 710 410 742 con‘flgla
427 709 483 735 dira
500 707 573 735 Idem
587 709 683 740 Georg-
699 715 722 739 32
736 709 798 740 469·
867 709 948 736 Ouid·
964 711 1028 736 Met·
1043 718 1068 743 9,
1082 717 1128 744 179
1162 709 1234 735 Diris
1249 709 1314 735 ΕΠΙ-
1375 708 1446 734 ³liud
1466 708 1617 743 auspicandi
1635 714 1736 743 tempus
1755 711 1981 738 accommodatum
2000 709 2138 736 videretur
2172 710 2241 737 Suet.
2261 711 2326 737 Ner.
2345 718 2366 748 c.
2387 713 2410 738 8.

284 744 392 771 ciatibus
405 752 524 777 aegram,
558 743 725 777 Inuisamque
744 743 877 776 animam,
898 752 1038 780 natamque
1057 744 1210 776 laboribus,
1230 744 1314 770 aufer.
1332 752 1358 780 ις
1374 747 1392 769 i.
1405 744 1560 780 inauspicata
1577 744 1694 770 conditio.
1763 748 1803 773 Sic
1819 748 1881 773 idem
1895 747 2000 773 Sueton.
2015 746 2043 772 in
2056 744 2154 772 Tiber.
2175 753 2195 771 c.
2209 755 2237 773 21
2267 746 2326 772 Nec
2345 743 2413 770 illud

283 779 386 812 Cupido
400 778 456 805 dira
491 779 566 811 Virg.
580 779 643 804 Aen.
663 780 690 810 6,
702 786 756 812 373.
827 779 1030 814 Deprecationes
1049 780 1123 807 dirae
1152 780 1219 807 Plin.
1237 785 1274 811 28,
1289 787 1313 805 2.
1375 779 1485 814 quidem
1503 779 1599 814 ignoro
1620 779 1724 814 aliquos
1737 782 1878 815 tradidisse,
1892 782 2036 817 Augustum
2056 780 2141 815 palam
2161 789 2208 806 nec
2226 780 2413 807 diffimulanter

282 813 423 840 Detestatio
440 814 497 840 dira
508 813 580 839 nulla
593 814 713 847 expiatur
724 813 834 840 victima
866 816 933 841 Hor.
949 815 1031 850 Epod.
1046 824 1070 849 5,
1083 824 1127 849 90.
1186 814 1244 842 Vid.
1258 823 1313 840 mox
1375 815 1484 841 Morum
1505 816 1560 841 eius
1572 815 1706 841 diritatem
1725 815 1790 842 adeo
1809 817 1982 852 improbasse,
2002 823 2030 843 vt
2049 824 2238 850 nonnunquam
2254 815 2412 843 remissiores

282 854 376 874 mRAE
387 849 533 884 fiparatim.
593 849 691 875 Dextra
708 848 765 875 dira
795 849 856 875 Stat.
871 850 962 878 Theb.
982 859 1005 884 5,
1043 871 1049 878 .
1087 871 1094 878 .
1167 850 1315 877 Exsecratio
1375 849 1570 886 hilarioresque
1584 851 1716 878 sermones
1729 851 1927 888 superueniente
1941 862 1974 880 eo
1987 853 2162 886 abrumperet.

280 882 338 908 Liu.
353 886 395 915 26,
408 889 429 913 8.
485 884 549 910 Exta
560 883 619 910 dira
637 884 692 911 Cic.
701 884 733 911 de
747 885 806 911 Diu.
822 893 838 911 2
849 894 871 912 c.
887 893 921 918 15.
977 886 1065 913 Facies
1079 886 1137 913 dira
1151 887 1212 913 viro
1231 885 1313 912 Ouid.

280 917 343 943 Fast.
360 926 378 950 1,
390 926 440 951 553.
475 919 549 954 Conf.
566 919 641 954 Virg.
656 920 720 946 Aen.
735 929 759 951 2,
772 923 830 947 622.
901 920 974 948 Faffl
986 922 1041 948 diri
1053 931 1144 949 manus
1158 921 1259 949 conscia
1274 920 1313 947 Id.
1323 929 1358 949 20
1728 924 1760 956 D
1879 926 1894 956 I
2023 926 2043 957 S

279 953 342 978 Met.
355 958 378 985 8,
391 962 443 986 530.
516 955 606 981 Fames
619 955 676 982 dira
696 956 769 990 Virg.
783 957 847 982 Aen.
862 965 882 988 3,
897 959 953 990 256.
1023 958 1086 984 Fata
1101 957 1159 985 dira
1177 958 1233 984 Sen.
1247 957 1314 991 Hip-

277 988 331 1021 pol.
346 997 382 1014 12.
453 990 550 1016 Forma
562 991 619 1017 dira
645 991 736 1018 Claud.
749 991 780 1018 de
795 992 870 1026 Rapt.
883 993 999 1027 Proserp.
1014 1001 1034 1025 1,
1047 997 1086 1023 82.
1158 993 1231 1026 Virg.
1248 993 1314 1019 Aen.
1411 998 1448 1018 DI
1457 999 1480 1020 s.
1516 993 1683 1028 Praepofitio.
1718 993 1732 1027 [
1740 991 1797 1027 δαὶ]
1832 994 1900 1029 Qtae
1908 994 2003 1030 simper
2017 997 2184 1031 componitur,
2198 999 2222 1020 et
2234 991 2303 1019 modo
2316 989 2416 1025 diuerss

279 1030 312 1055 11,
328 1026 359 1055 56
389 1024 446 1051 Nec
460 1025 555 1060 sospite
574 1025 663 1052 dirum
697 1027 807 1062 Optabis
828 1034 891 1054 nato
908 1029 994 1054 Funus
1014 1034 1094 1063 pater.
1167 1027 1314 1055 Funeribus
1376 1034 1451 1054 tatem
1456 1028 1603 1066 fignificat,
1620 1036 1649 1055 vt
1663 1028 1786 1055 Diffideo.
1822 1029 1899 1055 Modo
1912 1029 2068 1064 diuisionem,
2087 1037 2115 1056 vt
2128 1029 2263 1061 Diffoeio,
2280 1026 2416 1060 disiunge,

276 1058 343 1085 diris
366 1060 417 1085 iras
438 1060 549 1087 deorum
567 1061 722 1088 contrahere
750 1063 810 1089 Liu.
823 1071 862 1096 10,
885 1083 890 1089 .
913 1083 919 1089 .
939 1063 967 1089 de
979 1065 1063 1090 Decio.
1135 1065 1221 1091 Furor
1240 1063 1313 1090 dirus
1375 1063 1528 1096 diffemiuo,
1547 1064 1675 1100 dispono,
1696 1064 1824 1100 dispereo.
1875 1065 1951 1091 Modo
1965 1066 2052 1099 valde,
2070 1073 2099 1092 vt
2114 1064 2268 1096 Discrucio,
2287 1062 2416 1097 discupio.

277 1094 333 1120 Sen.
347 1095 456 1130 Hippoi.
470 1097 489 1122 s.
504 1106 530 1130 4.
601 1098 676 1132 Virg.
692 1098 754 1124 Aen.
769 1107 791 1131 3,
803 1106 847 1131 235
878 1099 908 1125 Et
920 1098 978 1125 dira
992 1099 1092 1126 bellum
1105 1108 1163 1126 cum
1178 1101 1261 1126 Gente
1272 1107 1314 1134 ge·
1327 1108 1359 1135 25
1376 1100 1579 1136 Componiturque
1594 1110 1647 1126 cum
1665 1105 1695 1132 C,
1715 1108 1745 1126 vt
1758 1100 1910 1127 Discumbo.
1946 1101 2004 1127 Cum
2019 1108 2046 1134 F,
2067 1109 2096 1128 vt
2110 1100 2253 1132 Diffundo,
2281 1098 2325 1125 vbi
2337 1099 2352 1124 s
2364 1107 2417 1124 mu·

277 1129 398 1157 rendum.
469 1131 576 1158 Grando
592 1131 649 1158 dira
674 1134 741 1159 Hor.
757 1135 845 1160 Carm.
865 1143 886 1166 1,
905 1143 931 1167 2,
948 1143 968 1161 1.
1039 1135 1155 1162 Hanibal
1176 1135 1249 1162 Idem
1262 1134 1313 1161 Od.
1375 1141 1447 1161 tatur
1459 1138 1486 1161 in
1500 1136 1526 1168 f,
1545 1137 1674 1170 euphoniae
1687 1136 1768 1172 causa.
1806 1137 1864 1163 Cum
1877 1143 1903 1168 P,
1916 1143 1945 1162 vt
1959 1136 2078 1171 Disputo.
2114 1137 2173 1162 Cum
2186 1143 2222 1176 Q,
2235 1141 2265 1161 vt
2278 1133 2417 1168 Disquiro.

276 1173 302 1196 2,
316 1174 350 1198 12,
365 1174 388 1192 2.
410 1173 433 1192 et
452 1176 472 1199 3,
486 1170 512 1199 6,
526 1169 564 1199 36.
589 1167 618 1193 de
635 1177 680 1203 quo
706 1169 759 1195 vid.
783 1169 913 1203 Quinffll.
929 1174 952 1202 8,
967 1178 992 1196 2.
1013 1170 1049 1197 ibi
1066 1180 1094 1197 ue
1107 1172 1191 1198 Burm.
1211 1180 1235 1205 p.
1254 1173 1313 1205 672.
1376 1171 1435 1197 Cum
1446 1177 1483 1203 R,
1503 1178 1532 1198 υι
1546 1172 1700 1205 Disrumpo.
1747 1172 1806 1197 Cum
1821 1179 1848 1202 s,
1868 1178 1898 1197 vt
1917 1171 2063 1198 Diffimulo.
2109 1172 2166 1198 Cum
2182 1178 2218 1204 T,
2235 1177 2266 1197 vt
2278 1168 2416 1209 Disturbo.

278 1201 344 1240 Hor.
357 1202 443 1228 Carm.
457 1211 479 1234 2,
495 1209 557 1234 2,13
589 1203 688 1230 Crescit
700 1204 836 1239 indulgens
855 1205 903 1232 fibi
915 1205 988 1232 dirus
1003 1206 1046 1237 Hy
1065 1215 1135 1241 rops.
1205 1206 1314 1232 Illuuies
1376 1206 1435 1232 Cum
1457 1213 1484 1239 1,
1503 1213 1533 1233 vt
1550 1207 1689 1242 Disiungo.
1742 1208 1773 1234 In
1787 1208 1847 1234 aliis
1868 1214 1880 1234 s
1896 1210 2039 1240 omittitur,
2063 1213 2092 1233 vt
2103 1206 2222 1240 Diuido,
2246 1205 2351 1238 Dirae,
2370 1204 2418 1231 Di-

278 1235 335 1262 dira
360 1237 433 1271 Virg.
448 1238 512 1264 Aen.
525 1246 548 1269 3,
562 1245 615 1270 593.
646 1242 663 1266 i.
685 1240 772 1266 Sortes
792 1246 867 1267 tetra.
902 1241 1018 1268 Seruius.
1088 1242 1187 1268 Iudicis
1201 1242 1254 1268 diri
1268 1241 1315 1268 do·
1375 1250 1472 1274 mano,
1495 1248 1540 1268 etc.
2294 1250 2307 1257 ⁴

278 1279 351 1304 mus,
369 1275 387 1298 i.
407 1273 509 1298 Paridis
524 1273 580 1299 Sen.
594 1274 699 1301 Troad.
716 1284 734 1302 1.
775 1275 880 1303 Lucret.
893 1285 921 1310 4,
936 1285 1002 1310 1040
1020 1277 1126 1304 Irritata
1139 1283 1242 1304 tument
1258 1277 1315 1304 loca
1331 1285 1363 1310 30
1410 1283 1489 1309 Dls,
1510 1277 1587 1304 Ditis.
1614 1286 1650 1303 m.
1686 1276 1829 1312 [Πλέτων]
1866 1279 2022 1304 Diuitiarum
2041 1284 2064 1304 et
2078 1276 2216 1314 inferorum
2229 1277 2296 1303 deus.
2321 1274 2419 1302 Cic.de

278 1307 391 1333 semine:
418 1307 500 1342 fitque
524 1308 647 1336 voluntas
682 1311 783 1337 Eiicere
802 1311 846 1344 id,
872 1321 927 1346 quo
940 1313 966 1338 se
979 1313 1115 1339 contendit
1135 1313 1193 1339 dira
1206 1312 1313 1339 Libido.
1377 1312 1414 1339 N.
1430 1313 1463 1339 D.
1476 1321 1502 1342 2,
1514 1315 1549 1340 66
1576 1313 1700 1339 Terrena
1718 1319 1806 1339 autem
1825 1313 1866 1339 vis
1879 1314 1981 1346 omnis,
2001 1319 2079 1349 atque
2092 1319 2201 1345 natura,
2220 1312 2277 1339 Diti
2291 1311 2360 1346 patri
2375 1310 2419 1337 de-

276 1342 358 1370 Ouid.
373 1343 435 1368 Met.
454 1350 481 1378 7,
501 1351 544 1376 523
580 1344 645 1371 Dira
664 1345 731 1373 Lues
750 1347 858 1381 populi,
878 1348 918 1374 ira
940 1349 1050 1375 Iunonis
1074 1349 1181 1383 iniquae
1217 1348 1315 1375 Incidit
1376 1348 1461 1375 dicata
1473 1348 1519 1381 est,
1532 1348 1579 1383 qui
1592 1348 1675 1381 diues,
1688 1353 1718 1374 vt
1730 1348 1800 1383 apud
1813 1349 1927 1375 Graecos
1946 1349 2066 1381 Πλὲτων,
2086 1349 2148 1383 quia
2161 1354 2186 1374 et
2198 1347 2316 1374 recidant
2328 1346 2420 1373 omnia

275 1378 352 1417 exosa
365 1377 446 1416 dictas
460 1387 473 1404 a
487 1379 582 1412 pellice
596 1386 686 1407 terras.
758 1383 832 1417 Virg.
846 1383 911 1409 Aen.
926 1391 952 1415 2,
967 1392 1009 1417 519
1029 1385 1104 1418 Quae
1117 1385 1193 1411 Mens
1206 1390 1259 1411 tam
1274 1384 1314 1410 di-
1376 1384 1406 1410 in
1417 1389 1513 1416 terras,
1532 1390 1558 1411 et
1571 1385 1694 1410 oriantur
1709 1393 1723 1410 e
1735 1385 1820 1410 terris.
1857 1384 1987 1418 Quintstil.
2003 1393 2024 1417 1,
2038 1387 2064 1417 6,
2076 1393 2109 1418 34
2128 1384 2194 1411 ridet
2206 1392 2221 1410 a
2234 1383 2370 1410 contrario
2381 1385 2421 1408 in·

274 1420 304 1438 ra
317 1414 464 1439 miserrime
477 1415 573 1441 coniux
608 1416 719 1450 Impulit
733 1417 773 1443 his
787 1418 858 1452 cingi
873 1419 950 1445 telis?
1021 1420 1131 1447 Moeror
1143 1419 1217 1447 dirus
1246 1420 1313 1446 Plin.
1376 1425 1552 1455 terpretantes,
1573 1420 1635 1454 quia
1649 1419 1762 1446 minime
1778 1418 1853 1446 diues
1863 1420 1900 1446 lit.
1956 1421 2029 1456 Conf.
2045 1421 2140 1446 Cluucr.
2153 1418 2188 1446 ad
2204 1419 2277 1446 Caes.
2295 1419 2323 1445 Β.
2344 1418 2376 1444 G.
2393 1426 2419 1452 p.

272 1449 314 1479 36,
326 1458 352 1481 4.
407 1449 554 1475 Monstrum
569 1449 657 1476 dirum
670 1451 698 1477 de
710 1453 757 1478 ecli
766 1452 792 1485 fi
805 1455 888 1480 Lunae
907 1454 964 1480 Val.
979 1455 1049 1481 Max.
1063 1461 1086 1488 8,
1100 1465 1133 1488 11,
1148 1465 1167 1482 1.
1238 1456 1312 1482 Mors
1330 1465 1359 1492 35
1375 1463 1415 1488 23,
1431 1464 1452 1488 5.
1505 1456 1619 1482 Domina
1638 1455 1724 1488 Ditis,
1748 1457 1767 1481 i.
1788 1455 1952 1492 Proserpina,
1977 1465 2041 1482 vxor
2054 1455 2121 1490 apud
2137 1455 2212 1489 Virg.
2231 1455 2296 1481 Aen.
2315 1455 2342 1486 6,
2360 1460 2419 1488 397.

273 1488 332 1522 ante
345 1483 435 1524 oculos
450 1484 507 1524 dira
521 1491 630 1525 vagatur
650 1486 708 1525 5011.
722 1459 817 1513 ogau.
829 1489 847 1513 s.
863 1490 888 1514 6.
960 1490 1042 1516 Ouid.
1057 1492 1122 1517 Met.
1137 1498 1164 1526 7,
1179 1498 1227 1524 597
1253 1492 1313 1517 Mu·
1377 1492 1435 1517 Atri
1449 1491 1526 1517 ianua
1540 1491 1608 1517 Ditis
1627 1490 1700 1517 Idem
1713 1491 1777 1517 Aen.
1797 1493 1824 1523 6,
1838 1499 1889 1526 127.
1945 1491 2029 1518 Auari
2040 1491 2110 1518 Ditis
2125 1490 2220 1517 domus
2235 1490 2380 1529 SemHerc.
2393 1497 2420 1522 9.

274 1524 342 1558 gitus
354 1519 464 1546 vrc‘urna
476 1520 547 1546 diros
582 1520 681 1547 Edidit.
742 1522 846 1548 Natura
861 1522 920 1548 dira
940 1523 1006 1549 Plin.
1020 1533 1055 1556 12,
1071 1534 1108 1557 19.
1165 1526 1313 1560 Naufragia
1377 1526 1459 1553 Auidi
1474 1527 1543 1552 Ditis
1556 1535 1636 1560 regna
1669 1525 1742 1552 Idem
1756 1528 1846 1560 Agam.
1861 1534 1886 1561 7.
1959 1527 2020 1554 Diri
2035 1527 2145 1554 sacraria
2160 1525 2229 1552 Ditis
2262 1526 2337 1559 Virg.
2352 1525 2418 1550 Aen.

274 1553 333 1579 dira
353 1554 410 1580 sen.
424 1555 517 1581 061311.
532 1564 559 1588 4.
620 1556 758 1583 Neceffitas
770 1557 829 1584 dira
848 1558 916 1584 Hor.
931 1558 1018 1584 Carm.
1031 1567 1055 1591 3,
1071 1568 1114 1592 24,
1129 1562 1153 1585 6.
1167 1567 1215 1594 pro
1229 1562 1313 1586 Morte
1376 1569 1414 1591 12,
1436 1568 1490 1593 199.
1564 1561 1610 1587 Sil.
1631 1569 1666 1593 13,
1700 1581 1706 1587 .
1738 1581 1745 1587 .
1776 1563 1833 1588 Duc
1851 1561 1985 1596 praedi8m
2004 1563 2081 1589 sacris
2103 1561 2170 1588 duro
2191 1560 2338 1595 placamina
2351 1559 2420 1587 Diti.

274 1588 433 1628 necfftatem
447 1593 530 1625 ponit.
602 1591 684 1618 Nefas
696 1591 784 1618 dirum
812 1593 887 1627 Virg.
903 1594 967 1619 Aen.
982 1603 1011 1627 4,
1024 1596 1078 1627 563.
1148 1594 1241 1621 Nubes
1256 1594 1314 1621 dira
1376 1594 1510 1621 Horridus
1530 1596 1576 1621 Dis
1611 1596 1668 1622 Sen.
1686 1596 1796 1630 Hippol.
1817 1605 1869 1629 951.
1955 1599 2078 1625 Infernus
2102 1598 2148 1623 Dis
2179 1597 2236 1623 Sen.
2256 1597 2348 1631 Agam.
2367 1596 2386 1621 s.
2401 1604 2421 1622 1.
2465 1617 2468 1624 .

274 1623 339 1664 Plin.
354 1632 385 1656 11,
399 1633 440 1658 29.
510 1625 592 1653 Ouid.
605 1627 669 1653 Met.
684 1635 707 1659 5,
721 1636 767 1660 550
797 1628 937 1663 Foedaque
951 1628 980 1655 fit
993 1629 1110 1657 volucris
1127 1630 1234 1657 venturi
1248 1639 1358 1665 nun-40
1375 1630 1486 1656 Seuerus
1502 1630 1549 1658 Dis
1569 1630 1662 1657 Claud.
1675 1630 1706 1656 de
1719 1632 1794 1665 Rapt.
1807 1632 1926 1667 Proserp.
1942 1641 1964 1666 1,
1979 1636 2005 1660 6.
2076 1631 2200 1660 Vmbrofi
2213 1631 2275 1658 ditis
2288 1638 2370 1666 opaca
2381 1638 2420 1657 re-

277 1665 314 1685 tia
326 1659 411 1686 lucius
445 1662 557 1695 Ignauus
572 1661 662 1694 bubo,
684 1662 772 1689 dirum
793 1663 950 1690 mortalibus
969 1665 1064 1692 Omen.
1135 1666 1194 1692 Val.
1209 1667 1279 1692 Max.
1293 1674 1314 1698 1,
1374 1674 1424 1700 gna
1438 1666 1497 1692 Sen.
1512 1665 1606 1692 Medea
1620 1667 1637 1692 s.
1654 1674 1690 1692 10.
2431 1669 2434 1675 ’

274 1701 298 1727 ς,
318 1697 334 1721 6
361 1695 504 1729 Dolorem,
524 1705 603 1731 quem
621 1706 652 1723 ex
671 1697 730 1724 diro
749 1699 847 1726 Omine
864 1706 1036 1735 conceperat,
1059 1701 1160 1735 gemitu
1180 1701 1312 1735 patefecit.
1413 1707 1480 1733 Dls,
1501 1700 1564 1727 dite.
1602 1701 1663 1728 Adi.
1700 1700 1839 1735 [πλέσιος]
1875 1702 1924 1728 Pro
1937 1703 2024 1728 Diuite
2036 1706 2151 1737 ponitur.
2187 1702 2257 1728 Ter.
2271 1698 2346 1727 Adel.
2358 1703 2418 1732 5,8,

274 1729 342 1756 Add.
359 1739 377 1761 1,
392 1733 418 1763 6,
433 1739 469 1757 1ο.
540 1732 674 1766 Oppidum
689 1733 778 1760 dirum
805 1735 871 1761 Plin.
884 1745 911 1768 4,
926 1744 947 1761 11
969 1736 1107 1763 Diomedis
1123 1745 1253 1770 equorum
1267 1736 1315 1762 ssa·
1378 1744 1387 1761 1
1409 1735 1457 1761 Dis
1470 1736 1580 1769 quidem
1593 1737 1654 1762 esses
1667 1736 1781 1768 Demea,
1801 1745 1830 1762 ac
1842 1746 1898 1763 rem
1913 1743 1985 1764 tuam
1997 1737 2192 1764 constabilisses.
2232 1735 2281 1763 Vbi
2293 1736 2421 1766 Donatus,

274 1763 354 1790 bulis.
407 1766 543 1792 Ostentum
551 1767 640 1794 dirum
654 1768 727 1795 Idem
740 1778 777 1801 10,
791 1778 818 1797 12
835 1771 906 1797 visus
918 1770 992 1797 bubo
1002 1772 1030 1797 in
1037 1771 1159 1803 vrbibus,
1172 1777 1216 1797 aut
1228 1771 1315 1797 omni·
1376 1769 1418 1796 Ab
1432 1779 1464 1796 eo
1478 1770 1551 1804 quod
1565 1771 1601 1796 est
1614 1771 1662 1797 Dis
1677 1771 1756 1802 ditis,
1770 1771 1836 1797 dites
1851 1772 1931 1798 facit:
1949 1772 1982 1798 ab
1996 1781 2029 1798 eo
2042 1773 2115 1807 quod
2128 1772 2164 1798 est
2176 1772 2259 1798 Diues
2271 1770 2375 1802 diuitis,
2383 1769 2422 1796 di-

272 1807 308 1824 110
323 1799 350 1824 111
364 1800 429 1825 luce.
500 1802 577 1836 Virg.
591 1804 655 1830 Aen.
668 1812 702 1836 11,
716 1812 764 1839 793
796 1806 867 1832 Haec
883 1805 940 1832 dira
959 1816 1020 1833 meo
1032 1807 1094 1833 dum
1114 1807 1224 1832 vulnere
1237 1806 1314 1832 Pestis
1325 1816 1359 1842 43
1375 1805 1452 1832 vites.
1479 1805 1536 1832 Vid.
1558 1813 1595 1832 Di
1606 1812 1625 1830 V
1636 1812 1682 1832 Es.
1739 1806 1798 1831 Hoc
1818 1805 1872 1832 dite
1886 1809 1913 1831 in
1933 1815 1949 1831 v
1963 1817 1978 1832 u
1988 1807 2018 1842 se
2036 1806 2152 1839 inueniffi?
2169 1813 2244 1841 negat
2263 1805 2386 1832 Priscian.
2404 1804 2422 1829 6

273 1835 348 1860 Pulsa
361 1835 449 1867 cadat,
476 1836 587 1869 patriam
606 1839 730 1865 remeabo
743 1841 872 1874 inglorius
887 1842 988 1868 vrbem.
1061 1843 1148 1876 Pugna
1161 1842 1217 1868 dira
1240 1841 1313 1868 Idem
1376 1850 1402 1875 p.
1417 1848 1479 1875 707.
1552 1840 1651 1867 Tibul.
1664 1849 1687 1873 3,
1701 1842 1726 1872 6,
1741 1849 1765 1872 13
1782 1840 1811 1866 de
1819 1841 1924 1872 Baccho,
1959 1841 1993 1867 lle
2004 1842 2068 1868 facit
2082 1841 2149 1867 dites
2158 1841 2279 1868 Amimos
2287 1839 2362 1871 deus,
2374 1838 2420 1864 ine

274 1870 337 1896 Aen.
353 1879 390 1902 10,
404 1879 444 1903 50.
517 1871 647 1906 Serpentis
661 1875 787 1907 sanguine
799 1876 873 1902 dirae
907 1877 989 1903 Ouid.
1003 1878 1068 1904 Met.
1087 1886 1112 1907 2,
1125 1879 1182 1906 652.
1253 1877 1314 1903 Sitis
1376 1876 1495 1902 ferocem
1514 1875 1655 1908 Contudit,
1666 1882 1711 1901 etc.
1782 1876 1880 1910 Epulae
1893 1876 1960 1903 dites
1972 1876 2034 1903 Stat.
2047 1876 2140 1904 Theb.
2156 1884 2177 1909 5,
2215 1896 2222 1902 .
2260 1894 2268 1901 .
2321 1873 2422 1900 Glebae

273 1905 406 1939 sanguinis
419 1905 476 1931 dira
500 1906 557 1933 Sen.
572 1906 666 1934 061311.
681 1916 706 1941 4.
777 1909 851 1936 Idem
865 1912 974 1945 Hippoi.
994 1920 1010 1937 2
1046 1912 1174 1945 Extingue
1188 1912 1315 1943 flammas,
1377 1910 1461 1941 dites,
1484 1913 1502 1935 i.
1522 1911 1571 1935 Fru
1590 1910 1670 1945 {ferae
1689 1909 1734 1936 Sil.
1753 1918 1783 1941 3,
1820 1931 1826 1936 .
1865 1930 1872 1937 .
1943 1911 2049 1939 Lucret.
2072 1920 2093 1943 1,
2112 1920 2164 1944 4¹4
2182 1910 2240 1937 Diti
2255 1909 2288 1936 de
2305 1907 2423 1949 Pe&ore.

273 1948 340 1966 neue
354 1947 379 1966 te
391 1941 464 1966 dirae
475 1941 535 1975 Spei
570 1942 667 1968 Praebe
679 1943 875 1978 obsequentem.
948 1948 978 1971 Et
991 1946 1085 1972 061311.
1101 1954 1114 1979 ,-
1133 1947 1171 1972 En
1186 1947 1240 1979 ipse
1253 1945 1314 1971 diro
1377 1943 1506 1971 Promiffis
1525 1944 1574 1970 diti
1596 1954 1625 1971 us
1644 1944 1811 1971 commoneri
1830 1945 1875 1972 Sil.
1888 1953 1911 1977 3,
1949 1965 1956 1972 .
1995 1966 2002 1972 .
2074 1946 2161 1980 Regni
2173 1945 2236 1972 ditis
2249 1944 2323 1970 ferax
2337 1943 2422 1976 Lydia

275 1976 374 2010 Spiritu
387 1976 456 2002 saeui
469 1975 542 2002 ducis
577 1977 706 2005 Polluitur
719 1979 818 2006 aether.
888 1980 1020 2014 Supplicia
1034 1980 1092 2007 dira
1117 1981 1192 2015 Virg.
1208 1982 1273 2006 Aen.
1288 1983 1315 2012 6,
1330 1991 1361 2017 50
1378 1980 1436 2006 Sen.
1450 1979 1559 2014 Hippol.
1573 1980 1592 2005 s.
1607 1988 1630 2012 3.
1701 1978 1791 2005 Solum
1810 1978 1864 2006 dite
1882 1979 1942 2006 Val.
1962 1979 2045 2007 Flacc.
2058 1989 2085 2013 2,
2097 1983 2154 2013 296.
2224 1980 2317 2007 Ditior
2332 1985 2359 2006 et
2376 1978 2423 2006 Di-

276 2020 340 2045 499.
410 2011 465 2037 Cic.
479 2011 510 2037 de
526 2012 617 2038 Diuin.
632 2021 652 2044 1,
665 2018 689 2043 18
725 2014 805 2047 Qiod
819 2015 903 2041 ferme
917 2016 1005 2042 dirum
1020 2016 1048 2042 in
1061 2017 1183 2051 Tempus
1197 2016 1316 2043 cecinere
1378 2014 1500 2041 tissimus:
1533 2015 1588 2041 Cic.
1604 2014 1657 2041 Off.
1670 2023 1696 2046 2,
1710 2016 1741 2047 56
1769 2015 1906 2041 Mamerco
1917 2014 2025 2042 homini
2043 2015 2167 2042 ditissimo
2179 2015 2331 2042 Aedilitatis
2350 2023 2423 2050 prae-

276 2046 375 2073 Latini.
446 2046 590 2078 Tyrannus
602 2047 674 2074 dirus
705 2049 797 2075 Claud.
811 2049 843 2075 de
856 2050 929 2084 Rapt.
944 2052 1062 2086 Proserp.
1081 2060 1105 2084 3,
1121 2060 1162 2085 34.
1232 2053 1316 2078 Vene-
1379 2050 1519 2082 termiffio,
1543 2050 1700 2076 Consulatus
1726 2050 1856 2084 repulsam
1879 2050 1979 2077 attulit.
2056 2052 2127 2077 Aeui
2145 2051 2257 2080 humani
2274 2050 2423 2083 ditissimus,
2469 2060 2475 2064 ·

277 2090 311 2107 na
323 2081 380 2107 dira
399 2082 466 2108 Hor.
480 2082 561 2117 Epod.
576 2091 598 2115 5,
611 2085 652 2109 62.
724 2084 850 2111 Volucres
863 2084 935 2111 dirae
959 2086 1003 2112 Sil.
1018 2093 1052 2120 13,
1089 2106 1095 2112 .
1132 2106 1138 2112 .
1177 2106 1184 2113 .
1238 2087 1316 2120 Virg.
1378 2088 1396 2112 i.
1417 2086 1469 2120 ρέα·
1487 2085 1618 2120 diutiffime
1631 2087 1700 2111 vixit
1712 2084 1757 2111 Sil.
1769 2093 1792 2117 3,
1805 2093 1863 2119 397.
1936 2086 2002 2120 Agri
2014 2085 2151 2113 ditiffimus
2164 2086 2239 2121 Virg.
2248 2087 2314 2113 Aen.
2328 2095 2349 2120 1,
2361 2095 2423 2121 344.

277 2119 342 2143 Aen.
356 2125 377 2149 3,
391 2122 436 2147 228
472 2118 548 2144 Tum
562 2120 620 2144 Vox
640 2124 737 2145 tetrum
756 2120 814 2146 dira
826 2120 896 2146 inter
915 2120 1035 2146 odorem.
1108 2122 1164 2148 Cic.
1179 2121 1210 2147 de
1225 2121 1317 2148 Diuin.
1378 2121 1458 2147 Aruis
1474 2120 1609 2147 ditiffimus
1622 2120 1694 2147 Idem
1710 2121 1775 2146 Aen.
1790 2128 1816 2155 7,
1829 2128 1883 2154 537.
1956 2121 2048 2148 Ditior
2059 2122 2128 2149 mihi
2143 2128 2169 2149 et
2179 2122 2331 2149 affluentior
2349 2121 2424 2150 vide·

280 2161 299 2183 1,
313 2157 344 2182 28
363 2154 454 2187 Itaque
465 2152 564 2180 sinistra
577 2153 638 2180 dum
652 2163 706 2180 non
726 2155 891 2190 exquirimus
902 2175 911 2188 ‚
939 2156 967 2181 in
981 2155 1038 2182 dira
1061 2162 1086 2182 et
1100 2156 1129 2182 in
1142 2157 1240 2183 vitiosa
1253 2156 1318 2183 inci·
1333 2168 1361 2194 55
1378 2161 1421 2182 tur
1434 2156 1482 2182 effe
1495 2164 1558 2182 vera
1572 2156 1698 2182 Amicitia
1719 2157 1774 2182 Cic.
1791 2156 1824 2182 de
1837 2156 1945 2182 Amicit.
1960 2163 1988 2190 58
2001 2166 2023 2184 c.
2039 2160 2075 2183 16.
2147 2158 2240 2184 Animi
2257 2157 2341 2185 ditior
2360 2158 2423 2186 Stat.

278 2187 372 2214 dimus.
428 2189 477 2214 Pro
489 2189 584 2225 Mag-no
595 2189 726 2225 aliquando
738 2194 877 2226 accipitur:
898 2191 974 2226 Virg.
988 2192 1053 2217 Aen.
1068 2196 1092 2224 8,
1107 2201 1157 2225 349
1191 2193 1246 2218 Iam
1260 2198 1316 2218 tum
1378 2191 1470 2218 Theb.
1488 2199 1512 2223 3,
1548 2211 1553 2217 .
1592 2212 1598 2217 .
1669 2191 1760 2218 Midae
1773 2192 1858 2226 gazis,
1871 2198 1897 2218 et
1917 2192 1993 2225 Lydo
2013 2192 2098 2219 ditior
2110 2201 2176 2220 auro
2196 2192 2272 2220 Idem
2284 2193 2348 2221 Sila.
2363 2202 2385 2226 2,
2397 2202 2423 2221 2.

278 2223 385 2257 relligio
403 2223 514 2257 pauidos
531 2224 646 2251 terrebat
665 2225 774 2259 agrestes
809 2227 873 2253 Dira
892 2227 953 2253 loci.
973 2230 991 2252 i.
1006 2228 1117 2261 Magnus
1129 2234 1223 2254 metus.
1260 2228 1317 2254 Ser·
1378 2227 1468 2254 Terra
1480 2226 1601 2253 ditiffima
1615 2227 1689 2261 Virg.
1703 2227 1800 2261 Georg.
1814 2236 1838 2258 2,
1854 2229 1904 2259 136.

277 2258 346 2284 vius.
401 2259 512 2294 Compar.
538 2260 592 2286 Cic.
606 2260 637 2286 de
651 2260 742 2287 Diuin.
757 2270 780 2294 ε,
791 2265 821 2293 36
835 2271 856 2288 c.
873 2270 897 2295 ¹5
916 2263 1006 2295 Qum
1021 2263 1093 2288 enim
1107 2263 1245 2289 tristiffima
1259 2269 1318 2289 exta
1415 2268 1636 2289 D1T1331ME.
1657 2262 1725 2289 Adu.
1748 2272 1778 2289 ex
1793 2262 1944 2290 Ditiffimus.
1980 2263 2060 2298 Apul.
2073 2263 2106 2290 de
2119 2263 2281 2291 DeoSocrat.
2294 2272 2319 2299 p.
2331 2271 2375 2300 54,
2391 2273 2423 2301 ¹4
2451 2268 2458 2271 '

276 2293 331 2320 fine
345 2294 428 2328 capite
444 2295 561 2328 fuerint,
592 2295 688 2329 quibus
702 2296 771 2322 nihil
794 2297 900 2324 videtur
920 2298 968 2323 effe
986 2298 1086 2329 dirius.
1106 2306 1151 2325 etc.
1223 2299 1319 2334 Superl.
1377 2298 1479 2325 Demos
1497 2297 1618 2324 ditiffime
1632 2306 1770 2325 exornare.

278 2329 385 2356 Nonius
402 2338 427 2361 2,
447 2337 497 2364 247
520 2330 697 2363 Dirissimum,
717 2332 853 2358 Seuerum.
888 2334 974 2358 Varro
988 2333 1127 2367 Bimargo,
1145 2334 1225 2360 Scena
1239 2343 1318 2369 quem
1335 2341 1370 2367 60
1414 2340 1526 2366 DITO,
1546 2337 1599 2360 are.
1636 2333 1785 2368 [πλιτίζω]
1822 2335 1934 2360 Diuitem
1947 2333 2044 2370 facere.
2080 2334 2141 2360 Liu.
2162 2343 2182 2366 1,
2203 2354 2210 2362 .
2231 2355 2239 2363 .
2264 2335 2355 2363 Castra
2372 2335 2423 2363 mi·
2462 2349 2463 2353 ¹

277 2365 364 2390 senem
377 2365 470 2391 Latina
484 2365 553 2392 vidit
565 2365 738 2392 dirissimum3
886 2366 907 2404 ἦ
931 2376 943 2399 3
981 2369 1012 2394 In
1026 2369 1100 2395 MSS.
1115 2369 1188 2395 dirus
1199 2377 1223 2395 ct
1237 2370 1319 2397 durus
1378 2369 1452 2395 litem
1467 2368 1593 2396 ditauere.
1649 2369 1719 2404 Stipe
1734 2369 1851 2404 largifica
1862 2369 1974 2396 ditantes
1987 2369 2078 2396 omnia
2091 2370 2198 2397 Lucret.
2212 2379 2237 2402 2,
2250 2372 2311 2406 627.
2366 2367 2429 2399 Ser-'

278 2399 482 2434 cmffunduntur:
500 2401 553 2426 vid.
568 2402 693 2427 Drakenb.
705 2401 740 2428 ad
753 2401 799 2428 Sil.
814 2410 851 2435 12,
864 2407 914 2435 385.
927 2409 950 2428 et
966 2411 1006 2436 14,
1021 2405 1074 2429 126.
1378 2413 1486 2431 monem
1500 2405 1615 2439 patrium
1638 2406 1707 2431 Hor.
1722 2406 1753 2431 A.
1767 2406 1793 2431 P.
1812 2414 1837 2431 v.
1852 2412 1892 2439 57.
1963 2404 2062 2432 Turba
2079 2404 2160 2432 ditata
2178 2406 2270 2441 spoliis
2287 2406 2370 2434 Ouid.
2390 2415 2422 2434 ex

309 2441 404 2460 n1RA
413 2441 430 2460 Ε
440 2453 449 2466 ,
468 2443 552 2462 arum.
572 2436 591 2460 f.
614 2437 648 2469 pl.
682 2437 777 2472 [ἐμὲ]
814 2439 895 2464 Intell.
911 2439 998 2464 Preces
1010 2440 1051 2464 ve!
1061 2437 1260 2474 Exsecrationts‚
1279 2441 1317 2464 in-
1378 2440 1464 2466 Ponto
1477 2448 1502 2471 2,
1516 2448 1542 2474 7,
1556 2443 1598 2467 62.
1636 2440 1706 2467 Vrbs
1720 2440 1862 2476 triumphis
1875 2440 1957 2467 ditata
1975 2439 2052 2468 Au&
2066 2441 2099 2467 ad
2112 2442 2211 2468 Heren.
2224 2451 2252 2476 4,
2266 2444 2301 2478 67
2313 2452 2334 2469 e.
2348 2450 2385 2476 53.

278 2469 372 2496 tardum
387 2472 460 2495 etiam
473 2471 573 2495 Poenae.
620 2471 686 2497 Plin.
701 2480 728 2505 7,
742 2480 759 2505 7
779 2473 815 2498 Vt
828 2473 940 2506 populus
953 2474 1016 2499 flens
1028 2474 1167 2500 vniuersus
1181 2474 1319 2508 consurge·
1415 2481 1434 2501 D
1444 2482 1453 2500 1
1462 2481 1483 2501 T
1492 2482 1513 2501 Α
1523 2481 1544 2500 Τ
1555 2481 1574 2501 0
1587 2482 1604 2501 R
1614 2495 1623 2508 ‚
1643 2477 1706 2502 oris.
1743 2476 1879 2510 Augustin.
1899 2476 1973 2511 Conf.
1988 2484 2010 2509 5,
2025 2485 2046 2506 ς.
2071 2477 2098 2503 P.
2111 2476 2232 2510 chrysol.
2245 2478 2327 2505 Serm.
2340 2487 2368 2512 9.

278 2512 334 2537 ret,
360 2505 481 2538 dirasque
500 2505 641 2539 Pompeio,
665 2514 728 2538 quaa
748 2506 794 2532 ille
812 2516 874 2532 mox
890 2508 955 2540 luit,
973 2509 1171 2542 imprecaretur.
1222 2509 1319 2535 Poenas
1332 2514 1364 2547 65
1415 2515 1532 2535 DITEs
1545 2515 1591 2536 co
1603 2529 1613 2542 ‚
1633 2512 1686 2536 ere.
1720 2510 1916 2544 [πλυτ-ἕξομαι]
1951 2512 2063 2536 Diuitem
2077 2511 2153 2545 fieri.-
2187 2514 2222 2539 Vt
2239 2513 2337 2540 Praeda
2356 2513 2423 2541 dite-

277 2540 372 2567 addtmt
385 2541 481 2575 quidam
495 2540 565 2566 editt.
573 2541 621 2576 sed
633 2538 782 2567 amaritate
794 2542 870 2568 MSS.
885 2546 980 2568 omittit
994 2543 1150 2570 Harduinus.
1185 2544 1244 2572 Liu.
1254 2553 1318 2577 40‚;
1377 2545 1447 2571 scere
1461 2545 1565 2571 Lucret.
1579 2553 1602 2576 5,
1615 2550 1686 2577 1248.
1756 2546 1868 2579 Accipe,
1882 2553 1934 2579 qua
1945 2545 2049 2571 ratione
2062 2554 2141 2580 queas
2153 2546 2281 2573 ditescere
2292 2548 2360 2574 Hor.
2369 2549 2421 2576 Sat.

280 2577 366 2603 Huius
384 2576 506 2602 atrocitas
520 2576 646 2602 facinoris
665 2585 762 2602 nouam
782 2576 854 2602 velut
876 2577 1007 2603 flammam
1025 2578 1094 2612 regis
1114 2578 1232 2605 inuidiae
1248 2579 1319 2605 adie-
1377 2589 1403 2612 2,
1424 2588 1446 2612 5,
1467 2588 1503 2606 10.
1576 2581 1680 2606 Horrea
1700 2578 1830 2607 ditescunt
1849 2580 1942 2606 Claud.
1962 2581 2055 2614 Paneg.
2075 2580 2106 2607 de
2122 2581 2191 2608 laud.
2213 2581 2295 2609 stilic.
2317 2591 2343 2614 2,
2363 2586 2422 2615 396.
2446 2579 2452 2590 ’

279 2612 330 2644 eit,
348 2617 375 2637 vt
388 2611 468 2645 vulgo
487 2612 572 2644 ipsum
585 2611 736 2646 liberosque
750 2612 806 2637 eius
824 2613 1036 2644 exsecrarentur,
1060 2621 1126 2647 quae
1140 2613 1221 2640 Dirae
1239 2613 1318 2640 breui
1376 2616 1454 2641 Partu
1468 2614 1593 2641 ditescere
1607 2614 1678 2641 dulci
1692 2615 1796 2642 Lucret.
1809 2626 1836 2650 4,
1850 2623 1914 2650 1247
1930 2615 2084 2651 deseminis.
2324 2618 2326 2620 ’

279 2647 312 2674 ab
330 2646 455 2673 omnibus
475 2645 522 2672 Dis
541 2646 695 2679 exauditae,
715 2653 743 2673 vt
764 2647 876 2673 saeuiret
898 2648 953 2682 ipse
974 2648 1001 2674 in
1015 2649 1090 2675 flium
1106 2649 1268 2683 sanguinem,
1281 2650 1318 2675 ef·
1413 2655 1495 2676 Dlsc
1508 2656 1529 2676 A
1540 2656 1636 2676 LCEO
1651 2670 1660 2682 ‚
1681 2653 1734 2677 ire.
1777 2652 1888 2677 Calceum
1920 2650 2063 2677 detrahere:
2090 2650 2258 2685 Discalceor,
2282 2649 2416 2688 έκολῦομω

278 2683 406 2709 fecerunt.
443 2683 493 2708 Hic
505 2682 600 2718 quidem
621 2682 754 2716 diraefine
766 2682 837 2708 dubio
847 2690 933 2717 preces
941 2684 1004 2718 sunt
1017 2690 1040 2709 et
1057 2684 1243 2719 exsecrationes.
1279 2684 1318 2711 Id.
1330 2697 1366 2725 70
1377 2684 1456 2711 Gloff.
1470 2684 1575 2716 Cyrilli.
1594 2684 1659 2711 vnde

280 2727 325 2751 40,
338 2721 367 2750 56
387 2717 532 2744 Identidem
545 2718 640 2752 species
654 2724 679 2744 et
697 2717 805 2744 vmbrae
819 2718 929 2744 insontis
943 2719 1077 2744 interemti
1092 2718 1143 2745 tilii
1156 2728 1216 2745 cum
1238 2721 1319 2753 (Phi.
1415 2726 1433 2746 D
1443 2727 1452 2746 1
1462 2725 1555 2747 sCAL
1565 2726 1607 2747 CE
1617 2727 1638 2746 A
1648 2725 1719 2747 Tvs
1729 2738 1738 2751 ‚
1764 2727 1796 2752 a,
1821 2728 1875 2745 um.
1913 2720 2006 2746 Partic.
2042 2720 2150 2747 Sueton.
2175 2721 2204 2748 in
2226 2721 2331 2749 Neron.
2354 2731 2375 2748 e.
2395 2729 2420 2754 ςι

279 2754 392 2788 lippum)
411 2753 475 2779 diris
497 2753 643 2787 agitabant,
661 2754 740 2780 intell.
764 2753 970 2789 exficratiom'bus
990 2761 1013 2778 et
1031 2757 1116 2779 minis.
1189 2755 1229 2780 Sic
1250 2757 1318 2781 Hor.
1379 2755 1459 2781 Circa
1473 2755 1571 2781 cultum
1586 2755 1761 2788 habitumque
1779 2754 1845 2780 adeo
1858 2754 2008 2788 pudendus,
2029 2761 2058 2782 vt
2075 2764 2178 2783 comam
2198 2757 2300 2790 semper
2316 2757 2345 2782 in
2363 2765 2420 2791 gra-

281 2788 361 2823 Epod.
377 2796 399 2820 5,
414 2793 444 2821 89
466 2789 538 2815 Diris
548 2798 622 2822 agam
635 2798 697 2816 vos:
718 2790 776 2816 dira
789 2789 925 2815 detestatio
942 2788 1022 2815 Nulla
1037 2789 1158 2822 expiatur
1176 2790 1216 2824 (f.
1232 2790 1319 2823 expia·
1378 2789 1426 2815 dus
1441 2790 1597 2822 formatam,
1616 2789 1830 2824 peregrinatione
1844 2787 1956 2815 Achaica
1970 2790 2051 2816 etiam
2064 2800 2132 2826 pone
2144 2791 2271 2817 verticem
2286 2791 2420 2818 summise-

278 2826 340 2855 tor)
359 2823 476 2849 1716111113.
546 2824 615 2850 Tib.
629 2834 652 2857 2,
666 2833 692 2859 7,
704 2833 731 2857 35
748 2825 829 2851 Tunc
842 2825 907 2855 tibi,
925 2825 998 2856 lena,
1017 2833 1110 2858 precor
1125 2824 1204 2850 diras.
1259 2826 1319 2850 Car·
1378 2824 1431 2856 rit,
1451 2832 1479 2849 ac
1499 2824 1601 2857 plerum
1622 2832 1655 2850 ue
1674 2823 1802 2855 synthefin
1826 2824 1948 2855 indutus,
1975 2825 2058 2860 ligato
2076 2827 2175 2852 circum
2194 2825 2293 2852 collum
2312 2826 2420 2854 sudario

279 2868 331 2885 men
350 2859 449 2884 Valerii
470 2859 596 2892 Catonis,
616 2861 680 2895 quod
697 2861 776 2887 Dirae
794 2861 941 2896 inscribitur
959 2860 1135 2895 exsecrationes
1153 2862 1262 2885 continet
1270 2870 1279 2888 ‚·
1297 2866 1320 2885 et
1333 2872 1365 2900 75
1377 2858 1508 2892 prodierit
1529 2859 1556 2884 in
1576 2868 1609 2893 pu
1631 2859 1712 2884 licum
1729 2857 1781 2884 fine
1799 2858 1888 2886 cintStu
1906 2865 1931 2886 01
1944 2859 2122 2887 discalceatus.
2177 2861 2366 2898 Vulg.1nterp.
2380 2863 2419 2893 Es,

280 2895 330 2930 ipse
344 2896 419 2920 Poeta
431 2904 457 2921 v.
469 2902 481 2926 3
508 2895 599 2927 Diras,
619 2902 644 2922 et
663 2896 743 2930 impia
760 2902 822 2922 vota
836 2896 998 2931 synonymia
1008 2899 1091 2931 ponit.
1146 2893 1240 2921 Ouidii
1252 2895 1319 2920 libel·
1376 2902 1421 2926 20,
1435 2902 1451 2920 2
1472 2892 1567 2920 Nudus
1581 2900 1606 2920 et
1619 2893 1792 2921 discalceatus.
2012 2908 2013 2911 =

280 2931 329 2956 lum
343 2930 370 2955 in
385 2929 443 2956 Ibin
457 2929 555 2965 quidam
569 2930 637 2956 diras
651 2931 804 2966 inscribunt,
829 2933 858 2957 de
872 2941 918 2967 qua
929 2931 979 2967 ipse
997 2941 1021 2957 v.
1035 2938 1062 2964 55
1099 2931 1178 2957 Nunc
1193 2939 1246 2964 quo
1261 2931 1318 2957 Bat-
1415 2935 1467 2956 Dls
1476 2935 1493 2955 C
1502 2936 1523 2956 Α
1533 2936 1571 2956 ΡΞ
1581 2937 1599 2956 D
1608 2928 1648 2956 i'N
1659 2936 1678 2956 Ο
1688 2949 1696 2961 ,
1712 2933 1764 2955 are.
1800 2927 1925 2966 [διεῖργω]
1961 2931 1990 2957 A
2001 2930 2370 2968 Capedinefit,fignificatque
2381 2932 2419 2961 di-

281 2964 362 2992 tiades
378 2965 515 2991 inimicum
528 2965 641 2992 deuouet
675 2966 752 2999 Ibin,
770 2967 828 2993 Hoc
841 2976 890 3001 ego
910 2967 1031 2993 deuoueo
1044 2973 1122 3001 teque
1135 2973 1247 3000 tuosque
1261 2974 1316 2991 mo-
1370 2963 1493 2998 stendere.
1531 2965 1656 2999 Apuleius
1671 2964 1772 2991 Florid.
1788 2973 1797 2991 1
1815 2974 1840 3000 p.
1855 2974 1900 2999 341
1919 2966 2037 3000 Hyagnis
2058 2967 2159 3000 primus
2180 2967 2209 2993 in
2228 2967 2347 2996 canendo
2364 2978 2418 2997 rna-

282 3000 326 3026 do.
363 3002 392 3026 Et
404 3010 429 3026 v.
437 3006 465 3033 85
485 3001 609 3028 Carmina
622 3002 683 3028 dum
693 3003 772 3037 capiti
785 3002 853 3029 male
867 3002 921 3029 fido
932 3003 988 3029 dira
996 3009 1133 3028 canuntur.
1171 3003 1237 3028 Hinc
1245 3001 1319 3037 forte
1377 3009 1425 3026 nus
1440 2999 1647 3034 discapedinauit
1656 3021 1664 3033 ,
1684 3000 1712 3026 de
1726 3000 1886 3037 tibiis-firmo
1900 3000 1942 3034 est.
1961 3003 2065 3028 Rarum.

282 3036 347 3062 Dira
355 3035 519 3070 simpliciter,
537 3037 565 3063 de
594 3037 664 3063 uibus
677 3039 745 3064 modo
764 3041 790 3064 in
806 3044 908 3064 DIRVS.
954 3038 1010 3064 Cic.
1025 3038 1055 3064 de
1069 3037 1159 3064 Diuin.
1173 3046 1192 3069 1,
1207 3045 1239 3069 29
1253 3046 1274 3062 c.
1290 3038 1318 3062 16
1339 3043 1372 3069 80
1416 3042 1434 3061 D
1444 3043 1452 3061 1
1462 3034 1556 3063 SCAV
1567 3042 1608 3063 EO
1618 3057 1626 3068 ,
1646 3037 1707 3068 aui,
1732 3043 1838 3068 autum,
1864 3040 1916 3063 ere.
1952 3037 2155 3071 [φυλέττομυιι]
2189 3038 2332 3074 Diligenter
2350 3046 2375 3066 et
2390 3042 2419 3066 in

281 3072 319 3098 M.
333 3072 422 3097 Crasso
435 3071 498 3105 quid
513 3072 566 3098 acci
587 3073 651 3103 erit,
667 3073 804 3106 videmus,
824 3074 950 3100 Dirarum
968 3073 1173 3100 obnuntiatione
1187 3071 1319 3107 negledht
1378 3080 1459 3097 onmes
1478 3078 1564 3106 partes
1579 3081 1670 3098 cauere.
1707 3071 1788 3098 Plaut.
1801 3073 1872 3099 Men.
1886 3081 1912 3105 2,
1927 3081 1947 3105 1,
1959 3081 1995 3106 24
2022 3072 2132 3099 Dictum
2149 3073 2240 3100 faceffe
2260 3073 2373 3108 elatum,
2392 3081 2420 3104 et

278 3106 396 3133 commode
415 3106 455 3133 hic
470 3116 565 3141 poenas
583 3109 717 3145 intelligas.
774 3110 808 3135 Vt
823 3116 847 3135 et
866 3109 936 3136 Flor.
955 3118 1024 3141 3,11,
1041 3117 1052 3141 3
1080 3108 1221 3135 Tribunus
1236 3107 1319 3142 plebis
1378 3106 1511 3133 discaucas
1520 3107 1603 3147 111310.
1639 3109 1741 3134 Rarum.

280 3148 416 3168 exeuntem
431 3141 522 3168 ducem
535 3142 674 3170 hostilibus
688 3143 753 3171 diris
765 3144 918 3172 deuouerat.
971 3145 1017 3171 Sed
1028 3144 1177 3171 Plutarchus
1190 3150 1213 3169 tt
1224 3145 1320 3178 Appia·
1416 3148 1435 3168 D
1447 3150 1455 3168 1
1465 3150 1478 3168 S
1487 3149 1503 3170 C
1513 3150 1529 3170 E
1539 3149 1557 3169 D
1568 3149 1587 3169 ο
1597 3163 1606 3175 ,
1627 3142 1652 3169 ssi
1660 3163 1669 3176 ,
1694 3143 1774 3175 1111111,
1800 3143 1853 3169 ere.
1889 3141 2055 3179 [dwoxwplffi
2071 3142 2214 3178 οἷπέρχομαι
2222 3163 2231 3176 ,
2250 3142 2419 3177 ἐπαλλάττει,

279 3186 327 3203 nus
340 3177 367 3203 de
381 3177 460 3203 eadem
473 3187 499 3204 re
518 3177 577 3213 α’ρσὶς
589 3178 691 3214 ἐπηρᾶτο
709 3178 780 3206 δεινάς
791 3179 833 3214 ιρι)
850 3177 976 3214 φρικώδεις.
1031 3180 1099 3206 Tac.
1114 3180 1161 3205 An.
1176 3188 1203 3211 4,
1215 3188 1247 3211 24
1265 3178 1318 3205 Pri·
1379 3176 1488 3213 οἷπαίρω,
1502 3177 1640 3213 οἰποέαἷνω]
1675 3178 1753 3205 Abire
1762 3198 1769 3210 ,
1785 3177 1912 3204 concedere
1927 3180 1953 3203 in
1966 3179 2042 3205 alium
2054 3179 2140 3205 lactem.
2174 3178 2292 3206 Donatus
2303 3180 2336 3207 ad
2348 3181 2418 3209 Ter.
2459 3189 2461 3191 ’

280 3221 325 3238 mo
339 3213 524 3240 alienationem
537 3215 631 3240 mentis
644 3214 764 3242 simulans
777 3215 846 3250 quasi
867 3224 913 3250 per
933 3215 1091 3241 dementiam
1112 3215 1214 3241 funesta
1230 3213 1318 3240 Tibe·
1334 3217 1363 3246 85
1379 3213 1461 3239 Andr.
1475 3224 1503 3247 4,
1517 3222 1541 3245 2,
1555 3223 1587 3246 24
1607 3214 1744 3240 Discedere
1759 3213 1873 3245 dicitur,
1893 3214 1939 3248 qui
1959 3213 2037 3240 facile
2050 3213 2105 3240 abit
2124 3222 2138 3239 e
2152 3213 2255 3240 medio:
2281 3216 2418 3249 amolitur.

283 3247 341 3277 rio3
361 3257 422 3274 mox
437 3249 484 3275 vbi
495 3250 582 3284 exspes
596 3250 667 3276 vitae
680 3251 745 3282 fuit,
770 3251 907 3278 meditatas
922 3251 1128 3290 compositasque
1141 3250 1210 3277 diras
1225 3249 1318 3283 impre-
1379 3249 1426 3283 qui
1441 3249 1486 3275 vix
1501 3249 1609 3276 recedit.
1680 3249 1820 3276 Discedere
1833 3248 1953 3276 cubitum
1968 3249 2025 3275 Cic.
2036 3248 2064 3275 in
2078 3249 2167 3275 Somn.
2182 3248 2249 3284 Scip.
2264 3258 2282 3277 1.
2296 3251 2322 3279 h.
2335 3261 2354 3278 e.
2376 3254 2419 3280 Irt

283 3281 386 3308 cabatur
400 3284 510 3319 Driafiis,
529 3290 557 3311 vt
592 3300 636 3305 —
673 3295 767 3319 poenas
779 3287 883 3313 nomini
897 3287 1039 3321 generique
1053 3295 1185 3313 maiorum
1197 3291 1222 3312 et
1236 3285 1318 3319 poste·
1379 3284 1520 3311 dormitum.
1575 3285 1597 3311 A
1612 3285 1696 3320 patria
1715 3284 1846 3311 discedere
1867 3284 1948 3311 Ouid.
1961 3283 2046 3311 Trist.
2064 3292 2083 3316 1,
2096 3292 2118 3324 3,
2132 3289 2169 3324 85.
2223 3285 2279 3312 Cic.
2294 3287 2349 3314 Au.
2375 3307 2382 3314 .
2409 3306 2417 3314 .

283 3316 319 3342 ris
332 3318 483 3346 exsolueret.
538 3321 612 3346 plene
624 3320 692 3346 dixit
720 3321 785 3348 Plin.
806 3328 846 3354 28,
862 3331 876 3348 2
891 3324 909 3348 s.
923 3331 941 3355 4
968 3322 1055 3356 Deflgi
1069 3321 1176 3356 quidem
1190 3321 1255 3347 diris
1275 3319 1318 3346 de·
1378 3320 1460 3353 Qiod
1475 3327 1500 3346 te
1513 3329 1619 3355 quoque
1631 3321 1716 3355 ipsum
1730 3320 1905 3346 discedentem
1920 3328 1934 3346 a
1947 3319 2024 3346 nobis
2039 3320 2162 3353 suspicari
2174 3320 2307 3348 videbam.
2342 3322 2417 3357 Virg.

283 3352 475 3383 precationibus
494 3364 573 3381 nemo
594 3365 647 3382 non
668 3357 771 3383 metuit.
843 3357 891 3385 Sed
898 3357 981 3392 paullo
999 3365 1070 3390 ante,
1095 3358 1124 3384 In
1138 3366 1265 3392 augurum
1280 3355 1318 3382 di·
1379 3356 1442 3381 Aen.
1459 3364 1496 3388 12,
1510 3361 1555 3389 184
1574 3357 1709 3383 Conuenit
1723 3356 1838 3382 Euandri
1852 3355 1938 3382 viclos
1956 3354 2087 3381 discedere
2100 3354 2132 3381 ad
2147 3356 2252 3383 vrbem.
2323 3358 2414 3392 Longe

285 3385 390 3425 sciplina
412 3389 522 3422 constat,
547 3400 632 3425 neque
652 3391 738 3423 diras,
762 3400 846 3427 neque
868 3393 921 3420 vlla
940 3394 1054 3428 auspicia
1075 3393 1206 3427 pertinere
1219 3392 1249 3418 ad
1264 3400 1318 3423 eos,
1335 3390 1488 3422 90discedit
1505 3391 1586 3418 Ouid.
1604 3392 1681 3426 Epist.
1697 3399 1731 3425 15,
1747 3399 1802 3426 107.
1871 3390 1965 3417 Procul
1986 3389 2048 3416 hinc
2066 3390 2198 3418 discedere
2217 3392 2290 3418 Idem
2309 3393 2374 3419 Met.
2388 3401 2415 3426 9,

288 3428 334 3453 qut
353 3430 481 3460 quamque
499 3434 554 3451 rem
575 3426 751 3460 ingredientes
768 3427 909 3455 obseruare
930 3429 954 3455 se
966 3438 995 3455 ea
1008 3429 1174 3463 negauerim:
1195 3436 1249 3462 quo
1262 3437 1317 3453 mu-
1380 3431 1434 3459 508.
1502 3427 1594 3453 Procul
1614 3427 1719 3454 disceffit
1740 3427 1768 3453 in
1788 3434 1864 3461 agros
1883 3425 1972 3452 Valer.
1987 3425 2085 3465 Argon.
2099 3434 2126 3461 7,
2140 3432 2193 3460 558.
2263 3427 2356 3454 Tarde
2375 3428 2415 3455 di-

287 3463 349 3481 nere
363 3456 468 3495 diuinae
480 3458 654 3494 indulgentiae
668 3463 752 3489 maius
766 3463 869 3489 nullum
884 3464 928 3490 est.
968 3465 1031 3491 [bid.
1051 3465 1261 3491 Sternutamento
1277 3472 1317 3489 re·
1378 3461 1482 3488 scedere
1501 3462 1582 3489 Ouid.
1599 3464 1664 3489 Met.
1679 3472 1707 3496 4,
1722 3470 1777 3494 223.
1851 3461 1907 3488 eie.
1922 3460 1954 3486 de
1968 3461 2074 3488 Amicit.
2087 3471 2097 3488 1
2127 3462 2182 3497 Ego
2201 3467 2288 3489 autem
2309 3471 2322 3489 a
2342 3469 2414 3497 patre

289 3497 377 3515 vocari
392 3491 519 3518 ferculum
532 3498 693 3530 mensamue,
713 3498 731 3524 fi
752 3507 806 3525 non
818 3499 904 3532 postea
923 3500 1038 3534 gustetur
1058 3500 1173 3534 aliquid,
1199 3499 1268 3525 inter
1279 3498 1318 3524 di·
1377 3497 1415 3523 ita
1428 3505 1498 3523 eram
1511 3497 1637 3524 deductus
1651 3497 1684 3524 ad
1697 3497 1863 3529 Scaeuolam,
1882 3497 1963 3522 siimta
1982 3497 2056 3523 virili
2076 3503 2136 3532 toga
2145 3517 2151 3528 ,
2164 3503 2193 3524 vt
2205 3496 2291 3532 quoad
2305 3500 2413 3532 possem,

289 3531 329 3562 ¹³?
342 3523 465 3563 habetur,
483 3532 511 3565 yt
525 3532 631 3557 omnino
644 3542 697 3559 non
711 3535 766 3560 esse.
804 3535 880 3561 Diras
892 3535 969 3561 intell.
985 3535 1193 3570 significationen.
1230 3536 1260 3561 Et
1272 3535 1291 3560 s.
1305 3542 1317 3566 3
1378 3539 1404 3559 01
1418 3532 1525 3564 liceret,
1542 3541 1556 3558 a
1571 3534 1637 3559 senis
1651 3534 1731 3560 latere
1746 3541 1878 3568 nunquam
1891 3531 2058 3559 discederem.
2129 3532 2201 3559 Idem
2215 3532 2293 3559 Acad.
2312 3543 2339 3566 4,
2367 3554 2374 3560 .
2406 3554 2412 3561 .

290 3558 413 3584 Vldlmus
427 3566 503 3600 certis
519 3567 708 3594 precationibus
722 3568 862 3596 obsecrasse
876 3571 989 3596 summos
1001 3571 1164 3605 magistratus
1183 3585 1229 3590 ——-
1248 3577 1318 3596 vtra-
1338 3573 1370 3599 95
1378 3569 1522 3602 Nunquam
1536 3577 1549 3594 a
1564 3568 1673 3595 Philone
1686 3568 1809 3600 discessit,
1829 3566 1876 3593 nisi
1897 3567 2063 3602 posteaquam
2077 3569 2130 3603 ipse
2150 3566 2227 3601 cepit,
2241 3569 2288 3602 qui
2303 3570 2328 3596 se
2341 3569 2413 3597 audi-

290 3601 340 3632 que
352 3602 479 3633 menum?
496 3595 603 3630 ¹¹¹fig¹¹i›
619 3603 720 3633 quoties
734 3605 802 3638 ipsae
814 3604 888 3632 dirae
902 3605 1079 3640 obstrepentes
1093 3607 1241 3636 nocuerint,
1254 3615 1319 3640 quo·
1378 3609 1438 3631 rent
1457 3602 1560 3630 habere.
1737 3602 1757 3639 ff
1781 3612 1793 3629 2
1840 3604 1965 3629 Formulae
1995 3613 2049 3629 cum
2075 3601 2237 3636 Substantiuis
2266 3605 2413 3638 nominibus,

289 3633 497 3668 ¹¹⁸⁵¹¹²Pfecano
513 3634 648 3659 errauerit.
682 3638 760 3665 Dirae
773 3640 942 3676 obstrepunt,
966 3650 1019 3667 cum
1032 3645 1058 3666 in
1077 3642 1154 3677 ipfiim
1164 3648 1318 3676 precatorem
1377 3649 1439 3676 quae
1452 3640 1592 3665 elementari
1605 3638 1690 3664 ordine
1701 3639 1876 3674 persi-quinum.
1913 3638 1969 3664 Cic.
1984 3639 2016 3665 de
2029 3639 2133 3665 Amicit.
2144 3646 2177 3670 42
2198 3638 2413 3674 Praecipiendum
2452 3654 2453 3658 =

289 3664 349 3688 ''¹⁸²¹‘’
366 3664 422 3688 ’ΠΜ
431 3664 597 3698 proferentem
607 3670 671 3693 velut
685 3673 801 3705 resiliunt.
882 3674 902 3711 q
922 3685 938 3702 2
974 3677 1036 3703 Sunt
1048 3681 1120 3702 etiam
1132 3678 1212 3703 Dirae
1225 3677 1319 3713 infero-
1379 3675 1415 3701 est
1428 3675 1511 3709 igitur
1523 3674 1616 3706 bonis,
1632 3680 1660 3700 vt
1675 3673 1692 3699 fi
1709 3675 1736 3700 in
1748 3673 1879 3700 eiusmodi
1891 3674 2020 3701 amicitias
2034 3675 2118 3709 ignari
2138 3673 2195 3698 casu
2208 3673 2301 3709 aliquo
2314 3676 2413 3702 incide-

290 3707 343 3723 rum
360 3699 463 3730 Furiae,
486 3700 572 3733 quibus
585 3706 713 3737 praecipue
731 3708 771 3738 hi,
790 3713 832 3744 qm·

461 3744 464 3747 ¹
505 3737 507 3739 ,
557 3738 560 3741 ,
691 3742 694 3745 Δ
844 3711 946 3746 sceleris
959 3713 1067 3738 alicuius
1078 3711 1128 3746 fibi
1140 3713 1203 3749 suns
1217 3713 1319 3749 conscii,
1379 3711 1450 3743 rint,
1466 3719 1499 3736 ne
1514 3709 1664 3736 existiment
1679 3710 1703 3735 se
1718 3711 1754 3735 ita
1767 3708 1904 3742 alligatos,
1923 3716 1952 3736 vt
1962 3709 1995 3736 ab
2009 3709 2106 3736 Amicis
2119 3707 2146 3733 in
2162 3716 2281 3742 magnam
2296 3710 2412 3745 aliquam

290 3732 423 3760 ereduntur
436 3741 567 3768 exagitari.
604 3737 641 3762 De
653 3739 736 3771 quibus
749 3746 786 3768 ita
809 3745 842 3770 Vi

845 3755 881 3779 rg.
897 3748 959 3773 Aen.
974 3756 1010 3777 12,
1022 3752 1069 3780 845
1327 3755 1436 3777 [eorem
1456 3745 1634 3779 peccantibus,
1657 3753 1711 3770 non
1733 3745 1871 3771 discedant.
1942 3745 2052 3772 Animus
2066 3742 2175 3770 discedit
2193 3745 2248 3770 Cic.
2264 3745 2348 3772 Tusc.
2362 3754 2382 3778 1,
2399 3750 2412 3776 8

439 3768 568 3795 Dicuntur
580 3771 696 3811 geminae
708 3776 786 3807 pestes
795 3797 803 3808 ,
822 3783 976 3816 cognomine
990 3783 1070 3809 Dirae
1079 3802 1087 3814 ,
1378 3781 1502 3818 disccſjum
1514 3783 1593 3807 animi
1606 3791 1619 3806 α
1634 3788 1732 3815 corpore
1748 3782 1877 3816 intelligit.
1949 3780 1990 3807 Ab
2004 3778 2090 3807 Armis
2104 3778 2236 3807 discedere
2253 3780 2325 3807 Caes.
2339 3781 2366 3807 B.
2381 3782 2412 3808 C.

439 3804 524 3836 Qffl,
543 3810 567 3829 et
594 3805 739 3834 Tartaream
757 3820 809 3837 nox
823 3818 971 3849 intempesta
985 3819 1134 3852 Megaeram
1380 3826 1401 3849 1,
1414 3825 1439 3849 9.
1477 3816 1531 3842 Cic.
1545 3815 1609 3842 Phil.
1623 3821 1636 3845 8
1649 3822 1713 3842 extr.
1784 3817 1812 3841 In
1833 3817 1916 3842 Auras
1935 3815 2065 3843 discedere
2089 3813 2191 3841 Lucret.
2210 3823 2232 3847 3,
2245 3824 2302 3848 401.
2321 3814 2364 3843 hic
2383 3813 2412 3843 de

314 3874 318 3878 .
439 3839 514 3867 Vno,
533 3839 677 3880 codemque
699 3843 759 3870 tulit
794 3852 860 3873 artu.
1378 3855 1408 3878 vi
1420 3854 1516 3877 animae
1528 3852 1644 3886 loquitur.
1716 3851 1771 3877 Cic.
1786 3852 1861 3878 Verr.
1877 3860 1900 3881 2,
1936 3871 1943 3878 .
1981 3870 1988 3877 .
2023 3849 2131 3883 Propter
2143 3850 2216 3876 cuius
2228 3850 2412 3878 auctoritatem

291 3870 331 3897 5¹0
346 3871 408 3898 Aen·
422 3881 450 3905 4,
464 3880 527 3907 474·
563 3874 726 3910 Vlfflce‘qlle
741 3879 764 3904 se
784 3888 827 3906 ent
841 3882 868 3907 in
884 3883 975 3911 limine
990 3888 1085 3920 Dirae,
1109 3891 1127 3913 i.
1145 3888 1240 3913 Furiae.
1277 3887 1319 3913 Ita
1379 3893 1405 3914 et
1419 3887 1571 3921 dignitatem
1588 3886 1709 3912 Sthenius
1724 3886 1756 3912 ab
1771 3888 1891 3913 omnium
1904 3886 2039 3913 oculorum
2048 3885 2243 3912 consuetudine
2258 3885 2411 3914 discederet.

292 3906 367 3940 A1³⁰¹·
377 3909 439 3934 Μθῐ·
455 3917 469 3934 ²
482 3917 506 3943 P·
523 3916 577 3944 ¹27,
591 3918 624 3943 29
642 3912 734 3947 Magus
748 3914 780 3939 ad
791 3915 894 3943 cadauer
908 3921 1040 3947 animatum
1053 3923 1191 3959 tantisper,
1212 3923 1252 3949 An
1265 3929 1320 3948 11011
1327 3933 1371 3960 ιως
1377 3922 1451 3952 Idem
1463 3931 1512 3957 pro
1521 3922 1597 3949 Font.
1611 3930 1627 3948 2
1648 3921 1744 3949 Videte
1757 3931 1810 3957 quo
1829 3922 1956 3950 discedam
1974 3919 2088 3954 iudices,
2106 3929 2185 3955 quam
2199 3920 2277 3957 longe
2294 3921 2385 3949 videar
2397 3930 2412 3948 a

2351 3965 2410 3984 con-
