2479 4225
0 1542 1 1546 =
31 1526 143 1554 infensus
156 1528 256 1559 seruat,
272 1536 305 1553 ne
320 1536 399 1562 quam
412 1528 508 1554 faciam
521 1527 550 1553 in
562 1528 661 1561 nuptiis
678 1527 826 1555 Fallaciam.

0 1575 1 1592 1
30 1562 160 1590 Memoria
174 1569 261 1589 autem
274 1563 338 1589 facit
352 1563 433 1589 ctiam
443 1563 542 1596 promti
557 1562 659 1596 ingemi
672 1564 787 1589 Famam.
822 1563 889 1590 Ter.
897 1563 972 1590 Adel.
980 1572 1003 1598 5,
1017 1569 1041 1597 8,
1053 1573 1066 1597 3

8 2193 11 2258 ’1

9 2269 11 2279 ”’
41 2268 70 2294 In
83 2268 176 2294 summa
188 2268 251 2294 fecit
265 2268 332 2295 mihi
348 2267 438 2295 Fidem
452 2267 638 2303 poenitentiae.

4 3615 14 3630 ὖ·
51 3617 105 3638 rate
124 3620 180 3647 ergo
201 3610 264 3636 hanc
279 3608 393 3644 formam
408 3612 560 3643 reprehendit
577 3618 605 3641 in
617 3616 743 3643 Arruntio
760 3616 816 3642 Sen.
830 3617 875 3650 Ep.
895 3625 946 3649 114.

0 3688 12 3707 ¹.
51 3689 92 3714 25,
105 3688 132 3716 17
147 3688 211 3708 extr.

11 3538 13 3541 Ι
30 3505 96 3534 ‘Sed
107 3502 236 3538 transitiue
248 3505 275 3528 in
287 3502 380 3538 fugam
391 3506 451 3532 alios
463 3511 580 3535 com'iccre
592 3510 647 3536 Cic.
661 3518 709 3544 pro
721 3510 808 3536 Domo
823 3511 868 3536 sua
881 3518 911 3542 14

27 215 91 256 573
366 200 398 239 F
485 201 524 240 A
614 200 648 240 C

28 294 81 322 Att.
94 300 125 323 11,
138 294 160 321 8.
229 288 270 315 Ad
294 288 422 314 Dolorem
452 287 605 314 faciundum
640 288 760 315 Scribon.
783 292 828 315 60.
898 285 1017 313 Dubium
1036 285 1066 312 in

29 334 136 361 vtraque
167 329 221 351 arte
235 323 366 356 Quinctil.
381 331 408 358 7,
423 331 444 350 2.
510 323 684 351 Dulcedincm
703 325 760 350 Seu.
775 322 853 357 Epist.
869 330 914 348 112.
986 322 1063 348 Duri-

29 364 91 394 tias,
109 334 226 395 viAEpffl
239 358 376 386 Taedium
392 359 486 385 facere.
682 357 702 396 q
724 367 741 393 7
778 358 833 384 Cic.
846 357 878 382 de
886 358 959 383 Orat.
976 366 987 382 2
1001 366 1022 382 c.
1032 365 1062 391 57

30 398 55 426 Si
72 396 226 431 Eloquentes
246 394 332 421 facere
352 395 432 429 posl'et
452 403 495 420 ars
515 395 636 421 Oratoria
650 413 658 427 ,
683 394 742 429 quis
766 402 819 419 non
842 393 902 418 ess'et
918 392 1062 426 eloquens?

31 432 86 461 Cic.
100 431 132 458 de
144 430 201 457 Fin.
220 438 246 462 2,
258 437 287 462 59
324 430 408 456 Cuius
425 438 497 456 mors
517 429 570 456 tibi
585 429 796 456 Emolumentum
816 428 918 454 factura
937 427 982 454 est.
1018 427 1065 454 Sal
1087 434 1099 459 5

30 469 119 505 legitur
136 475 164 493 ex
183 463 277 498 vetusto
293 466 441 501 exemplari,
463 465 675 492 Emolumcntum
696 465 785 490 futura
804 463 848 489 est.
930 463 1062 494 Eri-orem,

28 511 73 540 pro
90 503 189 529 Error-is
214 501 311 537 causam
336 500 395 527 dare
414 501 471 527 Sen.
495 499 573 535 Epist.
593 503 633 530 68.
711 499 882 532 Emptionem
906 499 977 524 Caes.
998 498 1062 524 Bell.

31 537 96 566 Gall.
118 545 142 570 3,
160 545 204 562 22.
274 536 330 562 Cic.
345 537 399 562 Att.
418 543 452 570 7,
473 544 500 568 ¹4
537 536 708 570 Eruptionem
725 534 825 560 fac'hnri
843 534 918 560 fuisse
942 533 1064 559 diceban-

29 579 82 602 tur.
152 571 234 598 Plaut.
257 572 335 598 Cure.
355 581 384 605 4,
403 580 426 604 3,
443 580 459 598 2
498 571 547 598 Sed
571 571 645 605 eapse
674 569 719 595 illa
750 579 801 604 qua
828 568 1001 595 Excidioncm
1027 569 1064 595 fa-

29 616 87 636 eere
99 607 232 634 condidici
244 605 358 641 oppidis.
430 606 597 633 Exeurfiones
611 606 639 631 in
651 613 742 639 agrum
757 604 881 632 hostilem
902 604 962 630 Liu.
977 614 1005 637 4,
1028 624 1034 630 .
1057 624 1062 630 .
1080 614 1108 631 10

24 643 85 672 Cic.
99 644 151 669 Att.
168 651 186 674 1,
199 651 227 675 ¹9
256 642 376 669 Heluetii
395 642 447 669 fine
468 641 551 668 dubio
565 642 622 667 sunt
639 640 668 666 in
680 640 775 672 armis,
795 640 1018 674 Excurfioncsque
1034 640 1063 666 in

29 678 194 716 prouinciam
211 678 320 704 faciunt.
391 677 520 712 Qnimffkil.
542 684 564 709 5,
585 684 600 701 2
635 676 664 701 Et
681 676 735 710 ipse
756 675 994 710 pronuntiaturus,
1014 676 1062 700 Ex-

31 713 145 749 emplum
176 722 229 739 non
262 713 375 740 libenter
387 731 395 744 ,
420 710 492 748 quod
514 711 543 737 in
564 712 589 737 se
614 710 701 745 postea
720 711 825 738 fortass‘e
851 710 964 745 recidat,
991 710 1062 738 facit.

29 750 110 778 Plaut.
122 748 199 776 Most.
213 756 236 782 5,
249 757 268 782 1,
281 752 315 784 67
338 748 461 783 Exempla
472 745 565 780 edepol
584 746 680 772 faciam
690 755 740 781 ego
753 747 782 773 in
795 752 822 773 te
831 766 839 779 ,
857 749 875 772 i.
899 748 940 772 Ita
949 748 1062 781 puniam,

28 792 60 812 vt
68 784 106 818 fis
123 785 182 811 aliis
200 785 314 820 exmplo.
385 783 454 811 Vi&
468 781 500 808 de
513 781 584 808 Viris
598 782 679 808 illust.
693 791 716 809 c.
729 785 764 817 67
803 783 867 809 Mox
883 782 1002 808 Cinnana
1017 781 1062 808 do-
1081 789 1105 814 15

29 819 175 848 minatione
187 826 341 852 reuocatus,
361 818 442 852 ruptis
455 816 590 852 ergastulis
604 818 755 844 Exercitum
769 818 841 845 fecit.
912 817 1064 844 Exercitum

28 861 135 890 argento
149 854 208 882 Sall.
221 855 289 891 apud
302 857 358 882 Sen.
371 855 415 888 Ep.
432 861 481 885 114.
503 855 521 878 i.
537 856 644 887 pecunia
655 862 761 888 parare,
772 860 802 879 vt
813 851 864 889 ajpse
876 855 1065 887 interpretatur.

27 891 70 920 Sic
82 890 168 917 facere
176 891 298 925 Gregem‚
316 891 431 919 Manum,
450 887 589 922 Populum.
661 889 743 915 Plaut.
758 890 840 917 Merc-
853 898 880 922 4,
893 895 906 921 5
920 889 1021 922 suppos.
1034 897 1061 914 21

29 925 110 954 Nunc
127 932 156 952 vt
173 926 226 954 fert
239 924 384 955 Achantio,
402 923 507 951 sibimet
524 923 603 950 faciet
622 923 749 951 Exilium.
836 923 893 950 Sen.
909 924 988 957 Epist.
1002 933 1039 956 21,
1053 933 1063 950 1

27 962 118 990 Petens
131 967 159 988 vt
171 961 286 995 videret,
305 968 384 994 quem
402 958 548 986 admirator
562 959 621 986 auri
633 961 741 987 Exitum
759 959 868 986 faceret.
939 959 995 985 Cic.
1011 960 1062 986 Att.
1076 969 1111 987 20

28 1006 50 1031 3,
64 1004 89 1030 15
114 997 242 1024 Varronis
260 998 345 1023 fermo
359 995 424 1021 facit
435 995 663 1029 Exspetflationem
674 995 800 1022 Caesaris.
891 994 973 1021 Idem.
986 995 1064 1022 Acad.

29 1042 57 1066 4,
71 1041 100 1058 10
127 1034 162 1059 Vt
182 1033 260 1058 etiam
281 1030 409 1057 maiorem
429 1030 658 1064 Exspefiationem
679 1031 734 1058 mei
751 1029 865 1063 faciam,
886 1039 965 1065 quam
982 1030 1063 1057 modo

29 1068 94 1094 fecit
107 1067 266 1095 Hortensius.
355 1065 437 1092 Plaut.
451 1065 526 1100 Epid.
542 1074 562 1098 1,
577 1075 597 1097 1,
610 1073 645 1101 79
683 1065 828 1100 Qmmodo
848 1074 891 1091 me
908 1066 1066 1101 Expeditum

27 1111 60 1129 ex
80 1103 208 1137 impedito
226 1101 338 1128 faciam?
427 1101 639 1134 Exsecnsionem,
668 1102 721 1128 vid.
746 1101 946 1128 Descensionem
967 1101 1061 1129 facere.

27 1137 94 1166 Add.
109 1138 168 1164 Liu.
180 1146 224 1169 22,
235 1145 269 1163 20
289 1136 457 1163 Exscensione
471 1137 504 1163 ab
518 1137 630 1163 nauibus
643 1137 671 1163 in
684 1136 868 1164 terramfaeta.
939 1134 959 1172 q
981 1143 993 1167 8
1017 1139 1063 1164 Fa·
1075 1145 1106 1172 25

28 1173 106 1201 'cetias
116 1173 196 1200 Plaut.
210 1171 289 1199 Stich.
303 1179 326 1205 5,
337 1181 363 1204 2,
376 1180 415 1204 25.
485 1172 557 1198 Idem
566 1172 634 1198 Alin.
650 1182 674 1205 2,
687 1181 713 1205 z,
727 1178 761 1205 84
781 1172 919 1207 Extemplo
932 1172 1001 1200 facio
1015 1174 1061 1200 Fa-

29 1215 114 1235 cetum
133 1216 176 1234 me
198 1212 276 1242 atque
293 1207 462 1242 magnificum
477 1208 574 1234 virum.
662 1208 718 1234 Cic.
732 1207 764 1234 de
778 1209 835 1234 Fin.
850 1217 872 1241 2,
886 1216 917 1241 95
942 1209 1017 1240 Vide,
1029 1218 1062 1235 ne

30 1243 138 1272 Facinus
154 1243 249 1275 facias,
266 1252 349 1278 quum
370 1244 440 1270 mori
458 1243 571 1270 suadeas.
624 1243 686 1270 Liu.
704 1252 755 1278 24,
792 1263 798 1270 .
836 1263 843 1269 .
881 1244 991 1270 Facinus
1009 1254 1063 1271 me-

29 1278 157 1311 morabile
169 1279 275 1305 fecistis.
345 1278 412 1305 Plin.
425 1278 503 1313 Epist.
518 1284 541 1311 8,
554 1281 580 1311 6,
596 1285 608 1311 5
628 1279 789 1306 Facultatem
801 1279 894 1305 Caesar
908 1280 971 1306 feeit
987 1280 1063 1306 Sena-

31 1314 71 1344 tui
91 1314 198 1342 testandi
219 1314 428 1340 beniuolentiam
442 1315 529 1340 suam.
595 1314 652 1341 Cic.
669 1316 745 1341 Verr.
761 1323 787 1347 2,
825 1335 831 1341 .
870 1334 876 1340 .
914 1315 1063 1342 SiFaculta-
1074 1325 1106 1349 30

33 1356 85 1379 tem
95 1359 159 1383 vere
169 1355 247 1384 atque
261 1349 368 1376 honeste
380 1349 516 1376 iudicandi
527 1348 578 1375 fide
591 1356 618 1376 et
631 1350 770 1386 diligentia
782 1359 842 1377 mea
854 1350 953 1377 fecero.
1017 1351 1064 1377 Vl-

35 1385 102 1422 pian.
113 1386 141 1412 in
150 1385 167 1412 l.
181 1385 259 1412 Arist.
274 1385 306 1411 D.
320 1385 351 1411 de
364 1385 464 1419 acquir.
477 1384 567 1412 hered.
581 1385 670 1412 Aristo
681 1385 829 1419 existimat,
849 1387 998 1413 Praetorem
1010 1386 1064 1413 adi-

35 1429 90 1448 tum
102 1421 253 1448 Facultatem
272 1421 358 1448 facere
376 1420 473 1447 debere
486 1420 588 1453 heredi,
601 1422 717 1448 rationes
729 1421 849 1448 defuncii
869 1421 901 1447 ab
920 1431 955 1449 eo
968 1428 1066 1456 petere,

35 1466 110 1492 penes
119 1456 194 1493 quem
207 1455 337 1491 depositae
349 1456 423 1488 sunt,
440 1455 599 1483 deliberanti
613 1456 645 1484 de
657 1457 778 1484 adeunda
790 1456 946 1484 hereditate.

34 1491 143 1518 cundum
159 1491 271 1519 faciebat
290 1501 366 1518 amor
384 1491 465 1519 Ouid.
478 1492 542 1518 Met.
555 1494 581 1524 6,
592 1495 655 1525 469.

725 1493 793 1519 Ter.
808 1492 889 1519 Andr.
904 1501 959 1533 ¹³3²
973 1501 991 1528 7
1018 1459 1065 1520 life-
1081 1501 1108 1528 ὃς

881 1528 992 1561 Quncl.
1006 1537 1037 1560 11,
1051 1538 1067 1555 2

183 1599 237 1632 Ego
252 1607 318 1624 vero
331 1598 429 1630 iuben,
446 1604 474 1623 et
487 1597 515 1624 in
529 1597 577 1624 hac
590 1607 619 1624 re
632 1603 658 1625 et
673 1598 733 1624 aliis
745 1598 870 1625 omnibus

184 1635 271 1667 Qiam
282 1633 398 1660 maxime
408 1642 487 1660 vnam
502 1633 587 1660 facere
599 1642 647 1659 nos
660 1632 726 1660 hanc
739 1633 888 1666 Familiam,

184 1669 296 1700 Colere,
316 1668 457 1700 adiuuare,
476 1668 630 1702 adiungere.
1072 1677 1109 1702 40

30 1702 91 1729 Liu.
105 1711 151 1735 3,J
180 1704 251 1730 Fecit
271 1703 371 1736 statim,
382 1708 411 1729 vt
423 1703 467 1737 fit,
481 1704 625 1731 Fastidium
638 1703 722 1738 copia.
811 1704 885 1731 Idem
898 1714 941 1738 42,
958 1713 989 1738 14
1001 1712 1068 1732 extr.

30 1737 143 1764 Eumeni
174 1739 333 1774 conspiratio
359 1738 481 1766 aduersus
508 1748 570 1766 eum
589 1741 719 1766 Fauorem
742 1739 812 1774 apud
833 1741 966 1766 Romanos
991 1741 1065 1767 fecit.

31 1773 113 1799 Plaut.
127 1774 204 1802 Cure.
216 1784 244 1807 4,
257 1783 279 1806 3,
293 1782 310 1809 7
340 1774 383 1800 Nc
402 1780 427 1800 te
445 1773 515 1801 mihi
533 1775 613 1801 facias
626 1775 765 1804 Ferocem,
782 1773 852 1800 haud
865 1775 1012 1807 supplicare
1025 1783 1067 1799 me

30 1808 140 1834 censeas.
209 1810 290 1836 Plaut.
299 1809 393 1842 Amph.
407 1818 435 1842 4,
448 1818 471 1841 2,
484 1818 512 1834 10
531 1810 618 1841 Qiem
643 1809 669 1834 ol
683 1817 733 1841 ego
744 1807 826 1833 hodie
837 1808 873 1833 ob
886 1808 984 1833 isthaec
996 1807 1069 1833 dicta

31 1842 127 1868 faciam
145 1843 293 1869 feruentem
314 1844 410 1876 flagris.
487 1842 596 1873 Fidem,
609 1851 620 1867 e
658 1843 756 1873 Facere,
769 1848 799 1867 vt
808 1844 865 1876 quis
880 1842 975 1867 credat.
1011 1842 1106 1875 Cic.45

30 1877 60 1903 in
73 1877 150 1903 Catil.
163 1885 186 1908 3,
200 1887 218 1910 4
246 1879 281 1903 Vt
301 1877 427 1911 quoniam
447 1873 556 1902 duribus
569 1876 662 1902 vestris
681 1881 790 1910 propter
812 1875 999 1902 incredibilem
1015 1885 1069 1903 ma-

31 1911 195 1947 gnitudinem
212 1911 315 1938 sceleris
333 1911 465 1937 minorem
479 1911 571 1937 Fidem
585 1911 683 1937 faceret
701 1911 790 1937 oratio
803 1920 870 1938 mea.
941 1910 1019 1938 Aufr.
1034 1911 1067 1938 ad

33 1948 128 1975 neren.
143 1956 163 1980 1,
179 1955 207 1973 10
222 1956 243 1973 c.
257 1949 273 1972 6
296 1946 322 1973 Si
334 1947 468 1980 persuasus
480 1946 587 1973 auditor
598 1946 694 1979 fuerit,
707 1945 735 1972 id
749 1946 801 1978 est,
817 1946 835 1972 fi
848 1946 935 1973 oratio
948 1946 1068 1974 aduersa-

32 1983 132 2011 riorum
152 1982 319 2009 auditoribus
332 1982 424 2008 Fidem
443 1982 550 2009 fecerit:
578 1985 682 2016 (neque
701 1981 773 2008 enim
786 1991 840 2008 non
853 1982 930 2008 facile
943 1983 1009 2009 scire
1021 1992 1069 2017 po-

0 2044 3 2053 *
34 2019 154 2050 terimus,
178 2018 305 2053 quoniam
321 2027 376 2044 non
388 2018 477 2043 sumus
495 2017 590 2049 nescii,
608 2017 705 2052 quibus
718 2017 798 2043 rebus
815 2017 879 2044 fides
892 2017 953 2044 fieri
966 2018 1109 2052 soleat)‘50

0 2063 3 2076 1
37 2063 98 2090 ergo
117 2053 135 2080 si
153 2054 243 2080 Fidem
258 2053 354 2080 factam
367 2053 534 2087 putabimus,
552 2052 593 2079 his
606 2062 652 2079 nos
666 2052 744 2079 rebus
763 2052 951 2080 insinuabimus
963 2053 995 2079 ad
1009 2062 1067 2079 cau-

36 2091 96 2117 sam.
165 2089 220 2116 Cic.
233 2089 261 2115 in
276 2085 360 2115 Psson.
375 2097 405 2121 59
439 2089 503 2115 Non
518 2089 598 2115 facies
610 2088 701 2115 Fidem
719 2088 831 2120 scilicet,
851 2098 934 2123 quum
952 2089 1015 2116 haec
1027 2089 1066 2115 di-

38 2125 155 2161 sputabis.
224 2124 297 2151 Idcm
317 2124 350 2150 de
369 2125 442 2151 Orat.
479 2144 486 2151 .
524 2144 530 2151 .
567 2123 645 2151 Fidei
669 2123 804 2151 faciendae
834 2125 916 2150 causa.
971 2126 1003 2151 Et
1016 2134 1065 2158 pro

39 2160 130 2188 Milon.
142 2162 175 2187 66
215 2159 350 2194 Qioniaul
363 2160 419 2187 vita
436 2160 496 2187 talis
516 2166 543 2187 et
563 2160 627 2186 ciuis
645 2165 671 2186 et
689 2159 744 2187 viri
757 2158 848 2186 Fidem
869 2169 923 2186 non
941 2160 1064 2186 faciebat.

43 2194 138 2223 Cic-'in
148 2197 216 2223 Brut.
231 2201 275 2231 187
298 2196 390 2224 Credit
403 2197 447 2228 iis,
461 2205 528 2231 quae
541 2195 679 2227 dicuntur,
698 2196 745 2232 qui
757 2195 832 2223 audit
843 2202 987 2227 oratorem,
1003 2204 1067 2223 vera
1082 2201 1109 2227 55

42 2236 127 2266 putat,
137 2231 278 2263 alsentitur,
292 2232 399 2267 probat:
419 2232 511 2259 Fidem
530 2232 594 2259 facit
613 2232 710 2260 oratio.
782 2233 849 2259 Plin.
871 2232 949 2267 Epist.
962 2241 988 2266 9,
1003 2241 1041 2265 21,
1055 2241 1064 2258 1

711 2267 842 2301 Q1inc'til.
856 2276 878 2301 5,
894 2278 930 2300 10,
946 2277 973 2294 12
994 2268 1068 2295 Alio-

38 2302 83 2365 31ιί
100 2302 166 2329 nihil
187 2304 252 2335 erit,
271 2313 324 2338 quo
338 2303 494 2338 probemus,
505 2303 553 2330 nifi
571 2304 655 2330 fuerit
667 2304 740 2338 quod
758 2310 802 2330 aut
816 2304 846 2330 sit
854 2310 1016 2336 ver1un‚aut
1027 2304 1068 2330 vi-

29 2344 32 2350 “
56 2343 140 2373 eatur,
158 2347 189 2364 ex
208 2349 262 2374 quo
282 2339 369 2366 dubiis
384 2339 460 2366 Fides
479 2339 532 2366 fiat.
604 2340 696 2366 Finem
709 2339 794 2366 facere
811 2338 844 2373 nst
855 2339 968 2374 Dgfinere
982 2341 1065 2366 Plaut.

10 2383 11 2389 ¹
25 2373 110 2408 Epiri.
126 2382 145 2406 1,
160 2383 180 2407 1,
190 2382 231 2409 37.
267 2381 290 2401 et
302 2375 372 2402 Asin.
385 2384 408 2407 3,
422 2384 443 2407 3,
458 2383 491 2407 15.
518 2378 549 2402 it.
570 2375 640 2410 Nep.
655 2384 697 2407 22,
713 2384 731 2406 1,
744 2384 765 2407 3.
801 2376 869 2402 Ter.
885 2374 966 2402 Andr.
981 2383 1003 2408 5,
1020 2385 1040 2408 1,
1050 2380 1108 2405 260

35 2408 98 2437 Satis
111 2410 222 2444 periculi
242 2411 319 2445 coepi
338 2410 426 2443 adire,
444 2410 539 2437 orandi
559 2410 613 2437 iam
627 2410 717 2437 Finem
731 2411 797 2436 face.
833 2412 906 2437 Idem
921 2411 994 2437 Adel.
1008 2419 1030 2444 5,
1042 2420 1068 2443 9,

35 2454 71 2478 40
103 2445 166 2472 Sino
182 2445 291 2478 habeat,
311 2447 340 2472 in
358 2446 419 2471 istac
432 2446 526 2471 Finem
542 2446 630 2472 faciat.
699 2447 731 2472 Et
748 2445 816 2472 Prol.
837 2447 931 2474 l-leaut.
951 2455 979 2472 21
1008 2446 1066 2473 Nili

33 2480 125 2507 Finem
144 2481 290 2507 maledictis
309 2481 381 2506 facit.
417 2481 474 2508 Cic.
486 2488 536 2514 pro
548 2481 596 2507 Cn.
610 2481 694 2508 Plane.
708 2488 748 2514 75.
784 2480 858 2508 Idem
871 2482 899 2508 ln
911 2483 983 2509 Rull.
999 2491 1024 2514 2,
1041 2490 1069 2508 12

22 2516 127 2543 -Finem
142 2516 196 2541 feci
209 2515 337 2541 offerendi
351 2514 413 2541 mei.
491 2515 584 2541 Finem
595 2515 687 2543 studiis
701 2516 792 2543 Claud.
808 2516 841 2543 de
853 2518 964 2545 Laudib.
979 2518 1068 2545 Seren.

34 2559 93 2585 207.
162 2550 254 2576 Finem
267 2550 337 2576 vitae
350 2556 428 2585 atque
439 2549 539 2578 laboris
551 2552 654 2578 Lucret.
668 2560 688 2584 3,
703 2554 761 2584 956.
831 2554 973 2588 Flagitium
986 2554 1068 2580 Plaut.
1080 2564 1112 2589 6..

35 2587 114 2612 Poen.
132 2592 154 2617 5,
166 2594 192 2616 2,
206 2593 227 2617 5.
282 2585 349 2612 Ter.
362 2587 427 2612 Eun.
444 2594 469 2618 2,
484 2595 506 2618 3,
518 2595 553 2619 9ο
574 2587 615 2613 Ah
628 2588 757 2622 flagitium
770 2588 890 2615 facimus.
959 2589 1067 2615 Colum.
1099 2579 1111 2596 ³

35 2622 66 2648 in
79 2622 156 2647 Hort.
170 2629 214 2646 122
231 2620 314 2655 Seque
326 2621 455 2648 lacessenti
470 2623 488 2648 F
491 2622 573 2649 letum
586 2623 687 2649 facium
700 2623 801 2657 sinapis.
818 2628 837 2650 i.
856 2626 986 2651 Lacrimas
1004 2626 1071 2650 elici-

33 2663 102 2683 tura.
173 2655 256 2683 Plaut.
271 2657 341 2682 Men.
357 2666 382 2689 2,
396 2665 418 2689 3,
430 2666 456 2683 21
486 2658 589 2684 Ecastor
608 2658 678 2685 solus
696 2658 842 2685 benefactis
859 2668 902 2685 me
916 2661 935 2685 F
939 2660 1068 2685 lorentem

35 2692 109 2718 facis.
180 2690 280 2718 Foedus
299 2692 372 2718 Idem
385 2692 479 2726 Amph.
494 2700 517 2724 5,
532 2701 552 2724 1,
566 2701 601 2724 33.
673 2694 729 2719 Cic.
741 2703 790 2727 pro
804 2694 872 2719 Sext.
892 2702 928 2725 24
967 2694 1070 2719 Foedus

35 2727 155 2754 fecerunt
168 2736 226 2753 cnm
240 2726 369 2753 Tribuno
384 2727 468 2761 plebis
484 2727 583 2762 palam,
601 2732 630 2753 vt
649 2727 682 2753 ab
700 2736 733 2753 eo
747 2728 896 2762 prouincias
915 2729 1112 2768 acciperent‚70

34 2761 98 2798 quas
114 2762 159 2797 ipsi
172 2762 280 2793 vellent,
294 2769 338 2788 etc.
408 2762 468 2789 Liu.
481 2771 525 2795 24,
540 2764 554 2788 6
583 2762 761 2795 Hieronymus
774 2763 872 2797 legatos
884 2763 1071 2798 Carthaginem

24 2798 105 2830 ..misit
116 2798 149 2824 ad
164 2797 265 2824 Foedus
277 2806 307 2823 ex
321 2797 444 2824 societate
456 2807 513 2824 cum
527 2798 655 2824 Annibale
666 2798 828 2825 faciendum.
897 2799 952 2825 Cic.
966 2799 999 2825 de
1010 2799 1069 2825 Fin.

28 2828 63 2867 ᾗ,
75 2840 101 2866 83
121 2842 142 2860 c.
158 2835 192 2859 26
223 2833 334 2859 Posuisti
353 2839 441 2859 autem
450 2854 457 2866 ‚
469 2833 557 2860 dicere
570 2833 635 2859 alios
644 2853 651 2864 ,
666 2834 768 2860 Foedus
781 2834 915 2869 quoddam
927 2835 1013 2861 faeere
1029 2835 1070 2860 in-

36 2875 76 2897 ter
89 2870 113 2896 se
125 2869 251 2903 sapientes
259 2888 266 2899 ‚
285 2875 314 2894 vt
325 2869 545 2903 quemadmodum
557 2869 606 2895 sint
617 2869 646 2895 in
657 2869 753 2904 seipsos
765 2870 892 2902 animati,
907 2870 1000 2897 eodem
1014 2879 1070 2896 mo-

39 2905 74 2932 do
86 2905 133 2931 sint
145 2913 207 2939 erga
223 2904 330 2930 amicos.
400 2905 524 2931 Formam
542 2904 651 2931 alicuius
661 2925 669 2937 ,
687 2905 741 2931 uid.
763 2912 779 2932 F
789 2912 808 2932 O
817 2912 906 2932 RMA.

38 2940 106 2967 Hist.
122 2949 144 2972 3,
156 2949 184 2966 ιο
213 2941 313 2966 Vanam
332 2940 529 2973 Formidinem,
541 2945 570 2967 vt
587 2939 673 2966 hostes
692 2941 786 2968 fecere.
859 2941 954 2968 Facere
973 2946 999 2968 et
1016 2947 1070 2975 pati

40 2975 130 3002 Fortia
141 2976 289 3002 Romanum
301 2975 337 3001 est
351 2975 410 3002 Liu.
426 2984 451 3007 2,
466 2984 503 3002 12,
573 2976 689 3003 Fortiter
698 2976 800 3009 facere,
818 2979 838 3003 i.
853 2983 975 3013 pugnare.
1012 2977 1068 3011 Qi

42 3015 83 3037 ter
95 3010 207 3037 Fortiter
218 3011 296 3042 fecit,
313 3011 410 3038 militia
423 3017 497 3037 vacet
514 3011 571 3037 Sen.
586 3011 702 3038 Declam.
717 3020 737 3044 1,
751 3017 775 3041 8.
828 3012 871 3039 Ne
883 3018 939 3039 tum
952 3012 1071 3048 quidem,

979 2906 1069 2946 Tacit:
1080 2918 1113 2945 7,-

1 3055 3 3060 ·
44 3054 126 3079 quum
153 3045 267 3073 Fortiter
290 3046 404 3079 faceres,
429 3056 488 3073 cum
518 3056 583 3081 pura
609 3047 724 3073 muliere
749 3047 866 3082 pugnasti
888 3049 990 3075 Petron.
1010 3058 1031 3074 e.
1046 3057 1070 3081 9.

44 3080 105 3106 Liu.
119 3087 162 3112 24,
197 3099 204 3106 .
239 3101 245 3108 .
279 3079 368 3108 Facile
385 3083 432 3108 esse
448 3090 584 3109 momento
598 3092 652 3117 quo
666 3083 724 3117 quis
742 3083 821 3116 velit,
840 3082 932 3110 cedere
947 3084 1071 3118 posseffio-
1081 3095 1114 3120 80

45 3124 79 3141 ne
92 3123 197 3148 magnae
207 3115 349 3144 Fortunae:
368 3118 454 3144 facere
468 3124 494 3144 et
505 3127 596 3152 parare
608 3127 664 3144 eam
672 3138 679 3150 ‚
688 3117 794 3144 difficile
805 3125 883 3154 atque
890 3119 1002 3145 arduum
1017 3120 1074 3146 esI'e.

45 3151 188 3191 Fortunam
198 3151 289 3177 malam
302 3153 388 3180 facere
402 3153 466 3186 fibi,
481 3153 552 3188 quod
567 3154 639 3185 facit,
652 3154 699 3188 qui
712 3153 809 3180 malum
829 3155 947 3181 vicinum
960 3156 1011 3181 suis
1026 3164 1073 3181 nu-

46 3194 97 3212 nus
113 3190 184 3220 parat
197 3185 321 3214 Columel.
336 3197 355 3218 1,
371 3198 394 3221 3,
407 3198 429 3221 5.
464 3190 637 3216 Fortunatum
650 3190 731 3216 Plaut.
746 3190 820 3224 Capt.
834 3199 862 3223 4,
877 3199 902 3222 2,
915 3196 956 3224 78.
997 3191 1072 3217 Caes.

46 3222 76 3284 ἐξ,
90 3222 155 3281 C-fii,
169 3228 204 3260 41·
213 3227 276 3281 ε’ἧζν.
302 3223 355 3250 *Sed
372 3234 387 3250 a
405 3225 495 3251 fronte
506 3232 597 3251 contra
616 3224 717 3251 hostem
736 3225 831 3260 pedum
849 3226 1000 3260 quindecim
1014 3226 1075 3252 Fos-

59 3266 100 3282 am
139 3264 178 3281 eri
197 3264 225 3281 111
243 3261 271 3282 u.

39 3291 115 3327 flans
134 3290 210 3317 Codd.
229 3287 298 3317 lesbio
316 3299 342 3320 et
359 3295 484 3328 fratrem,
511 3296 576 3331 quod
598 3306 652 3322 cum
665 3296 741 3323 nihili
753 3294 796 3329 este
809 3297 939 3328 videatur,
952 3296 1075 3333 ingcniqse

47 3334 112 3354 certe
125 3328 230 3353 Gronou.
243 3326 326 3353 Offam
337 3328 422 3357 facere
436 3341 468 3358 ex
480 3331 610 3358 hostibus.
681 3332 809 3358 Fraudem
824 3332 878 3367 legi
892 3332 964 3358 Idem
979 3332 1038 3358 Mil.
1052 3340 1076 3364 2,

47 3372 74 3395 2,
88 3371 112 3395 9.
166 3359 292 3388 Fruftum
306 3363 380 3391 Varr.
392 3366 423 3393 R.
435 3368 467 3394 R.
481 3376 494 3393 2
507 3368 547 3394 Pr.
562 3375 583 3400 5.
638 3367 751 3401 Frugem
766 3367 847 3394 Plaut.
862 3369 940 3395 Poen.
952 3376 980 3400 4,
994 3376 1018 3400 2,
1032 3375 1076 3402 70.

47 3400 222 3439 Frumentum
246 3396 330 3423 facere
345 3399 441 3438 Ldicitur
461 3404 573 3439 agricola
597 3404 673 3430 Varr.
688 3404 719 3429 R.
732 3404 763 3429 R.
779 3412 799 3435 1,
811 3411 838 3438 7,
852 3412 877 3430 2.
911 3405 952 3430 Sic
971 3403 1074 3435 Oleam,

48 3436 164 3465 Vmutn,
178 3431 299 3471 violam,
317 3433 412 3462 Vitem.
479 3439 577 3472 Fugam
594 3439 662 3466 Ter.
687 3439 752 3465 Eun.
772 3447 800 3471 4,
819 3447 846 3473 7,
866 3446 903 3473 17.
924 3435 959 3471 est
973 3438 1074 3475 fugere.
1085 3449 1120 3474 90

47 3470 90 3498 sic
104 3470 175 3503 Fuga
190 3466 328 3494 confestnn
346 3476 376 3494 ex
388 3470 456 3502 acie,
473 3472 538 3500 duce
557 3474 663 3506 amisso,
675 3474 734 3501 fieri
753 3481 844 3509 coepta
856 3475 892 3500 est
908 3475 968 3500 Liu.
981 3482 1022 3507 25,
1035 3483 1075 3507 34.

962 3519 1005 3536 uas
1026 3510 1074 3536 iste

51 3546 106 3567 tum
121 3539 226 3570 caedes,
243 3546 306 3578 quas
318 3537 499 3574 lapidationes,
518 3554 580 3579 quas
587 3546 669 3580 Fugas
677 3545 778 3571 fecerit.
814 3545 860 3573 Sed
873 3511 971 3578 Liu.}
982 3554 998 3579 9
1010 3542 1074 3571 e'xtr.

50 3576 148 3610 Fugam
160 3583 188 3601 ae
206 3573 353 3600 vastitatem
364 3573 414 3600 late
426 3575 542 3605 fecerunt
552 3579 632 3612 vic'ti,
651 3584 669 3606 i.
684 3580 819 3616 fugerunt.
855 3582 914 3607 Non
926 3581 996 3616 stitis
1007 3590 1076 3607 accu-

1019 3615 1074 3642 Cic.
1107 3625 1117 3632 -

51 3655 100 3681 pro
112 3646 215 3672 Cluent.
229 3649 257 3674 28
287 3645 318 3670 Et
336 3643 376 3671 ibi
393 3643 424 3669 de
443 3645 543 3681 int'egro
554 3650 632 3677 funus
650 3651 703 3678 iam
716 3651 816 3685 sepulto
836 3651 893 3677 filio
905 3651 977 3678 fecit.
1015 3651 1074 3677 Liu.
1085 3626 1117 3652 9³

280 3679 361 3706 Plffllt·
376 3679 443 3705 Asin·
457 3688 480 3712 3³
493 3689 514 3712 3,
526 3690 538 3714 5
558 3685 686 3713 Acerbum
700 3687 786 3713 Funus
803 3686 874 3713 filiae
891 3687 970 3713 faciet
985 3692 1074 3719 mater,

45 3716 71 3751 fi
83 3716 150 3742 illius
161 3718 262 3752 imperio
274 3721 310 3747 te,
324 3725 337 3742 o
345 3718 450 3747 iuuenis,
465 3716 603 3747 carendum
614 3721 657 3748 est.
674 3723 759 3749 Puella
772 3722 805 3748 ad
815 3729 954 3749 amatorem.
992 3721 1073 3749 Plaut.

53 3752 121 3779 Men.
134 3761 158 3784 3,
169 3761 191 3783 2,
205 3759 248 3786 27.
272 3750 381 3786 Parqfiti
392 3749 550 3786 expostulatio
561 3753 603 3786 est,

204 3786 277 3820 Qnid
296 3786 328 3813 de
348 3792 374 3812 te
394 3787 497 3818 merui,
514 3795 565 3820 qua
584 3797 625 3815 me
640 3793 713 3818 causa
731 3791 870 3827 perderes!

203 3824 239 3849 Vt
258 3822 407 3856 surripuisti
425 3828 450 3848 te
469 3821 539 3848 mihi
558 3821 656 3851 dudum
674 3825 706 3852 de
723 3828 801 3855 f0r03

23 3829 25 3922 1
205 3857 298 3884 Fecisti
307 3858 394 3884 Funus
407 3857 507 3884 absenti
520 3866 562 3883 me
574 3859 694 3892 prandio,
706 3864 724 3887 i.
737 3863 844 3899 consumi
855 3866 936 3889 omnia
945 3862 1031 3898 paffics
1044 3872 1077 3889 es.

55 3891 132 3932 Furta
160 3893 241 3920 Plaut.
255 3893 333 3919 Poen.
347 3901 367 3926 5.
381 3902 407 3926 4,
419 3900 459 3928 75.
500 3900 523 3919 ct
544 3892 610 3920 Rud.
631 3902 658 3926 4,
678 3902 700 3925 3,
720 3904 751 3928 15.
784 3898 851 3925 Ter.
870 3898 938 3933 prol.
959 3899 1022 3925 Eun.
1037 3904 1076 3928 28.

25 3935 26 3965 J
56 3928 109 3954 C1c.
123 3937 169 3963 pro
184 3929 288 3955 Cluent.
300 3937 346 3963 179
365 3929 423 3954 Hoc
438 3929 496 3963 ipso
510 3929 566 3955 fere
581 3936 699 3963 tempore
713 3930 796 3957 Strato
809 3933 854 3959 illc
867 3933 985 3960 medicus
1002 3933 1077 3960 domi

25 3970 26 3981 ³
53 3962 161 3990 Furtum
174 3964 253 3995 fecit,
272 3969 298 3990 et
316 3964 421 3990 caedem
438 3964 577 3992 eiusmodi.

25 4000 27 4079 1

27 4165 29 4225 l

336 3259 458 3287 Fra<3him
475 3260 556 3287 Plaut.
569 3260 628 3287 Mil.
644 3269 664 3292 1,
677 3269 697 3293 1,
709 3266 731 3290 8.
750 3263 769 3287 i.
792 3263 923 3298 Frangere.
960 3261 1008 3288 Sed
1018 3271 1074 3288 con-
1086 3273 1114 3301 83
1135 3271 1195 3289 rum
1208 3261 1312 3296 aliquid
1323 3260 1408 3287 Catul.
1422 3263 1447 3293 6,
1461 3270 1499 3295 14.

1524 197 1556 238 F

1126 287 1209 314 fecisti
1230 288 1341 315 Furtum
1371 286 1450 313 aetati
1483 287 1590 314 malum.
1784 282 1806 322 ff
1826 294 1842 318 9
1878 288 2045 318 Gelationem
2072 291 2161 319 facere

1126 324 1244 350 Sci-ibon.
1260 329 1312 353 180.
1382 322 1463 348 Plaut.
1476 323 1555 349 Stich.
1568 331 1596 356 4,
1611 328 1678 354 2„42
1701 319 1772 360 Nam
1784 320 1827 347 hic
1840 323 1947 355 quidem
1960 327 2099 353 meliorem
2112 328 2161 354 Ge—

1126 359 1200 385 nium
1215 365 1290 385 tuum
1302 366 1355 384 non
1368 356 1447 383 facit-s
1460 358 1493 383 ad
1504 363 1652 394 parasitum,
1665 359 1707 392 qui
1719 366 1733 391 ᾳ
1747 358 1792 391 Jpe
1804 365 1889 383 coenae
1899 362 2034 393 repellitur.
2099 363 2162 389 Glo-

1126 395 1192 420 riam
1212 395 1290 420 anmi
1313 393 1378 420 Plin.
1401 401 1440 426 14,
1463 402 1481 419 1.
1553 393 1685 423 Gradum,
1705 392 1836 419 Ambulare
1861 393 1944 419 Fiant.
1957 397 2034 423 (Ture,
2052 406 2071 429 1,
2086 407 2108 429 ς,
2121 407 2161 432 25,

1126 430 1182 455 Cic.
1198 429 1228 455 de
1241 432 1314 456 Orat.
1333 436 1357 460 2,
1377 436 1429 461 249
1470 428 1543 461 Qun
1560 428 1649 463 prodis
1669 427 1707 452 mi
1722 427 1814 462 Spuri,
1829 432 1858 453 vt
1876 430 2083 466 quotiescunque
2097 435 2163 461 Gra-

1127 465 1189 491 dmu
1204 466 1299 497 facias,
1319 463 1397 490 toties
1410 463 1462 489 tibi
1477 470 1580 490 tuarum
1593 464 1724 490 virtutum
1741 463 1828 489 veniat
1844 463 1871 489 in
1884 467 2015 491 mentem?
2051 469 2159 501 Qun&

1127 509 1150 532 3,
1163 503 1189 531 6,
1204 506 1217 530 8
1251 501 1376 534 Namque
1395 503 1421 525 ct
1440 498 1508 524 illud
1527 499 1651 534 frequens
1670 499 1722 531 est,
1742 505 1771 525 vt
1780 507 1827 531 -ea,
1839 498 1936 534 quibus
1949 502 2035 527 minus
2053 505 2162 531 conlidi.

1126 545 1199 567 unffi,
1235 551 1280 556 —
1315 535 1470 560 omittamus
1503 547 1549 554 ·—
1586 534 1693 560 interim
1713 533 1745 560 ad
1768 542 1814 566 ea,
1835 543 1902 569 quae
1921 535 1979 562 sunt
2002 540 2162 572 potentiora,

1126 571 1242 597 Gradum
1263 579 1294 597 ex
1312 570 1354 597 his
1372 570 1459 595 feciffe
1477 571 1602 596 contenti.
1673 569 1720 595 Cic
1743 570 1819 596 Vcrr.
1834 579 1856 602 2,
1871 578 1883 602 3
1911 571 2001 606 Itaque
2015 573 2163 601 maioribus

1125 607 1154 632 in
1173 606 1290 633 Africam
1310 614 1341 631 ex
1359 605 1406 630 hac
1431 604 1570 640 prouincia
1589 604 1690 630 Gradus
1710 605 1817 639 imperii
1834 606 1918 632 faetus
1939 607 1982 633 est.
2017 608 2085 635 Add.
2102 610 2161 636 Liu.

1125 644 1150 672 6,
1186 661 1192 667 .
1231 661 1238 667 .
1315 640 1434 667 Gratiam
1447 640 1542 671 facere,
1550 646 1579 666 vt
1591 640 1741 667 Gratiticari
1754 642 1857 667 alterins
1875 642 1947 678 causa
1967 644 2002 669 ali
2019 644 2063 669 uid
2074 645 2161 679 facer·

1124 677 1164 703 vel
1175 678 1340 703 intermittere
1353 675 1434 701 Plaut.
1444 676 1500 701 Cas.
1515 684 1540 706 2,
1553 677 1577 705 6,
1592 684 1619 701 21
1641 676 1679 701 Dc
1694 675 1773 702 isthac
1787 676 1877 703 Catina
1891 676 1952 704 huic
1967 681 2011 704 nol
2025 688 2056 705 ro
2069 680 2163 708 villico

1125 712 1243 739 Gratiam
1264 711 1358 743 iacias,
1379 710 1495 743 comodcs,
1508 713 1605 737 veniam
1621 710 1672 737 des.
1743 711 1861 739 Gratiam
1878 712 2053 741 iurisiurandi
2081 716 2163 743 Plaut.

1126 747 1194 774 Rud.
1209 755 1231 780 5,
1247 755 1268 778 3,
1284 751 1320 779 58.
1340 749 1358 772 i.
1377 749 1509 773 remittere.
1564 746 1649 772 Eodem
1661 746 1729 772 modo
1743 746 1811 773 Suet.
1823 747 1891 774 Tib.
1906 757 1962 782 c.35
1983 750 2073 784 Equiti
2086 752 2164 779 Rom.

1125 783 1299 809 iurisiurandi
1309 780 1426 808 Gratiam
1440 782 1511 808 fecit.
1548 782 1580 807 Et
1593 783 1658 815 Aug.
1670 791 1691 807 c.
1701 789 1728 816 17
1748 783 1955 810 Bononiensibus
1970 785 2087 813 Gratiam
2101 788 2165 815 fecit

1126 817 1284 845 coniurandi
1307 826 1368 843 cum
1388 823 1443 843 tota
1456 817 1531 844 Italia
1547 824 1596 851 pro
1615 817 1733 851 partibus
1751 818 1810 844 suis.
1864 820 1896 845 Et
1910 820 2010 847 Domit.
2027 830 2057 855 ¹4
2077 822 2165 850 Edicit

1126 854 1244 881 Gratiam
1257 852 1329 879 fecit.
1384 852 1465 878 Plaut.
1475 852 1552 879 Most.
1566 861 1586 885 5,
1600 861 1624 884 2,
1637 855 1674 886 46
1700 854 1749 879 Fac
1767 854 1841 880 istam
1857 855 1975 882 nunciam
1991 857 2126 891 Gratiam,
2144 862 2165 886 i.

1125 889 1220 925 ignosce
1233 898 1282 914 non
1293 887 1357 914 mihi
1368 888 1437 913 modo
1454 888 1506 922 filio
1515 908 1522 919 ,
1536 888 1584 923 sed
1597 891 1670 914 etiam
1683 888 1757 923 serito
1769 898 1820 915 mea
1833 890 1906 926 cmgfiz
1915 895 2044 925 peccanti,
2061 901 2090 919 vt
2105 904 2165 930 gra-

1124 930 1161 952 tm
1175 923 1288 958 totasit,
1300 933 1347 949 non
1363 932 1391 948 ex
1403 929 1488 958 parte.
1529 925 1607 959 Vulgo
1620 923 1721 955 dicunt,
1734 923 1882 959 dispensare.
1918 927 1978 953 Liu.
1992 936 2012 959 3,
2025 937 2054 961 41
2076 930 2166 957 Facta-

1125 969 1176 995 que
1190 969 1236 994 per
1248 958 1405 986 Cornelium
1420 959 1527 985 Valerio
1542 958 1647 985 dicendi
1660 959 1751 984 Gratia
1766 968 1833 993 quac
1844 960 1939 993 vellet,
1954 972 2036 996 quum
2053 964 2164 992 libertas

1125 1005 1179 1022 non
1196 996 1264 1022 vltra
1278 1003 1370 1021 vocem
1390 994 1539 1026 exceffiss‘et,
1552 993 1704 1021 Decemuiri
1719 994 1882 1028 propolitum
1896 1001 2014 1024 tenuere.
2087 1002 2165 1036 Capi.

1124 1031 1201 1058 tolin.
1217 1031 1254 1056 M.
1270 1030 1367 1056 Anton.
1382 1030 1446 1055 Phil.
1459 1039 1481 1056 c.
1495 1038 1507 1062 5
1526 1029 1619 1056 Gratia
1636 1029 1725 1056 aetatis
1743 1029 1812 1056 saera
1827 1032 1948 1064 quaestor
1961 1033 1997 1059 est
2011 1033 2164 1069 defignatus.

1647 198 1692 237 A
1773 198 1806 238 C
2089 214 2162 254 574

1115 1066 1244 1093 ‘Gratiam
1267 1064 1375 1097 delicti,
1388 1066 1589 1105 prodlgnofterc.
1628 1064 1727 1090 Sallust.
1743 1064 1770 1090 in
1785 1066 1902 1098 Iugurth.
1917 1076 1937 1092 c.
1954 1076 2000 1101 104
2013 1077 2076 1095 extr.
2102 1073 2165 1098 Cae-

1126 1108 1212 1129 terum
1230 1100 1349 1132 Boccho,
1369 1109 1497 1135 quomam
1514 1100 1649 1134 poenitet,
1669 1099 1761 1126 delicti
1777 1100 1897 1128 Gratiam
1918 1102 1990 1128 facit.
2010 1107 2028 1130 i.
2047 1107 2165 1142 Ignoscit.

1125 1138 1194 1165 Add.
1216 1136 1256 1162 Id.
1273 1136 1353 1162 Catil.
1373 1145 1395 1162 c.
1418 1145 1455 1169 52.
1525 1136 1644 1162 Gratiam
1677 1135 1820 1162 criminum
1851 1137 1919 1163 Suet.
1939 1138 1967 1164 in
1988 1139 2073 1174 Calig.
2089 1151 2110 1167 c.
2131 1151 2165 1174 ις.

1130 1174 1192 1199 Tale
1206 1170 1238 1205 qs}
1249 1172 1314 1198 illud
1326 1171 1386 1198 Liu.
1400 1180 1422 1203 3,
1436 1174 1467 1205 56
1491 1172 1620 1198 Omnium
1633 1170 1715 1205 igitur
1728 1171 1779 1198 tibi
1792 1172 1859 1206 Appi
1873 1173 1983 1206 Claudi,
1997 1184 2064 1209 quae
2083 1177 2166 1211 impie

1127 1208 1283 1242 nefarieque
1307 1216 1353 1241 per
1379 1206 1518 1234 biennium
1544 1207 1596 1233 alia
1624 1207 1700 1241 super
1713 1207 1765 1233 alia
1786 1216 1813 1232 es
1841 1209 1930 1241 ausus,
1948 1210 2066 1237 Gratiam
2085 1213 2165 1240 facio.

1126 1245 1259 1271 Votorum
1281 1250 1400 1270 veterum
1413 1244 1467 1269 Gra
1482 1244 1532 1268 'am
1549 1243 1635 1269 faeere
1654 1242 1704 1268 diis
1725 1243 1783 1268 Sen.
1796 1243 1841 1277 Ep.
1860 1252 1896 1270 10.
1967 1246 2101 1279 Gratiam,
2120 1248 2168 1274 ali-

1125 1289 1204 1314 quam
1224 1284 1323 1313 partem
1344 1278 1445 1312 argenti
1490 1277 1554 1304 laut.
1569 1277 1657 1304 Pseud.
1678 1286 1704 1310 2,
1718 1286 1740 1310 3,
1754 1286 1791 1310 52.
1863 1280 1981 1307 Gratiam
2007 1282 2093 1309 facere
2115 1292 2166 1319 pro

1125 1314 1268 1352 gratificari
1286 1314 1367 1340 Plaut.
1382 1314 1438 1340 Cas.
1452 1323 1477 1346 2,
1491 1317 1517 1346 6,
1531 1321 1570 1339 20.
1626 1313 1684 1339 Sen.
1699 1314 1828 1340 Controu.
1843 1323 1863 1346 1,
1876 1323 1889 1348 5
1909 1317 1979 1342 Volo
1999 1317 2050 1344 tibi
2069 1320 2166 1346 malam

1127 1351 1246 1377 Gratiam
1264 1359 1323 1376 cum
1344 1351 1436 1384 sponso
1457 1356 1504 1375 tuo
1524 1349 1623 1379 facere,
1645 1348 1723 1375 habet
1740 1350 1860 1376 amicam.
1932 1352 1987 1378 Cic.
2005 1354 2076 1380 Fam.
2096 1363 2126 1386 11,
2141 1362 2165 1385 18

1126 1385 1175 1412 Sed
1188 1392 1274 1412 tamen
1288 1390 1340 1412 tam
1354 1385 1453 1412 recenti
1467 1385 1665 1417 Gratulatione‚
1686 1393 1762 1419 quam
1777 1391 1824 1412 tuo
1835 1386 1944 1413 nomine
1956 1388 1988 1414 ad
2001 1390 2091 1416 omnia
2104 1391 2166 1417 deo-

1126 1431 1186 1448 rum
1203 1421 1299 1456 templa
1310 1421 1438 1452 fecimus,
1457 1421 1597 1447 renouatio
1610 1421 1715 1446 timoris
1735 1430 1853 1455 magnam
1871 1422 2016 1450 molestiam
2032 1426 2164 1453 afferebat.

1127 1459 1249 1489 Gratum,
1270 1457 1566 1493 Gratisicari'ser.Eun.
1581 1466 1609 1489 4,
1622 1466 1647 1489 4.
1702 1457 1757 1482 Cic.
1772 1458 1823 1483 Att.
1840 1466 1858 1489 1,
1873 1467 1907 1484 20
1926 1460 1973 1485 Per
1985 1461 2052 1487 mihi
2066 1470 2112 1496 per
2127 1464 2166 1488 in-

1127 1502 1205 1528 quam
1223 1494 1334 1519 Gratum
1351 1492 1454 1519 feceris.
1528 1491 1670 1518 Grauidam
1690 1492 1771 1519 Plaut.
1787 1492 1882 1527 Amph.
1900 1495 1967 1528 prol.
1983 1504 2033 1528 103.
2095 1498 2166 1524 Ter.

1128 1529 1209 1556 Andr.
1225 1537 1244 1560 1,
1259 1537 1279 1560 1,
1293 1537 1317 1560 15
1343 1528 1459 1554 Grauida
1472 1527 1543 1553 facia
1555 1527 1591 1553 cst
1603 1535 1616 1552 e
1631 1527 1775 1561 Pamphilo.
1848 1529 2011 1557 Grauitatem
2023 1533 2115 1566 capitis
2130 1534 2167 1560 fa-

1127 1574 1186 1591 cere
1200 1564 1319 1590 Scribon.
1335 1572 1368 1592 18-
1437 1564 1550 1598 Gregem
1563 1562 1695 1589 afinorum
1716 1564 1800 1590 Varro
1813 1564 1843 1590 R.
1858 1565 1888 1590 R.
1902 1573 1928 1597 2,
1943 1568 1969 1598 6,
1985 1575 2003 1592 1.
2041 1568 2098 1593 Vz'd.
2119 1571 2167 1594 Ex-

1129 1600 1240 1627 ercitum
1253 1599 1349 1625 facere.
1545 1596 1566 1634 ff
1586 1606 1614 1624 10
1649 1598 1705 1624 Cic.
1720 1600 1796 1625 Verr.
1812 1599 1868 1625 Aft.
1883 1609 1902 1632 1,
1921 1608 1946 1634 17
1984 1601 2062 1627 Viros
2083 1602 2168 1629 bonos

1129 1642 1154 1662 et
1171 1635 1292 1662 honestos
1311 1633 1471 1668 eomplureis
1484 1633 1547 1659 fecit
1561 1633 1689 1660 Heredes.
1739 1633 1815 1660 Idem
1825 1635 1901 1660 Verr.
1917 1643 1935 1665 1,
1952 1644 1986 1661 111
2006 1637 2102 1663 Fecere
2117 1640 2170 1664 He·

1128 1671 1220 1698 redem
1242 1670 1406 1696 testamento.
1443 1668 1510 1695 Add.
1530 1669 1599 1702 Nep.
1620 1676 1660 1700 25,
1679 1675 1701 1702 5,
1712 1677 1736 1695 2.
1805 1669 2009 1697 Hacfitationem
2030 1672 2082 1698 tibi
2103 1673 2169 1700 fecit

1129 1706 1384 1733 Senatusconsultum
1415 1704 1496 1729 Trai.
1516 1703 1547 1729 ad
1569 1703 1634 1728 Plin.
1657 1711 1694 1734 ιο,
1713 1708 1753 1736 78.
1831 1703 1952 1730 Halitum
1981 1706 2169 1735 iucundiorem

1129 1742 1197 1767 Plin.
1214 1749 1256 1770 20,
1272 1748 1308 1773 17.
1381 1739 1436 1764 Cic.
1452 1739 1523 1763 Fam.
1539 1740 1565 1769 6,
1580 1743 1603 1766 18
1631 1738 1728 1770 Neque
1748 1737 1820 1763 enim
1837 1744 1893 1764 erat
1911 1740 2065 1775 ferendum,
2085 1753 2167 1778 quum

1129 1776 1177 1807 qui
1208 1774 1288 1799 hodie
1321 1774 1523 1806 Haruspicinam
1556 1772 1686 1803 facerent,
1707 1773 1735 1797 in
1756 1773 1851 1799 Senatu
1877 1775 1976 1802 Romae
2008 1777 2168 1813 legerentur.

1128 1808 1400 1842 Hist1·ionia1n‚agcrc
1412 1808 1555 1838 histrionem
1570 1806 1650 1833 Plaut.
1664 1807 1758 1842 Amph.
1773 1808 1839 1842 prol.
1854 1818 1898 1841 90.
1939 1812 1995 1838 Vaed.
2011 1814 2106 1840 Facere
2119 1816 2168 1842 Ar-

1128 1843 1282 1875 gentariam.
1353 1842 1408 1867 Cic.
1424 1841 1537 1875 Philipp.
1552 1850 1577 1873 9,
1591 1850 1620 1874 25
1650 1842 1733 1869 Nulla
1752 1843 1884 1871 dubitatio
1897 1846 2080 1882 relinquetur,
2101 1851 2168 1885 quin

1128 1879 1268 1904 Honorem
1287 1884 1411 1908 mortuo,
1431 1878 1474 1903 cui
1494 1877 1621 1904 Iniuriam
1642 1879 1706 1904 vino
1731 1879 1857 1911 fecimus,
1879 1881 2014 1910 faciamus.
2091 1886 2167 1912 Idem

1128 1922 1177 1948 pro
1191 1914 1271 1940 Corn.
1286 1912 1357 1938 Balb.
1372 1921 1400 1945 41
1443 1913 1531 1938 Potuit
1552 1914 1633 1947 magis
1652 1913 1749 1939 fundus
1766 1915 1877 1949 populus
1891 1917 2035 1945 Gaditanus
2053 1919 2130 1953 fieri,
2148 1922 2167 1949 si

1128 1955 1184 1975 tum
1202 1948 1230 1974 sit
1243 1947 1356 1978 fundus,
1377 1957 1459 1981 quum
1479 1948 1539 1973 scita
1560 1957 1588 1974 ac
1609 1949 1670 1974 iuffa
1691 1949 1777 1975 nostra
1799 1951 1841 1976 sua
1864 1952 1987 1980 sententia
2004 1956 2167 1990 comprobat,

1129 1993 1207 2018 quam
1223 1992 1304 2018 quum
1318 1983 1469 2017 Hospitium
1482 1981 1563 2009 fecit?
1634 1983 1742 2010 Hostem
1755 1984 1870 2020 aliquem
1884 1987 1964 2015 alicui
1978 1990 2073 2017 Lucan.
2084 2001 2092 2017 1
2114 2001 2168 2025 203.

1129 2019 1244 2045 Hostilia
1265 2018 1330 2044 Plin.
1350 2018 1378 2044 in
1401 2019 1491 2052 Paneg.
1511 2027 1549 2050 3ο.
1587 2019 1675 2045 Tacit,
1691 2021 1759 2045 Ann.
1775 2030 1808 2053 ις,
1824 2030 1846 2053 13
1868 2023 1946 2055 Qtod
1966 2034 2014 2058 pro
2035 2012 2167 2054 Arm'eniis

1130 2055 1245 2081 Hostilia
1259 2055 1365 2080 faceret.
1541 2051 1561 2089 ’ἦ
1584 2063 1607 2080 11
1644 2054 1775 2082 Iacturam
1789 2057 1854 2083 Plin.
1869 2059 1948 2092 Epist.
1962 2069 1980 2091 1,
1996 2069 2031 2088 12.
2065 2063 2106 2090 sn<
2122 2064 2168 2090 Fa.

1130 2099 1188 2117 cere
1201 2089 1330 2116 Iacturam
1350 2089 1389 2115 rei
1409 2089 1547 2115 familiaris
1568 2090 1624 2115 Cic.
1638 2090 1669 2115 dc
1683 2091 1739 2116 Fin.
1755 2100 1779 2123 2,
1794 2099 1836 2126 79.
1873 2094 1903 2119 Et
1918 2095 1969 2123 Off.
1983 2105 2003 2129 1,
2019 2103 2051 2130 84
2072 2099 2168 2126 Facere

1129 2126 1260 2152 lacunam
1276 2126 1385 2158 gloriae.
1446 2124 1575 2150 laciuram
1589 2125 1617 2150 in
1630 2126 1705 2151 vuius
1719 2128 1892 2155 mulierculae
1901 2131 2016 2157 animula
2033 2133 2167 2161 Ciukam.

1130 2171 1156 2194 4,
1171 2169 1193 2194 5.
1234 2161 1291 2187 Viri.
1313 2161 1399 2186 facere
1422 2160 1563 2186 Damnum.
1635 2162 1707 2187 Hirt.
1723 2161 1754 2188 de
1768 2163 1795 2189 B.
1810 2165 1917 2198 Hispan.
1932 2174 1949 2198 9
1977 2168 2070 2195 Nostri
2085 2180 2169 2197 quum

1129 2196 1390 2231 appropinquassent,
1415 2196 1530 2222 clamore
1551 2197 1690 2230 repentino
1709 2197 1875 2234 telorumque
1895 2202 2065 2230 multitudine
2084 2198 2169 2232 sacius

1130 2233 1215 2263 facere
1227 2238 1377 2266 coeperunt.
1414 2230 1487 2257 Idem
1509 2231 1570 2258 haec
1588 2232 1657 2259 inter
1671 2234 1696 2259 sc
1714 2242 1767 2260 non
1788 2235 1890 2269 semper
1903 2237 2018 2267 faciunt,
2036 2243 2055 2265 i.
2068 2240 2169 2277 signifi-

1128 2275 1188 2296 cant
1202 2268 1310 2302 Qiinci.
1325 2277 1363 2300 10,
1382 2276 1401 2299 1,
1418 2276 1456 2301 14.
1528 2268 1618 2301 Ignem
1636 2277 1667 2294 ex
1682 2269 1760 2303 lignis
1777 2270 1911 2298 viridibus
1932 2274 1987 2299 Cic.
2003 2276 2077 2303 Verr.
2093 2286 2112 2307 1,,
2126 2284 2168 2310 45.

1129 2305 1258 2340 Imagines
1280 2304 1365 2330 facere
1387 2303 1519 2337 speculum
1537 2304 1631 2330 ducitur
1649 2305 1716 2330 Gen.
1736 2308 1771 2336 16,
1789 2311 1822 2336 18.
1896 2308 1950 2334 Cic.
1972 2310 2037 2335 Phili
2051 2321 2082 2345 ip.
2097 2316 2112 2338 <j
2139 2322 2169 2346 14

1129 2341 1200 2368 Nam
1219 2340 1366 2375 possessores
1386 2340 1476 2365 animo
1494 2340 1622 2374 aequiore
1644 2339 1790 2377 discedent:
1817 2343 1918 2370 nullam
1938 2333 2082 2379 impensam
2102 2333 2169 2374 ἷζε-ς-

1129 2382 1202 2407 rant,
1215 2376 1334 2402 nondum
1350 2374 1541 2407 instruxerant,
1555 2381 1600 2401 etc.
1616 2376 1674 2403 Liu.
1691 2385 1732 2409 22,
1770 2398 1776 2403 .
1814 2398 1820 2404 .
1891 2380 1944 2406 Cic.
1961 2382 2012 2407 Att.
2031 2391 2065 2414 13,
2079 2391 2106 2412 ες
2137 2384 2168 2410 Et

1131 2412 1159 2438 id
1178 2411 1305 2446 quoniam
1326 2411 1468 2445 impensam
1487 2410 1598 2437 fecimus
1616 2411 1643 2436 in
1663 2413 1822 2440 Macrocolla
1838 2433 1846 2446 ,
1871 2415 1948 2441 facile
1970 2417 2056 2449 patior
2076 2419 2167 2444 teneri.

1131 2448 1192 2474 Liu.
1206 2456 1233 2480 4,
1249 2451 1284 2473 60
1301 2446 1416 2473 Meliore
1431 2446 1584 2473 conditione
1598 2446 1664 2473 alios
1678 2448 1810 2481 militare,
1828 2459 1906 2483 quam
1919 2450 1936 2476 fi
1950 2452 1995 2485 ipli
2010 2453 2168 2485 militensem,

1131 2491 1158 2509 et
1177 2483 1283 2509 eosdem
1302 2483 1330 2508 in
1349 2484 1392 2508 sua
1411 2481 1538 2516 stipendia
1558 2483 1687 2516 impensas
1708 2484 1810 2515 fceiffe,
1830 2490 1855 2510 et
1881 2486 1908 2510 in
1929 2487 2044 2513 aliorum
2071 2489 2166 2515 facere.

1131 2520 1261 2553 imperata
1274 2517 1513 2549 Plaut.1>svud.1‚3‚
1531 2526 1578 2549 152.
1615 2518 1687 2544 Caes.
1702 2518 1729 2544 B.
1745 2519 1776 2544 G.
1791 2526 1847 2552 <‚37
1857 2526 1898 2554 pr.
1927 2522 2005 2547 Iull'us
2018 2531 2089 2550 arma
2102 2524 2167 2550 abii-

1130 2563 1207 2587 cere,
1229 2556 1389 2588 Imperatum
1408 2553 1482 2578 facit.
1551 2552 1617 2578 Plin.
1630 2555 1669 2583 36,
1684 2559 1708 2584 15
1745 2553 1882 2580 Nimirum
1903 2555 1935 2581 sic
1952 2556 2103 2585 habitarunt
2117 2559 2169 2592 illi,

1131 2591 1178 2624 qui
1195 2590 1245 2615 hoc
1260 2589 1403 2622 Imperium
1422 2588 1524 2617 fecere,
1542 2592 1623 2612 tantas
1636 2587 1668 2613 ad
1687 2587 1826 2615 vincendas
1841 2596 1944 2624 gentes,
1965 2593 2168 2629 triumphosque

1130 2624 1302 2655 referendos,
1314 2630 1360 2649 etc.
1427 2623 1570 2655 Impetum,
1585 2622 1722 2657 Insultare,
1742 2628 1781 2650 vel
1797 2625 1896 2658 Insilit-e
1916 2630 1943 2652 in
1962 2629 2065 2665 aliquem
2087 2630 2168 2657 Plaut.

1132 2660 1207 2692 Capt.
1221 2668 1249 2690 4,
1262 2668 1290 2692 4,
1306 2668 1332 2691 4.
1369 2656 1441 2683 Idem
1456 2658 1525 2682 Men.
1539 2665 1560 2689 ς,
1574 2666 1598 2687 2,
1613 2660 1654 2683 116
1678 2659 1723 2684 Me
1736 2659 1811 2685 iubes
1824 2661 1952 2695 Impetum
1966 2664 2052 2692 facere
2067 2666 2094 2692 in
2107 2675 2168 2693 eum

1132 2694 1179 2727 qui
1198 2693 1258 2723 ssat,
1279 2700 1356 2726 atque
1376 2692 1505 2718 occidere.
1561 2692 1631 2718 Viti.
1653 2692 1684 2719 de
1698 2693 1771 2721 Viris
1787 2695 1867 2722 illust.
1889 2706 1911 2722 c.
1929 2701 1962 2724 26
1976 2705 2039 2727 extr.
2066 2702 2168 2736 Impetu

1133 2729 1161 2755 in
1175 2728 1260 2755 hostes
1275 2728 1362 2760 facto,
1381 2727 1521 2754 vistoriam
1535 2728 1586 2754 suis
1598 2728 1716 2762 reliquit.
1773 2730 1830 2757 Cic.
1847 2732 1916 2758 Fam.
1930 2741 1964 2766 15,
1979 2744 1991 2767 3
2012 2737 2169 2764 Armenium

1132 2773 1220 2799 regem
1237 2764 1265 2790 in
1278 2763 1442 2797 Cappadocia
1461 2764 1590 2797 Impetum
1611 2764 1659 2789 esse
1675 2763 1815 2792 facturum.
1871 2767 1945 2795 Idem
1962 2779 2010 2804 pro
2025 2772 2120 2799 Milon.
2135 2782 2170 2805 29

1133 2801 1223 2826 Statim
1238 2800 1386 2833 complures
1396 2808 1455 2824 cum
1469 2799 1528 2824 telis
1539 2798 1640 2824 faciunt
1655 2798 1687 2825 de
1700 2799 1760 2826 loco
1774 2802 1908 2836 superiore
1920 2805 2058 2840 Impetum.
2096 2810 2169 2836 Caes.

1134 2836 1163 2862 B.
1175 2836 1206 2861 G.
1221 2841 1242 2865 8,
1257 2843 1268 2867 5
1292 2837 1324 2861 Vt
1336 2834 1411 2860 omni
1424 2833 1594 2860 multitudine
1608 2834 1636 2860 in
1648 2834 1713 2861 fines
1726 2836 1900 2872 Suessionum,
1914 2841 1961 2874 qui
1975 2842 2082 2870 Rhemis
2096 2851 2170 2871 erant

1133 2870 1272 2905 attributi,
1291 2871 1406 2897 facerent
1418 2869 1620 2904 impressionem.
1655 2871 1714 2896 Liu.
1731 2880 1751 2903 3.
1790 2893 1795 2899 .
1834 2894 1840 2900 ,
1911 2877 2033 2904 Incendja
2055 2880 2128 2907 caes⁸
2141 2881 2169 2907 Β,

1133 2908 1165 2933 G.
1180 2914 1202 2939 5,
1216 2915 1251 2938 19.
1322 2907 1391 2932 Mem
1410 2906 1434 2931 h.
1456 2905 1625 2931 1>laut.Merc.
1641 2914 1663 2937 3,
1677 2915 1704 2939 4,
1718 2915 1729 2938 3
1749 2908 1788 2934 Ita
1801 2909 1870 2936 mihi
1887 2910 1915 2937 in
1928 2913 2034 2946 pec‘lore
2050 2923 2129 2950 atque
2141 2917 2170 2942 in

1132 2942 1210 2968 corde
1224 2942 1287 2968 facit
1299 2950 1374 2968 amor
1401 2941 1550 2967 ncendium.
1604 2942 1736 2968 Incertum
1758 2944 1818 2971 Liu.
1831 2954 1858 2978 4,
1893 2966 1900 2972 .
1937 2967 1944 2974 .
2015 2950 2080 2977 Plin.
2096 2960 2120 2977 12
2140 2960 2170 2984 14

1134 2978 1187 3011 Qn
1203 2987 1260 3003 mea
1273 2982 1357 3003 aetate
1377 2976 1454 3010 legati
1469 2985 1500 3002 ex
1515 2976 1612 3003 Arabia
1624 2985 1769 3012 venerunt,
1787 2981 1876 3008 omnia
1886 2983 2028 3011 Incertiora
2041 2972 2168 3013 ferei-‹int-

1133 3013 1261 3040 Incesttnn
1283 3013 1340 3038 Cic.
1353 3011 1384 3037 de
1401 3014 1501 3038 Inuent.
1517 3021 1536 3044 1,
1552 3019 1591 3046 73.
1663 3013 1723 3040 Liu.
1738 3023 1760 3047 3,
1774 3021 1802 3047 38
1829 3017 1918 3044 Sabini
1931 3028 2023 3053 magna
2036 3030 2112 3047 manu
2128 3023 2170 3048 In-

1133 3049 1279 3075 curlionem
1298 3048 1327 3074 in
1343 3056 1436 3082 agrum
1455 3048 1604 3075 Romanum
1621 3048 1716 3075 fecere.
1787 3051 1933 3086 Indicium,
1953 3055 2066 3082 Jndscare
2088 3057 2170 3084 Plaut.

1135 3084 1195 3110 Aul.
1211 3095 1239 3116 4,
1252 3087 1277 3115 6,
1292 3090 1313 3115 5.
1370 3083 1517 3123 amincus,
1536 3083 1601 3119 quod
1612 3083 1713 3111 barbari
1729 3085 1814 3112 Facere
1827 3094 1926 3124 treugas
1939 3090 2040 3116 dicunt:
2059 3092 2169 3125 Liu.29‚

1136 3129 1163 3146 12
1183 3120 1250 3145 Cum
1264 3120 1388 3145 Romanis
1401 3128 1525 3180 quoque,
1546 3119 1608 3147 ficut
1627 3129 1686 3146 cum
1701 3121 1815 3153 Aetolis,
1834 3125 1939 3157 cupiens
1953 3134 2059 3159 pacem,
2080 3127 2096 3152 li
2111 3129 2169 3162 pos-

1136 3156 1186 3181 set:
1207 3154 1244 3180 lin
1255 3154 1356 3184 minus,
1370 3155 1398 3180 In
1420 3154 1488 3181 ucias
1503 3155 1595 3181 facere.
1632 3156 1689 3182 Cic.
1700 3156 1809 3191 Philipp.
1826 3164 1849 3190 8,
1864 3167 1903 3185 20.
1974 3161 2093 3188 Inducias
2122 3173 2169 3189 me-

1135 3191 1277 3225 taphorice,
1294 3197 1341 3224 pro
1356 3190 1438 3224 Spurii
1451 3189 1550 3226 aliquid
1567 3189 1642 3223 clare,
1658 3191 1732 3217 doner:
1743 3196 1867 3228 quippiam
1879 3194 1940 3229 fiat.
1977 3197 2058 3224 Plaut.
2073 3183 2168 3232 Ar'nph.

1138 3235 1158 3258 1,
1173 3235 1193 3258 1,
1208 3234 1250 3257 233
1277 3226 1364 3251 Immo
1379 3225 1662 3261 Induciae,par1nnpcr
1674 3227 1746 3259 fiant,
1759 3228 1775 3253 si
1790 3229 1854 3262 quid
1867 3231 1906 3256 vis
1920 3230 2002 3262 loqui.
2056 3234 2169 3267 Ineptia-

1568 3262 1706 3288 Infamiam
1727 3263 1811 3290 facere
1830 3265 1923 3292 dicitnr
1936 3266 2029 3300 iudex,
2053 3270 2118 3294 Dum
2131 3273 2169 3295 in-

1128 3297 1239 3337 ]αιζιῐαιη
1253 3299 1352 3332 irrogat
1365 3296 1470 3331 leian.
1491 3297 1518 3323 in
1527 3297 1549 3339 I.
1562 3297 1626 3331 quid
1640 3306 1703 3332 ergo
1715 3307 1768 3333 par.
1793 3300 1829 3326 Ex
1841 3304 2024 3335 compromifi'o
2036 3304 2067 3330 D.
2084 3304 2115 3330 de
2128 3305 2169 3332 his

1136 3341 1184 3367 qui
1199 3338 1253 3358 not.
1267 3332 1360 3358 infam.
1432 3333 1511 3359 Plaut.
1537 3332 1614 3358 Fruc.
1628 3343 1656 3366 4,
1670 3342 1695 3365 2,
1710 3342 1738 3368 17
1764 3335 1860 3362 Stultus
1874 3346 1914 3369 es,
1929 3338 1974 3371 qni
1987 3338 2055 3365 sacia
2067 3340 2169 3368 Infee’ta

1135 3369 1221 3394 facere
1247 3367 1336 3394 verbis
1357 3367 1478 3402 postules.
1548 3368 1616 3394 Ter.
1630 3369 1693 3395 Eun.
1716 3379 1743 3403 4,
1756 3378 1783 3404 7,
1797 3380 1824 3403 32
1859 3373 1967 3398 Miseret
1985 3374 2023 3399 tui
2044 3384 2100 3408 me,
2121 3378 2169 3410 qui

1137 3404 1205 3430 hunc
1226 3409 1328 3433 tantum
1350 3403 1486 3430 hominem
1508 3403 1587 3429 facias
1603 3404 1742 3431 Inimicum
1762 3405 1821 3432 tibi.
1891 3408 1986 3442 Inique
2001 3409 2096 3443 facias,
2116 3413 2169 3438 vid.

1138 3445 1282 3477 miqvvs.
1354 3439 1408 3465 Cic.
1422 3440 1473 3466 Att.
1487 3447 1511 3471 9,
1527 3448 1547 3464 11
1574 3439 1600 3466 Si
1615 3438 1656 3466 hic
1671 3449 1722 3475 qua
1735 3441 1838 3467 ratione
1853 3442 1960 3470 Initium
1979 3444 2057 3479 fecit,
2077 3447 2170 3474 eadem

1137 3481 1237 3502 caetera
1267 3480 1326 3509 aget
1354 3474 1466 3506 fincere,
1484 3480 1642 3508 temperate,
1659 3475 1817 3509 prudenter,
1842 3477 1917 3503 valde
1944 3479 2047 3507 videro.
2117 3484 2170 3510 Ini-

1137 3510 1205 3536 tium
1224 3519 1359 3537 armorum
1380 3510 1435 3536 Cic.
1449 3511 1502 3536 Att.
1515 3518 1541 3544 7,
1556 3519 1576 3542 3.
1647 3511 1755 3537 Initium
1769 3511 1853 3537 caedis
1877 3513 1949 3539 Idem
1964 3515 2075 3551 Philipp.
2090 3525 2113 3551 5,
2127 3527 2170 3546 20.

1137 3545 1247 3572 Initium
1267 3545 1438 3579 colloquendi
1459 3546 1519 3572 Liu.
1533 3554 1568 3578 ες,
1582 3554 1618 3577 23.
1654 3547 1709 3577 Sic,
1730 3546 1897 3581 Confligcndi
1932 3550 1988 3577 Cic.
2002 3551 2114 3588 Philipp.
2130 3563 2171 3589 14,

1137 3582 1177 3612 36.
1213 3581 1300 3615 Fugac
1313 3581 1385 3607 Caes.
1398 3582 1425 3607 B.
1440 3582 1469 3608 C.
1484 3590 1505 3613 3,
1519 3582 1561 3613 69.
1632 3581 1698 3607 Ter.
1713 3581 1822 3615 Adelph.
1837 3591 1856 3615 1,
1870 3592 1892 3615 2,
1906 3586 1937 3613 68
1962 3586 2011 3612 Etsi
2027 3590 2170 3616 Aeschinus

1136 3616 1290 3642 nonnullam
1304 3616 1332 3642 in
1345 3616 1392 3643 hac
1405 3626 1433 3642 re
1445 3617 1523 3643 nobis
1535 3616 1599 3643 facit
1612 3616 1748 3643 Iniuriam.
1801 3618 1856 3644 Cic.
1870 3619 1931 3646 Diu.
1946 3622 2022 3649 Verr.
2036 3632 2068 3657 54
2096 3626 2170 3659 Quid

1137 3649 1225 3677 dices?
1254 3659 1286 3677 an
1306 3650 1334 3677 id
1353 3651 1426 3686 quod
1445 3652 1566 3683 diffluas,
1590 3651 1716 3677 Iniuriam
1735 3651 1787 3678 tibi
1805 3654 1890 3680 feciss'e
1903 3657 2031 3684 Verrem?
2102 3662 2169 3687 Hor.

1138 3686 1220 3712 Serm.
1243 3694 1272 3717 2,
1292 3689 1323 3718 6,
1342 3693 1372 3716 28
1418 3687 1580 3713 Luciandum
1613 3687 1641 3711 in
1671 3685 1748 3713 turba
1759 3706 1768 3719 ‚
1793 3689 1913 3717 facienda
1946 3693 2047 3720 Iniuria
2078 3697 2169 3722 tardis.

1137 3721 1267 3748 Iniuriam
1285 3722 1474 3749 contumeliose
1493 3723 1560 3749 Ter.
1573 3720 1678 3747 Phorm.
1697 3729 1721 3753 2,
1740 3731 1766 3755 2,
1789 3732 1807 3750 1.
1896 3726 1969 3754 Idem
1987 3730 2050 3756 Eun.
2066 3740 2079 3756 2
2104 3741 2127 3762 2,
2142 3739 2168 3762 23

1138 3757 1237 3783 Scitum
1249 3756 1337 3783 hercle
1353 3757 1504 3788 hominem,
1522 3757 1565 3782 hic
1581 3756 1701 3782 homines
1716 3760 1819 3791 prorsus
1833 3769 1865 3786 ex
1878 3761 1961 3789 stultis
1974 3751 2168 3792 Insanos'fecit.

1080 3805 1128 3824 100
1138 3792 1208 3819 Ter.
1222 3791 1326 3818 Phorm.
1339 3801 1365 3825 2,
1378 3802 1398 3826 1,
1410 3803 1447 3827 44
1473 3791 1521 3818 Sed
1537 3791 1554 3817 si
1568 3791 1627 3831 quis
1640 3792 1711 3818 forte
1724 3794 1824 3821 malitia
1837 3797 1920 3824 fretus
1934 3800 1976 3825 sua
1985 3821 1992 3832 ‚
2006 3801 2110 3826 Insidias
2121 3809 2167 3827 no-

1138 3827 1203 3854 strae
1216 3827 1279 3853 fecit
1294 3828 1490 3857 adolescentiae,
1506 3835 1534 3853 ac
1549 3826 1614 3852 vicit
1629 3838 1634 3852 :
1652 3827 1772 3855 nostrane
1784 3839 1814 3858 ea
1830 3832 1904 3867 eulpa
1917 3835 1967 3867 est,
1986 3845 2019 3861 an
2032 3834 2170 3862 iudicum?

1138 3863 1194 3890 Cic.
1206 3871 1254 3897 pro
1267 3863 1362 3889 Milon.
1376 3866 1410 3890 60
1438 3862 1505 3889 Milo
1519 3871 1584 3888 vnus
1596 3862 1719 3896 vrgebat:
1743 3865 1787 3892 hic
1806 3865 1831 3892 di
1854 3868 2014 3897 immortales
2036 3873 2079 3900 (vt
2093 3871 2169 3905 supra

1137 3898 1211 3930 dei)
1229 3904 1343 3924 mentem
1355 3898 1483 3924 dederunt
1495 3897 1536 3922 illi
1549 3897 1654 3931 perdito
1666 3907 1694 3925 ac
1707 3900 1820 3933 furioso,
1835 3910 1863 3929 vt
1875 3903 1936 3930 huic
1950 3906 2044 3930 faceret
2054 3905 2169 3935 Insidias,

1137 3934 1207 3961 Add.
1222 3934 1289 3967 Nep.
1303 3941 1330 3966 7,
1342 3942 1368 3966 9,
1384 3943 1401 3963 1,
1471 3933 1539 3959 Ter·
1554 3934 1618 3959 Eun·
1637 3944 1658 3966 ς,
1671 3942 1693 3967 Ξ,
1707 3943 1730 3966 31
1758 3936 1837 3963 Nam'
1849 3939 1900 3964 iam
1915 3939 1959 3964 diu
1978 3939 2091 3971 aliquam
2111 3949 2168 3967 cau-

648 3964 731 3991 Plaut.
742 3965 832 3994 Bacch.
847 3977 867 4000 1,
880 3978 906 4002 2,
919 3972 954 3996 60
978 3968 1128 4010 Edcp01105
1138 3971 1192 3997 sam
1204 3968 1346 4004 quaerebat
1364 3970 1439 3995 senex
1449 3988 1456 4000 ‚
1478 3967 1652 4003 quamobrem
1668 3970 1769 4005 Inligne
1787 3974 1888 4007 aliquid
1909 3974 2005 4000 faceret
2020 3975 2053 4000 iis
2067 3986 2072 4000 :
2098 3984 2168 4003 nunc

1335 4004 1436 4030 Ccec
1474 4012 1489 4030 2

2064 4014 2171 4046 reperit.
