2479 4225
51 155 179 207 897'
429 135 492 192 ΤΗ
576 153 594 193 1
679 152 715 194 c
1237 193 1241 199 ,
1544 151 1586 192 H
1670 153 1687 192 1
1783 154 1818 196 E
2115 167 2194 211 398

53 240 125 270 ribus
135 238 207 266 dabit
219 246 312 266 nemo:
330 242 348 266 i.
360 242 399 267 ita
412 242 473 268 male
485 248 588 269 morato.
660 240 711 269 Hi·
723 238 876 276 parentibus
892 237 1019 266 Hor.0d.
1030 246 1054 271 3,
1065 240 1092 271 6,
1152 237 1220 265 Ter.
1235 238 1309 265 Adel.
1323 246 1350 273 5,
1363 249 1382 271 1,
1394 249 1405 272 3
1423 240 1470 266 Sed
1485 241 1622 276 postquam
1636 241 1706 269 intus
1720 242 1775 267 sum
1789 245 1909 273 omnium
1923 256 2011 274 rerum
2026 250 2107 279 satur,
2129 259 2189 285 pro-

53 285 89 310 33,
104 278 122 302 ,χ
134 280 184 302 tam
196 277 330 309 cortulus„
1152 273 1320 301 deambwlare
1334 277 1384 302 huc
1400 276 1505 302 libitum
1518 277 1562 304 est.
1668 277 1737 304 Ter.
1752 278 1815 303 Eun.
1829 288 1850 310 3,
1866 290 1883 310 1,
1896 291 1913 314 4
1944 284 2002 309 Huc
2017 286 2123 318 prouiso
2158 293 2188 312 vc

87 315 222 340 1-110013,
247 309 357 342 haecce,
380 309 469 338 hocce.
506 310 611 346 [ἐτοσὶ]
648 312 716 339 Idem
735 310 769 345 est
784 309 850 346 quod
863 310 930 341 Hic,
948 308 1020 339 haec,
1038 308 1090 336 hoc.
1153 309 1200 336 vbi
1213 316 1314 344 tempus
1327 311 1387 343 fiet,
1408 310 1542 338 deducam.
1649 312 1708 338 Huc
1727 312 1813 339 secede
1831 317 1921 347 procul
1944 319 2023 345 l’laut.
2037 322 2109 354 Capt.
2126 306 2138 346 ’.ἶ
2163 330 2178 348 2

55 346 121 374 Ter.
132 345 195 371 Eun.
207 353 229 376 2,
242 353 267 377 2,
279 355 317 379 44
335 347 418 374 Hicce
430 347 481 374 ho‘c
493 356 602 374 munere
621 348 765 375 arbitratur
784 347 855 372 suam
878 343 1089 370 Thaidem-elle.
1155 353 1187 375 13.
1295 347 1353 373 Huc
1367 354 1516 373 renumeret
1528 347 1616 374 dotem
1651 349 1720 374 Ter.
1740 348 1803 374 fiee.
1819 357 1839 380 3,
1860 358 1882 381 ς,
1897 359 1934 382 52.
2037 356 2106 381 Idm„
2122 341 2188 383 E’un:

54 382 141 409 Home
153 379 221 406 haud
234 379 346 407 dubium
358 382 393 408 est
423 384 491 410 Ter,
506 383 588 410 Andr,
603 392 628 415 2,
642 393 663 416 3,
676 391 713 417 ¹7·
818 378 890 407 Idem
903 379 977 405 Adcl.
994 388 1015 411 3,
1029 388 1048 410 ι,
1063 381 1089 405 16
1113 379 1127 405 5
1153 390 1180 411 4,
1195 388 1219 415 7,
1234 383 1267 407 26
1286 381 1447 416 Pamphilam
1470 391 1533 416 crgo
1555 383 1604 409 huc
1627 383 1716 410 redde.
1821 385 1880 410 Huc
1901 387 2009 413 redeunt
2031 389 2091 416 haec
2105 391 2188 418 verba

55 416 132 444 Hisce
144 414 228 442 oculis
242 422 346 450 egomet
358 417 430 449 vidi,
447 418 567 445 Sostrata,
661 419 734 445 Idem
749 416 828 443 Andr.
844 423 866 447 3,
881 422 902 447 5,
915 419 940 444 18
966 415 1088 454 Namque
1152 416 1219 442 Ter.
1235 417 1298 442 Eun.
1323 426 1340 449 1,
1360 426 1382 450 2,
1398 423 1438 451 78.
1468 420 1486 442 i.
1503 420 1559 444 Eam
1570 420 1597 444 ob
1609 419 1705 455 causam
1717 417 1842 446 dicuntur.
1938 421 2002 448 lum
2017 424 2065 450 huc
2081 426 2186 458 deduxi,

35 451 130 483 ,hocce
141 456 242 485 tempus
256 460 411 485 praecauere
426 453 494 480 mihi
506 463 565 486 me,
582 453 652 480 haud
665 460 690 480 te
703 452 793 480 vlcisci
806 450 890 490 snum·
928 485 933 489 ι
949 451 1087 479 Cic-Verr.
1151 457 1196 483 vt,
1217 460 1262 478 fle·
1282 452 1338 479 Cic·
1352 453 1380 479 in
1391 452 1470 479 Catil.
1486 461 1511 483 2,
1527 463 1544 485 4
1557 462 1579 478 t·-
1594 461 1617 479 2-
1723 455 1780 480 Huc
1808 460 1833 481 et
1853 454 1905 481 huc
1925 464 1972 482 0Γᾶ
1991 465 2092 486 vertere
2118 463 2187 488 Hor.

52 495 79 520 2,
91 493 131 520 ¹17
150 485 190 512 Sic
204 487 265 521 Pop.
279 488 355 515 Rom.
370 489 482 516 iucunda
495 489 678 516 suburbanitas
691 488 799 515 huiusce
813 493 975 520 proumc1ae.
995 487 996 490 ’
1047 485 1089 512 Ab
1151 487 1230 526 F-pod.
1243 496 1269 520 4,
1282 496 1307 520 9.
1424 488 1481 513 Huc
1495 487 1557 513 illuc
1572 498 1577 513 :
1614 488 1704 516 Tacit.
1719 490 1785 515 Ann.
1805 498 1824 522 1,
1839 492 1879 523 56,
1893 498 1910 525 7
1930 490 1977 517 Sed
1991 497 2115 521 exterruit
2124 498 2186 522 Cae-

52 521 120 549 hisce
131 520 210 548 rebus
221 523 339 550 animum
352 533 434 552 aum-a
452 525 524 551 Sel-1¹,
538 525 607 559 Sulp,
635 525 691 551 Cic,
705 525 775 550 Fam.
789 531 811 552 4,
824 529 845 553 5.
1151 531 1208 548 c1na
1222 521 1272 548 huc
1287 522 1349 549 illuc
1362 522 1447 549 ferens
1461 532 1541 549 arma.
1634 525 1690 550 Huc
1704 530 1729 551 et
1744 525 1821 557 illuc,
1847 528 1972 552 Incertum
1990 534 2039 554 mr
2052 528 2188 561 ostendunt.

88 561 152 583 HIC
162 564 210 594 QV
220 564 245 583 Ε.
282 559 422 595 Huiusque
435 560 490 586 diei
502 561 610 587 fortuna
630 558 767 592 Plin.34‘s.
779 566 815 589 19.
835 562 863 582 vt
874 555 936 591 legit
951 555 1032 582 Hard.
1046 559 1090 591 qui
1108 560 1136 578 10
1151 557 1205 585 Cic.
1220 559 1271 584 Att.
1286 568 1311 590 9,
1325 567 1347 585 11
1362 561 1414 591 (9)
1445 558 1487 584 Ne
1504 558 1575 584 forte
1592 564 1636 585 aut
1653 559 1732 585 absuu
1746 569 1826 594 quum
1840 561 1943 592 veniet,
1965 569 2010 588 aut
2025 565 2122 590 cursem
2136 565 2188 591 huc

43 590 83 628 Jic
95 600 140 627 quo
158 601 185 618 ue
199 591 297 625 nstitui
309 595 375 621 iubet
387 602 426 631 ap.
440 596 495 622 Cic.
509 595 540 622 de
553 597 630 630 chg.
643 603 660 621 2
672 603 693 620 c.
709 602 739 619 11.
791 593 821 618 Et
841 592 947 617 Huiusce
959 597 984 617 et
998 593 1089 617 Huius·
1151 600 1176 619 et
1189 593 1250 619 illuc
1263 593 1405 621 deterrima
1423 596 1475 620 via.
1582 594 1623 620 Sic
1638 594 1670 620 de
1683 596 1754 621 Orat.
1770 604 1787 625 1,
1801 601 1846 630 184
1859 605 1879 622 c.
1893 606 1924 627 ,ιο
1962 598 2020 624 Huc
2034 605 2113 634 atque
2125 600 2189 626 illuc

24 655 25 659 ,
37 657 38 660 Ἴ
83 636 94 653 e
108 636 137 653 re
192 628 402 663 scribuntur,sed
414 632 462 658 suo
476 631 536 658 loco
548 638 666 665 vtraqnc.
704 629 774 655 Nam
787 627 820 654 ab
838 626 919 652 hocce
933 632 958 652 et
967 626 999 652 ab
1014 626 1090 653 hacce
1151 629 1257 655 intueri.
1362 628 1436 655 Ideni
1449 628 1501 655 Off.
1518 638 1533 659 ι,
1548 637 1586 654 ιοι
1627 630 1684 656 Pars
1702 639 1768 664 quac
1782 632 1918 658 hominem
1932 631 1982 659 huc
1996 639 2022 660 et
2035 634 2100 661 illuc
2111 636 2189 670 rapit.

71 667 82 689 t
93 663 190 689 huiusce
203 674 210 688 .-
246 665 364 701 huiusque
376 672 464 693 autem
476 666 549 693 aliud
561 664 700 700 fignificat,
726 664 746 690 i.
759 672 782 690 e.
795 662 1003 697 vniuscuinsqne
1022 664 1088 690 Mar.
1151 665 1217 690 Hor.
1242 665 1331 691 Carm.
1359 673 1381 695 4,
1394 673 1427 696 11,
1444 673 1471 690 10
1499 665 1557 690 Huc
1570 669 1596 690 et
1610 664 1672 691 illuc
1687 665 1817 692 curlitarc.
1925 668 2004 695 Nunc
2033 669 2099 702 huc,
2118 679 2189 698 nune

51 697 154 725 Victor·
165 698 198 725 de
213 699 391 737 Onhograph·
404 712 430 737 p·
444 705 509 735 2462
517 700 571 737 pff
585 700 647 728 med·
1151 700 1212 725 illuc
1232 700 1307 734 Virg.
1322 700 1387 725 Aen.
1404 708 1424 732 5,
1439 707 1494 734 701.
1582 700 1654 735 Conf,
1668 700 1739 726 Idem
1753 702 1848 735 Gcorg.
1865 710 1885 733 2,
1901 711 1953 735 297.
2032 705 2070 732 Id.
2084 707 2149 732 Aen.
2163 716 2188 738 4,

86 732 229 760 1410ch
239 743 272 767 Ε,
291 736 431 771 haeccine,
451 737 568 764 hoccine,
603 739 621 764 i.
646 735 720 763 Talis
733 744 742 759 .-
769 734 868 770 semper
879 742 933 772 cura
952 735 1090 773 interroga-
1107 741 1133 767 ις
1149 741 1194 767 285
1207 742 1230 761 et
1242 737 1295 767 363.
1331 743 1355 768 5,
1370 740 1425 765 408.
1461 740 1483 765 8,
1498 743 1529 760 20
1543 740 1566 761 ct
1578 743 1636 767 229.
1674 744 1698 767 9,
1713 743 1767 770 753.
1806 745 1843 767 10,
1858 741 1915 767 680.
1953 747 1990 771 ιι,
2004 742 2062 774 764,
2117 743 2189 768 Huc-

37 769 124 795 ‘n'omn
159 769 227 796 Ter.
242 771 305 797 Hec.
319 781 338 804 ι,
352 782 370 803 ι,
385 782 409 806 13
434 772 542 799 Hiscine
561 777 591 798 tu
619 770 715 798 amabo
735 778 789 796 non
806 774 898 796 contra
918 767 1089 794 mndmberez
1148 771 1206 796 cine
1219 770 1322 796 tandem
1337 770 1427 796 omnia
1443 770 1595 796 reciderunt
1609 771 1618 797 3
1654 771 1708 797 Cic.
1727 773 1800 798 Vcrr.
1813 779 1835 804 5,
1851 775 1893 798 162
1906 782 1927 798 c.
1940 776 1979 805 63.
2085 777 2189 804 Hucus-

17 798 25 814 '
54 803 106 831 Vbi
120 804 253 838 Donatus,
273 806 380 842 ἐρώτησις
392 809 574 842 interrogatio.
590 809 609 834 i.
621 806 747 833 Talibus.
818 804 890 831 Idem
899 803 973 829 Adcl-
986 812 1012 835 4,
1020 810 1045 843 7,
1053 813 1086 835 4c
1148 815 1215 840 que.
1229 812 1278 841 pro
1295 806 1375 841 Vsque
1392 805 1445 831 huc.
1482 805 1547 832 Plin.
1561 809 1585 836 6,
1600 814 1633 838 29
1654 807 1795 841 Hucusque
1809 807 1928 834 Sesostris
1941 811 2084 838 exercitum
2104 811 2188 840 duxit.

51 837 69 866 ὂ
84 839 215 874 Iuppiter,
232 843 384 870 Hanccinne
402 843 485 871 vitam
498 844 508 870 3
543 842 650 870 hoscine
680 849 767 869 mores
781 841 791 866 3
827 839 892 866 hanc
912 838 1089 865 dementiam?
1148 841 1250 867 Paullus
1264 841 1293 866 in
1306 840 1323 866 l.
1337 850 1349 873 3
1363 841 1394 866 1).
1409 842 1484 874 Q1ae
1499 850 1540 867 res
1554 841 1605 875 pig.
1620 841 1671 868 dat.
1694 842 1735 868 vel
1761 842 1870 877 hypoth.
1894 843 1975 878 oblig.
1998 854 2051 872 non
2071 849 2188 881 possunt,

5 872 7 881 ι
48 872 158 911 Qidam
172 879 245 903 unico
258 877 280 904 C
304 879 403 906 eribant
415 879 521 905 Hicine.
592 878 703 904 Hiccine
715 876 751 903 est
765 876 838 902 Simo
851 876 861 901 3
890 874 958 900 Ter.
972 874 1052 900 Andr.
1068 883 1089 907 ς,
1148 876 1290 903 Videamus
1302 884 1335 902 an
1350 875 1403 902 dici
1417 875 1636 911 poffithucusque
1647 876 1680 904 ad
1694 886 1754 904 eum
1767 878 1876 905 transire
1889 879 1929 906 ius
1941 881 2048 914 prioris,
2057 889 2084 908 vt
2098 882 2189 911 distra-

1 913 7 930 ‘·
48 918 77 943 4,
92 919 119 943 4.
192 912 247 938 Cic.
294 915 344 940 use.
358 923 381 947 3,
391 922 422 948 39
440 914 552 941 Hiccine
565 914 601 940 est
613 913 749 940 Telamon
763 911 822 942 ille,
839 909 921 937 modo
940 919 1018 945 quem
1034 910 1087 944 glo-
1101 920 1135 938 20
1147 911 1210 938 here
1224 912 1317 945 pignus
1329 912 1355 937 ei
1368 911 1453 938 liceat,

48 945 91 972 ria
103 945 136 972 ad
149 947 249 973 caelum
264 949 357 976 extulit
371 951 380 977 3
480 949 612 976 Haeccine
625 957 704 983 parua
719 955 808 974 meum
820 945 900 972 funus
912 954 991 972 arena
1003 947 1086 980 teget?
1185 953 1206 972 ιι
1218 953 1237 972 ν
1248 952 1265 973 c
1282 963 1291 968 -
1306 954 1344 972 1T
1354 953 1407 979 10,
1426 948 1494 974 onis.
1520 947 1540 973 f.
1576 947 1742 974 Clandestina
1774 953 1803 974 vt
1832 949 1932 979 celetur
1954 949 2081 980 huc-itio
2105 954 2188 983 Plaut.

4 1002 23 1018 Ι,
49 981 168 1015 Propert.
187 991 206 1014 1,
227 990 264 1017 17,
277 989 299 1014 8.
402 985 520 1011 Hoccine
543 984 672 1012 credibile
693 983 744 1016 est,
764 987 809 1009 aut
831 981 1021 1012 memorabile,
1041 988 1088 1008 etc.
1147 981 1244 1017 Amph.
1259 989 1279 1013 1,
1291 990 1312 1013 2,
1326 986 1348 1012 8.
1367 988 1397 1010 vt
1408 982 1509 1019 quidam
1521 984 1623 1019 legunt,
1642 983 1695 1010 vid.
1713 983 1817 1010 Taubm.

5 1016 23 1038 ι’
50 1016 119 1043 Ter.
134 1017 214 1044 Andr.
227 1027 255 1051 4,
271 1027 290 1050 1,
306 1028 324 1046 1.
416 1020 464 1048 Vbi
477 1020 611 1053 Donatus,
638 1020 743 1046 Totum
756 1017 806 1044 hoc
820 1017 848 1043 in
862 1016 1087 1052 pronuntiatione,

2 1051 3 1054 ’
49 1049 101 1078 hoc
113 1052 184 1079 enim
200 1061 281 1087 genus
296 1054 528 1090 interrogationis,
547 1056 603 1082 vim
619 1055 732 1090 negandi
750 1053 885 1088 exprimit.
970 1053 1088 1084 Hiccine,
1534 1056 1567 1087 H
1663 1056 1677 1086 I
1772 1056 1799 1086 E

49 1086 206 1114 Dubitatiue.
243 1089 302 1116 Liu.
317 1099 335 1121 1,
348 1099 360 1122 3
365 1098 407 1125 pr.
428 1091 506 1118 Haud
518 1090 586 1117 nihil
600 1090 731 1125 ambigam
745 1088 849 1115 hiccine
862 1088 943 1115 fuerit
957 1088 1087 1118 Ascanius,
1102 1097 1136 1125 ης

16 1134 23 1162 *3
47 1129 82 1147 an
95 1123 197 1156 maior,
210 1129 255 1150 etc.
327 1126 444 1154 Haecine
456 1133 529 1154 erant
540 1126 637 1153 itiones
649 1125 770 1157 crebrae,
788 1124 912 1151 haeccine
925 1129 979 1151 erat
998 1124 1088 1150 vilitas
1182 1128 1206 1151 Η
1216 1131 1226 1150 ι
1234 1130 1250 1150 F,
1261 1131 1285 1150 M
1295 1132 1323 1157 s,
1336 1124 1390 1154 vid.
1410 1130 1432 1151 Η
1443 1132 1461 1151 ι’
1471 1132 1487 1152 Ε
1496 1132 1520 1152 Μ
1529 1133 1552 1152 s.

2 1166 22 1194 ¹:
47 1156 116 1184 Ter.
131 1157 236 1185 Phorm.
249 1166 271 1192 5,
284 1165 314 1192 8,
329 1169 369 1193 23.
1185 1158 1279 1186 mer.
1291 1167 1331 1192 Α,
1354 1169 1392 1187 ae.
1423 1161 1444 1187 f.
1480 1160 1579 1196 [Ἱεροὶ]
1616 1158 1710 1197 Saul-‘la
1730 1160 1772 1187 vel
1795 1159 1884 1193 Sacra,
1904 1171 1969 1190 mere
1993 1164 2123 1198 Graecum,
2141 1168 2189 1204 fid

1 1198 4 1202 ⁴
34 1194 41 1203 ⁸
84 1198 163 1219 HAG
174 1200 191 1220 c
200 1200 217 1219 E
228 1200 250 1221 Τ
263 1201 281 1222 13
291 1203 342 1222 NV
351 1204 364 1223 s
387 1202 411 1222 et
430 1203 450 1223 ιι
459 1202 478 1223 0
487 1203 504 1223 c
514 1201 532 1223 c
544 1203 560 1223 Ε
569 1202 588 1222 Ι)
598 1203 632 1223 ιΕ
655 1195 800 1233 scribebant
813 1194 917 1230 antiqui
929 1201 978 1231 pro
994 1193 1089 1222 Hacie-
1146 1197 1217 1222 varic
1230 1198 1304 1222 etiam
1316 1199 1343 1222 in
1357 1198 1458 1223 Latinis
1471 1197 1544 1223 libris
1558 1196 1710 1233 uficrpatum.
1745 1197 1785 1223 Sic
1799 1197 1882 1224 Hiera
1899 1197 1932 1230 est
1950 1199 2035 1226 Insula
2054 1203 2132 1229 maris
2150 1204 2190 1230 Si-

49 1234 98 1252 nus
112 1234 136 1254 et
149 1229 246 1255 Hodie.
289 1232 361 1257 Mar..
373 1231 474 1258 Vielor.
487 1234 547 1258 Ant.
560 1232 606 1258 Gr.
638 1251 644 1257 .
657 1238 725 1266 2457
737 1231 800 1257 med.
1147 1230 1215 1261 culi,
1235 1240 1286 1257 vna
1299 1240 1328 1257 ex
1343 1232 1453 1257 Aeoliis.
1490 1232 1567 1258 moa
1580 1238 1667 1259 autem
1679 1230 1756 1266 Ἱεριὶ,
1775 1232 1802 1258 id
1822 1232 1857 1258 est
1871 1234 1956 1266 sacra,
1976 1237 2047 1269 quod
2068 1239 2190 1266 Vulcano

19 1283 22 1296 3
81 1267 159 1289 HIC.
195 1263 314 1298 [ἐνθάδε,
328 1266 452 1299 ἐνταῦθα,
470 1266 592 1298 ἓνταυθαί,
612 1265 671 1300 ωδε]
708 1266 776 1293 Adu.
795 1269 823 1292 in
841 1266 901 1293 loco.
938 1266 1005 1292 Ter.
1019 1265 1084 1291 Eun.
1102 1279 1134 1303 30
1148 1267 1244 1292 sacrata
1257 1266 1307 1298 est,
1326 1273 1352 1293 et
1374 1267 1518 1301 plurimum
1543 1267 1611 1293 colle
1633 1267 1835 1294 eminentiffimo
1858 1269 1936 1295 ιιοὲὶε
1953 1271 2041 1304 ardet,
2058 1274 2191 1309 vest-riba

0 1310 3 1339 f
19 1302 22 1335 ξ
45 1302 70 1331 ς,
81 1305 151 1336 2,.59
169 1299 224 1325 Iam
239 1300 321 1328 frater
334 1302 388 1335 ipse
401 1300 445 1327 hic
456 1301 541 1328 aderit
553 1303 676 1337 virginis.
765 1301 834 1328 Ibid.
847 1312 875 1335 4,
891 1303 915 1331 6,
929 1310 959 1335 41
996 1301 1085 1327 Thais
1148 1301 1228 1327 Solin.
1243 1310 1264 1328 c.
1279 1311 1310 1328 11.
1352 1303 1409 1328 Vid.
1424 1303 1488 1328 le.
1503 1311 1528 1334 2,
1540 1308 1571 1335 89
1584 1310 1606 1328 ee
1621 1311 1674 1335 109.
1746 1302 1836 1329 Isidor.
1854 1312 1895 1336 14,
1909 1307 1933 1330 6.
2129 1307 2150 1346 q
2170 1318 2189 1336 2

2 1348 3 1353 .
19 1339 96 1374 vego
109 1333 262 1361 iamdudum
276 1335 320 1362 hic
334 1336 431 1363 adsum.
502 1337 571 1369 Ibid.
584 1346 607 1370 5,
615 1346 673 1371 5‚z1
689 1339 777 1371 Quem
791 1337 947 1372 praestolare
961 1338 1087 1363 Parmeno
1148 1337 1204 1363 Sen.
1222 1337 1300 1371 Epist.
1315 1342 1342 1369 83
1365 1337 1511 1371 Qlomodo
1533 1343 1621 1364 tamen
1642 1337 1800 1365 hodiernum
1824 1345 1956 1366 certamen
1980 1340 2058 1368 nobis
2079 1344 2189 1376 cesserit,

20 1373 21 1377 ’
37 1365 89 1396 alne
103 1374 162 1394 ante
176 1369 272 1396 ostium
287 1372 297 1397 ζ
365 1371 437 1397 Idem
452 1372 526 1399 Adel.
540 1382 566 1406 2,
581 1382 601 1405 1,
616 1382 640 1406 ις
674 1372 726 1400 Hic
760 1378 868 1408 propter
902 1372 970 1399 hunc
1000 1371 1086 1398 assiste.
1148 1373 1291 1407 quaeritis3
1306 1373 1378 1407 quod
1394 1382 1454 1400 raro
1468 1373 1618 1400 cursoribus
1631 1374 1735 1405 euenit,
1753 1374 1854 1400 Hieran
1866 1374 1985 1402 facimus.
2022 1378 2138 1405 Murum
2151 1383 2193 1406 in-

0 1413 2 1420 ’
40 1432 47 1439 ,
76 1410 113 1429 er.
127 1403 208 1430 Andr.
222 1413 250 1438 4,
266 1414 285 1437 1,
299 1414 318 1439 4
337 1406 392 1433 Vbi
406 1407 469 1434 fides
482 1408 518 1434 est
531 1408 549 1434 si
562 1417 655 1444 rogeS,
672 1408 741 1435 nihil
761 1408 857 1443 pudet,
878 1407 937 1440 hic,
955 1408 1003 1434 vbi
1021 1416 1086 1441 opus
1145 1415 1298 1443 terpretatur
1320 1408 1348 1434 de
1371 1409 1455 1435 Media
1478 1412 1504 1434 in
1520 1407 1606 1442 stadio
1628 1409 1708 1439 linea,
1727 1409 1761 1435 ad
1778 1418 1850 1445 quam
1871 1411 1939 1437 ambo
1948 1410 2010 1446 fejffi
2020 1418 2190 1447 pet-uenerint.

0 1445 1 1448 ’
36 1458 37 1461 ,
89 1457 97 1470 ,
116 1446 170 1465 non
184 1446 310 1468 verentur
325 1451 332 1467 t
367 1442 441 1475 illic,
464 1443 511 1469 vbi
524 1444 594 1470 nihil
607 1453 672 1478 opus
686 1445 736 1475 est,
752 1444 793 1470 ibi
805 1449 939 1470 verentur.
1024 1443 1085 1474 Hic,
1104 1455 1131 1480 35
1147 1443 1241 1478 Lipsius
1249 1453 1337 1470 morem
1345 1443 1422 1479 fulffi’
1432 1443 1581 1477 ostmdissut
1593 1447 1620 1470 in
1631 1442 1741 1470 vifloria
1752 1446 1817 1470 ambi
1836 1454 1866 1471 ua
1872 1447 1924 1472 Deo
1931 1447 2079 1482 speraretur
2090 1459 2190 1482 corona,

0 1473 21 1507 [χ’
58 1507 70 1514 ⁴
106 1474 178 1514 Tum.
200 1475 269 1502 Adu.
283 1478 418 1511 temporis.
454 1478 522 1505 Ter.
535 1479 599 1505 Hec.
614 1488 634 1510 1,
646 1488 671 1511 2,
683 1488 713 1512 93
733 1479 785 1505 Hic
798 1479 900 1505 animus
913 1478 1009 1513 partim
1023 1487 1087 1504 vxo-
1147 1478 1212 1514 quod
1230 1478 1288 1515 ἱερᾶν
1310 1480 1435 1511 maioma,
1449 1480 1508 1516 scil.
1529 1481 1626 1513 ςὲφανον
1648 1480 1736 1505 Graeci
1748 1480 1865 1506 dixerunt
1878 1492 1886 1506 -·
1923 1483 2010 1510 Seneca
2023 1483 2102 1517 ἱεράν,
2120 1495 2190 1513 coro-

14 1519 18 1534 :
45 1514 83 1536 ns
100 1510 284 1549 misericordia
303 1511 439 1544 deuietus,
459 1520 504 1539 etc.
541 1514 668 1540 Donatus.
739 1514 812 1549 Virg.
833 1515 897 1540 Aen.
917 1523 948 1547 9,
963 1517 1015 1546 246
1036 1512 1087 1540 Hic
1147 1524 1211 1540 nam.
1408 1513 1428 1552 fl
1459 1523 1471 1546 3
1508 1515 1599 1541 Hiera.
1642 1515 1716 1548 virg.
1741 1516 1805 1541 Aen.
1828 1524 1855 1548 9,
1876 1519 1918 1548 673
1939 1517 2015 1544 dubia
2025 1517 2066 1551 cll.
2109 1521 2190 1548 Verba

14 1562 15 1567 .
46 1550 121 1570 annis
141 1546 248 1579 grauis,
268 1552 347 1581 atque
369 1548 454 1573 animi
475 1554 594 1574 maturus
621 1548 735 1575 Alethes.
808 1550 840 1576 Et
862 1552 900 1575 ita
915 1549 989 1584 stupe
1013 1550 1086 1583 Virg.
1142 1549 1221 1585 sunt,
1241 1549 1372 1576 Pandarus
1384 1556 1409 1576 et
1425 1550 1519 1583 Bilias,
1537 1551 1616 1577 Idaeo
1629 1550 1757 1577 Alcanore
1768 1551 1847 1582 creti,
1863 1553 1938 1585 Quos
1949 1553 2022 1579 Iouis
2041 1555 2132 1582 eduxit
2149 1557 2191 1582 lu-

1 1608 3 1616 Ι
42 1578 113 1620 rTer.
129 1580 211 1608 Andr.
224 1591 246 1612 2,
259 1590 282 1613 3,
296 1589 320 1613 13
359 1582 410 1608 Hic
423 1582 515 1609 reddes
528 1584 619 1610 onmia
628 1604 636 1616 ,
657 1593 724 1619 quae
736 1593 804 1610 nunc
818 1585 875 1610 sunt
888 1591 957 1610 certa
969 1585 994 1610 ei
1007 1586 1088 1610 conli-
1149 1594 1180 1611 co
1203 1585 1325 1612 filuestris
1350 1586 1442 1612 Hiera.
1480 1588 1538 1612 Non
1559 1585 1602 1619 effi
1624 1586 1665 1612 hic
1685 1585 1746 1620 ἴεροὶν
1765 1587 1923 1621 cogitandam
1932 1607 1939 1617 ,
1953 1583 2065 1615 modulus
2079 1591 2192 1624 Syllabae

10 1635 11 1638 .
43 1613 95 1647 lia,
106 1616 214 1643 dncerta
226 1623 254 1642 vt
269 1617 342 1643 fient.
418 1618 466 1644 Vbi
478 1619 596 1646 Donatus
611 1630 616 1645 :
653 1618 720 1651 Hic,
741 1619 904 1646 Aduerbium
917 1620 969 1645 loci
982 1620 1087 1651 nonest,
1100 1632 1137 1656 40
1147 1619 1259 1653 ostendit.
1296 1623 1383 1656 ltaque
1389 1629 1432 1647 aut
1440 1630 1590 1656 quaecunque
1597 1621 1766 1647 mam-Hiera
1772 1622 1883 1656 intelligi
1889 1622 2012 1653 deomant
2019 1623 2192 1659 amplcffanda

9 1668 12 1674 ι
43 1650 88 1676 sed
102 1650 269 1677 Aduerbium
283 1652 419 1686 temporie.
489 1654 545 1681 Cic.
561 1656 636 1681 Verr.
651 1663 672 1686 3,
687 1663 700 1687 3
719 1654 773 1682 Hic
787 1655 828 1681 illi
843 1656 932 1681 flentes
945 1664 1038 1690 rogare
1051 1661 1087 1682 at·
1152 1656 1264 1682 Turnebi
1275 1654 1417 1682 confestum
1430 1657 1546 1688 Hyaena.
1581 1657 1648 1691 Qua
1660 1661 1741 1681 tamen
1761 1655 1857 1687 media,
1876 1657 1970 1691 alioqui
1988 1657 2085 1690 breuis,
2096 1661 2193 1694 produ-

13 1706 15 1708 .
44 1692 97 1719 que
110 1693 187 1712 orare
200 1693 359 1722 coeperunt,
380 1694 426 1720 vt,
442 1695 489 1716 etc.
519 1725 524 1730 .
545 1689 621 1730 islic,¹
630 1695 679 1724 pro
694 1691 785 1730 Irihac
795 1700 822 1716 rc
831 1697 854 1716 et
867 1697 972 1731 negotio.
1006 1691 1089 1717 Plaut.
1147 1694 1229 1722 citur,
1254 1692 1384 1717 Turnebus
1398 1692 1535 1722 Hyaenam
1547 1692 1584 1716 ibi
1595 1689 1721 1725 legendum
1733 1688 1776 1722 effe
1795 1695 1882 1716 monet.
1926 1690 1984 1717 Vid.
2007 1695 2059 1718 eius
2083 1695 2191 1731 Aduerfi

44 1719 136 1747 Bacch.
154 1729 174 1753 1,
188 1730 214 1753 2,
228 1730 240 1754 3
272 1723 421 1758 Lycurgus,
440 1731 470 1751 vt
488 1724 557 1752 mihi
577 1725 684 1760 quidem
705 1725 828 1757 videtur,
848 1727 928 1759 pollet
942 1724 986 1751 hic
998 1725 1031 1751 ad
1043 1734 1087 1751 ne-
1146 1735 1187 1757 22,
1201 1736 1216 1759 7
1421 1724 1441 1761 fl
1470 1736 1482 1755 4
1521 1725 1630 1751 Medicis
1637 1723 1760 1758 frequens
1777 1725 1918 1758 appellatio.
1960 1727 1990 1753 V.
2003 1737 2029 1763 g.
2049 1729 2132 1756 Hiera
2145 1730 2193 1758 bo-

33 1755 159 1788 ,quitiam
171 1756 305 1784 adducier.
399 1759 450 1785 Hic
464 1760 546 1792 iacet,
565 1761 615 1786 Hic
628 1761 688 1786 situs
702 1761 738 1786 est
752 1771 758 1786 :
795 1764 862 1786 inter
869 1760 999 1795 sollemnia
1013 1760 1088 1785 uerba
1146 1766 1206 1786 tane
1225 1758 1345 1785 scribon.
1359 1761 1411 1790 163.
1453 1760 1510 1784 Vid.
1531 1764 1662 1785 ΒΟΤΑΝΕ
1672 1777 1680 1789 ,
1700 1764 1724 1784 et
1734 1767 1790 1784 mox
1805 1764 2051 1789 H1EROBOTANF..
2094 1767 2191 1792 Deinde:

15 1819 18 1827 1
40 1791 70 1814 in
76 1789 246 1850 fiprzl'cmmm
257 1793 475 1826 inscriptionibus
487 1796 594 1830 recenset
605 1795 630 1821 S.
645 1795 733 1830 Pitzsc.
771 1795 801 1822 V.
821 1796 881 1820 Lex.
901 1795 964 1820 Ant.
977 1794 1046 1819 Rom.
1059 1796 1087 1819 in
1100 1804 1133 1829 45
1145 1792 1373 1853 corffofitionesfic
1391 1793 1560 1820 commendant
1579 1799 1609 1820 vt
1628 1793 1711 1820 Hiera
1731 1794 1864 1821 antidotus
1880 1796 1984 1823 Pacchii
2005 1798 2125 1827 Scribon.
2138 1804 2189 1834 156.

16 1852 17 1857 ,
40 1832 99 1851 voce
146 1833 178 1850 1c.
1144 1830 1178 1854 A.
1207 1847 1213 1853 .
1270 1847 1277 1854 .

77 1865 98 1885 H
107 1866 115 1884 1
124 1866 146 1884 N
155 1866 180 1886 C.
216 1859 313 1893 [ἕν-9η,
332 1859 435 1893 ἐνθένδε,
455 1861 581 1897 ἐντεῦθεν]
616 1863 685 1889 Adu.
712 1862 741 1889 de
752 1863 813 1890 Ioco.
849 1863 930 1889 Plaut.
949 1862 1042 1897 Amph.
1058 1870 1085 1894 2,
1183 1869 1204 1889 H
1215 1871 1224 1888 1
1233 1837 1274 1888 1391}
1288 1869 1310 1889 Α
1319 1869 1385 1889 1201.
1397 1869 1406 1889 ι
1418 1871 1430 1890 s
1439 1884 1447 1896 ,
1468 1863 1501 1890 is.
1518 1863 1539 1889 f.
1580 1863 1684 1891 Vrbium
1696 1865 1792 1900 aliquot
1804 1873 1897 1891 nomm.
1939 1867 1969 1893 V.
1977 1875 2003 1903 g.
2016 1869 2106 1896 nobilis
2118 1872 2191 1898 illius

43 1901 70 1926 2,
83 1902 100 1926 9
120 1894 206 1929 Atque
219 1895 240 1921 is
253 1902 360 1931 repente
373 1896 439 1923 abiit
453 1907 467 1923 a
481 1906 523 1924 me
536 1897 597 1924 hinc
612 1904 671 1925 ante
683 1899 777 1925 lucem.
849 1899 916 1925 Ter.
932 1898 1005 1925 Adel.
1019 1907 1046 1930 4,
1056 1906 1085 1930 4,
1144 1900 1172 1924 in
1186 1899 1260 1932 Syria
1274 1898 1342 1924 Plin.
1356 1907 1377 1930 5,
1390 1902 1432 1925 26.

41 1937 59 1963 9
78 1929 149 1956 Nam
164 1936 191 1956 vt
205 1930 266 1957 hinc
281 1932 352 1958 forte
364 1941 393 1959 ea
405 1933 437 1959 ad
450 1933 618 1961 obstetricem
632 1940 688 1960 erat
701 1935 782 1964 missa,
795 1933 844 1960 vbi
858 1943 916 1960 eam
929 1933 995 1964 vidi,
1008 1933 1083 1959 illico
1183 1939 1204 1959 H
1217 1940 1226 1958 ι
1240 1940 1255 1959 Ε
1264 1940 1283 1958 R
1292 1939 1313 1958 Α
1322 1939 1342 1958 Τ
1354 1939 1364 1958 1
1378 1939 1396 1959 c
1407 1941 1427 1959 v
1436 1941 1464 1963 s,
1482 1942 1496 1959 a
1505 1952 1511 1963 ,
1530 1941 1584 1959 um.
1605 1932 1665 1959 Adi.
1701 1933 1875 1961 sacerdotalis.
1909 1935 1974 1962 Plin.
1988 1946 2028 1970 13,
2044 1947 2071 1966 η
2094 1942 2191 1969 Hiera-

43 1963 145 1992 accedo.
190 1966 248 1993 Vid.
269 1973 354 1994 ΑΒΕΟ
376 1974 399 1994 ει
418 1975 536 1996 ABSVM.
642 1970 723 1995 Plaut.
738 1969 796 1995 Mil.
810 1978 832 2001 3,
847 1978 865 2000 1,
878 1978 902 2001 13
927 1968 976 1994 Sed
996 1969 1083 2002 specu-
1099 1979 1131 2004 50
1143 1968 1194 1995 tica
1209 1967 1299 1994 charta
1313 1968 1493 2002 appellabatur
1504 1969 1667 2003 antiquitus,
1686 1970 1738 2002 (cx
1750 1970 1838 1995 mediis
1846 1971 1957 2004 philuris
1964 1976 2081 2009 parata)
2100 1977 2191 2011 religi.

43 1999 133 2033 labor,
152 2010 185 2028 ne
206 2002 265 2037 quis
277 2008 323 2030 aut
336 2002 397 2030 hinc
410 2004 442 2031 ab
457 2005 547 2037 laeua,
564 2009 610 2031 aut
621 2004 655 2031 ab
668 2004 790 2036 dextera,
807 2010 853 2030 etc.
925 2004 993 2030 Ter.
1004 2003 1084 2029 Andr.
1144 2003 1193 2030 ofis
1212 2008 1316 2029 tantum
1336 2002 1520 2030 voluminibus
1539 2003 1637 2035 dicata,
1657 2013 1724 2038 quae
1742 2005 1775 2030 ab
1792 2005 1945 2032 adulatione
1966 2008 2073 2038 Augusti
2090 2020 2190 2040 nomen

11 2048 16 2075 4
46 2072 48 2074 Υ
65 2055 73 2068 ,
87 2045 115 2068 4,
129 2045 158 2070 14
181 2038 236 2071 Ego
250 2047 357 2074 quoque
371 2038 432 2066 hinc
445 2040 478 2066 ab
490 2040 596 2067 dextera
608 2040 701 2068 venire
717 2049 759 2068 me
781 2039 940 2066 affinmlabo.
1012 2039 1083 2066 Hinc
1144 2038 1257 2073 accepit,
1279 2038 1342 2065 ficut
1356 2039 1466 2065 secunda
1480 2039 1573 2065 Liuiae
1586 2048 1601 2065 a
1614 2040 1726 2073 coniuge
1739 2040 1796 2066 eius
1810 2051 1816 2066 :
1852 2041 1888 2067 ita
1907 2041 2039 2070 descendit
2052 2046 2190 2076 Hieratica

8 2078 26 2105 Ἀ
37 2079 61 2100 ι
91 2072 168 2098 ianua
182 2073 285 2107 aliquid
299 2075 393 2102 tollere
426 2076 494 2103 Ter.
507 2076 588 2103 Andr.
602 2086 629 2110 4,
643 2084 666 2110 5,
680 2086 718 2103 10.
821 2076 891 2102 Hinc
905 2084 920 2102 a
933 2081 1009 2110 porta
1023 2074 1086 2101 Col·
1142 2075 1171 2101 in
1183 2073 1294 2101 tertium
1308 2083 1415 2101 nomen.

7 2109 16 2126 -'
39 2108 45 2124 ‘¹
83 2115 98 2145 a
117 2108 176 2134 Liu.
192 2117 218 2140 2,
232 2117 263 2135 ιι.
358 2111 425 2138 Ter.
440 2111 520 2138 Andr.
535 2120 557 2144 5,
571 2121 597 2144 ι,
612 2121 642 2144 ¹4
677 2112 752 2138 Illam
766 2110 828 2137 hinc
838 2112 924 2137 ciuem
939 2110 988 2136 esse
1002 2111 1085 2136 aiunt.
1182 2116 1222 2135 ιιι
1233 2116 1307 2136 ERA
1318 2116 1352 2141 x,
1380 2109 1441 2135 acis.
1467 2117 1503 2134 m.
1539 2108 1646 2142 [ἵεραξ]
1682 2109 1821 2144 Accipiter.
1856 2111 1946 2138 lustin.
1963 2121 2004 2147 17,
2017 2123 2048 2146 2,
2060 2122 2074 2145 3
2095 2117 2200 2147 Αῃᾱοζ

39 2143 43 2175 ᾗ
72 2143 78 2148 “
99 2151 111 2168 c
124 2152 139 2169 a
152 2144 230 2170 nobis
244 2145 359 2180 profedffi
372 2146 401 2173 in
413 2148 514 2173 caelum
527 2148 692 2181 reperientur
710 2147 767 2172 Cic.
781 2146 863 2172 Tusc.
879 2155 899 2178 1,
912 2149 955 2171 60.
1010 2144 1082 2170 Hinc
1102 2151 1130 2177 55
1146 2144 1209 2170 chus
1224 2144 1324 2170 Hierax
1337 2144 1373 2169 est
1387 2143 1602 2178 cognominatus,
1617 2151 1662 2169 cte.
1735 2145 1856 2172 Hieracis
1870 2141 2026 2180 collyrium,
2046 2153 2114 2186 quast
2123 2158 2190 2182 acci-

10 2198 12 2211 ,
33 2182 36 2213 j
53 2208 59 2211 .
69 2178 112 2210 ,cst
123 2177 169 2210 de,
188 2180 241 2207 vid.
255 2188 371 2208 ABSVM.
486 2183 542 2209 Cic.
554 2182 587 2208 de
601 2183 658 2209 Fin.
672 2192 701 2214 3,
715 2189 747 2216 43
786 2181 837 2206 Via
850 2189 916 2215 quae
928 2179 964 2206 est
977 2179 1038 2205 hinc
1054 2179 1083 2205 in
1139 2182 1222 2214 pitris
1233 2188 1258 2204 co
1269 2180 1340 2215 visus
1350 2186 1471 2214 paretur,
1491 2179 1557 2205 Cels.
1574 2182 1598 2209 6,
1614 2182 1638 2210 6,
1653 2184 1693 2209 28.
1736 2181 1793 2207 Vni.
1808 2191 1862 2207 mox
1885 2189 2052 2212 ιιιειιΑειΑ.

10 2234 13 2239 .
56 2217 68 2249 s
92 2213 153 2243 iam.
257 2217 328 2242 Hinc
343 2222 412 2243 emta
431 2217 500 2244 Ter.
515 2217 589 2244 Adel.
604 2226 628 2248 2,
643 2226 667 2248 2,
680 2225 720 2243 22.
791 2216 833 2243 Sic
846 2215 912 2250 apud
926 2215 981 2241 Cic.
996 2214 1024 2240 in
1032 2215 1082 2240 Ca-
1182 2220 1203 2240 H
1215 2221 1276 2240 IER
1288 2221 1306 2239 Α
1316 2221 1352 2241 οι
1362 2222 1400 2247 Α,
1420 2223 1459 2241 ae.
1498 2215 1518 2240 f.
1555 2214 1681 2241 Laena-ae
1700 2225 1796 2249 genus,
1815 2217 1889 2243 cuius
1902 2219 1978 2244 succo
1991 2221 2129 2255 accipitres
2140 2224 2191 2251 ob.

8 2255 9 2259 ¹
69 2276 72 2277 .
93 2259 121 2282 4,
138 2252 167 2276 16
186 2251 303 2284 Qtidam
317 2252 379 2278 hinc
393 2252 457 2278 nati.
561 2253 630 2279 Ter.
654 2253 718 2278 Eun.
742 2259 764 2283 3,
787 2259 811 2281 2,
824 2259 851 2276 17.
877 2251 932 2277 Cur
944 2259 1000 2277 non
1013 2250 1083 2276 imus
1143 2250 1293 2276 scm-itatem
1306 2250 1445 2276 sentientes
1457 2249 1548 2276 oculos
1561 2251 1667 2283 tingunt
1694 2250 1759 2285 Plin.
1775 2260 1819 2283 20,
1832 2259 1858 2286 7.

40 2297 42 2300 v
68 2292 103 2314 vnc
118 2286 127 2311 3
231 2287 287 2312 Cic.
303 2287 335 2312 de
349 2288 424 2313 Orat.
439 2295 464 2319 2,
480 2295 504 2319 13
542 2287 617 2313 Dixit
631 2288 656 2313 se
671 2286 822 2313 Scaeuolam
839 2286 901 2312 hinc
914 2292 1020 2312 euntem
1033 2286 1082 2311 esse
1179 2293 1217 2312 ιιι
1227 2291 1300 2312 ERA
1311 2291 1328 2312 c
1341 2293 1350 2312 1
1361 2293 1381 2312 T
1391 2292 1407 2311 Ε
1418 2294 1448 2319 s,
1467 2294 1506 2312 ae.
1526 2294 1563 2312 m.
1600 2286 1727 2317 Gemma,
1745 2295 1761 2313 a
1773 2287 1865 2313 colore
1886 2288 2021 2323 accipitris
2041 2291 2074 2318 sic
2095 2300 2189 2323 vocata

42 2320 210 2347 conuentum.
282 2322 354 2348 Hinc
365 2330 446 2348 euoca
459 2323 576 2357 aliquem
589 2324 661 2350 foras
679 2324 748 2349 Ter.
764 2323 829 2348 Eun.
843 2330 867 2352 2,
880 2330 906 2353 2,
921 2329 956 2354 52.
1012 2321 1083 2347 Hine
1096 2324 1131 2349 60
1142 2320 1208 2347 Plin.
1223 2328 1268 2355 37,
1288 2330 1326 2347 10.
1609 2342 1611 2344 -

36 2362 73 2382 'ex
87 2356 173 2382 Attica
185 2356 292 2391 abrepta
312 2358 379 2384 Ter.
392 2358 455 2384 Eun.
469 2367 488 2389 1,
502 2366 523 2388 2,
536 2360 581 2393 76.
671 2358 728 2384 Cic.
741 2366 790 2391 pro
803 2358 833 2383 L.
851 2356 912 2391 Agl:
929 2365 954 2389 2,
966 2365 996 2389 93
1024 2357 1083 2383 Nos
1179 2363 1201 2383 Η
1213 2364 1221 2382 1
1232 2363 1248 2382 Ε
1259 2363 1277 2382 R
1289 2363 1312 2383 A
1323 2362 1387 2383 CIV
1396 2362 1436 2388 Μ,
1455 2356 1474 2382 i.
1491 2365 1517 2382 n.
1554 2356 1699 2390 Collyrium.
1732 2356 1799 2384 Plin.
1812 2365 1851 2390 34,
1864 2366 1896 2385 11.
1969 2361 2046 2396 Apul.
2059 2362 2092 2389 de
2103 2364 2188 2392 Herb.

6 2407 11 2415 ι
43 2396 130 2418 autem
145 2391 207 2418 binc
218 2392 303 2419 Roma
318 2394 365 2428 qui
377 2401 542 2419 veneramus.
650 2394 721 2419 Hinc
733 2401 765 2418 ex
785 2393 910 2427 proximo
928 2393 1015 2419 oritur
1033 2392 1084 2418 cla·
1141 2399 1165 2419 c.
1179 2400 1220 2424 30.
1292 2391 1376 2426 Dioss.
1388 2400 1412 2423 3,
1427 2401 1452 2424 7.

8 2427 16 2453 ’ἱ
42 2435 103 2453 ιιιοι·
120 2427 201 2453 Plaut.
216 2428 304 2453 Aulul.
318 2435 342 2460 5,
356 2437 378 2460 3,
392 2435 435 2462 27.
542 2427 613 2454 Hinc
650 2437 683 2455 ex
715 2437 760 2456 ara
797 2428 865 2454 Ter.
885 2427 967 2455 Andr.
981 2437 1008 2460 42
1021 2438 1048 2461 4,
1062 2434 1084 2460 5-
1182 2433 1203 2453 H
1215 2435 1224 2453 1
1234 2433 1278 2453 ER
1289 2434 1298 2453 1
1308 2434 1324 2454 C
1335 2433 1356 2453 H
1367 2433 1386 2452 0
1395 2448 1404 2461 2
1423 2427 1464 2453 ²2³1
1488 2433 1498 2452 1
1507 2432 1523 2452 E
1532 2432 1551 2452 R
1560 2433 1570 2452 1
1579 2431 1597 2453 C
1609 2433 1630 2452 H
1643 2432 1663 2453 0
1673 2446 1681 2460 ³
1709 2427 1750 2453 vd
1768 2433 1790 2453 H
1801 2435 1811 2454 1
1821 2434 1838 2454 E
1848 2436 1867 2455 R
1878 2436 1888 2455 ¹
1897 2436 1914 2456 C
1923 2436 1944 2456 H
1956 2438 1976 2458 V
1985 2439 2007 2461 8,
2016 2433 2093 2459 untis-
2104 2434 2123 2460 f-
2144 2437 2188 2461 Iu-

14 2458 17 2495 ζ
33 2462 111 2494 ‚Hinc
126 2462 198 2489 intro
211 2462 350 2489 concedam
369 2462 443 2489 Idem
456 2462 520 2489 Eun.
536 2471 557 2495 1,
572 2465 656 2495 2‚126.
748 2464 818 2490 Hinc
834 2469 860 2490 et
872 2463 948 2489 hinc:
969 2463 1084 2490 Martial.
1143 2461 1216 2490 dacae
1230 2462 1344 2497 oppidum
1356 2465 1424 2488 inter
1440 2462 1631 2497 Hicrcfiilymam
1644 2469 1668 2488 ct
1681 2462 1818 2489 Iordanem.
1859 2464 1924 2490 Plin.
1938 2473 1961 2498 5,
1976 2475 2010 2499 1⁴·
2064 2470 2187 2498 Prudent.

14 2507 15 2510 ¹
43 2506 83 2529 ιο,
97 2502 122 2529 83
138 2499 221 2524 Raros
235 2497 340 2532 colligis
351 2497 413 2524 hinc
425 2504 451 2525 et
464 2497 526 2524 hinc
538 2498 654 2533 capillos.
762 2499 833 2525 Hinc
847 2504 926 2533 atque
945 2498 1006 2525 hinc
1027 2499 1083 2532 glo-
1099 2501 1130 2531 65
1144 2497 1278 2530 psychom.
1295 2502 1347 2530 536.
1384 2497 1456 2523 Idem
1470 2498 1589 2523 Hamart.
1606 2503 1662 2528 480.

25 2530 178 2593 ‘inerantnr
197 2533 271 2567 Virg.
285 2535 350 2560 Aen.
364 2542 382 2565 1,
396 2543 456 2567 504.
549 2534 620 2561 Hinc
633 2534 712 2562 illuc:
746 2535 813 2562 Ter.
823 2534 897 2561 Adel.
906 2543 928 2567 2,
941 2542 1001 2569 2,17
1016 2535 1084 2560 Coe'·
1181 2540 1203 2559 Η
1215 2540 1249 2559 ιΕ
1258 2540 1277 2560 R
1289 2538 1309 2560 Ο
1319 2540 1335 2560 C
1346 2539 1367 2558 H
1380 2538 1399 2558 Ο
1411 2540 1432 2558 Ν
1444 2538 1466 2558 Τ
1478 2539 1484 2556 ¹
1495 2538 1512 2558 C
1525 2539 1544 2556 v
1554 2538 1583 2564 S,
1602 2540 1630 2562 a,
1650 2541 1703 2558 um.
1725 2532 1785 2559 Adi.
1822 2533 1899 2568 Vulg.
1915 2535 1965 2561 Int.
1979 2537 2029 2563 Ier.
2042 2546 2082 2571 39,
2095 2546 2116 2572 ς,
2190 2530 2200 2543 ’

35 2568 115 2594 -miffe
142 2567 204 2594 hinc
226 2577 293 2603 quae
319 2569 382 2595 illuc
403 2569 514 2596 veheret
533 2570 626 2597 multa.
730 2570 819 2602 Hinc,
834 2570 909 2596 illinc
930 2570 990 2596 Liu.
1011 2579 1037 2602 2,
1052 2579 1084 2596 11.
1181 2574 1201 2594 H
1214 2575 1225 2594 1
1237 2566 1325 2599 fiko,
1342 2567 1410 2594 onis.
1430 2576 1465 2593 m.
1501 2564 1614 2600 [Ἱέρων]
1652 2568 1834 2602 SJyracxfimus,
1848 2578 1921 2604 quum
1942 2569 1996 2603 effit
2015 2582 2043 2598 cx
2060 2574 2120 2600 duce
2141 2585 2187 2603 rex

41 2603 112 2629 Ter.
126 2602 201 2629 Adel·
214 2613 237 2635 Δ,
251 2611 273 2636 ς,
286 2612 315 2637 39
343 2605 412 2631 Dum
434 2610 559 2639 cognatus
582 2606 644 2632 hinc
668 2605 743 2632 illinc
759 2607 863 2632 veniret
880 2604 1082 2639 exspeetamem.
1136 2602 1247 2638 fabius,
1263 2604 1351 2638 Populi
1363 2605 1467 2629 Romani
1474 2608 1609 2639 pqr-petuas
1620 2605 1712 2628 amicus
1719 2604 1787 2637 suit.
1823 2605 1903 2638 Qum
1915 2610 1994 2632 omnis
2011 2615 2096 2643 expers
2113 2610 2191 2647 (hsti-

43 2639 114 2665 Hinc
127 2645 205 2672 atque
220 2638 295 2665 illinc
317 2645 387 2667 totus
411 2641 554 2675 septentrio
573 2642 731 2674 eremigatus
748 2641 813 2667 Plin.
827 2649 852 2671 2,
865 2642 909 2674 67.
1013 2640 1084 2666 Hinc
1137 2639 1224 2672 plina&
1237 2641 1265 2663 in
1276 2639 1385 2664 morbum
1396 2635 1521 2669 tucidiſjct
1528 2655 1534 2667 ‚
1550 2637 1646 2663 erudiri
1657 2641 1743 2673 coepit.
1785 2639 1844 2665 Vid.
1859 2641 1959 2667 Aclian.
1970 2643 2045 2670 Varr.
2055 2644 2121 2679 Hzst.
2135 2657 2161 2681 9,
2169 2658 2191 2675 ι,

43 2679 69 2700 et
81 2673 155 2699 illinc
168 2673 294 2701 exhibent
306 2675 375 2701 mihi
386 2676 524 2710 negotium
555 2676 635 2702 Plaut.
658 2676 736 2702 Most.
754 2684 777 2707 3,
792 2684 811 2707 ι,
825 2680 861 2707 38.
978 2675 1035 2700 Cic.
1054 2674 1086 2700 dc
1095 2684 1130 2711 70
1144 2672 1204 2711 Liu.
1238 2680 1283 2704 242
1315 2682 1328 2704 4
1350 2673 1392 2708 fil-
1463 2672 1577 2699 lustinus
1603 2680 1630 2705 23
1663 2680 1728 2700 extr.
1789 2676 1827 2700 De
1865 2676 1953 2703 mimis
1991 2680 2062 2705 illim
2095 2683 2189 2717 Spanh.

10 2739 11 2742 Ἰ
43 2709 167 2735 Vniuers.
180 2718 213 2742 42
227 2719 250 2736 c.
264 2719 294 2743 14
313 2710 343 2736 Id
356 2710 386 2737 fit
398 2720 458 2737 cum
469 2710 634 2745 speculorum
646 2710 755 2737 laeuitas
768 2710 830 2736 hinc
849 2709 976 2743 illincque
996 2709 1086 2736 altitu·
1145 2706 1200 2741 dtsl.
1211 2714 1227 2738 8
1238 2714 1263 2742 p.
1276 2714 1335 2742 548.

8 2748 11 2786 l'
42 2743 135 2770 dinem
146 2745 264 2776 alsumflt,
282 2751 328 2772 etc.
431 2746 517 2778 Hinc,
532 2752 580 2782 pro
595 2746 656 2773 Inde
677 2746 795 2773 Scribon.
811 2754 867 2779 ¹49·
881 2754 934 2778 154.
1014 2745 1086 2771 Hinc
1182 2749 1203 2769 H
1214 2750 1275 2770 1ER
1284 2750 1303 2769 0
1313 2750 1328 2770 Β
1338 2750 1356 2770 o
1366 2749 1387 2768 Τ
1397 2750 1419 2769 Α
1428 2750 1449 2769 N
1459 2750 1476 2770 E
1485 2762 1493 2775 ,
1512 2752 1548 2769 es.
1583 2743 1604 2768 f.
1640 2742 1812 2777 [ἱεροβοτοῖνη]
1848 2746 1933 2773 Herba
1946 2757 1955 2773 .·
1989 2752 2059 2776 cuius
2078 2755 2192 2780 memini:

6 2795 11 2826 4
43 2779 122 2812 inde,
145 2780 321 2816 Vndecunque,
337 2780 532 2818 circumqudque.
568 2781 633 2808 Plin.
642 2781 719 2817 Epist.
728 2790 754 2815 9,
763 2790 787 2813 13
809 2782 930 2814 Longum
944 2780 980 2807 est
987 2782 1086 2812 omnia,
1143 2779 1210 2805 Plin.
1227 2787 1264 2811 25,
1277 2787 1302 2811 9.
1346 2779 1456 2805 Verbena
1468 2779 1562 2805 dicitur
1574 2779 1624 2804 alio
1638 2782 1740 2805 nominc.

6 2840 10 2847 .
43 2823 111 2850 quae
124 2820 186 2841 tunc
203 2815 265 2842 hinc
279 2816 340 2843 inde
353 2817 422 2844 iatSh
435 2818 509 2850 sunt,
527 2818 670 2844 recensere.
688 2830 690 2832 ·
775 2817 890 2843 Martial.
908 2825 927 2849 ι,
940 2821 976 2846 118
1003 2815 1085 2843 Cubi·
1182 2820 1204 2840 H
1216 2821 1224 2840 1
1234 2821 1277 2841 ER
1288 2820 1307 2839 0
1318 2820 1363 2841 BV
1374 2821 1389 2840 L
1400 2820 1468 2841 Bvs
1478 2834 1486 2846 ,
1505 2814 1524 2840 i.
1545 2822 1580 2839 m.
1617 2813 1695 2848 Apul.
1711 2814 1794 2841 Herb.
1809 2823 1831 2841 c.
1850 2823 1887 2842 21.

20 2856 21 2859 ’
44 2851 79 2878 tis
92 2850 177 2877 trudit
188 2850 251 2877 hinc
262 2857 288 2878 et
298 2852 361 2879 inde
374 2853 511 2880 conuiuas.
600 2853 642 2879 Ne
660 2851 721 2879 inde
734 2852 827 2879 odium
836 2873 844 2884 ,
864 2852 925 2878 hinc
938 2857 1085 2878 contemtus
1101 2860 1134 2888 75
1183 2856 1204 2876 Η
1216 2857 1225 2875 1
1236 2856 1252 2875 F.
1262 2856 1281 2876 R
1290 2856 1309 2876 O
1319 2855 1338 2875 D
1348 2851 1392 2875 VL
1401 2857 1421 2882 1,
1428 2858 1517 2876 orum.
1532 2858 1569 2875 ιιι.
1589 2847 1742 2885 [ἷερσδέλοι]
1761 2851 1891 2877 Sacrorum
1904 2851 2024 2886 ministri.
2060 2856 2192 2885 Firmium

44 2886 149 2914 oriatur
167 2886 300 2919 Qinetil.
313 2896 339 2920 2,
353 2897 375 2915 2.
490 2889 559 2915 Ter.
573 2889 638 2915 Eun.
652 2897 674 2921 2,
687 2897 714 2921 2,
727 2897 739 2921 3
765 2889 888 2915 Conueni
909 2887 989 2914 hodie
1008 2887 1085 2914 adue·
1144 2889 1168 2917 8,
1182 2894 1210 2918 19
1222 2884 1317 2920 scribit
1330 2885 1349 2911 F
1351 2891 1444 2912 unu-os
1456 2884 1577 2912 aedituos
1586 2904 1594 2915 φ
1610 2890 1655 2911 aut
1667 2884 1841 2919 hierodulos,
1852 2887 1899 2922 qui
1911 2887 2054 2918 habuerint
2067 2891 2192 2921 horosco-

31 2921 120 2958 quiens
130 2921 261 2956 quendam
272 2924 325 2949 mei
338 2923 390 2950 loci
405 2923 481 2955 hinc,
501 2930 580 2959 atque
592 2924 704 2951 ordinis.
794 2924 862 2950 Hinc
871 2943 879 2956 ‚
896 2925 933 2949 Ex
946 2923 992 2949 hac
1003 2923 1086 2958 caufiz.
1145 2929 1209 2955 pum
1222 2922 1251 2947 in
1264 2920 1386 2947 vicesima
1399 2921 1468 2947 sexta
1480 2926 1554 2955 Parte
1574 2920 1761 2948 Geminorum·

9 2954 113 2991 differ.
127 2957 209 2984 Andr.
226 2966 244 2989 1,
258 2967 276 2991 ι,
288 2967 323 2991 99
342 2960 413 2985 Hinc
426 2959 487 2986 illae
498 2960 638 2991 lacrimae,
661 2959 724 2986 haec
759 2959 805 2986 illa
833 2959 881 2985 est.
896 2959 1088 2987 misericordia.
1182 2963 1202 2982 H
1213 2964 1223 2982 1
1232 2963 1274 2983 ER
1284 2963 1303 2982 O
1313 2961 1335 2981 G
1346 2963 1362 2982 L
1372 2963 1412 2982 ΥΡ
1423 2963 1443 2982 Η
1455 2954 1468 2982 f
1478 2961 1497 2982 C
1508 2963 1530 2982 A
1539 2962 1571 2986 E,
1591 2964 1676 2983 arum·
1697 2957 1718 2982 f·
1739 2956 1946 2993 [ἴερσγλυφικοιὶ]
1983 2961 2081 2988 Lim-ae
2090 2964 2190 2999 sacrae.

10 2995 11 2999 ’
73 3002 114 3020 or.
127 2993 206 3028 Epist.
219 3002 240 3026 ι,
254 3002 292 3027 19,
303 3003 342 3029 41.
432 2996 489 3022 Cic.
505 3004 553 3030 pro
566 2996 648 3022 Flacc.
661 3003 694 3030 54
717 2995 785 3022 Hinc
797 3000 884 3022 totum
896 2995 1005 3026 odium,
1025 2995 1086 3021 hinc
1146 2993 1200 3027 Qu
1212 2995 1307 3018 nomine
1321 2989 1487 3027 diffacsunt,
1504 2992 1663 3028 Aegypriae‚
1683 3000 1742 3027 quae
1755 2996 1822 3019 notis
1833 2995 1974 3027 volucrum,
1986 2996 2119 3030 serarum,
2128 3001 2192 3026 alia·-

21 3050 30 3058 .
92 3029 133 3055 nis
146 3029 264 3056 offenfio.
334 3030 401 3057 Add.
417 3031 472 3058 Cic.
484 3040 533 3066 pro
547 3031 619 3057 Cael.
632 3041 654 3057 c.
665 3039 700 3064 25.
772 3031 842 3057 Hinc
851 3050 858 3062 ‚
878 3031 914 3056 Ex
927 3030 972 3057 hoc
984 3032 1024 3056 uel
1034 3032 1086 3056 illo.
1101 3034 1133 3059 80
1146 3037 1245 3063 rumque
1259 3037 1341 3053 rerum
1349 3033 1512 3062 praenotatae
1525 3033 1605 3053 erant.
1641 3062 1647 3067 .
1659 3028 1698 3054 De
1710 3027 1840 3063 quibusstc
1852 3029 1943 3056 Tacit.
1958 3032 2024 3057 Ann.
2038 3040 2070 3064 ιι,
2086 3041 2116 3066 14
2135 3035 2190 3060 Pri-

6 3069 10 3097 ξ
77 3073 114 3091 er.
128 3064 201 3091 Adel.
215 3073 239 3098 3,
252 3073 275 3098 3,
289 3075 302 3098 7
322 3066 371 3092 Sed
386 3076 474 3093 eccum
488 3068 581 3099 Syrum
595 3067 636 3093 irc
649 3066 730 3093 video
741 3065 802 3093 hinc
815 3066 897 3098 scibo,
912 3066 964 3093 iam
973 3066 1020 3092 vbi
1033 3066 1088 3092 liet.
1146 3063 1185 3090 mi
1200 3071 1246 3097 per
1259 3062 1354 3097 figuras
1366 3061 1523 3088 animalium
1536 3062 1661 3102 Aegyptii
1673 3063 1759 3089 sensus
1773 3064 1867 3090 mentis
1887 3063 2060 3099 effingebant,
2079 3074 2104 3094 et
2122 3070 2190 3096 anti-

25 3099 119 3126 ¹¹Hinc
129 3119 137 3131 ,
158 3101 194 3126 Ex
210 3101 256 3127 hac
262 3108 346 3136 parte.
404 3102 460 3129 Cic.
474 3103 502 3128 in
515 3103 593 3129 Catil.
607 3111 632 3134 2,
647 3110 677 3135 25
709 3103 746 3128 Ex
766 3102 812 3129 hac
828 3102 899 3128 enim
913 3107 986 3136 parte
999 3101 1087 3138 pudor
1147 3098 1265 3133 quillima
1283 3104 1455 3125 monumenta
1471 3107 1617 3125 memoriae
1632 3097 1761 3124 humanae
1775 3099 1894 3133 impressa
1906 3101 1972 3126 saxis
1984 3109 2143 3136 cernuntur,
2163 3111 2190 3132 et

48 3139 164 3168 pugnat,
179 3134 254 3162 illinc
267 3137 411 3171 petulantia
425 3147 431 3162 :
467 3138 528 3165 hinc
542 3138 685 3173 pudicitia,
703 3138 778 3165 illinc
797 3138 924 3173 stuprum.
1015 3137 1086 3164 Hinc
1147 3135 1286 3161 literarum
1299 3134 1451 3173 inuent-ores
1463 3133 1646 3174 perhibentur.
1830 3168 1837 3176 t

49 3169 190 3196 volucrum
201 3177 307 3198 naturae
321 3173 441 3201 dicentur
465 3174 530 3200 Plin.
544 3183 569 3207 9,
582 3176 622 3200 62.
1183 3177 1203 3196 ιι
1213 3178 1222 3196 ι
1232 3177 1248 3196 ι]
1258 3177 1276 3196 R
1285 3176 1303 3196 ο
1311 3177 1335 3196 Μ
1344 3177 1366 3195 N
1377 3176 1393 3196 E
1403 3177 1428 3196 M
1437 3176 1456 3195 o
1468 3175 1489 3195 N
1501 3188 1509 3202 ,
1549 3173 1617 3195 oms-
1652 3177 1688 3196 11¹·
1726 3167 1907 3204 [faeminam]
1944 3171 2075 3199 Sacrorum
2088 3175 2192 3210 praestit

86 3211 109 3229 Η
119 3210 174 3230 Ac.
194 3205 260 3231 Adu.
269 3214 316 3241 per
327 3209 404 3236 locum
417 3220 426 3236 :
460 3212 481 3236 i.
500 3211 547 3236 Per
557 3219 607 3236 eum
620 3210 699 3236 Iocum
710 3211 737 3235 in
749 3217 794 3246 quo
802 3209 867 3246 sum.
904 3208 972 3235 Ter.
987 3209 1051 3235 Eun.
1066 3217 1088 3240 5,
1103 3211 1132 3239 85
1145 3205 1213 3240 apud
1243 3207 1358 3233 Graecos.
1433 3205 1545 3232 Gemma
1576 3208 1651 3231 etiam
1681 3204 1785 3231 laudata
1815 3206 1843 3230 in
1875 3204 2089 3235 diuinationibus
2121 3211 2189 3238 Plin.

52 3246 80 3271 9,
93 3240 129 3270 64
147 3239 186 3266 lte
198 3239 244 3266 hac
256 3250 346 3279 omnes
358 3253 405 3272 vos
420 3256 426 3272 ε
461 3245 547 3272 valete
556 3266 564 3277 ‚
584 3250 609 3271 et
621 3244 745 3280 plaudite.
817 3244 939 3271 Haeiter
952 3244 988 3270 est
1013 3244 1088 3278 Virg.
1146 3249 1187 3276 37,
1203 3250 1230 3267 10
1244 3242 1261 3267 s·
1275 3246 1313 3274 58·
1758 3274 1763 3278 ,
1780 3273 1786 3279 ,
1876 3275 1883 3281 ,

53 3274 118 3300 Aen.
133 3281 160 3306 9,
172 3281 224 3313 321.
292 3278 362 3311 Hae,
375 3287 424 3315 pro
437 3282 509 3308 Illac,
545 3281 614 3308 Ter.
629 3280 702 3307 Adel.
715 3290 744 3314 4,
757 3289 778 3311 ι,
790 3289 822 3314 34
842 3282 872 3307 In
887 3280 1017 3314 porticum
1032 3288 1089 3306 rur·
1183 3283 1204 3302 H
1214 3283 1249 3303 113
1258 3283 1277 3302 R
1288 3282 1308 3303 O
1318 3283 1340 3302 Ν
1349 3283 1358 3302 ι
1368 3281 1415 3302 CA
1424 3282 1440 3302 Ε
1449 3294 1457 3306 ,
1481 3282 1564 3301 arum.
1582 3283 1616 3299 ιιι.
1636 3274 1675 3301 ΡΙ.
1710 3275 1765 3307 Qu
1778 3282 1807 3300 ιιι
1819 3273 1896 3316 sacris
1915 3278 2103 3306 certaminibus
2120 3282 2193 3309 vice-

53 3309 112 3334 sum
126 3308 184 3335 redi
199 3320 204 3335 :
240 3309 298 3336 sane
311 3311 357 3339 hac
367 3316 452 3343 multo
467 3317 575 3351 propius
588 3316 656 3347 ibis;
670 3322 696 3342 et
709 3316 799 3342 minor
811 3316 847 3342 est
861 3315 969 3342 erratio.
1006 3316 1089 3341 Plnnt.
1147 3317 1206 3339 rant
1223 3312 1288 3339 Plin.
1304 3317 1339 3344 18,
1354 3317 1376 3342 8.
1445 3311 1513 3350 Suet.
1529 3310 1630 3336 Neron.
1644 3318 1666 3335 c.
1681 3317 1714 3343 ²4
1734 3310 1770 3336 Ac
1783 3318 1816 3336 ne
1830 3320 1905 3338 culus
1918 3313 2027 3341 alterius
2044 3315 2192 3345 hieronica-

52 3343 123 3370 Rud.
140 3353 160 3376 1,
172 3353 193 3376 3,
206 3353 230 3376 31
252 3346 369 3374 Itanum
381 3349 443 3383 hae,
462 3361 495 3378 an
508 3352 567 3380 illac
578 3361 651 3384 eam,
671 3352 729 3378 sunt
741 3352 839 3378 incerta
853 3351 964 3378 confilii.
1033 3352 1088 3377 Hac
1149 3357 1207 3375 rum
1221 3348 1352 3374 memoria
1365 3351 1410 3373 ant
1422 3346 1561 3386 vestggmm
1575 3345 1695 3371 exstaret.
1731 3345 1805 3371 Idem
1818 3355 1857 3379 23.
1900 3348 1956 3374 Vz'd.
1971 3349 2071 3384 Caflmh.

52 3379 114 3406 illac
127 3380 301 3407 circumcursa
320 3382 386 3410 Ter.
400 3386 493 3414 Heaut.
505 3396 527 3420 3,
541 3397 554 3414 2
561 3395 606 3424 pr.
710 3386 782 3413 Idem
797 3387 878 3414 Andr.
891 3396 919 3419 4,
934 3396 953 3418 Ι,
967 3393 1004 3421 47
1033 3388 1089 3413 Hac
1101 3393 1137 3417 90
1185 3391 1206 3411 H
1235 3392 1246 3410 1
1273 3391 1289 3410 E
1323 3390 1343 3410 R
1369 3389 1388 3409 0
1412 3389 1434 3408 N
1457 3389 1474 3407 Υ
1504 3388 1529 3407 Μ
1548 3388 1569 3406 ν
1589 3388 1619 3413 s,
1639 3382 1658 3407 i.
1678 3389 1713 3405 ιιι.
1750 3379 1799 3413 [Ἱε
1814 3381 1915 3417 όνυμος]
1941 3384 2039 3411 Siciliae
2051 3393 2191 3421 tyrannm,

0 3421 3 3443 l
51 3424 107 3441 non
115 3415 294 3448 fincceffit,a1ia
306 3419 486 3452 aggrediamur
497 3424 551 3451 via.
571 3426 589 3450 i.
598 3424 652 3450 Hoc
665 3423 734 3449 modo
747 3432 814 3458 quem
822 3425 980 3449 tentauimus.
1016 3421 1090 3458 Conf.
1150 3421 1270 3446 Hieronis·
1275 3418 1350 3455 filius
1362 3417 1502 3452 diffimih'r,
1522 3426 1537 3443 a
1545 3416 1602 3452 suis
1613 3415 1708 3442 ciuibus
1719 3392 1879 3456 interf-{Huc
1919 3419 1978 3446 Vid.
1993 3420 2052 3447 Lin.
2064 3431 2130 3456 ²4⁹4
2137 3424 2192 3460 seq,

4 3463 5 3466 ’
51 3450 122 3485 Nep·
137 3459 174 3483 ²3³
189 3459 212 3483 3,
226 3460 253 3484 4·
1149 3458 1187 3482 De
1201 3455 1371 3486 Hieronymo
1388 3452 1494 3479 Rhodio
1512 3451 1672 3486 Philosopho
1697 3452 1752 3477 Cic.
1773 3452 1831 3479 Fin.
1852 3461 1876 3484 z,
1892 3461 1914 3485 3.
1986 3456 2025 3482 Id.
2039 3457 2123 3485 Tusc.
2134 3468 2161 3492 2,
2174 3462 2192 3486 6

0 3517 2 3524 ,
88 3493 108 3512 H
118 3493 140 3512 A
149 3493 165 3513 C
176 3492 191 3512 Ρ
202 3493 248 3514 Ro
261 3493 276 3513 Ρ
287 3492 333 3514 ΤΕ
342 3493 372 3515 R·
413 3490 507 3520 Varro·
542 3495 709 3530 Hacpropter
729 3503 821 3521 omnes
841 3494 891 3530 qui
910 3491 1031 3519 laborant
1050 3493 1091 3519 in·
1149 3497 1196 3517 etc.
1217 3491 1411 3522 Hieronymum
1423 3487 1619 3514 Stridonensern
1628 3487 1701 3523 jaspe
1716 3486 1852 3514 laudamus.
2031 3497 2047 3519 ,·

0 3525 3 3532 “
50 3527 156 3549 vocant.
1188 3528 1967 3555 1-1113ROPHANTA,etHIEROPHANTES‚ae.
1989 3534 2026 3552 m.
2060 3528 2194 3557 sacrarum

42 3572 45 3573 ν
89 3563 111 3583 Η
121 3565 143 3584 Α
154 3564 171 3584 C
182 3565 203 3585 T
211 3564 228 3584 E
236 3563 258 3583 N
269 3564 291 3584 V
301 3563 315 3585 8
324 3577 333 3590 ,
353 3559 407 3586 vid.
418 3560 463 3596 Jiaeo
475 3563 534 3590 1000,
1105 3568 1137 3594 95
1149 3564 1354 3588 caerimoniarum
1372 3557 1488 3595 magister
1500 3565 1524 3585 et
1534 3562 1666 3593 interpret.
1708 3556 1765 3583 Vid.
1773 3557 1899 3585 Arnob.l.
1907 3568 1920 3592 5·
1934 3570 1989 3586 cum
2002 3565 2070 3589 noeis
2084 3565 2192 3593 Elmenh.

89 3599 111 3618 H
121 3601 142 3620 V
152 3599 179 3620 C.
217 3593 284 3620 Adu.
297 3593 332 3619 od
343 3594 428 3621 Iocum.
462 3596 561 3635 [elevem
579 3599 682 3633 αὐτόσε,
700 3595 761 3635 Seia]
796 3599 871 3635 Virg.
885 3599 936 3626 Ecl.
952 3607 974 3630 ε,
988 3606 1021 3631 45
1033 3600 1092 3625 Huc
1152 3599 1264 3632 Inter-pp.
1279 3597 1349 3630 Nep.
1365 3597 1402 3627 16,
1416 3604 1437 3627 3,
1452 3603 1473 3620 2.
1515 3630 1519 3634 η
1541 3593 1635 3630 Μεαν]ἶ
1650 3591 1739 3627 Eltfin·
1753 3602 1775 3619 c·
1788 3601 1823 3625 13.
1894 3601 1919 3622 et
1932 3596 1955 3622 1.
1964 3597 2193 3636 Gothqfr.adl.14.

24 3663 27 3667 ,
52 3627 121 3654 ῧᾶῧῖ-
193 3629 261 3656 Tel·-
274 3630 339 3655 Elm-
355 3638 375 3662 1,
387 3638 412 3661 2,
419 3639 455 3663 40
474 3633 526 3667 Ego
541 3643 601 3662 cum
614 3636 677 3668 illo,
698 3645 814 3671 quocum
828 3644 883 3662 vno
892 3644 949 3662 rem
962 3634 1092 3660 habebam
1151 3631 1218 3658 Cod.
1233 3632 1289 3658 Th.
1302 3632 1334 3658 de
1348 3632 1439 3665 Pagan.
1452 3629 1541 3656 Sacris.
1561 3635 1608 3669 esc.
1734 3662 1741 3672 r
1772 3661 1778 3669 Ι

52 3669 108 3690 turn
123 3662 239 3698 hospite,
256 3665 313 3691 abii
327 3664 386 3691 huc.
467 3667 534 3695 Ter.
548 3670 612 3696 Eun.
625 3679 652 3704 4,
667 3679 694 3706 7,
708 3682 726 3705 4
757 3673 788 3698 In
801 3671 918 3698 medium
933 3671 983 3696 huc
998 3678 1093 3703 agmen
1188 3674 1209 3693 H
1220 3675 1226 3692 1
1237 3674 1280 3693 ER
1293 3673 1312 3693 o
1324 3675 1338 3693 1>
1349 3672 1371 3692 ιι
1381 3665 1462 3692 ι·“ι.Α
1472 3673 1506 3697 Χ,
1542 3668 1604 3692 acis,
1641 3672 1677 3688 m·
1713 3660 1885 3699 [ιεροφυλαξ]
1919 3667 1938 3692 ι’.
1957 3665 2087 3695 Sacrorum
2105 3679 2135 3695 cu
2158 3679 2193 3696 os.

53 3708 113 3726 cnm
125 3700 198 3727 vecti
211 3701 312 3727 Donax.
419 3701 479 3727 Huc
491 3702 520 3729 in
532 3704 624 3731 vrbem
635 3715 697 3733 raro
710 3713 841 3735 commeat
872 3707 939 3733 Ter.
954 3707 1018 3731 Hec.
1033 3714 1050 3732 ι,
1068 3713 1093 3735 2,
1151 3703 1275 3729 Scaeuola
1289 3703 1317 3728 in
1331 3702 1347 3728 l.
1361 3703 1454 3728 Annua
1467 3700 1508 3727 his
1521 3698 1610 3726 verbis
1625 3699 1656 3725 D.
1671 3694 1703 3723 de
1715 3698 1808 3724 annuis
1821 3699 1872 3734 leg.

4 3769 5 3774 1
53 3742 109 3761 100.
204 3736 263 3762 Huc
277 3741 303 3762 te
315 3736 407 3762 accerst
421 3736 476 3762 iussi
502 3737 576 3765 Idem
587 3740 651 3767 Eun,
666 3750 686 3774 ι,
700 3751 722 3774 2,
738 3751 780 3769 20,
887 3741 946 3768 Huc
958 3749 1046 3767 coram
1063 3741 1148 3767 11.100
1191 3744 1213 3763 ιι
1226 3747 1233 3764 ι
1247 3745 1318 3764 eso
1328 3745 1340 3763 s
1352 3743 1371 3763 o
1383 3745 1398 3763 1.
1408 3735 1467 3762 ι·“Μ
1477 3743 1509 3767 Λ,
1529 3743 1566 3760 ae.
1585 3733 1605 3759 f.
1642 3739 1666 3759 et
1686 3739 1939 3767 fflEROSoLYMA,
1950 3745 2036 3764 orum.
2049 3747 2074 3763 n.
2095 3744 2193 3765 tantum

54 3769 109 3795 lum
124 3770 252 3798 adducam
272 3772 340 3798 Ter.
355 3771 437 3798 Andr.
451 3780 472 3804 ς,
486 3781 507 3804 3,
521 3781 558 3805 29.
628 3775 700 3803 Idem
712 3779 778 3804 Eun.
793 3787 818 3812 2,
829 3783 886 3810 3,58
909 3778 967 3803 Huc
981 3775 1093 3802 deduffia
1153 3774 1192 3799 Pl.
1230 3772 1425 3806 [Ἱεροσόλυμα]
1466 3770 1532 3810 Vrbs
1544 3769 1663 3811 capitalis
1677 3768 1778 3796 Iudaeae
1785 3769 1830 3804 seu
1844 3770 2003 3804 Palaestinae,
2028 3782 2070 3798 uae
2083 3779 2106 3798 ct
2126 3775 2192 3800 Hie-

52 3805 89 3831 est
100 3805 132 3832 ad
145 3805 281 3833 Thaidem
295 3807 463 3834 meretricem
479 3818 484 3833 ε
509 3808 534 3834 ei
548 3807 619 3835 dono
630 3809 688 3837 data
699 3813 744 3840 est.
814 3814 870 3840 Cic.
884 3813 966 3839 Tusc.
980 3821 1004 3843 2,
1041 3831 1047 3837 .
1086 3831 1092 3837 .
1151 3808 1264 3835 rusalem
1278 3808 1419 3834 vocabatur.
1472 3806 1526 3831 Cic.
1542 3813 1591 3839 pro
1604 3804 1684 3831 flacc.
1699 3807 1734 3838 67
1767 3806 1858 3838 Quum
1872 3815 1963 3833 aurum
1977 3808 2006 3832 Iu
2026 3815 2133 3834 aeorum
2146 3818 2194 3836 no-

54 3840 113 3866 Huc
135 3842 222 3877 arripe
236 3841 269 3869 ad
280 3851 323 3870 me
336 3843 460 3870 manibus
472 3842 627 3870 abstractam
639 3845 698 3878 piis.
801 3850 861 3875 Huc
876 3853 984 3875 euocate
1024 3847 1093 3873 Ter.
1153 3843 1225 3870 mine
1241 3843 1384 3877 quotannis
1397 3850 1428 3868 ex
1443 3841 1518 3867 Italia
1530 3847 1557 3866 et
1566 3848 1598 3865 ex
1611 3839 1736 3867 omnibus
1754 3840 1846 3867 vestris
1865 3841 2022 3876 prouinciis,
2042 3841 2194 3875 Hierosoly.

54 3875 136 3902 Andr.
151 3886 170 3910 3,
181 3886 205 3910 3,
219 3885 264 3911 47.
368 3879 450 3906 Plaut.
466 3878 554 3905 Aulul.
569 3887 594 3910 2,
608 3887 664 3912 1,14
678 3881 716 3906 Eo
727 3888 795 3908 nunc
807 3889 833 3910 te
846 3885 945 3910 secreto
959 3883 1008 3909 huc
1022 3883 1094 3909 foras
1153 3887 1223 3905 mam
1236 3878 1370 3912 exportari
1383 3877 1486 3904 soleret.
1556 3875 1626 3903 Ibid.
1652 3877 1682 3903 C.
1698 3876 1836 3910 Pompeius
1851 3877 1930 3909 captis
1947 3876 2138 3908 Hierosolymis
2154 3878 2194 3905 vi-

0 3905 5 3942 l
52 3910 144 3939 reduxi
151 3931 161 3946 ,
180 3918 226 3975 Vtx'r
234 3920 287 3977 gite.
323 3950 357 3979 Π
404 3915 473 3943 Ter.
486 3915 550 3942 Eun.
564 3922 587 3948 5,
600 3916 624 3948 6,
638 3916 670 3941 26
694 3916 767 3945 Cesso
779 3917 829 3945 huc
842 3919 915 3960 intro
928 3919 1092 3954 irrumpere?
1104 3927 1147 3954 105
1155 3914 1214 3942 &or
1227 3922 1258 3940 ex
1271 3913 1320 3940 illo
1331 3914 1395 3941 fano
1407 3911 1475 3979 nihisl
1489 3910 1585 3974 {ugia
1676 3911 1767 3939 Tacit.
1782 3911 1855 3939 Hist.v
1860 3919 1884 3944 5,
1898 3919 1914 3936 2
1940 3910 2059 3942 Solymos
2071 3913 2194 3976 carmibnlig
