2479 4225
19 182 182 274 '657*„
447 212 480 252 F
560 211 576 252 1
664 210 702 251 D
1507 207 1548 248 Ρ
1645 208 1661 248 1
1751 208 1788 249 D
2102 215 2174 262 658

46 303 173 335 commin-3
192 301 253 330 fidei
274 302 366 328 Horat,
379 299 460 328 germ,
475 309 501 334 1,
513 309 536 333 3,
550 307 590 334 93,
661 299 784 327 Promiss'a
804 297 866 324 fides
886 296 993 323 venturi
1011 295 1072 323 Stat.
1168 305 1186 325 F
1195 304 1274 326 1DE1
1285 304 1306 325 v
1315 304 1329 324 S
1338 304 1350 324 s
1360 302 1406 324 ΟΕ
1415 316 1422 328 ,
1441 297 1503 324 oris.
1525 307 1560 324 m.
1591 296 1604 331 [
1612 296 1742 331 ἓνγυητῆς,
1755 295 1889 331 α’νοίδοχος]
1927 300 2027 328 Αυδιοι·
2039 299 2174 334 credendi,

0 359 3 364 .
38 335 134 370 'Theb.
145 341 172 371 6,
187 346 231 371 933
250 344 340 364 certum
348 336 478 373 prodigiis
489 337 667 363 denuntiatum.
712 335 770 362 Vid.
779 332 867 361 Barth.
875 332 908 358 ad
920 333 944 358 h.
953 333 970 357 l.
1026 332 1073 356 Pu·
1132 337 1214 370 inquit
1223 354 1230 365 ‚
1250 335 1366 360 Donatus
1379 332 1412 358 ad
1425 333 1454 358 T
1457 342 1492 359 cr.
1506 334 1571 360 Eun.
1585 343 1605 367 ι,
1620 341 1645 366 2,
1657 341 1697 366 59.
1721 336 1740 359 i.
1753 334 1827 360 alium
1842 334 1938 368 aliquid
1948 336 2071 368 daturum,
2081 335 2174 372 fastu.

46 383 106 413 gnat
120 375 180 402 hinc
198 373 274 404 fides,
292 372 366 399 illinc
380 373 528 405 fraudatio,
548 375 675 398 contraria
692 371 746 398 Cic.
760 370 788 395 in
798 367 877 395 Catil.
890 376 921 400 2,
935 375 973 399 25.
1024 367 1073 392 Re·
1133 379 1214 396 rumue
1221 370 1269 405 sua
1276 368 1345 404 fide,
1358 367 1449 404 suoque
1466 371 1575 404 periculo
1586 372 1743 404 promittens.
1793 366 1835 401 Est
1850 375 1917 394 totus
1931 370 2040 397 Titulus
2056 372 2175 406 Digesto.

0 411 11 442 ἦ
47 413 131 448 cipere
143 408 221 436 fidem
232 408 273 434 'de
288 407 394 443 aliquo,
412 415 438 434 et
451 416 508 434 eam
522 408 624 434 seruare
643 407 715 433 Idem
729 406 781 432 Λα.
796 412 821 435 2,
835 409 875 442 232.
931 402 1073 442 *Recipere
1134 414 1192 431 rum
1212 406 1243 432 de
1258 404 1480 435 ffideiussbribus,
1505 404 1547 430 vl.)
1567 414 1591 430 v,
1606 414 1631 441 g,
1651 404 1757 440 leian,
1773 403 1791 430 l,
1803 404 1916 435 Graece,
1936 405 1963 430 Si
1977 407 2035 439 quis
2055 408 2175 435 Stichum

0 459 4 479 fi
46 449 155 482 aliquem
176 444 204 470 in
223 442 301 470 fidem
320 444 407 475 suam,
426 449 452 470 et
470 442 679 476 commendatum
699 440 794 468 habere
816 439 870 464 cic.
885 439 963 464 Attic.
983 445 1021 470 ις,
1041 444 1073 470 15.
1098 446 1112 472 5
1134 440 1284 475 stipulatus,
1305 440 1480 466 fideiull‘orem
1502 439 1539 465 ita
1555 439 1697 474 acceperit,
1716 438 1833 467 Stichum
1848 445 1893 466 aut
1905 439 1995 465 decem
2010 440 2060 466 fide
2073 448 2118 469 tua
2133 443 2174 469 iu-

47 481 135 511 Redde
145 488 213 506 nunc
228 479 329 514 pactam
345 479 440 513 fidem,
465 482 484 505 i.
495 477 539 511 sta
552 477 677 513 promiffis
696 477 781 502 Senec.
796 474 905 507 Hippoi.
927 474 943 498 s.
960 478 981 502 8.
1026 474 1073 499 Rc.
1135 475 1199 502 bes?
1234 475 1302 503 ΛΜ,
1315 475 1375 502 Tit.
1394 474 1426 500 de
1440 473 1632 501 fideiussoribus
1651 481 1676 502 et
1696 474 1909 503 nominatorum,
1930 480 1957 501 et
1970 475 2112 503 heredibus
2133 485 2174 504 tu,

2 518 9 541 ἰ
45 522 139 545 nouata
160 515 257 542 Lucan.
271 525 298 549 4,
315 523 377 548 204.
445 514 582 548 Refignare
595 513 672 539 fidem
687 510 844 541 tabularum,
862 512 963 535 irritam
977 508 1075 534 reddere
1135 517 1224 538 torum
1239 518 1264 538 et
1289 516 1450 537 curatorum.
1487 511 1545 536 Eius
1569 511 1721 545 compositum
1742 510 1948 541 Confideiuffor,
1976 511 2028 536 vid.
2047 510 2092 546 suo
2114 514 2173 540 loco.

0 573 3 583 .
46 553 99 580 Cic.
117 559 165 586 pro
178 549 255 577 Arch.
268 559 293 583 9.
365 551 497 585 Rupiss'ent
515 550 642 576 elementa
659 546 736 573 fidem
750 544 844 580 foedus
863 544 926 570 illud
942 551 1074 576 arternum,
1135 546 1309 575 Fideiussor&
1328 545 1432 577 armni,
1459 545 1511 571 vid.
1533 552 1691 572 ASSlevs.
1759 546 1918 578 Fideiussor,
1936 546 2123 581 Iurisconsultis
2136 547 2175 573 di·

43 595 88 625 quo
100 588 166 613 velut
182 585 297 612 demntia
304 585 366 622 fitne
381 585 503 612 diuinitus
517 584 607 612 Claud.
620 583 651 609 de
665 583 739 615 Rapt.
753 580 870 614 Proserp.
886 589 910 612 1,
924 588 964 613 43.
1032 580 1075 606 Sa·
1135 585 1218 613 citur,
1238 581 1348 618 Qcifide
1368 590 1397 608 ac
1406 581 1518 615 periculo
1526 581 1572 616 suo
1583 581 1688 616 jieadet,
1709 588 1738 608 vt
1752 582 1794 615 id,
1812 582 1842 609 de
1860 591 1904 622 quo
1916 585 2016 619 agitur,
2028 583 2081 617 fiat
2090 601 2098 614 ‚
2118 591 2175 617 quo.

0 622 9 649 “s
44 629 112 651 crata
124 622 243 656 coniugii
258 622 345 647 Seuec.
360 623 450 655 Agam.
469 621 487 647 s.
501 629 524 647 2.
592 617 670 652 Sequi
688 616 758 643 bona
771 615 822 642 fide
836 616 937 655 aliquid
951 615 1006 642 Cic.
1022 616 1073 641 Att.
1093 625 1121 644 10
1136 621 1203 644 niam
1216 622 1267 644 eius
1280 623 1388 643 euentum
1397 615 1524 651 praestat,
1547 623 1577 642 vt
1597 616 1613 642 1.
1630 617 1726 643 Lucius
1749 618 1781 644 D.
1803 617 1835 643 de
1854 616 1962 644 fideiull'.
1987 618 2067 650 Peto,
2086 617 2129 642 des
2149 617 2175 643 ei

44 661 70 690 6,
85 667 104 685 1.
174 657 298 692 Sequitur
317 657 398 683 verba
417 656 479 683 fides
499 654 578 682 Ouid.
591 654 654 680 Fau.
672 661 697 684 1,
711 659 765 686 357.
836 650 963 685 leiauus
985 651 1013 676 in
1032 651 1049 676 l.
1065 659 1074 676 1
1135 662 1244 683 numos,
1270 653 1322 678 fide
1341 660 1369 679 ac
1388 651 1506 686 periculo
1525 660 1595 678 meo.
1658 653 1743 688 Itaque
1758 662 1829 687 quum
1848 653 1892 679 has
1902 652 1990 688 paffim
2000 652 2129 688 formulas
2143 654 2176 678 le.

2 705 3 710 =
31 694 84 722 ¹De
95 692 149 720 reb.
157 692 226 719 cred.
248 693 346 719 Omnes
364 693 436 719 enirn
449 689 603 720 contradius,
616 697 681 723 quos
695 688 808 714 alienam
820 686 1016 720 fidemSc-quuti
1037 686 1076 711 in-
1135 692 1232 726 gimus,
1254 687 1370 714 Stichum
1389 692 1433 713 aut
1447 687 1535 713 decem
1550 686 1601 713 fide
1615 693 1659 714 tua
1676 688 1768 714 iubes?
1791 690 1922 721 Qiantam
1937 689 2074 723 pecuniam
2092 686 2176 715 credi.

8 722 16 750 «Ι
44 729 189 760 stituimus,
209 728 403 763 complectitur.
467 724 508 759 Est
526 728 599 751 etiam
619 725 751 759 exemplum
769 727 795 748 in
817 722 835 749 l.
853 731 868 749 2
895 723 924 748 C.
946 722 977 747 de
1000 720 1076 747 bonis
1136 727 1215 757 dero,
1234 723 1285 749 fide
1299 729 1343 749 tua
1362 723 1410 748 effe
1426 722 1517 755 iubes,
1536 730 1559 749 et
1568 722 1678 756 similes,
1691 723 1842 759 subauditur
1851 730 1984 759 perpetuo,
2004 724 2049 750 Isti
2067 723 2176 750 credita.

13 783 16 795 2
43 763 201 792 auetoritate
215 763 271 790 iud.
289 763 377 798 poffid,
444 761 525 788 Plaut.
537 760 618 786 Trin.
632 768 660 792 4,
674 768 696 791 3,
710 767 739 793 4ι
761 758 830 786 Male
844 756 1076 796 fidemSeruaudo,
1138 762 1204 787 Nam
1222 759 1332 791 Iubere,
1345 765 1394 793 pro
1414 759 1493 789 Velle,
1508 758 1626 794 suadere,
1645 766 1745 794 cupere,
1763 760 1803 785 hic
1816 759 1965 795 vfisrpotur‚
1985 767 2014 785 vt
2032 766 2125 787 veteres
2147 762 2176 785 in

0 796 16 809 '⁵
44 800 97 828 illis
110 807 217 834 quoque
233 798 360 834 abrogant
376 798 454 825 etiam
468 795 562 828 fidem,
582 795 628 829 qui
647 794 716 821 nihil
730 794 829 821 meriti.
874 796 876 804 '
900 792 998 827 Virgil.
1012 793 1075 818 Aen.
1095 801 1119 827 15
1134 796 1174 822 his
1181 794 1341 821 locutionibus
1348 794 1598 825 amiotarwzt,111beo
1613 800 1637 820 te
1653 795 1768 821 saluere:
1785 795 1869 821 Iubeo
1884 800 1910 820 te
1927 795 1999 821 bono
2011 795 2102 821 animo
2116 794 2176 828 esse,

0 850 13 870 ·.
44 844 71 868 2,
89 837 138 862 161.
205 835 314 861 Seruare
332 831 448 862 veritatis
468 830 547 857 fidem
566 830 698 863 anffil.
712 838 740 862 3,
758 836 780 860 g.
853 829 961 855 Sci-uate
982 828 1011 853 in
1030 827 1076 853 ali-
1136 838 1182 857 ηρ,
1219 831 1254 856 lix
1269 831 1413 855 Hotomano.
1456 830 1513 856 Vid.
1528 830 1644 856 Macrob.
1658 831 1708 856 Sat.
1724 838 1745 862 ς,
1759 839 1787 862 19
1812 839 1878 866 quem
1891 830 1975 856 damus
1988 833 2014 856 ιή
2032 827 2176 858 PAL1C1.

63 879 95 897 ua
107 878 137 897 re
151 869 229 897 fidem
245 871 300 896 Cic.
313 870 342 896 in
352 868 438 895 Vatin.
452 873 485 899 15.
555 865 685 892 Seruanda
698 875 757 892 cum
771 864 844 892 hoste
862 865 934 898 saepe
949 864 1076 889 iusiuran-
1173 872 1208 893 1³1
1220 872 1238 891 D
1250 871 1266 891 E
1276 872 1284 891 1
1296 871 1358 890 vss
1368 871 1413 890 on
1424 871 1460 890 ιν
1471 872 1498 897 3,
1518 874 1547 897 a,
1575 874 1628 891 um.
1666 865 1724 891 Adi.
1760 865 1893 899 l'apinian.
1912 866 1939 891 in
1960 865 1977 891 1.
1991 866 2077 892 tribus
2099 866 2130 892 D.
2144 865 2178 891 de

5 910 11 939 j.
27 904 72 934 ‘di
83 905 146 932 fides
159 905 231 932 Idem
246 905 298 932 Off.
311 914 333 938 3,
346 911 400 929 100-
454 901 590 928 Solicitare
605 901 681 928 donis
695 901 815 937 pudicam
828 900 906 926 fidem
921 899 1002 925 Ouid·
1013 900 1076 925 Mct.
1136 901 1263 928 vsufnust.
1279 909 1369 926 earum
1388 908 1492 933 rerum,
1512 910 1578 934 quac
1593 901 1638 926 vsu
1653 902 1740 927 consu.
1776 901 1801 927 Si
1821 901 1963 927 coheredes
1981 909 2013 927 ex
2027 901 2101 927 causa
2113 900 2178 928 flde-

24 944 27 948 “
42 949 69 977 7,
81 949 142 977 720.
214 941 302 968 Soluta
313 939 374 965 fides
387 942 474 964 morte
492 936 565 964 Idem
579 937 658 972 Epist.
674 946 712 974 ro,
725 942 764 971 78.
819 935 939 970 Spondeo
956 935 1006 960 tide
1018 944 1075 960 mea
1137 937 1244 964 iusi'oria
1259 936 1475 962 conuenirentur.
1513 936 1651 970 Obligatio
1667 935 1827 962 fideinfforia
1845 936 1863 962 l.
1879 944 1910 969 50
1930 937 1957 962 ff.
1976 936 2007 963 de
2021 937 2143 963 Fideiuff.

43 978 180 1009 futurum,
196 982 226 1003 vt
242 975 331 1003 onmia
348 974 425 1007 longe
438 972 577 1007 ampliora,
598 982 677 1008 quam
695 981 710 1000 a
722 980 764 998 me
784 971 984 1005 praedicantur,
1005 971 1075 996 inue-
1086 985 1121 1003 20
1172 978 1234 999 Pin
1244 979 1260 998 Ε
1271 980 1279 997 1
1289 978 1357 998 PRO
1370 977 1439 998 Mis
1450 978 1461 997 s
1472 977 1492 998 ο
1502 978 1535 1004 R,
1556 972 1620 998 oris.
1653 980 1689 998 m.
1723 971 1801 997 Gloff.
1815 972 1871 998 Lat.
1885 972 1932 998 Gr.
1952 972 1971 998 F
1974 972 2180 1007 ideipromiffor,

13 1037 15 1043 ,
42 1013 100 1040 nias
119 1012 185 1039 Plin.
200 1011 276 1046 Epist.
291 1019 309 1043 1,
325 1017 362 1043 14.
434 1007 566 1043 Spondere
579 1008 658 1035 fidem
671 1007 751 1035 Ouid.
766 1007 829 1033 Met.
845 1014 882 1039 10,
895 1014 948 1039 395.
1006 1007 1076 1032 Stare
1134 1007 1304 1037 πιςικελεύςης.

42 1048 72 1075 in
87 1047 138 1074 fide
153 1047 207 1074 Cic.
223 1055 270 1081 pro
281 1043 372 1071 Rabir.
385 1048 424 1073 28.
494 1044 547 1070 Stat
561 1044 640 1076 fides,
665 1043 717 1070 vid.
727 1042 810 1078 paullo
824 1049 881 1068 ante
893 1042 922 1068 T
924 1050 987 1068 euax
1002 1041 1073 1068 fides.
1172 1049 1189 1069 F
1200 1044 1211 1069 i
1222 1050 1240 1069 D
1251 1049 1269 1069 o
1279 1063 1287 1075 ,
1307 1041 1366 1068 fisus
1379 1042 1433 1067 sum
1443 1061 1449 1072 .
1465 1043 1519 1068 ere.
1557 1041 1685 1078 [Soc-<ipim
1698 1041 1824 1075 πέποιθα]
1862 1040 1946 1068 Fidem
1959 1042 2054 1074 habere,
2072 1042 2181 1076 credere,

42 1084 105 1110 Sum
119 1093 125 1109 :
149 1083 216 1109 Ter.
230 1080 333 1108 Phorm.
347 1087 369 1112 5,
382 1086 408 1113 7,
422 1087 443 1105 11
470 1079 562 1106 Adhuc
575 1079 665 1106 curaui
677 1088 759 1105 vnum
772 1077 822 1104 hoc
834 1077 950 1112 quidem,
965 1084 992 1103 vt
1006 1077 1074 1103 mihi
1129 1078 1198 1116 spem
1212 1085 1312 1113 ponere.
1350 1077 1415 1117 Plin.
1430 1077 1508 1111 Epist.
1522 1082 1546 1109 8,
1561 1085 1595 1108 21,
1608 1086 1628 1110 4
1651 1077 1691 1103 Ita
1710 1077 1841 1109 solemus,
1861 1077 1910 1111 qui
1924 1077 2032 1110 ingenio
2045 1086 2136 1111 parum
2151 1077 2180 1103 fi-

8 1112 15 1126 “’
42 1119 103 1145 ess'et
115 1117 186 1143 fides.
254 1115 330 1142 Fides
343 1114 384 1141 illi
399 1115 532 1142 nuntianti
545 1115 598 1141 fuit
611 1115 671 1141 Liu.
685 1123 705 1147 1,
721 1116 750 1140 16
770 1120 834 1140 exer.
888 1113 933 1145 (Si
948 1122 997 1147 qua
1012 1113 1076 1139 fides
1137 1115 1239 1146 dimus,
1259 1114 1383 1140 satietat1s
1403 1114 1549 1148 periculum
1568 1113 1669 1146 fugere.
1726 1111 1823 1146 Virgil.
1843 1112 1908 1138 Aen.
1930 1120 1955 1144 9,
1974 1117 2020 1146 378
2046 1114 2077 1138 Et
2098 1113 2179 1140 fidere

42 1153 95 1185 est)
112 1151 229 1179 scribon.
243 1152 332 1178 Peror.
386 1151 458 1176 Haec
474 1150 510 1176 est
523 1150 586 1176 fides
600 1151 610 1176 3
630 1150 736 1176 Sueton.
745 1149 810 1176 Ner.
829 1157 852 1174 c.
864 1157 900 1183 49
919 1149 1075 1184 exprobratio
1089 1160 1122 1187 25
1136 1149 1219 1176 noeti.
1262 1149 1319 1175 Vid.
1332 1149 1404 1175 Seru.
1424 1149 1457 1174 ad
1469 1149 1534 1175 Aen.
1548 1155 1575 1182 7,
1589 1157 1650 1181 290.
1684 1154 1707 1174 et
1726 1157 1746 1180 1,
1760 1149 1819 1181 456.
1852 1154 1875 1174 et
1890 1155 1913 1182 5,
1927 1152 1976 1177 800
2000 1150 2042 1183 qui
2061 1149 2181 1174 Datiuum

41 1191 69 1216 in
82 1187 110 1214 de
122 1195 222 1214 erentes.
301 1185 366 1213 Fide
384 1186 458 1212 nulla
475 1195 504 1212 es
518 1197 523 1212 :
550 1187 575 1212 b.
591 1194 611 1212 e.
625 1185 702 1221 fidem
711 1184 785 1221 saepo
802 1191 898 1217 mutas,
917 1194 989 1220 neque
1002 1192 1076 1219 prae·
1136 1185 1204 1212 modo
1217 1194 1315 1221 regere,
1329 1182 1447 1218 affirmat.
1492 1183 1538 1211 Sed
1551 1191 1631 1209 tamen
1644 1185 1709 1210 Aen.
1723 1192 1750 1217 7,
1763 1192 1815 1215 290
1838 1183 1933 1210 Moliri
1948 1183 2000 1210 iam
2015 1182 2082 1209 tedia
2096 1183 2181 1216 videt,

35 1222 107 1260 fias,
124 1222 187 1259 quod
199 1221 326 1258 polliceris
343 1221 425 1248 Plaut—
439 1220 498 1248 Mil·
513 1230 555 1248 20-
591 1221 646 1247 vid·
667 1228 689 1247 N
700 1228 746 1247 VL
756 1227 770 1246 Ι-
781 1226 833 1246 VS·
905 1221 1010 1246 Sumere
1024 1219 1075 1245 fide
1137 1222 1190 1248 iam
1204 1220 1284 1247 fidere
1296 1226 1366 1247 terra
1381 1230 1387 1245 2
1431 1221 1493 1246 lacet
1506 1219 1639 1245 Prisciano
1658 1224 1682 1249 18
1704 1227 1728 1253 p.
1741 1224 1792 1251 1185
1810 1225 1874 1244 extr.
1899 1221 1942 1255 qui
1955 1225 2037 1253 nempe
2051 1225 2182 1255 utrumque

42 1259 152 1287 'alicuius
167 1268 173 1284 τ
192 1257 297 1294 subaud.
313 1258 471 1291 Argentum,
496 1259 513 1283 i.
533 1257 653 1292 nonsua,
666 1256 714 1293 fid
731 1257 812 1282 aliena
830 1258 941 1282 cautione
960 1256 1015 1282 Cic.
1028 1264 1076 1289 pro
1137 1267 1165 1283 ca
1179 1267 1217 1282 um
1229 1257 1336 1292 probat,
1359 1227 1519 1291 qufflpuerim
1533 1253 1575 1287 est.
1616 1255 1677 1290 *Ipse
1690 1254 1763 1280 Seru.
1777 1253 1810 1280 ad
1822 1255 1887 1280 Aen.
1904 1263 1934 1285 11,
1948 1262 1987 1286 351
2008 1254 2078 1280 Dum
2090 1254 2182 1281 Troia

44 1295 124 1326 Flete,
137 1299 173 1327 85.
227 1293 301 1328 Covgf.
323 1293 423 1319 Sallust.
437 1292 515 1319 Catil.
530 1300 571 1326 24,
585 1301 604 1318 1.
674 1292 765 1318 Tacit.
779 1291 849 1317 Ann.
861 1300 882 1323 3,
900 1294 927 1317 16
953 1292 1001 1317 Sed
1014 1291 1076 1322 fide,
1138 1298 1220 1319 tentat
1240 1292 1345 1323 Castra,
1368 1291 1443 1324 fugae
1466 1290 1561 1320 fidens,
1580 1291 1682 1324 Fugae,
1703 1293 1785 1325 inquit
1796 1309 1803 1321 ,
1823 1289 1932 1323 figurate
1946 1290 2029 1321 dixit,
2047 1299 2096 1324 pro
2109 1291 2182 1324 Fuga

0 1340 4 1358 ς
45 1339 74 1358 ae
86 1330 182 1357 virtute
201 1328 315 1363 legatOS,
332 1328 358 1355 se
377 1327 490 1355 consiliis
504 1328 679 1362 Superfuiffe,
708 1328 734 1354 h.
749 1336 770 1354 e.
784 1325 877 1359 viciffi.
949 1327 1004 1352 Cic.
1030 1335 1078 1360 pro
1097 1338 1127 1361 30
1140 1327 1230 1354 fidens.
1286 1327 1371 1354 Cursu
1392 1325 1474 1353 Ouid.
1489 1327 1586 1360 Mem,
1602 1333 1658 1359 545.
1712 1325 1824 1352 Pecunia
1846 1326 1914 1359 Nep.
1922 1327 1946 1356 6,
1955 1333 1976 1357 3,
1985 1333 2006 1358 5.
2058 1325 2182 1352 Victoria

0 1380 2 1386 ν
23 1386 26 1391 .
47 1364 132 1396 Rabir.
146 1364 211 1392 Post.
226 1373 245 1397 4
272 1365 327 1391 Nec
341 1364 441 1393 interea
458 1362 619 1398 locupletare
638 1363 737 1389 amicos
754 1371 872 1397 vnquam
892 1362 950 1388 suos
971 1362 1079 1394 destitit,
1138 1364 1211 1390 Idem
1231 1371 1297 1398 12,1,
1313 1371 1336 1389 2..
1374 1361 1447 1397 Conf.
1462 1362 1520 1388 Cic.
1534 1361 1612 1388 Acad.
1626 1370 1644 1394 4
1662 1369 1685 1387 c.
1699 1370 1738 1387 20.
1779 1362 1809 1387 Et
1825 1360 1857 1391 de
1872 1361 1967 1387 Natur.
1982 1361 2061 1388 Deor.
2078 1369 2091 1386 2
2110 1369 2182 1394 c.41.

49 1401 147 1429 mittere
160 1400 188 1426 in
200 1399 345 1434 negotium,
362 1399 423 1425 dare
436 1405 531 1434 partes,
546 1407 654 1434 augere,
672 1398 724 1425 fide
738 1398 898 1429 Sustemare,
916 1401 934 1424 i.
943 1397 1079 1433 JP0²1st⁰⁷ffi
1139 1398 1257 1431 Fidebo,
1276 1398 1394 1424 futurum
1414 1397 1571 1431 antiquum,
1590 1395 1649 1430 teste
1668 1397 1762 1423 Nonio
1781 1405 1819 1429 10,
1835 1398 1866 1429 36
1886 1397 1986 1423 Naeuii
2002 1396 2183 1423 testimonium

50 1437 152 1464 Tenere
163 1435 241 1462 fidem
255 1434 310 1462 Cic.
325 1435 435 1470 Philipp.
451 1443 485 1467 13,
498 1442 541 1469 27.
626 1435 747 1461 Tentare
767 1434 846 1460 fidem
865 1433 980 1467 polliciti
999 1432 1080 1459 Ouid.
1140 1436 1252 1466 citante,
1273 1434 1316 1460 vbi
1330 1436 1383 1465 ait,
1404 1432 1476 1459 Tibi
1490 1442 1573 1467 quum
1592 1431 1695 1464 fidebo,
1716 1431 1800 1458 fidelis
1818 1440 1873 1458 ero.
1911 1431 1958 1459 Sed
1971 1432 2050 1458 Mers.
2066 1432 2182 1458 Viuebo.

47 1471 108 1500 Met.
123 1480 156 1504 ιι,
170 1479 225 1506 107.
297 1470 411 1498 Tollere
431 1470 526 1502 fidem,
554 1470 609 1496 vid.
630 1476 772 1497 TOLLo.
845 1469 985 1495 Tribuere
999 1468 1079 1495 fidem
1176 1476 1330 1500 F1DENS,
1357 1469 1432 1495 entis.
1470 1468 1562 1494 Partic.
1598 1467 1728 1503 [θαρρῶῃ
1748 1467 1901 1503 θαρραλέος]
1938 1468 1995 1494 Cic.
2013 1466 2046 1493 de
2063 1467 2127 1494 Nat.
2148 1468 2181 1494 D.

44 1506 194 1534 testimonio
211 1506 324 1533 alicuius
343 1506 399 1532 Cic.
420 1514 469 1540 pro
483 1505 554 1532 Sulla
573 1514 611 1532 10.
680 1504 820 1532 Tribuere
839 1503 918 1530 fidem
939 1505 1034 1537 rebus,
1061 1507 1078 1530 i.
1098 1516 1126 1543 35
1141 1515 1161 1539 1,
1175 1514 1204 1539 93
1225 1515 1246 1531 c.
1260 1514 1286 1538 33
1308 1504 1398 1531 Istisne
1414 1503 1521 1530 fidentes
1535 1502 1654 1535 somniis,
1669 1512 1723 1529 non
1735 1506 1815 1529 modo
1829 1503 1955 1537 Epicurus
1969 1509 1995 1530 ct
2003 1503 2184 1535 Metrodorus,

0 1566 2 1570 ,
41 1541 212 1569 auctoritatem
229 1542 304 1569 Idem
320 1541 353 1568 de
365 1542 456 1568 Diuin-
470 1550 497 1573 1,
510 1547 532 1574 ς·
621 1540 712 1567 Tueti
732 1540 810 1566 fidem
824 1540 895 1566 suam
903 1560 912 1572 ‚
931 1539 964 1573 est
978 1542 1081 1567 Seruare
1140 1548 1166 1568 et
1180 1540 1353 1572 Hermachus,
1367 1546 1458 1566 contra
1471 1538 1660 1573 Pythagoram,
1680 1539 1829 1571 Platonem,
1855 1538 2090 1573 Empedoclemque
2110 1538 2184 1564 dixe-

5 1602 7 1607 ⁴
36 1577 148 1614 ‘illaesum
157 1578 256 1614 famam
268 1579 322 1604 locu
339 1579 397 1604 letis
410 1577 530 1603 debitoris
544 1576 600 1602 Cic.
616 1576 669 1602 Att.
684 1584 724 1607 11,
738 1584 762 1602 2..
832 1575 905 1601 Idem
927 1584 965 1608 11,
987 1585 997 1602 1
1025 1576 1080 1609 Ego
1140 1583 1218 1609 runt,
1235 1583 1280 1603 etc.
1354 1575 1427 1601 Idem
1443 1575 1495 1601 Att.
1515 1583 1553 1606 10,
1567 1581 1585 1608 7
1610 1573 1689 1600 Istum
1703 1575 1775 1600 cnim
1789 1574 1920 1600 viclorem
1935 1574 2017 1607 magis
2031 1574 2184 1607 relinquen-

40 1612 70 1640 in
83 1613 232 1647 cistophoro
246 1613 274 1638 in
288 1613 309 1638 A
321 1621 345 1638 na
357 1611 442 1638 habeo
455 1610 487 1637 ad
501 1609 648 1637 sestertium
661 1610 702 1637 bis
714 1617 740 1637 ct
751 1610 849 1643 vicies,
865 1610 942 1637 huius
955 1611 1079 1645 pecuniae
1141 1614 1204 1639 dum
1218 1618 1283 1646 puto
1292 1631 1300 1644 ,
1321 1620 1401 1646 quam
1414 1610 1516 1636 vicium
1529 1620 1536 1641 ;
1566 1616 1592 1636 et
1605 1609 1770 1636 dubitantem
1787 1609 1883 1643 magis,
1897 1617 1976 1642 quam
1993 1608 2119 1634 fidentem
2131 1608 2185 1634 suis

8 1663 15 1673 .
39 1649 234 1683 permutatione
247 1647 326 1673 fidem
339 1647 453 1677 nostram
467 1646 544 1672 facile
557 1645 698 1672 Tuebere:
721 1649 839 1672 nimirum
847 1645 1007 1681 pratstando,
1018 1645 1082 1681 quod
1142 1648 1228 1675 rebus.
1298 1647 1355 1673 Cic.
1366 1646 1478 1673 Tuscul.
1493 1654 1514 1677 3,
1528 1653 1557 1677 ι4
1583 1645 1639 1677 Qi
1652 1645 1730 1670 fortis
1742 1644 1795 1675 est,
1813 1644 1883 1669 idem
1897 1643 1932 1669 est
1947 1642 2040 1674 fidens,
2056 1644 2185 1677 quoniam

36 1683 148 1718 promisi.
203 1682 279 1709 Fides
291 1685 354 1708 enim
368 1682 464 1709 uerbum
477 1680 651 1717 estproprium
665 1681 815 1712 debitorum,
833 1688 857 1708 et
868 1682 942 1718 saepe
960 1691 1012 1708 cuni
1025 1691 1126 1719 ver-40
1140 1683 1272 1710 confidens
1291 1682 1360 1708 mala
1377 1681 1567 1707 consuetudine
1587 1679 1713 1713 loquendi
1732 1680 1760 1704 in
1775 1679 1844 1704 vitio
1857 1679 1982 1711 ponitur3
2005 1677 2186 1704 ductumver-

39 1720 79 1744 bis
94 1719 229 1745 translatis
240 1724 295 1753 apte
312 1720 488 1753 coniungitur,
506 1724 535 1743 vt
547 1717 614 1752 apud
627 1718 699 1743 Caes.
715 1717 743 1743 B.
757 1717 787 1743 C.
806 1726 817 1748 3
832 1723 875 1752 pr.
904 1719 995 1750 Quini
1015 1716 1079 1742 fides
1140 1719 1204 1744 bum
1224 1725 1238 1742 a
1254 1716 1427 1745 confidendo,
1448 1715 1519 1749 quod
1537 1714 1622 1739 laudis
1639 1714 1683 1739 est.
1732 1714 1788 1745 Qti
1802 1718 1891 1739 autem
1909 1712 1945 1739 est
1965 1712 2063 1745 fidens,
2082 1713 2103 1738 is
2124 1722 2186 1747 pro-

40 1759 97 1780 tota
109 1753 185 1780 Italia
198 1753 256 1780 emet
269 1751 412 1787 angustior,
427 1761 511 1787 neque
524 1752 638 1779 creditae
650 1752 776 1787 pecuniae
788 1752 961 1778 soluerentur.
1005 1752 1082 1777 Turf·
1139 1752 1211 1778 senfto
1223 1760 1277 1776 non
1291 1751 1445 1776 extimescit.
1517 1749 1628 1773 Animus
1642 1747 1781 1781 prudentia
1794 1747 1958 1782 consilioque
1972 1748 2054 1774 fidens
2067 1748 2123 1775 Cic.
2131 1748 2185 1775 Off.

40 1787 100 1814 bata
119 1788 257 1815 Claudian.
274 1789 302 1814 in
316 1789 392 1814 Cons.
406 1789 509 1814 Honor.
523 1797 543 1818 3,
554 1789 594 1817 63.
665 1787 777 1812 Vacillat
795 1786 860 1813 fides
879 1786 1000 1816 testium,
1024 1785 1077 1810 vid.
1140 1795 1160 1817 1,
1174 1791 1200 1815 81
1221 1794 1242 1810 c.
1256 1793 1294 1815 23.
1368 1785 1466 1809 Animo
1479 1782 1571 1808 fidenti
1589 1783 1662 1816 gradi
1675 1782 1706 1808 ad
1721 1789 1834 1809 mortem
1846 1784 1919 1809 Idem
1926 1783 2008 1810 Tusc.
2019 1793 2038 1815 1,
2050 1793 2092 1810 110
2112 1793 2132 1811 c.
2141 1786 2185 1817 46.

41 1829 117 1849 VAe
129 1831 138 1848 1
147 1831 163 1849 L
172 1830 188 1849 L
197 1830 225 1849 o.
299 1822 419 1848 Vendere
439 1822 518 1847 fidem
540 1820 651 1854 gemmis
674 1820 779 1846 Tibull.
797 1828 822 1850 1,
841 1827 868 1851 9,
885 1828 924 1850 32·
997 1819 1078 1844 Venit
1140 1819 1256 1846 Brachiis
1270 1821 1393 1844 iuuentus
1407 1818 1490 1844 fidens
1504 1819 1597 1844 Horat.
1611 1819 1699 1847 Carni.
1712 1826 1734 1850 3,
1747 1827 1774 1851 4,
1787 1827 1827 1852 50.
1898 1819 1969 1853 Fuga
1982 1819 2063 1845 fideus
2076 1819 2185 1845 Parthus

6 1851 15 1879 ‘t
39 1865 123 1892 prona
143 1857 244 1891 cupidis
264 1857 294 1882 in
306 1857 350 1882 sua
363 1862 425 1882 vota
438 1855 502 1881 fides
520 1854 604 1881 Ouid.
616 1854 648 1880 de
661 1854 723 1880 Arte
735 1855 795 1880 Am.
809 1862 831 1885 3,
845 1854 909 1886 674.
980 1853 1078 1879 Venire
1089 1865 1123 1891 45
1141 1854 1236 1888 Virgil.
1251 1854 1348 1888 Georg.
1363 1862 1386 1886 3,
1399 1862 1434 1886 31.
1503 1853 1570 1880 Puer
1582 1852 1650 1880 bene
1662 1853 1710 1880 fibi
1723 1853 1804 1880 fidens
1818 1854 1872 1881 Cic.
1887 1855 1940 1880 Att.
1955 1856 1981 1886 6,
1993 1856 2018 1879 6.
2090 1854 2185 1880 Praesi-

39 1891 91 1921 fide
107 1891 211 1926 publica
230 1890 329 1922 Sallust.
342 1889 461 1924 Iugurth.
480 1898 501 1915 c.
516 1897 553 1921 32.
622 1888 732 1915 Violare
751 1888 829 1914 fidem
850 1888 954 1914 Lucret.
968 1897 1000 1921 2,
1018 1890 1078 1921 465.
1141 1890 1186 1916 dio
1200 1888 1281 1915 fidens
1296 1891 1389 1915 Horat.
1403 1888 1481 1923 Epist.
1496 1897 1515 1920 1,
1531 1898 1567 1921 ις),-
1581 1894 1615 1918 81.
1684 1890 1758 1915 Voce
1774 1888 1867 1915 fidenti
1881 1889 1957 1923 loqui
1976 1890 2032 1915 Cic.
2046 1888 2078 1916 de
2091 1890 2184 1917 Diuin.

3 1924 15 1945 ν’
39 1927 96 1955 eie.
111 1935 160 1962 pro
173 1926 248 1952 Rosc.
261 1927 349 1951 Amer.
366 1934 411 1951 ιιι.
465 1924 512 1951 Vti
523 1924 574 1950 fide
587 1923 714 1957 alicuius,
732 1923 786 1950 vid.
801 1930 899 1950 VTOR.
1026 1921 1046 1960 ἢ
1060 1933 1078 1957 4
1141 1928 1216 1959 2‚64.
1236 1935 1265 1950 ex
1274 1926 1359 1951 Poeta.
1419 1923 1509 1950 Animi
1523 1923 1604 1950 fidens
1620 1924 1694 1957 Virg.
1709 1925 1773 1949 Aen.
1789 1932 1811 1956 2,
1825 1926 1862 1950 61.
1967 1925 2078 1960 Compar.
2105 1925 2184 1959 Apul.

2 1959 15 1994 ,¹¹
39 1962 123 1996 Fides,
140 1963 208 1989 Dea:
226 1962 367 1989 aRomanis
379 1961 454 1987 culta.
489 1960 588 1986 Ennius
600 1958 666 1994 apud
679 1960 734 1986 Cic.
747 1959 800 1986 Off.
813 1968 832 1991 3,
842 1967 890 1992 104
914 1968 935 1984 c.
945 1967 975 1990 ²9
995 1959 1020 1984 O
1035 1960 1078 1985 Fi·
1141 1962 1206 1987 Met.
1220 1967 1233 1992 5
1247 1967 1289 1994 pr.
1314 1958 1409 1991 Psyche
1422 1959 1510 1993 paullo
1524 1959 1649 1985 fidentior
1663 1959 1731 1985 intra
1746 1959 1828 1985 limen
1841 1960 1891 1986 sese
1904 1960 1976 1986 facit.
2049 1961 2184 1987 Ammian.

42 1998 85 2026 des
98 1998 163 2025 alma
175 2002 234 2031 apta
248 1996 355 2031 pennis,
372 2001 399 2022 et
412 1995 596 2022 iusiurandum
609 1995 692 2021 Iouis.
721 2009 767 2014 —
799 1996 886 2029 Qiam
902 1994 930 2020 in
942 1994 1079 2028 Capitolio
1142 1998 1179 2027 16,
1195 2004 1219 2027 3ι
1240 1996 1375 2020 Romanus
1389 1993 1523 2019 fidentior.
1594 1994 1691 2028 Superl.
1711 1994 1750 2020 Id.
1764 2002 1807 2029 27,
1822 2003 1857 2028 24
1878 1995 2058 2022 Fidentiffimo
2073 1996 2185 2031 impetu.

7 2034 9 2036 ’
41 2034 153 2062 vicinam
167 2033 240 2059 Iouis
252 2033 286 2059 O.
300 2032 338 2058 M.
356 2031 470 2058 maiores
482 2030 565 2057 nostri
576 2031 624 2056 effe
636 2030 788 2057 voluerunt.
850 2030 909 2056 Liu.
924 2038 944 2062 1,
958 2038 982 2056 2ι
1002 2029 1079 2055 Fidei
1094 2042 1126 2068 50
1176 2037 1192 2056 F
1203 2038 1211 2056 1
1221 2036 1239 2056 D
1249 2037 1265 2056 Ε
1275 2037 1296 2056 Ν
1306 2037 1352 2056 ΤΕ
1362 2037 1390 2056 R.
1427 2029 1494 2059 Ad-ss·
1531 2028 1709 2065 [θαῤῥαλέωῑ]
1736 2030 1762 2057 h·
1775 2039 1794 2055 ε’·
1816 2031 1882 2057 Tuto
1897 2037 1919 2056 εἰ
1930 2040 1983 2057 cum
1990 2031 2096 2065 fiducia.
2128 2033 2185 2059 Cic·

0 2067 9 2095 l
43 2069 165 2105 sollemne
177 2068 309 2095 instituit:
334 2067 366 2093 ad
380 2067 407 2094 id
422 2066 562 2093 sacrarium
574 2065 704 2092 Flamines
716 2065 785 2100 bigis
805 2074 884 2092 curru
896 2070 1002 2091 arcuato
1018 2065 1079 2091 vehi
1143 2066 1174 2092 de
1188 2066 1262 2092 Orat.
1278 2074 1302 2096 2,
1317 2071 1349 2095 80
1375 2065 1451 2091 Tum
1472 2064 1519 2090 ille
1539 2064 1650 2091 fidenter
1663 2064 1745 2091 homo
1764 2065 1928 2099 peritissimus
1947 2066 2118 2099 confirmare,
2136 2074 2184 2096 etc.

0 2104 7 2111 '‘
39 2101 121 2137 iuffic,
139 2111 274 2138 manuque
286 2102 317 2129 ad
329 2102 427 2137 digitos
440 2110 523 2137 usque
538 2101 659 2128 inuoluta
671 2110 728 2128 rem
740 2101 861 2128 diuinam
875 2100 961 2126 facere
976 2110 982 2126 z
1002 2100 1079 2134 signi·
1140 2102 1273 2128 Contraria
1288 2111 1292 2126 :
1319 2101 1374 2127 Cic.
1389 2099 1526 2127 deDiuin.
1540 2108 1565 2131 2,
1579 2102 1614 2134 67
1633 2109 1654 2126 c.
1668 2109 1692 2132 31
1718 2100 1833 2127 Timide
1853 2100 1957 2128 fortasse
1970 2101 2078 2136 signifer
2090 2103 2186 2130 euelle-

11 2151 14 2153 >
45 2139 146 2168 ficantes
157 2139 235 2166 fidem
249 2139 394 2171 tutandam,
413 2137 553 2172 sedemque
566 2136 622 2163 eius
637 2138 716 2163 etiam
730 2136 759 2162 in
772 2136 872 2163 dextris
887 2137 1008 2162 sacratam
1022 2136 1078 2162 esse.
1139 2137 1200 2168 bat,
1229 2135 1300 2170 quod
1324 2135 1436 2161 fidenter
1458 2134 1587 2164 infixerat.
1683 2135 1807 2163 Fidenter
1825 2137 1956 2164 Accedere
1976 2138 2052 2172 Apul.
2074 2139 2139 2165 Met.
2161 2147 2187 2165 2.

4 2188 13 2197 .-
48 2175 101 2204 Cic,
113 2175 142 2202 de
154 2176 250 2202 Natur.
262 2175 343 2200 Deor.
363 2183 384 2200 c.
399 2181 428 2205 23
453 2176 491 2199 ait
509 2173 630 2207 proxime
648 2181 662 2198 a
681 2172 719 2200 M.
732 2171 849 2198 Aemilio
869 2171 965 2197 Scauro
980 2181 987 2200 ς
1020 2177 1080 2196 ante
1141 2173 1224 2206 Agere
1244 2171 1299 2197 Cic.
1315 2169 1392 2197 Acad.
1406 2180 1434 2203 4,
1448 2179 1491 2203 24.
1562 2172 1592 2196 Et
1611 2169 1643 2197 de
1658 2171 1716 2197 Fin.
1730 2180 1760 2204 2,
1778 2180 1802 2198 21
1828 2181 1850 2198 c.
1865 2180 1882 2207 7
1915 2174 1949 2199 At
1967 2173 2014 2200 ille
2032 2182 2086 2200 non
2105 2175 2185 2208 perti-

48 2216 130 2239 autem
139 2210 170 2238 ab
183 2210 267 2237 Atilio
281 2209 403 2236 Calatino
417 2214 472 2235 erat
485 2209 563 2235 Fides
583 2208 739 2234 consecrata.
809 2206 915 2233 Seruius
927 2209 955 2232 in
969 2205 1078 2246 Aeneid.
1094 2218 1123 2245 53
1140 2207 1207 2233 muit
1228 2207 1340 2240 saneque
1359 2205 1485 2238 fidenter,
1504 2205 1559 2231 istis
1579 2206 1686 2241 quidem
1705 2207 1765 2241 ipsis
1779 2207 1884 2241 verbis,
1905 2208 2001 2243 inquit.
2073 2209 2186 2244 Compar.

47 2248 134 2280 15296.
162 2253 186 2273 et
205 2251 228 2279 8,
240 2247 290 2277 636
317 2245 393 2271 Fidei
404 2244 467 2270 albo
485 2253 571 2279 panno
590 2243 729 2275 inuoluta,
750 2242 792 2269 vel
808 2242 892 2269 velata
905 2251 984 2268 manu
1002 2243 1078 2268 sacri·
1140 2242 1276 2269 Fidentius
1298 2241 1412 2268 scribere
1430 2241 1510 2268 alicui
1527 2242 1582 2267 Cic.
1597 2242 1675 2269 Attic.
1688 2244 1721 2275 6,
1743 2251 1762 2269 1.
1856 2244 1950 2278 Superi.
1971 2244 2101 2271 Ammian.
2117 2253 2156 2279 17,
2172 2254 2186 2271 2

2 2292 4 2295 ·
46 2280 165 2316 ficabatur
178 2293 184 2308 ε
211 2290 257 2316 per
270 2280 341 2315 quod
353 2279 546 2312 ostendebatur,
564 2279 655 2306 Fidem
668 2278 765 2305 debere
777 2279 825 2304 esse
839 2277 943 2309 tediam,
961 2284 987 2304 et
999 2278 1080 2304 secre-
1138 2278 1200 2304 Aufi
1216 2287 1307 2304 omnes
1321 2277 1443 2304 accedere
1458 2277 1629 2304 fidentissimc.
1691 2278 1734 2304 -Id.
1751 2287 1787 2310 19,
1801 2283 1814 2308 8
1835 2279 1998 2306 Dimicantes
2012 2279 2185 2307 fidentiffime.

45 2321 115 2344 tam:
144 2316 209 2344 vnde
228 2317 321 2343 Horat.
343 2316 448 2348 (Carm.
464 2324 485 2348 1,
503 2323 541 2348 35,
555 2324 583 2341 21
603 2315 657 2349 sq.)
694 2330 738 2334 —
773 2315 804 2340 Et
823 2313 902 2346 albo,
921 2322 979 2339 rara
1001 2313 1078 2339 Fides
1141 2314 1275 2348 Augustin.
1296 2313 1328 2339 de
1343 2315 1411 2339 Vera
1425 2313 1482 2339 Rel.
1502 2322 1522 2338 c.
1537 2321 1548 2345 3
1564 2321 1607 2348 pr.
1636 2311 1813 2340 Fidentissime
1828 2314 1952 2342 dixerim.

42 2352 137 2379 colitur
170 2352 261 2380 Velata
280 2360 375 2386 panno.
428 2352 516 2377 Acron
529 2360 604 2383 vero,
623 2350 693 2376 Albo
705 2358 808 2385 panno,
830 2352 878 2381 ait,
898 2355 974 2383 caput
988 2349 1080 2375 velafl'e
1177 2356 1212 2376 Fi
1223 2355 1296 2376 DEN
1309 2355 1330 2375 'r
1343 2356 1351 2375 1
1363 2355 1401 2381 A,
1422 2357 1460 2374 ae.
1497 2348 1516 2373 f.
1553 2349 1675 2389 [Sdgigafo;‚
1695 2349 1827 2384 πεπαιθία]
1864 2351 1919 2377 Cic.
1933 2350 2045 2377 Tuscul,
2060 2361 2093 2385 4,
2105 2356 2138 2381 80
2161 2361 2183 2378 c,

4 2403 17 2418 ,ι
41 2395 100 2421 eos,
117 2388 165 2423 qui
178 2388 252 2415 Fidei
264 2386 449 2416 sacrificarent.
521 2386 639 2412 Iustitiae
657 2387 733 2412 soror
746 2385 898 2418 incorrupta
916 2385 1009 2410 Horat.
1025 2384 1077 2411 Od.
1098 2387 1171 2420 6037
1196 2385 1225 2411 Et
1241 2385 1258 2410 si
1272 2384 1396 2416 fidentia,
1415 2383 1442 2409 id
1456 2383 1492 2410 est
1505 2383 1580 2410 firma
1595 2385 1678 2410 animi
1693 2384 1816 2417 confifio,
1836 2386 1944 2412 scientia
1960 2386 2086 2421 quaedam
2103 2386 2140 2413 est
2158 2392 2186 2413 et

39 2427 60 2456 1',
73 2431 115 2456 24,
133 2426 159 2451 6.
210 2423 278 2450 Add.
292 2424 378 2450 Carm.
392 2423 461 2448 Sacc.
475 2423 506 2453 56
525 2422 562 2455 sq.
596 2422 675 2447 Plura
693 2421 745 2446 uid.
758 2419 825 2455 apzd
840 2421 952 2446 Varron.
966 2420 997 2446 de
1011 2420 1039 2446 L.
1049 2420 1079 2446 L.
1139 2421 1234 2455 opinio
1253 2421 1355 2455 grauis,
1376 2428 1429 2445 non
1447 2425 1546 2446 temere
1565 2420 1722 2451 ass'entiens3
1752 2427 1836 2447 metus
1854 2430 1962 2456 quoque
1982 2422 2018 2447 est
2037 2420 2185 2449 diffidentia

2 3698 7 3709 -
0 3305 15 3684 agap-W.„.—
0 3271 9 3285 v.

2 2457 17 2484 ι’
38 2467 67 2492 4,
78 2467 106 2485 10
132 2468 156 2494 p.
170 2467 211 2490 20,
224 2467 263 2490 3ο.
316 2457 408 2485 SanEta
421 2463 524 2483 vocatur
536 2456 641 2491 epitheto
647 2456 763 2491 sollemni
775 2466 783 2481 .·
819 2455 872 2482 vid.
892 2454 1078 2483 Drakenborch.
1139 2456 1268 2491 expeelati
1288 2462 1314 2482 et
1332 2454 1508 2490 impendentis
1527 2455 1599 2482 mali.
1671 2455 1742 2481 Idem
1767 2456 1798 2481 de
1819 2458 1920 2482 Inuent.
1934 2465 1966 2489 2,
1983 2459 2026 2482 162
2048 2466 2069 2482 c.
2085 2466 2116 2489 54
2139 2458 2184 2483 Fi-

0 2495 6 2540 ;
37 2494 72 2522 ad
83 2494 130 2521 Sil.
145 2503 173 2526 2,
186 2501 249 2527 479.
1139 2492 1227 2519 dentia
1245 2492 1281 2518 est
1299 2500 1345 2526 per
1363 2500 1440 2526 quam
1459 2492 1560 2525 magnis
1577 2496 1603 2517 et
1619 2489 1734 2516 honestis
1752 2491 1779 2516 in
1791 2491 1868 2518 rebus
1881 2491 1993 2517 multum
2007 2491 2061 2526 ipse
2079 2493 2183 2518 animus

75 2535 92 2556 F
105 2537 115 2555 1
125 2535 143 2555 D
152 2535 169 2554 E
179 2536 188 2554 1
197 2535 213 2554 C
223 2533 311 2554 QMM
320 2533 330 2552 1
340 2532 362 2553 Τ
373 2533 393 2553 Τ
402 2533 421 2553 O
430 2545 438 2559 ‚
468 2527 522 2553 ere.
566 2526 694 2553 Interdum
714 2536 763 2552 vno
783 2526 856 2553 verbo
875 2525 1026 2552 conitmffim
1047 2527 1080 2553 le-
1138 2529 1167 2554 in
1181 2529 1206 2554 se
1221 2527 1331 2554 fiduciae
1347 2533 1416 2553 certa
1431 2536 1490 2552 cum
1506 2528 1548 2560 spe
1561 2525 1710 2552 collocauit.

38 2567 118 2598 gitur.
152 2564 267 2589 Alterius
271 2562 336 2597 fids-i
347 2561 522 2597 praestandum
536 2563 633 2598 aliquid
643 2562 796 2589 demandare.
833 2562 953 2588 Tertull.
968 2563 998 2588 de
1007 2563 1079 2589 Prae·
1094 2562 1125 2594 65
1175 2570 1191 2589 F
1201 2571 1209 2589 1
1220 2569 1238 2588 D
1249 2565 1266 2589 1}
1277 2570 1284 2588 1
1303 2570 1311 2587 Ι
1323 2570 1335 2588 S
1345 2582 1352 2594 ,
1373 2571 1395 2588 e.
1422 2561 1482 2588 Adi.
1517 2561 1612 2594 [ms-ek,
1625 2559 1733 2595 εὔορκοι]
1769 2561 1813 2586 Cui
1819 2559 1886 2595 fides
1899 2567 1951 2587 tuto
1964 2561 2078 2589 adbiberi
2087 2561 2165 2598 potest
2173 2573 2183 2595 3

39 2600 87 2626 scr.
104 2598 162 2625 adu.
176 2599 254 2625 Haer.
275 2607 296 2623 c.
311 2605 343 2632 37
365 2597 435 2624 Sicut
448 2597 570 2632 Apostoli
583 2603 719 2630 cauerunt,
737 2597 801 2625 ficut
815 2597 1080 2630 fideicoimniscrunt,
1139 2600 1179 2624 uel
1192 2599 1244 2632 Qui
1254 2597 1332 2633 fidem
1344 2597 1439 2632 seruat.
1493 2596 1572 2621 Plaut.
1586 2597 1659 2629 Capt.
1675 2605 1697 2627 2,
1712 2604 1735 2627 3,
1748 2603 1782 2629 79
1802 2597 1852 2622 Fac
1865 2595 1951 2622 fidelis
1965 2597 1996 2623 fis
2009 2597 2107 2631 fideli‚·
2119 2607 2182 2625 caue

39 2634 104 2661 ficut
117 2633 321 2665 adiurauerunt,
338 2633 375 2659 ita
387 2639 474 2660 teneo.
1140 2633 1219 2658 fidem
1232 2633 1329 2657 fluxam
1344 2640 1426 2664 geras.
1497 2630 1552 2656 Cic.
1567 2631 1638 2656 Fam.
1654 2639 1682 2662 4,
1697 2639 1705 2656 1
1736 2631 1788 2656 Aut
1808 2631 1825 2657 fi
1841 2640 1920 2666 quem
1940 2638 2047 2659 tuorum
2060 2633 2183 2660 fidelium

76 2676 110 2696 ΡΙ
121 2676 139 2696 D
150 2674 167 2695 E
179 2677 188 2695 1
198 2674 309 2695 COMM
319 2675 437 2701 ISSVS,
462 2677 491 2699 a,
518 2676 571 2694 um.
614 2668 674 2694 Adi.
709 2668 912 2702 [πεπιςευμίνος]
959 2668 1080 2694 Libertas
1140 2668 1230 2697 voles,
1252 2667 1282 2692 ad
1297 2675 1338 2691 me
1352 2666 1448 2691 mittas.
1520 2665 1561 2691 Ad
1579 2666 1735 2692 vetustatem
1749 2666 1849 2699 fidelis,
1878 2667 1931 2693 vid.
1947 2675 1989 2694 AD
2008 2670 2096 2705 Praep.
2151 2671 2183 2697 In

39 2704 249 2736 fideicommissa,
274 2706 292 2730 ι’.
306 2702 490 2738 fideicommssb
504 2701 601 2729 reliaa.
673 2702 801 2736 leianus
816 2703 844 2727 in
860 2702 876 2728 l.
891 2702 986 2728 Titius
1006 2704 1038 2728 D.
1046 2702 1078 2729 de
1139 2702 1265 2728 amicitiis
1278 2701 1362 2727 fidelis
1377 2701 1433 2727 Cic.
1447 2700 1479 2726 de
1493 2700 1550 2727 Fin.
1564 2709 1589 2733 2,
1603 2706 1637 2731 ει.
1707 2703 1736 2728 In
1758 2702 1847 2727 amicis
1867 2702 1966 2730 Sallust.
1981 2704 2037 2730 Cat.
2051 2713 2076 2737 9.
2131 2706 2184 2732 Im-

39 2740 190 2768 affiionibus
204 2739 284 2771 emti,
304 2739 399 2765 Titius
413 2747 494 2773 quum
507 2737 653 2770 decederet,
672 2737 745 2763 Seiae
761 2738 889 2769 Stichum,
904 2738 1080 2772 Pamphilum,
1093 2743 1128 2771 70
1140 2738 1216 2772 perio
1234 2736 1318 2763 fidelis
1338 2737 1393 2763 Cic.
1406 2737 1438 2762 de
1450 2737 1543 2770 Arusp.
1558 2737 1632 2770 Resp.
1648 2744 1686 2768 29.
1755 2735 1859 2763 Officiis
1876 2736 1962 2765 fidelis
1980 2739 2053 2766 Idem
2069 2741 2147 2767 Verr.
2159 2750 2184 2774 3,

39 2777 190 2804 Arescusam
209 2783 255 2809 per
271 2774 495 2801 fideicommiffum
512 2773 642 2808 reliquit:
671 2773 781 2807 eiusque
801 2771 864 2798 fidei
884 2773 1029 2806 commitit,
1049 2780 1078 2800 vt
1141 2793 1148 2800 .
1185 2792 1191 2799 .
1264 2773 1322 2798 Pice
1336 2772 1442 2798 fidelior
1453 2771 1587 2806 explendis
1601 2771 1676 2798 rimis
1690 2770 1756 2798 Plin.
1773 2774 1811 2805 16,
1825 2774 1864 2805 36.
2039 2773 2060 2813 fl
2081 2784 2098 2802 2
2124 2777 2184 2803 Sub-

38 2820 128 2839 omncs
140 2811 173 2838 ad
188 2811 336 2837 libertatem
352 2810 409 2844 post
421 2818 520 2837 annum
534 2808 701 2844 perduoeret‚
719 2815 765 2834 etc.
806 2809 889 2834 Heres
902 2808 993 2835 eadem
1006 2819 1078 2836 man-
1132 2807 1249 2842 stantiua
1262 2818 1269 2833 :
1306 2809 1391 2842 Ager,
1409 2807 1461 2833 vid.
1474 2816 1529 2833 mox
1544 2806 1681 2833 Doctrina.
1733 2808 1859 2834 Amicitia
1873 2808 1959 2835 fidelis
1978 2810 2034 2837 Cic.
2050 2811 2083 2838 de
2097 2812 2184 2839 Amic.

38 2848 106 2882 cipia
124 2847 283 2881 Sempronio
305 2845 440 2878 vendidit,
460 2845 533 2872 nulla
546 2844 799 2872 commemoratione
816 2843 1029 2871 fideicommiss‘ae
1046 2845 1078 2871 li·
1140 2852 1181 2878 54.
1252 2843 1350 2872 Animo
1369 2842 1442 2869 fideli
1460 2848 1485 2869 et
1503 2843 1626 2869 clementi
1645 2843 1672 2868 in
1691 2841 1808 2878 aliquem
1827 2844 1875 2870 effe
1892 2845 1960 2872 Ter.
1975 2847 2039 2872 Hec.
2059 2855 2082 2880 3,
2102 2854 2125 2881 5,
2140 2856 2183 2875 22.

37 2882 145 2913 bematis
157 2882 242 2914 facia,
261 2889 306 2909 etc.
1141 2880 1239 2906 Animo
1263 2879 1335 2905 fideli
1354 2879 1381 2904 in
1398 2878 1537 2905 dominum
1560 2879 1649 2904 seruus
1672 2878 1728 2905 Cic.
1750 2888 1799 2913 pro
1812 2880 1908 2906 Milon.
1922 2889 1955 2913 29
1981 2891 2002 2908 c.
2017 2890 2054 2908 10.
2125 2883 2183 2914 Ars,

77 2924 164 2946 FIDE
176 2924 303 2944 ICOMM
314 2923 394 2944 Issv
405 2923 448 2950 Μ,
473 2916 492 2943 i.
528 2925 554 2942 n.
591 2916 796 2950 [πεπιςευμὲνον]
831 2915 932 2949 Species
944 2915 980 2942 est
992 2915 1077 2950 dispo.
1094 2918 1125 2946 75
1138 2915 1190 2941 vid.
1210 2925 1265 2941 mox
1283 2914 1419 2941 Doctrina.
1493 2914 1601 2940 Auxilia
1618 2913 1762 2941 fideliffima
1784 2914 1856 2941 Idem
1873 2916 1905 2942 ad
1923 2916 1994 2943 Brut.
2010 2920 2047 2944 16.
2101 2918 2183 2945 Bene-

7 2971 9 2974 .
42 2953 141 2980 titionis
155 2953 264 2980 vltimae
278 2953 389 2979 alicuius
401 2953 546 2979 voluntatis
561 2963 567 2978 :
599 2961 650 2987 qua
665 2957 785 2986 precatur
798 2950 920 2977 heredem
936 2957 980 2977 aut
994 2952 1077 2978 alium
1137 2951 1257 2978 volentia
1275 2951 1330 2977 Cic.
1346 2951 1417 2976 Fam.
1432 2958 1456 2982 9,
1470 2952 1506 2975 16.
1579 2949 1785 2984 Comprehenlio
1798 2950 1883 2977 fidelis
1899 2958 1925 2977 et
1940 2961 2002 2979 vera
2016 2953 2087 2979 Idem
2103 2953 2181 2981 Acad.

0 2987 8 2998 ²
45 2987 119 3020 dare,
136 2994 179 3015 aut
197 2989 283 3015 facere
301 2987 418 3023 aliquid,
445 2987 517 3022 quod
536 2997 606 3014 nunc
627 2996 673 3021 per
693 2987 783 3013 omnia
802 2987 888 3021 legato
905 2993 1077 3022 exaequatum
1138 2996 1172 3020 4,
1192 2995 1250 3020 401.
1322 2986 1427 3013 Coniux
1446 2984 1528 3011 Ouid.
1546 2985 1574 3011 in
1588 2985 1649 3011 Ibin
1669 2987 1722 3018 356.
1789 2987 1895 3015 Coniux
1916 2987 2058 3014 fidelissima
2076 2990 2132 3015 Cic.
2146 2990 2185 3023 Q

46 3022 82 3049 est
98 3023 200 3059 leian.
213 3025 242 3050 in
256 3025 272 3051 l.
289 3033 298 3050 1
327 3025 359 3050 D.
373 3023 405 3050 de
420 3025 509 3058 Legat.
523 3032 542 3050 1.
613 3023 704 3050 Petere
722 3022 947 3048 fideicommifl'um
964 3024 1075 3056 Quindl.
1139 3024 1221 3049 Fratr.
1238 3032 1260 3054 1,
1281 3031 1302 3054 3.
1373 3020 1519 3048 Consilium
1541 3020 1618 3047 fidele
1637 3020 1699 3047 dare
1718 3020 1790 3047 Idem
1810 3031 1858 3056 pro
1879 3023 1984 3049 Cluent.
2002 3029 2040 3055 85.
2109 3026 2182 3051 Cura

48 3065 77 3090 3,
94 3058 119 3083 6.
157 3059 228 3094 Cous.
248 3060 353 3087 Sueton.
368 3060 506 3086 Claudian.
526 3067 573 3091 23,
594 3067 616 3085 2.
706 3057 998 3091 Fideicommillbrum,
1024 3062 1077 3085 alia
1139 3057 1244 3084 fidelior
1263 3056 1346 3083 Ouid.
1360 3056 1391 3083 de
1403 3057 1467 3082 Arte
1481 3058 1538 3082 Am.
1553 3065 1572 3089 1,
1586 3064 1636 3089 555.
1707 3056 1849 3087 Delideriis
1871 3058 1923 3084 iota
1943 3058 2066 3084 fidelibus
2085 3060 2180 3085 Horat.

48 3090 184 3126 singularia
195 3095 267 3129 sunt,
286 3097 337 3122 alta
351 3095 530 3122 vniuersalia:
556 3094 786 3130 Siiigulariafiozt,
806 3093 1025 3130 quaestngularum
1039 3104 1076 3121 rc·
1099 3095 1227 3123 80Carm.
1246 3102 1272 3125 4,
1293 3102 1313 3122 ς,
1333 3100 1365 3125 15.
1438 3091 1581 3125 Doc'irina‚
1606 3093 1720 3123 Donum,
1740 3098 1765 3118 et
1780 3093 1844 3125 Ars,
1869 3102 1895 3119 et
1909 3094 1978 3127 Ager
1997 3093 2077 3119 etiam
2096 3094 2182 3120 fidelis

47 3137 101 3155 rum
115 3126 198 3162 fiunt,
215 3131 302 3162 veluti,
320 3133 388 3172 Rogo
411 3138 435 3158 te
453 3132 536 3162 heres,
559 3137 589 3156 vt
602 3130 714 3166 fundum
733 3130 801 3156 illum
820 3130 959 3165 Sempronio
977 3130 1078 3163 reddas,
1138 3128 1192 3155 dici
1208 3128 1290 3162 potest
1304 3128 1360 3154 Cic.
1374 3128 1445 3154 Fam.
1461 3129 1499 3160 16,
1513 3135 1549 3162 17.
1621 3127 1822 3154 Familiaritates
1835 3129 1998 3155 Graecorum
2012 3137 2104 3163 parum
2117 3129 2181 3156 fide-

45 3161 170 3196 restituas.
221 3164 381 3194 Vniuersaha
398 3177 471 3200 ver-0,
490 3170 567 3193 totius
585 3165 746 3198 hereditatis,
769 3167 860 3196 veluti,
882 3167 940 3192 Peto
958 3176 972 3192 a
990 3173 1028 3197 te,
1049 3173 1079 3192 vt
1138 3166 1174 3191 les
1194 3164 1264 3190 Idem
1281 3165 1317 3197 Q
1330 3164 1413 3189 Fratr.
1430 3172 1454 3194 1,
1472 3171 1491 3190 1.
1562 3163 1654 3189 Gratia
1673 3163 1815 3190 fidelissima
1835 3164 1903 3190 mihi
1922 3164 2079 3191 coniunctus
2098 3165 2182 3192 homo

45 3198 204 3226 hereditatem
216 3199 255 3225 illi
264 3210 336 3228 meam
349 3201 474 3235 restituas.
515 3201 572 3228 Vid.
587 3202 657 3232 ICri,
674 3208 697 3227 ει
709 3204 737 3227 in
750 3200 790 3227 his
804 3200 910 3234 Bmffim.
925 3201 953 3227 de
968 3203 1047 3228 Form.
1063 3211 1078 3236 7
1139 3201 1195 3227 Cic.
1209 3208 1256 3233 pro
1270 3201 1366 3225 Milon.
1379 3201 1414 3233 76
1435 3209 1456 3225 c.
1469 3206 1511 3232 27.
1577 3199 1694 3226 Intentio
1713 3199 1812 3230 fidelis,
1831 3206 1881 3235 pro
1895 3200 1979 3227 Seria:
2001 3200 2086 3226 Senec.
2101 3200 2180 3234 Epist.

42 3241 71 3270 p.
86 3236 144 3273 069.
177 3267 183 3272 ¹
209 3234 335 3263 Disiuneh
352 3239 420 3265 Hor.
433 3238 516 3264 Serm.
535 3246 555 3270 1,
570 3245 592 3269 3,
604 3245 640 3270 94
663 3252 708 3256 -
733 3236 751 3262 fi
764 3236 866 3263 furtum
879 3237 983 3270 fecerit,
1001 3244 1045 3263 aut
1059 3237 1089 3263 fi'
1137 3244 1172 3271 72
1193 3236 1219 3262 Si
1233 3235 1378 3270 quidquam
1392 3243 1423 3260 ex
1436 3234 1539 3266 studio,
1560 3240 1585 3261 et
1600 3234 1673 3260 fideli
1686 3235 1837 3261 Intentionc
1849 3235 2008 3266 innuerint,
2029 3241 2102 3262 retro
2115 3244 2179 3262 eun-

48 3268 196 3297 l'rodlderlt
209 3271 333 3304 committa
346 3273 404 3300 fide.
446 3274 493 3300 Vbi
507 3273 588 3305 Fide,
603 3280 652 3308 pro
665 3271 740 3299 Fidei
753 3271 822 3298 dixit
832 3275 889 3299 anti
907 3282 942 3298 ue.
1094 3273 1124 3302 83
1139 3272 1202 3298 dum
1214 3271 1258 3297 est.
1330 3270 1465 3297 Lacrimae
1486 3269 1566 3296 Ouid.
1580 3270 1658 3304 Epist.
1675 3278 1709 3302 13,
1727 3278 1782 3305 127.
1853 3270 1972 3297 Medicus
1992 3271 2085 3297 Horat.
2098 3271 2182 3298 Serm.

83 3311 101 3331 F
113 3311 120 3329 1
131 3309 149 3329 D
159 3309 196 3343 E}
208 3308 226 3329 c
238 3309 257 3329 o
267 3311 524 3341 MM1s‘sAR1vs‚
550 3308 569 3335 i.
598 3316 635 3334 m.
672 3309 718 3334 Cui
726 3281 938 3342 fideicommtffim
962 3306 1076 3334 rcliHum
1137 3316 1163 3339 2,
1178 3316 1200 3339 3,
1217 3315 1273 3340 147.
1345 3307 1435 3332 Mente
1449 3305 1521 3332 fideli
1534 3305 1600 3331 casta
1613 3305 1644 3331 fis
1658 3305 1766 3332 Tibull.
1782 3315 1801 3338 1,
1814 3308 1841 3339 6,
1857 3314 1896 3341 75.
1965 3306 2084 3333 Monitus
2095 3306 2182 3334 fidelis

47 3338 89 3373 qli.
125 3338 228 3372 leian.
242 3338 272 3367 de
285 3340 386 3375 Legat.3
406 3345 424 3370 l.
438 3344 641 3375 fideicommifla,
653 3343 789 3370 Paullatim
803 3344 885 3378 igitur
898 3343 1078 3374 admittemus,
1139 3342 1221 3370 Ouid.
1230 3343 1296 3368 Met.
1309 3349 1406 3376 13,722.
1477 3340 1568 3367 Oculis
1581 3340 1696 3368 subie&a
1713 3340 1836 3368 fidelibus
1850 3343 1916 3368 Hor.
1932 3341 1959 3367 in
1969 3342 2031 3368 Arte
2045 3342 2116 3368 Poet.
2132 3349 2182 3372 181.

47 3381 74 3402 et
89 3374 107 3401 fi
127 3383 158 3414 ex
173 3380 247 3414 parte.
263 3377 384 3414 pecuniae
403 3389 459 3406 rem
479 3379 657 3415 comparauit,
677 3387 755 3415 quam
770 3388 822 3405 non
836 3379 886 3406 hoc
900 3387 968 3405 anno
983 3379 1079 3413 exegit,
1139 3379 1222 3405 Plaut.
1238 3378 1305 3404 Pers.
1324 3387 1344 3410 1,
1364 3387 1383 3409 1,
1398 3385 1433 3410 49
1459 3376 1577 3403 Obsecro
1596 3383 1635 3408 te,
1656 3377 1824 3412 resecroque,
1845 3378 1959 3411 Operam
1973 3377 2006 3402 da
2025 3375 2091 3403 hanc
2111 3377 2182 3404 mihi

46 3417 76 3438 vt
88 3409 354 3451 fideicommlffarlum
365 3414 477 3446 priuaret
489 3416 698 3448 fideicommisso,
712 3415 780 3450 poffe
792 3414 876 3441 adhuc
889 3414 1078 3441 fideicommiffi
1140 3414 1254 3441 fidelem.
1327 3414 1377 3439 Pax
1397 3412 1476 3439 Ouid.
1496 3421 1527 3438 ex
1540 3412 1613 3438 Pont.
1626 3421 1654 3445 4,
1673 3421 1699 3445 9,
1716 3420 1760 3447 77.
1831 3412 1925 3438 Seruus
1944 3412 2049 3446 egregie
2069 3413 2126 3439 Cic.
2144 3415 2185 3447 Q

46 3452 201 3482 petmOnem
214 3446 346 3479 supereffe·
1093 3460 1128 3484 90
1141 3451 1224 3477 Fratr.
1241 3458 1260 3482 1,
1275 3457 1293 3474 1.
1366 3448 1505 3475 Silentium
1525 3448 1619 3474 Horat.
1635 3449 1722 3475 Carm.
1737 3456 1759 3480 3,
1774 3456 1800 3480 2,
1815 3455 1850 3479 ες.
1887 3447 1958 3473 Socii
1973 3446 2108 3475 fideliores
2123 3449 2181 3476 cic.

26 3504 30 3505 .
82 3487 145 3508 1²11)
155 3487 170 3506 E
182 3488 191 3507 1
201 3486 218 3506 C
228 3487 312 3507 ΟΜΜ
322 3487 331 3506 1
341 3488 353 3507 S
363 3488 516 3519 SAR1v⁷s‚
537 3495 562 3519 a,
583 3495 637 3513 nm.
674 3485 734 3512 Adi.
772 3486 912 3513 Hereditas
926 3486 988 3521 l.77
1007 3484 1031 3523 §.
1045 3495 1078 3521 ²4
1140 3487 1193 3512 Att.
1214 3494 1225 3515 5
1235 3504 1242 3516 ‚
1264 3489 1298 3514 18.
1377 3484 1467 3510 Socius
1483 3483 1640 3509 fidelissimus
1657 3483 1729 3510 Idem
1746 3491 1794 3517 pro
1808 3483 1882 3508 Font.
1896 3491 1917 3514 3.
1989 3483 2084 3510 Tellus
2096 3484 2182 3511 fidelis

49 3515 81 3545 D.
95 3516 127 3544 de
142 3517 229 3551 Legat.
242 3524 265 3543 2.
302 3514 388 3557 verb-a
401 3517 423 3557 l.
437 3528 469 3552 29
492 3522 524 3548 D.
538 3521 570 3548 ad
584 3522 641 3549 SCt.
654 3521 780 3548 Trebell.
1140 3520 1211 3546 filuis
1226 3521 1308 3546 Corn.
1319 3519 1376 3545 Seu.
1392 3522 1474 3545 Aetna
1486 3521 1542 3551 263.
1678 3516 1698 3554 q
1723 3527 1735 3550 3
1771 3516 1836 3551 Obffi
1873 3516 1993 3551 Fideles,
2013 3518 2182 3554 Substantiue,

86 3557 103 3579 F
113 3559 222 3592 IDEDJ
232 3557 307 3578 CTO
317 3558 351 3582 R,
366 3560 437 3582 oris..
454 3563 490 3582 m.
524 3559 599 3589 Idem,
614 3560 656 3593 qui
673 3555 814 3590 Fideiuffbr.
850 3557 986 3592 Augustin.
1000 3555 1078 3590 Epist.
1133 3556 1205 3592 serui
1218 3554 1372 3590 ministrique
1386 3556 1548 3590 appellantur.
1584 3553 1640 3580 Cic.
1650 3554 1720 3580 Fam.
1735 3561 1761 3585 4,
1776 3561 1784 3578 1
1806 3553 1831 3578 Si
1845 3561 1924 3587 quem
1938 3559 2046 3581 tuorum
2060 3554 2182 3583 fidelium

49 3595 79 3619 23
104 3587 136 3614 ad
150 3587 266 3627 Bonifac.
292 3587 407 3620 Qiando
425 3588 457 3613 ad
469 3590 624 3624 Baptismum
643 3592 807 3625 offeruntur,
828 3601 877 3627 pro
897 3593 934 3619 eis
952 3597 1079 3627 parentes,
1140 3591 1208 3617 velis
1227 3590 1258 3617 ad
1279 3599 1321 3615 me
1340 3591 1436 3616 mittas.
1480 3591 1539 3616 Vct.
1560 3589 1640 3615 Gloff.
1660 3588 1772 3620 Fidelis,
1790 3586 1855 3614 πιςός
1872 3586 1950 3615 diaes.
1987 3590 2060 3627 Conf.
2078 3592 2181 3618 Taubm.

48 3628 170 3658 tanquam
182 3622 347 3663 fiduediftores
361 3623 522 3656 respondent.
554 3630 585 3654 αι,
599 3627 740 3663 Spondent.
1096 3633 1128 3659 95
1139 3626 1173 3652 ad
1186 3626 1266 3652 Plaut.
1288 3635 1311 3659 p.
1328 3628 1369 3655 263
1391 3635 1417 3651 v.
1432 3634 1474 3660 79.
1547 3625 1627 3650 Plaut.
1641 3624 1698 3649 Mil.
1713 3632 1736 3653 2,
1750 3633 1777 3656 4,
1792 3631 1819 3656 55
1840 3623 1899 3650 Nae
1911 3629 1937 3650 te
1958 3625 2052 3660 edepol
2071 3626 2182 3654 stultitia

84 3665 222 3685 Flnssxv
233 3664 317 3698 BEQ,
333 3662 392 3698 ἷἸῈχ
422 3657 581 3696 [ἒννυῶμαι]
616 3665 664 3690 Pro
679 3665 728 3690 alio
737 3661 874 3699 spondere,
892 3661 999 3697 effidem
1008 3661 1080 3697 suom
1142 3668 1186 3688 tua
1206 3669 1286 3695 paene
1300 3661 1432 3694 perdidit:
1455 3660 1517 3687 dum
1536 3666 1561 3686 te
1579 3659 1682 3685 fidelem
1704 3658 1786 3683 facere
1808 3658 1873 3685 hero
1892 3657 2018 3694 uoluisti,
2038 3671 2118 3697 paene
2138 3663 2182 3689 ab-

48 3695 208 3734 ῑξΐθνρθηθνζθς
243 3693 368 3734 V11232J¹u⁵
386 3703 414 3719 1¹¹
434 3693 451 3719 l·
465 3693 482 3719 fi
497 3693 596 3723 dubitet
612 3697 638 3735 §.
652 3697 836 3725 filiusfamilias
858 3699 890 3724 D.
904 3698 936 3724 de
950 3698 1080 3724 fideiulso-
1144 3698 1241 3723 sumtus
1259 3704 1294 3721 es.
1399 3697 1489 3723 Nemo
1510 3694 1594 3721 credit
1615 3695 1649 3725 ci,
1668 3693 1714 3718 nisi
1737 3702 1814 3727 quem
1833 3694 1938 3722 fidelem
1960 3703 2032 3731 putat
2055 3698 2111 3724 Cic.
2130 3705 2179 3731 pro

50 3728 138 3760 ribus,
157 3729 353 3756 Fun-staminas
367 3738 414 3763 pro
429 3734 500 3763 patre
513 3732 607 3763 poterit
619 3734 774 3765 fideiubere,
793 3742 841 3760 nec
854 3734 905 3760 erit
919 3733 971 3759 fine
983 3732 1077 3758 effeciu
1143 3733 1217 3758 Rosc.
1232 3732 1319 3757 Amor.
1342 3739 1390 3757 ιιι..
1467 3731 1506 3757 De
1525 3729 1612 3756 Seruis
1632 3737 1710 3762 quem
1730 3728 1856 3756 habuisset
1875 3730 2050 3759 fideliffimum
2071 3733 2138 3765 Nep.
2160 3740 2180 3762 2,

51 3763 112 3791 haec
124 3763 258 3791 fideiuffio.
331 3765 403 3791 Idem
424 3765 451 3790 in
468 3764 484 3790 l.
500 3771 509 3789 1
534 3764 566 3790 D.
584 3766 616 3792 de
635 3770 819 3796 solutionibus.
891 3769 994 3795 Paullus
1016 3768 1041 3794 in
1061 3768 1078 3794 l.
1142 3776 1170 3800 4,
1192 3775 1212 3799 3.
1286 3766 1399 3798 Fidelis,
1422 3764 1581 3800 Eccltfiastice
1594 3764 1696 3795 dicitur,
1716 3765 1767 3800 Qu*
1781 3764 1936 3799 Christianus
1951 3766 1983 3798 eli
1993 3766 2092 3803 fufius.
2121 3765 2177 3793 Vid.

17 3802 32 3823 J
54 3798 85 3825 de
98 3799 152 3831 die,
172 3801 200 3826 in
213 3801 294 3835 princ.
314 3801 346 3827 D.
361 3801 407 3834 qui
423 3799 544 3826 satisdare
557 3808 694 3835 cogantur,
713 3805 762 3831 Sed
775 3813 821 3830 nec
832 3803 917 3837 miles,
931 3814 977 3830 nec
991 3804 1080 3830 minor
1090 3815 1135 3833 100
1142 3803 1263 3830 Prudent.
1278 3802 1367 3828 Perist.
1382 3811 1407 3834 2,
1422 3811 1479 3834 443.
1506 3807 1530 3825 et
1551 3807 1573 3832 5,
1587 3807 1643 3833 334.
1714 3800 1819 3832 Fidele,
1831 3809 1881 3837 pro
1896 3797 2024 3829 Fide'liter
2042 3801 2113 3827 idem
2127 3801 2180 3827 Ro-

2 3845 9 3859 ·»
54 3832 263 3875 vigintiquinque
277 3837 351 3862 annis
366 3835 495 3870 probandi
515 3835 592 3860 sunt:
621 3836 669 3878 nili
682 3838 730 3864 hae
763 3840 873 3878 *ersonae
893 3841 921 3866 in
935 3849 990 3866 rem
1009 3841 1082 3866 suam
1144 3847 1223 3864 mano
1238 3839 1289 3869 426
1312 3837 1458 3871 Nunquam
1477 3844 1524 3869 pro
1552 3848 1597 3853 —
1627 3835 1752 3870 principis
1773 3837 1926 3864 cohortibus
1942 3839 2023 3864 Aliter
2043 3836 2180 3869 precabor,

51 3867 225 3942 riifflffimc’
238 3878 329 3933 32¹”0
343 3872 389 3898 ‘²¹⁰
404 3876 581 3906 ¹”⁰²¹¹‘³‘⁰‘⁶'
624 3871 681 3897 m.
694 3848 800 3906 erui...
815 3882 908 3911 ΝΜ
944 3874 1082 3912 ³³‘’'¹‘¹s'‘¹³
1146 3872 1367 3942 332¹?“p'12‘1'5‘ecalst
1376 3873 1546 3934 ”iifl-‘ieie
1570 3869 1645 3933 ³333.
1658 3879 1736 3933 2³53
1750 3872 1852 3934 flffii?
1862 3873 2049 3937 ffiisssfidffssifff.
2059 3871 2180 3941 ².fi‘f¹.³,-¹.·.·

85 3947 120 3967 Ρι
130 3948 171 3968 DE
184 3949 194 3968 1
204 3948 267 3969 vss
280 3950 289 3969 1
304 3948 323 3968 o
333 3960 341 3973 ‚
361 3942 429 3968 onis.
453 3942 474 3968 f.
511 3939 622 3975 [ἔγγυῆ]
659 3940 794 3969 Iabolenus
806 3945 834 3970 in
849 3946 867 3971 l.
881 3946 924 3972 sed
937 3946 980 3972 etsi
1003 3946 1034 3972 D.
1049 3945 1081 3972 de
1146 3946 1223 3974 idem,
1243 3952 1309 3978 quiem
1324 3952 1352 3969 cx
1366 3951 1393 3975 2,
1406 3952 1428 3975 3,
1442 3949 1476 3975 79
1502 3939 1611 3968 dedimus
1627 3951 1652 3968 ¹¹-
1668 3951 1676 3968 1
1712 3952 1733 3969 r.

39 3973 366 4040 -fidexiitfforiqussLQuInp
384 3979 472 4004 sei-uns
492 3976 658 4003 fideiussionis
675 3977 782 4003 nominc
799 3979 914 4014 obligari
927 3989 981 4008 non
999 3981 1135 4020 poffit.1o5
1183 3976 1489 4038 FlDELfTAs,Oa'1tis.
1526 3976 1546 4002 f.
1581 3976 1629 4012 [τό
1643 3978 1729 4011 mcor]
1767 3978 1853 4009 Fides,
1873 3979 1955 4003 vinus
1967 3975 2088 4043 ᾒᾶεῐιίεἷηὶι.
2098 3975 2182 4035 FCic.

285 4032 291 4040 ι
1462 4020 1480 4038 0
1499 4020 1515 4038 0
1538 4021 1554 4039 Ο
2118 4019 2180 4037 ΥΞῘΓ»
