2479 4225
311 182 386 222 403
705 160 958 204 ERI

347 257 539 287 EREPTIO,
557 251 624 280 ὃηίε.
658 251 678 279 f.
715 253 770 279 Cic.
781 251 862 288 Verr.
872 256 899 281 4,
915 255 951 274 ιο.
1248 277 1255 284 ο
1277 278 1283 283 ἱ
1315 281 1320 286 .

348 298 391 319 BR
404 298 450 322 is,
467 289 526 318 rdis.
561 289 581 316 f.
617 286 711 323 [Ἔρις]
745 284 893 313 Discordia,
913 281 970 311 dea,
989 288 1015 307 v.
1027 289 1053 307 v.
1087 280 1197 307 Pomurn
1211 277 1297 305 nruhs
1310 287 1338 305 m

313 325 469 354 Prouerbium
483 325 553 351 abiit.
587 324 685 358 Hygin.
702 321 754 348 fab.
766 329 799 353 92
822 318 892 345 Iouis
907 317 945 349 (ι’.
961 316 1072 351 Iupiter)
1083 325 1141 342 cum
1149 314 1247 341 Thetis
1262 314 1339 340 Peleo

1772 157 1808 196 E
1885 158 1918 200 R
2003 159 2037 199 R
2357 170 2450 209 404.

1398 244 1509 273 Febrem
1545 260 1581 267 -
1617 245 1748 281 erogando
1767 244 1875 272 homini
1892 246 2048 281 deputatam.
2100 247 2159 279 Sed,
2179 253 2204 273 et
2220 246 2309 274 Valer.
2322 246 2433 274 Maxim.
2465 279 2468 283 .

1399 289 1423 314 5,
1435 290 1464 315 4,
1478 290 1490 314 3
1509 287 1571 308 extr.
1592 282 1704 316 Erogare
1721 281 1842 316 spiritum
1862 289 1910 315 pro
1929 290 2064 317 parentum
2083 283 2224 309 alimentis.
2291 283 2323 308 Et
2340 290 2366 314 9,
2382 290 2403 314 1,
2415 290 2434 314 9

1399 317 1508 342 Catilina
1524 325 1610 344 nouae
1627 318 1737 344 maritae
1755 315 1897 343 orbitatem
1917 318 1987 344 suam
2001 319 2061 345 loco
2074 318 2191 344 muneris
2204 317 2338 351 erogauit,
2356 324 2435 343 inter-

313 361 436 392 nuberet,
456 360 488 386 ad
504 360 610 394 epulum
625 359 720 385 dicitur
734 363 822 382 omnes
837 353 898 379 deos
911 352 1076 392 conuocaffe,
1094 356 1198 390 excepta
1210 349 1296 382 Eride,
1310 349 1338 375 id
1383 349 1593 388 ‚sebio-filiosuo.
1636 354 1666 379 Et
1679 362 1705 386 9,
1721 360 1762 386 1,7
1781 353 1908 386 Erogatae
1922 352 1979 379 sunt
1993 353 2127 381 iudicibus
2143 351 2232 379 noctes
2244 352 2445 391 matronarum,-

313 396 348 422 est
364 394 519 421 Discordia:
552 403 618 430 quae
637 401 695 418 cum
715 390 800 425 postea
819 387 1018 421 superuemsset,
1037 396 1085 413 nec
1105 385 1288 412 admitteretur
1304 384 1337 411 ad
1362 389 1376 416 5
1399 389 1418 412 i.
1433 393 1581 427 procuratae
1588 408 1597 420 ,
1614 394 1731 424 tanquam
1740 390 1848 423 pretium
1856 387 2001 423 sententiae.
2035 391 2145 428 Denique
2164 396 2191 420 4,
2204 397 2216 420 7
2231 392 2274 423 pr.
2293 387 2447 414 Felicitatis*

313 430 434 464 epulum,
453 429 484 456 ab
499 430 575 457 ianua
588 428 655 455 mifit
669 428 696 452 in
710 424 824 451 medium
839 422 956 449 malum:
979 421 1059 454 dicit,
1096 430 1143 448 uae
1164 421 1223 446 ess'et
1238 420 1338 446 formo-

313 466 402 492 fiffima
414 465 552 492 attolleret.
586 466 667 491 luno,
687 461 786 489 Venus,
804 458 926 484 Minerua
943 457 1057 484 formam
1069 457 1086 483 fi
1108 457 1117 483 i
1131 455 1265 482 vindicare
1281 464 1339 482 coe-

312 506 420 536 perunt,
438 501 507 528 inter
520 508 581 535 quas
597 504 688 530 magna
706 492 836 520 discordia
855 498 922 520 orta.
977 493 1049 520 Iouis
1070 492 1180 526 imperat
1191 490 1339 523 Mercurio,

312 542 342 563 vt
354 536 462 563 deducat
474 544 515 562 eas
533 536 560 561 in
573 531 617 558 Ida
629 534 716 556 monte
735 528 767 555 ad
780 528 958 556 Alexandrum
970 528 1104 560 Paridem,
1122 535 1235 560 eumque
1250 525 1339 552 iubeat

313 571 447 602 iudicare,
465 578 509 597 etc.
543 568 656 601 Reliqua,
673 562 760 595 leftor,
780 570 924 591 narrantem
930 567 1018 599 potius
1031 563 1110 599 ipsum
1121 562 1164 589 adi
1178 561 1296 588 Paridem
1310 561 1340 587 in
1354 567 1384 587 10
1424 569 1456 593 ΔΕ
1466 569 1485 589 R
1496 569 1514 589 ο
1524 570 1545 590 G
1554 563 1567 590 1⁹
1576 571 1597 591 T
1607 571 1625 589 ο
1634 581 1643 594 ,
1661 569 1713 591 are.

312 607 421 641 epistola
438 606 468 633 ad
481 603 622 632 Helenam,
645 600 727 626 verbis
745 599 825 626 Ouid.
840 600 904 626 Her.
924 602 962 632 16,
980 602 1009 632 65
1029 600 1085 633 sqq.
1152 598 1206 623 Hoc
1223 595 1256 630 est
1269 596 1355 623 Iudi.-

313 643 385 670 cium
407 639 520 670 Paridis,
550 637 701 670 spretaeque
727 634 827 661 iniuria
850 635 969 667 formae,
998 644 1072 670 quam
1094 634 1156 661 Iuno
1177 632 1229 659 alta
1251 638 1339 659 mente

311 677 437 712 repostam
450 674 577 709 seruauit,
599 671 662 698 vnde
679 669 763 697 bellum
779 675 803 697 et
820 670 931 707 miseriae
955 671 1088 698 Troianae.
1137 668 1196 697 Vid.
1215 668 1287 695 Seru.
1306 666 1340 694 ad

337 721 375 739 en.
395 720 404 737 1
440 717 454 734 2
475 727 481 733 ·

313 714 570 774 AERI’STJfCVS,
587 749 612 773 a,
631 749 685 767 um.
722 739 781 775 Adi.
817 740 829 774 [

304 782 330 818 J:
344 778 494 814 Philo-sophis
507 776 630 804 Eristicis.
671 774 729 802 Vid.
749 776 855 802 Turneh.
871 786 896 810 4,
909 786 923 803 2
947 785 976 802 ex
994 778 1102 812 Diogene
1114 777 1223 802 laertio.

342 822 359 842 Ε
371 821 388 840 R
399 815 407 838 1
418 819 430 839 s
440 820 449 838 1
459 819 475 839 c
485 818 504 837 H
517 818 538 838 ‘r
551 817 599 838 110
611 816 632 837 Ν
642 830 651 843 ,
671 810 739 837 onis.
773 819 809 837 m.
846 810 1023 847 ['E9m'x&ar]
1064 813 1111 838 Vir
1133 809 1276 844 Theſjidw,
1294 811 1337 844 qui

324 858 376 876 uum
389 848 470 874 Cereri
484 855 566 872 nemus
577 845 756 880 consecratum,
774 849 905 881 praecipue
923 855 980 873 vero
1003 855 1116 882 quercum
1134 855 1221 876 unam,
1239 848 1266 870 in
1288 852 1338 879 qua

328 883 422 919 ympha
438 881 554 918 quaedam
571 881 712 913 habitabat,
731 881 829 918 succidi
849 888 894 907 et:
929 884 997 908 irata
1015 882 1100 913 Ceres,
1120 883 1214 908 Famem
1233 879 1267 907 ad
1285 887 1336 905 eum

304 929 336 946 mi
348 925 368 945 tt
380 928 388 944 .-

294 920 359 991 prila
376 953 406 979 ab
420 958 564 979 umerentur.
601 952 715 979 Fabulam
729 951 800 979 habet
812 951 892 981 Ouid.
904 952 969 979 Met.
984 957 1007 985 8,
1021 957 1065 985 823
1085 953 1141 988 sqq.

337 994 504 1021 nusum,
534 986 588 1014 vid.
609 994 795 1015 ANTERIS.

337 1029 524 1056 ERISTALIS,
543 1023 575 1051 is.
594 1022 612 1050 f.
651 1024 747 1049 Gemma
760 1022 809 1056 est,
834 1031 900 1057 quae
921 1030 1002 1057 quum
1022 1021 1132 1049 candida
1147 1022 1191 1055 fit,
1209 1020 1242 1048 ad
1260 1020 1337 1048 incli-

301 1059 419 1086 nationes
432 1058 570 1085 rubescere
581 1057 687 1085 videtur
698 1058 763 1086 Plin.
770 1066 846 1093 37,10
866 1058 884 1085 s.
893 1063 929 1092 58.
964 1058 1038 1085 MSS.
1051 1058 1173 1085 Eristilla.
1208 1057 1336 1084 Harduin.

302 1097 404 1122 coniicit
423 1093 553 1126 Erythria.

339 1136 356 1156 E
365 1136 383 1155 R
394 1136 403 1155 1
414 1135 434 1157 Τ
446 1134 466 1155 H
478 1128 500 1155 ἐξ
509 1134 526 1155 c
536 1135 570 1161 E,
590 1137 626 1155 ea.
661 1129 681 1156 f.
717 1127 852 1165 [ἔριθοίκη]
887 1129 969 1164 Apum
983 1128 1039 1155 dum
1053 1134 1184 1164 operantur
1197 1127 1279 1157 cibus,
1298 1128 1339 1154 vel

303 1165 406 1195 claun,
425 1172 472 1200 quo
485 1164 565 1200 fauor
583 1167 750 1201 compingunt.
785 1165 862 1191 Varr.
880 1163 912 1191 de
926 1165 955 1190 R.
969 1165 999 1190 R.
1014 1173 1037 1197 3,
1052 1167 1089 1196 16,
1104 1169 1117 1194 8
1142 1165 1220 1190 Extra
1239 1162 1338 1189 ostium

302 1199 373 1227 aluei
386 1199 509 1226 obturant
522 1199 629 1231 omnia,
648 1208 699 1234 qua
711 1201 784 1227 venit
804 1200 874 1227 inter
887 1200 962 1226 fauos
977 1199 1098 1234 spiritus,
1119 1202 1180 1231 (ea)
1199 1207 1278 1233 quam
1293 1199 1336 1233 ἒμ-

301 1234 380 1264 &alum
393 1235 520 1269 appellant
535 1234 637 1261 Graeci.
693 1237 724 1262 Et
742 1235 760 1262 s.
774 1244 803 1267 23
826 1235 964 1261 Erithacen
977 1241 1082 1268 vocant,
1099 1244 1152 1269 quo
1164 1235 1240 1261 fanos
1253 1239 1337 1260 extre-

432 926 473 943 uae
488 923 539 943 toto
552 914 666 950 exhausto
681 919 849 952 patrimonio,
869 925 894 942 eo
912 919 992 952 col-'git
1006 919 1094 950 etiam,
1113 923 1142 944 vt
1159 915 1263 943 membra
1276 922 1337 952 pro·
1347 925 1383 946 20
1399 925 1453 943 non
1465 918 1592 943 incertam
1605 917 1770 944 liberalitatis
1784 916 1946 944 voluntatem
1958 917 2116 944 habuerunt.

1348 1096 1382 1124 25

1401 422 1487 448 tultus
1498 430 1599 450 maiore
1613 433 1644 450 ex
1656 430 1729 458 parte
1742 422 1897 452 adulationi,
1910 431 1989 457 quam
2002 425 2105 451 caritati
2119 427 2249 457 erogatus,
2269 425 2287 449 i.
2303 423 2438 458 impensus.

1436 459 1660 491 EROGATVS‚
1679 468 1704 491 a,
1723 468 1776 485 um.
1813 458 1906 484 Partic.
1930 456 2067 495 [ἐκδοθεὶς]
2108 460 2159 491 Vt,
2177 457 2299 485 Precibus
2312 458 2363 492 piis
2377 457 2451 492 supa¹
2476 474 2479 482 .

1401 490 1477 526 plicis
1487 493 1579 519 anxiae
1593 500 1713 528 erogatus
1725 494 1802 529 Apul.
1817 494 1879 520 Met.
1894 500 1906 526 ς
1926 502 1951 526 p.
1966 496 2018 526 165,
2031 503 2050 522 1.
2104 493 2215 521 Pecunia
2226 493 2331 528 publica
2349 501 2381 520 ex
2394 501 2436 519 ae·
2476 509 2479 526 t

1401 528 1474 554 rario
1489 536 1594 563 erogata
1610 530 1664 556 Cic.
1680 531 1755 557 Verr.
1771 538 1793 561 3,
1806 531 1857 561 165.
1900 527 1968 554 Add.
1982 528 2019 555 ib.
2032 536 2054 561 ς,
2067 534 2099 563 48
2118 539 2140 556 c.
2154 537 2190 562 19.
2475 550 2479 566 α

1749 563 1939 598 [nanifestam]
1992 565 2145 592 Vehementer
2158 573 2256 600 rogare,
2269 563 2294 599 s.
2309 566 2437 599 exquirere
2472 575 2473 578 ¹

1400 601 1538 625 tormentis.
1590 599 1670 625 Plaut.
1684 601 1758 634 Capt.
1773 607 1794 633 5,
1808 609 1827 632 ι,
1840 608 1870 631 32
1896 598 2011 625 Interibi
2030 607 2079 633 ego
2098 608 2129 626 ex
2142 599 2190 626 hac
2210 599 2290 625 statua
2310 598 2438 625 verberea

1401 634 1464 660 volo
1478 634 1624 668 erogitare,
1644 643 1704 661 meo
1717 636 1823 662 minore
1837 634 1901 670 quid
1914 634 1944 660 fit
1957 633 2058 661 saelum
2070 633 2136 661 filio.
2173 633 2245 670 Conf.
2264 633 2309 660 Sil.
2323 642 2361 666 10,
2374 640 2437 668 475,

1398 669 1442 696 vbi
1446 668 1594 704 simpliciter
1607 673 1732 704 exquirere
1746 668 1787 704 est.

1435 710 1670 737 EROGAT10‚
1699 705 1766 732 onis.
1803 705 1822 732 f.

1859 703 1981 739 [aloru]
2017 702 2168 736 Distributio
2184 706 2301 739 pecuniae
2313 702 2437 743 publicae,

837 739 951 776 ἒριςικδς]
986 738 1132 777 litiga'ofics.
1169 740 1207 766 De
1219 736 1340 775 sophistis
1354 746 1381 772 ις
1400 745 1471 775 atque
1483 740 1541 767 adeo
1557 741 1666 780 impensa
1683 744 1762 766 omnis
1774 741 1875 776 publica
1884 744 1997 776 priuata.
2039 740 2087 771 Vt,
2105 739 2228 774 Erogatio
2240 747 2366 773 pecuniae
2379 738 2438 765 Cic.

1401 775 1454 802 Att.
1468 784 1501 808 ις,
1516 785 1538 803 2.
1580 776 1645 802 Plin.
1659 784 1689 801 111
1702 777 1793 809 Paneg.
1806 785 1846 809 41,
1859 784 1869 802 1
1894 777 1928 802 Vt
1948 782 1988 802 tot
2005 773 2161 809 impendiis,
2179 780 2218 801 tot
2235 773 2437 809 erogationibus

1400 810 1453 837 sola
1469 810 1587 838 sufficiat.
1657 812 1688 837 Et
1702 811 1778 845 Epist.
1794 819 1830 841 to,
1843 819 1870 844 33
1897 811 1980 838 Modo
1994 819 2027 836 ne
2061 824 2107 830 -
2142 809 2228 835 minus
2243 810 2296 836 illis
2311 810 2338 835 in
2352 808 2440 843 poste-v

1398 854 1459 873 rum
1471 846 1525 879 fiat,
1542 846 1574 873 ad
1588 846 1737 872 neceffarias
1752 846 1924 880 erogationes.
1994 845 2082 880 Papin.
2097 845 2125 871 in
2138 845 2155 870 l.
2167 844 2228 871 Seio
2249 846 2283 876 D.
2294 845 2326 871 de
2341 844 2437 871 annuis

1399 881 1505 916 legatis,
1522 882 1556 908 Ea
1567 882 1692 908 videntur
1710 880 1813 913 relicta,
1831 890 1898 915 quae
1910 887 2006 908 certam
2021 882 2136 909 formam
2150 879 2311 913 erogationis
2324 888 2438 912 annuae,

2179 916 2251 942 laem
2265 916 2353 951 Papin.
2375 917 2404 942 in
2416 915 2436 945 1.

1398 951 1495 979 liberto
1509 953 1541 979 D.
1557 952 1589 978 de
1609 953 1724 987 negotiis
1736 952 1797 987 gest.

1435 993 1453 1014 E
1463 994 1507 1015 Ro
1517 995 1537 1015 G
1546 995 1568 1015 Α
1577 995 1598 1015 Τ
1609 994 1628 1013 ο
1639 995 1676 1021 R,
1701 989 1764 1014 oris.
1800 995 1837 1013 m.
1877 987 1925 1019 Vt,
1944 989 2071 1023 Erogator
2083 985 2196 1020 virginis
2210 985 2330 1012 Tertull.
2343 985 2376 1012 de
2388 986 2437 1012 Pu-

1399 1021 1451 1049 dic.
1473 1033 1494 1050 c.
1509 1025 1546 1050 16.
1571 1024 1596 1051 h.
1612 1033 1632 1049 e.
1651 1023 1794 1057 ἓκγαμίζων.
1845 1023 1943 1050 Melius
1961 1024 2049 1052 facere
2071 1022 2229 1058 pronunciat
2248 1020 2362 1055 virginis
2375 1029 2439 1048 con.-

1398 1058 1559 1085 seruatorem
1567 1079 1576 1092 ‚
1596 1068 1676 1093 quam
1688 1066 1863 1093 erogatorem.

1434 1100 1451 1120 Ε
1460 1101 1479 1120 R
1489 1100 1508 1120 o
1519 1101 1539 1121 G
1550 1102 1571 1121 Α
1582 1101 1603 1121 Τ
1611 1102 1630 1121 o
1639 1102 1657 1121 R
1667 1102 1675 1120 1
1686 1102 1705 1120 v
1715 1102 1743 1126 s,
1763 1103 1786 1124 a,
1806 1103 1860 1121 um.
1896 1093 1956 1120 Adi.
1991 1093 2112 1121 Frontin.
2127 1092 2158 1119 de
2166 1090 2328 1128 Aquaeduft.
2336 1093 2438 1128 opponit

1398 1129 1584 1163 Erogaton'um
1595 1130 1752 1163 modulum,
1772 1129 1945 1163 Acceptorio,
1964 1129 2007 1155 vbi
2019 1129 2072 1155 vid.
2081 1129 2128 1165 sub
2143 1134 2283 1155 AcclPlo.
2447 1156 2453 1161 ,

1434 1166 1508 1191 ER&
1516 1171 1538 1191 G
1548 1171 1563 1190 Ε
1575 1171 1597 1191 N
1612 1173 1621 1190 1
1635 1171 1654 1191 v
1664 1173 1694 1198 s,
1713 1174 1736 1197 a,
1756 1174 1810 1191 uni.
1846 1164 1905 1191 Adi.
1945 1162 2052 1191 FiHicia
2065 1173 2113 1190 vox
2126 1171 2150 1190 et
2164 1164 2254 1194 nihili,
2273 1171 2331 1198 quae
2343 1162 2440 1199 legebat

1398 1206 1440 1226 tur
1457 1200 1475 1226 l.
1492 1209 1519 1227 12
1539 1201 1569 1226 C.
1584 1200 1692 1227 Theod.
1707 1202 1740 1227 dc
1755 1200 1860 1234 Paganis
1882 1202 1937 1232 (16,
1952 1202 1997 1232 ιο)
2020 1199 2117 1226 Nullus
2131 1200 2225 1227 Larem
2239 1199 2328 1233 ignem
2339 1199 2438 1232 Eroge-
2448 1219 2455 1232 x

1397 1235 1473 1263 nium
1493 1242 1597 1270 penates
1616 1236 1699 1264 odore
1716 1241 1855 1263 veneratus
1869 1235 1999 1262 accendat.
2054 1233 2129 1263 Recte
2143 1244 2208 1261 nunc
2219 1235 2322 1271 legitur,
2330 1233 2437 1274 ¹Nullus
2455 1264 2459 1266 ,

302 1278 359 1298 mos
372 1270 440 1297 inter
454 1271 479 1297 se
492 1270 687 1303 conglutinant,
705 1270 777 1306 quod
789 1270 824 1298 est
836 1270 908 1296 aliud
923 1271 1016 1303 melle,
1027 1270 1154 1311 propoli.
1191 1269 1237 1296 Sed
1249 1269 1335 1295 Plinio
1347 1276 1381 1301 30
1399 1285 1445 1291 -—
1480 1271 1574 1298 Larem
1590 1271 1666 1305 igne,
1686 1281 1760 1298 mero
1774 1271 1880 1307 genium
1889 1291 1898 1304 ,
1915 1278 1961 1298 cte.

300 1313 340 1337 fl,
353 1313 370 1340 7
390 1312 453 1332 extr.
474 1305 593 1332 Erithace
606 1304 657 1338 est,
676 1314 753 1340 quam
767 1306 935 1333 Sandaracam
949 1306 1045 1341 aliqui,
1066 1306 1113 1333 alii
1127 1304 1276 1333 cerinthum
1289 1313 1336 1330 vo-

298 1340 373 1371 hant,
393 1341 482 1374 apium
495 1340 555 1366 dum
569 1347 711 1375 operantur
721 1341 803 1368 cibus.

336 1381 538 1408 ERITHACVS,
552 1376 571 1402 i.
591 1385 627 1402 m.
663 1377 809 1412 [ἔρι’θακοε]
851 1377 927 1412 Auis,
941 1376 1054 1412 sormam
1072 1383 1096 1402 et
1106 1377 1218 1402 zolorem
1237 1381 1336 1401 mutans

301 1419 354 1437 eum
368 1413 471 1437 nomine.
526 1412 592 1438 Nam
607 1411 693 1438 hieme
706 1419 802 1439 tantum
815 1412 968 1444 Erithacus,
987 1412 1081 1439 aestate
1094 1411 1272 1439 Phoenicurus
1291 1419 1333 1445 ap—

298 1446 429 1482 pellatur,
449 1456 464 1472 a
471 1448 574 1481 puniceo
587 1446 676 1473 caudae
695 1449 782 1473 colore.
817 1447 884 1473 Plin.
899 1456 935 1479 10,
947 1456 978 1480 29
997 1448 1016 1474 s.
1030 1457 1077 1481 44.

298 1480 356 1514 stat.
371 1481 532 1508 Rubeculam
548 1484 633 1508 vertit.
670 1483 728 1508 Alii
740 1482 901 1508 Ruticillam.

335 1523 529 1547 ERITHALES,
548 1516 578 1542 is.
607 1517 627 1543 f.
663 1518 674 1548 [
687 1517 800 1552 ἓριθαίλης
813 1518 825 1551 ]
867 1515 959 1543 Herba
974 1516 1011 1542 est
1028 1517 1130 1550 semper
1146 1517 1252 1548 virens,
1268 1525 1336 1550 quae

301 1551 357 1579 alio
370 1552 477 1578 nomine
489 1551 584 1578 Sedum
609 1551 660 1578 flue
676 1552 876 1587 Semperuiuum
894 1551 979 1578 minus
999 1552 1153 1586 appellatur.
1196 1552 1255 1579 Vid.
1268 1551 1335 1578 Plin-

300 1594 344 1620 25,
358 1595 389 1617 13.
427 1586 500 1621 Conf.
515 1587 592 1620 Apul.
605 1586 637 1612 de
649 1587 734 1613 Herb.
752 1597 773 1613 c.
790 1595 837 1619 ¹23·

339 1627 523 1652 1-:R1T1vs,
551 1621 604 1646 vid.
625 1628 790 1648 ER1c1vs.

338 1662 356 1682 Ε
364 1662 383 1681 R
392 1662 402 1681 1
411 1662 433 1682 Τ
442 1661 463 1680 ν
474 1660 492 1680 1)
501 1661 520 1680 o
529 1674 538 1686 ‚
557 1656 617 1681 inis.
636 1656 656 1681 f.
686 1656 834 1683 Seruitudo.
863 1656 959 1684 Festus.
984 1657 1025 1685 Ab
1038 1660 1141 1693 antiquo
1154 1658 1230 1691 Erus,
1238 1657 1336 1685 Seruus.

303 1690 450 1718 Vct-Glol‘s.
465 1687 590 1722 Eritudo‚
603 1688 730 1717 δεσποτεία.

339 1732 356 1753 Ε
366 1731 385 1751 R
396 1726 409 1751 1‘
418 1731 482 1757 VO,
501 1728 555 1751 are.
590 1724 756 1761 Riuisfaflis
768 1725 879 1756 educere,
895 1735 1018 1753 euacuare.
1056 1727 1123 1754 Plin.
1139 1735 1183 1761 17,
1202 1729 1236 1754 26
1262 1727 1280 1752 s.
1298 1735 1337 1758 40

302 1761 443 1799 Caeterum
456 1759 557 1786 maiore
575 1759 604 1785 in
614 1766 688 1794 parte
702 1760 775 1787 orbis
788 1760 867 1787 etiam
879 1761 982 1795 pluuias
995 1762 1124 1789 Autumni
1142 1770 1222 1796 aquas
1235 1760 1337 1789 eriuari

302 1800 435 1821 conuenit.

336 1834 555 1860 ERIVATIO,
576 1828 641 1855 anis.
673 1829 694 1856 f.
731 1829 837 1857 Vitruu.
875 1848 882 1856 .
918 1849 926 1857 .
963 1849 971 1858 .

336 1871 353 1891 ε
366 1870 384 1889 R
394 1871 403 1889 1
412 1870 429 1890 x
438 1882 447 1894 ,
465 1862 520 1888 icis.
543 1862 565 1888 f.
603 1863 670 1890 Idem
681 1873 711 1889 ac
724 1865 806 1890 Erica.
837 1863 966 1892 Laudatur
978 1864 1043 1890 Plin.
1052 1870 1122 1896 24,9
1140 1861 1234 1890 Ericen
1241 1859 1336 1888 Graeci

299 1904 395 1927 vocant
407 1898 547 1931 fruticem,
567 1903 612 1924 etc.
648 1895 690 1930 Est
703 1901 785 1933 itaque
797 1899 889 1931 Erice,
904 1909 953 1926 non
966 1900 1038 1926 Erix.

545 1967 728 2002 ERN
911 1968 1094 1999 ERO

334 2049 352 2071 Ε
360 2049 380 2070 R
388 2047 436 2069 NE
445 2047 466 2067 v
474 2047 500 2068 M
508 2060 516 2073 ,
536 2038 555 2066 i.
591 2047 617 2066 n.
653 2039 781 2066 Placentae
792 2047 879 2074 genus.
915 2037 983 2064 Cato
997 2036 1029 2063 R.
1040 2035 1072 2063 R.
1091 2044 1112 2062 c.
1122 2040 1158 2066 ει,
1174 2037 1245 2062 cuius
1256 2035 1336 2062 locum

302 2077 390 2107 damur
407 2081 434 2103 in
454 2081 552 2104 HlRN
563 2080 623 2102 EA.

337 2120 355 2141 E
363 2120 382 2140 R
392 2119 410 2139 ο
418 2132 427 2145 ,
450 2113 560 2138 mulieris
574 2118 657 2136 nomen
664 2128 672 2141 ,
692 2108 746 2136 vid.
761 2115 783 2136 Η
791 2114 807 2136 E
815 2115 835 2135 R
842 2114 871 2136 O.

338 2155 382 2175 ER
392 2155 425 2178 o,
444 2148 510 2173 onis.
553 2145 610 2172 Vid.
630 2152 650 2171 A
660 2151 702 2171 ER
713 2151 743 2171 ο.

336 2188 484 2214 ERomvs,
498 2182 516 2208 i.
536 2190 570 2208 m.
606 2181 618 2213 [
626 2178 730 2216 ἓρωδιδς]
769 2181 834 2207 Auit
847 2187 931 2206 nomen
944 2188 1007 2207 mera
1015 2176 1266 2211 Graecum,1‹·ulicam
1279 2177 1335 2211 qui-

300 2218 372 2251 dam,
391 2219 436 2244 alii
450 2217 589 2244 Ardeolam
608 2219 814 2250 interpretantur.
855 2215 928 2241 Seru.
943 2215 976 2241 ad
987 2215 1053 2241 Aen.
1066 2222 1106 2246 11,
1125 2221 1171 2248 271
1199 2213 1256 2239 Hae
1273 2220 1335 2237 aues

302 2254 436 2288 hodieque
450 2253 541 2279 Latina
562 2252 650 2286 lingua
663 2251 821 2278 Diomedeae
837 2256 981 2284 vocantur,
1003 2249 1097 2276 Graeci
1110 2245 1215 2284 'liful-lais
1234 2247 1333 2273 dicunt.

300 2289 371 2319 Add.
387 2290 491 2315 Liber-al.
506 2287 535 2322 f.
552 2297 576 2322 7.

803 1977 838 2001 θΐ

337 2331 354 2351 E
363 2331 382 2350 R
392 2325 410 2351 ὁ
422 2330 439 2349 D
449 2330 468 2350 Ο
477 2343 486 2356 ,
506 2323 539 2355 fi,
560 2324 631 2352 sum,
651 2322 704 2348 ἓῖὲ·
740 2318 883 2355 [ἕῖἕδῡμαη
896 2319 1060 2354 asmantiam]
1095 2316 1210 2346 ROdW‘ffi
1220 2316 1333 2352 perdere.
1341 2330 1375 2354 60
1395 2324 1497 2358 aliquid
1512 2333 1702 2357 coaceruamus,
1721 2330 1746 2351 et
1758 2333 1941 2365 exaggeramus
1954 2325 2009 2350 eius
2024 2323 2162 2350 inuidiam.
2199 2323 2290 2354 Pysma
2302 2321 2337 2347 est
2350 2329 2429 2355 quae-

960 2354 1090 2382 Columel.
1106 2363 1144 2386 10,
1157 2361 1202 2386 323
1224 2353 1279 2378 Nec
1293 2353 1333 2378 so-

1219 2388 1333 2414 Medica-

1183 2423 1258 2452 idem
1271 2431 1332 2456 31,z

301 2359 367 2387 Plin.
381 2368 412 2390 11,
428 2367 457 2391 ²9
479 2358 576 2385 Omnia
589 2366 654 2384 vero
667 2357 755 2383 morsu
767 2357 912 2383 erodentes.

298 2395 355 2423 lum
374 2401 474 2420 teneras
487 2393 582 2419 audens
597 2393 707 2419 erodere
724 2392 839 2418 frondes.
875 2391 947 2427 Conf.
962 2391 1028 2417 Cels.
1042 2399 1063 2423 ς,
1075 2395 1114 2421 28,
1127 2398 1163 2422 19.

297 2435 385 2457 menta
398 2429 534 2455 erodentia
547 2429 614 2455 Cels.
628 2437 649 2461 ς,
664 2433 705 2460 28,
722 2436 741 2454 1.
813 2427 906 2454 Erosus
918 2426 970 2454 sale
982 2426 1046 2453 Plin.
1061 2434 1096 2458 12,
1110 2433 1135 2459 9.

297 2466 317 2495 s,
332 2473 360 2498 19
386 2465 435 2490 Aes
450 2470 474 2490 et
487 2464 587 2490 ferrum
600 2463 677 2490 erodi
691 2463 735 2489 illa
749 2470 825 2497 aqua.

293 2523 296 2527 .
332 2507 406 2527 ERo
416 2506 428 2526 s
438 2506 492 2531 10,
512 2500 580 2525 onis.
616 2499 635 2525 f.
673 2499 807 2525 Genarum
823 2497 953 2524 erofiones
966 2496 1030 2524 Plin.
1045 2505 1085 2530 23,
1097 2505 1120 2528 3.

334 2541 352 2561 13
363 2542 382 2560 R
391 2542 409 2561 o
418 2541 438 2561 G
448 2542 492 2560 EN
502 2541 524 2560 N
534 2536 551 2561 ιέ
559 2540 655 2566 ΤοΝ,
676 2534 694 2560 i.
714 2543 740 2560 n.
766 2535 950 2568 [efwys'nnm]
986 2531 1069 2558 Herba
1083 2531 1115 2564 est
1122 2530 1162 2565 stc
1175 2528 1254 2562 dicia,
1268 2527 1333 2564 quod

297 2572 427 2597 amatoriis
439 2573 574 2595 conueniat.
609 2568 695 2602 yervx'm
709 2572 772 2596 enim
785 2579 874 2605 gigno,
891 2575 915 2595 et
930 2570 983 2604 spuis
994 2578 1062 2595 arnor
1072 2568 1174 2594 dicitur.
1212 2567 1332 2593 Pronoea-

295 2611 339 2631 tur
351 2603 384 2630 ad
396 2604 518 2629 Plinium.
557 2606 594 2629 Ne
613 2611 656 2629 ant
667 2605 723 2630 boni
737 2605 842 2631 Indices.

334 2646 351 2666 E
362 2637 436 2665 noo
447 2643 466 2663 ο
476 2657 485 2671 ,
516 2641 568 2663 are.
595 2614 753 2672 1ἱεΰιδίδιυμι]
799 2639 902 2665 Videtur
914 2638 1024 2675 publicis
1040 2635 1254 2671 dfflributionibus
1269 2642 1330 2671 pro-

292 2677 381 2711 prium
396 2672 489 2709 suiſje,
509 2679 537 2698 vt
558 2672 669 2705 Erogare
686 2672 822 2704 diceretur,
847 2677 888 2708 qui
905 2675 1022 2708 rogando
1040 2685 1055 2700 a
1069 2675 1159 2709 populo
1183 2673 1373 2711 impetrauit70

296 2707 474 2745 magistratus,
492 2713 521 2733 vt
534 2715 565 2732 ex
578 2709 674 2732 aerario
685 2707 780 2741 aliquid
790 2709 862 2732 liceat
868 2708 963 2741 soluere
974 2719 985 2737 ‚-
1005 2709 1090 2734 deinde
1105 2709 1222 2741 Erogasse
1235 2706 1330 2732 diceba·

297 2751 340 2770 tur
354 2747 441 2773 etiam,
456 2744 499 2778 qui
509 2741 605 2777 aliquid
618 2742 655 2767 vel
666 2740 761 2776 deflw,
779 2743 818 2766 vel
830 2741 857 2765 de
866 2742 963 2774 publico
975 2742 1089 2775 dediffet,
1103 2741 1239 2774 tribuzffiw:
1260 2742 1329 2776 quale

298 2778 360 2814 quid
380 2780 452 2804 etiam
477 2780 504 2802 in
527 2777 609 2802 verbis
629 2777 776 2809 Arrogare,
796 2775 1095 2809 Derogare,1rrogare,
1109 2775 1211 2810 fastum
1224 2773 1327 2806 confiat.

297 2814 368 2840 Certe
382 2812 458 2847 Apul.
474 2813 537 2838 Met.
550 2820 560 2837 1
583 2820 607 2845 p.
623 2819 678 2843 104,
691 2819 724 2843 29
744 2810 839 2845 Qualia
852 2810 934 2836 solent
947 2810 1076 2836 Fortunae
1090 2809 1239 2835 decermina
1253 2809 1328 2841 stipes

298 2848 329 2877 in
343 2848 431 2875 triuiis
451 2855 573 2880 erogare,
592 2846 634 2872 ubi
647 2845 775 2880 manifesto
787 2844 916 2881 fignificat
933 2845 1042 2880 rogando
1060 2848 1199 2878 impetrare.
1252 2844 1293 2870 Sic
1312 2850 1328 2876 7
1339 2857 1372 2884 75

298 2890 386 2920 p.189‚
400 2889 427 2911 28
447 2882 504 2908 Nec
516 2890 622 2907 manum
635 2880 748 2907 validam
761 2879 906 2915 erogandae
920 2879 981 2914 stipi
995 2880 1148 2914 porrigeret.
1204 2877 1251 2904 Sed
1262 2877 1328 2912 apud

296 2922 413 2954 antiquos
425 2917 467 2944 illa
481 2918 554 2943 multo
569 2916 683 2950 vfitatior
691 2915 857 2952 significatio,
877 2915 919 2941 vbi
932 2924 961 2941 ex
979 2917 1074 2941 aerario
1088 2913 1185 2950 publico
1204 2918 1329 2946 erogatur

293 2956 415 2991 pecunia,
443 2956 461 2978 i.
483 2958 591 2986 rogatur
610 2952 635 2988 s
649 2954 760 2986 petitur,
781 2954 916 2986 accipitur,
945 2950 1098 2986 dispensatur
1111 2949 1136 2984 s
1157 2947 1306 2983 impenditur
1319 2957 1327 2972 :

291 2991 369 3026 plane
383 2995 412 3014 vt
424 2996 516 3022 rogare
530 2987 627 3021 legem,
643 2994 691 3022 pro
705 2986 813 3012 omnibus
827 2986 878 3011 illis
896 2983 1033 3012 astionihus
1046 2985 1170 3021 firmitur,
1190 2983 1276 3019 quibus
1289 2984 1328 3008 lex

291 3025 384 3062 fertur
401 3023 436 3049 ad
448 3024 573 3058 populum,
592 3030 615 3048 e!
632 3021 728 3048 tandem
745 3021 883 3057 perfertur.
934 3022 975 3048 Sic
995 3021 1049 3047 Cic.
1065 3020 1092 3046 in
1106 3019 1194 3045 Vatin.
1209 3027 1240 3051 29
1265 3027 1286 3043 c.
1303 3026 1327 3044 12
1338 3031 1370 3057 80

299 3058 453 3093 Erogarisne
469 3058 589 3092 pecunias
601 3066 632 3084 ex
646 3057 748 3084 aerario
760 3057 810 3083 tuis
823 3056 931 3090 legibus.
991 3057 1063 3082 ldcm
1079 3057 1151 3081 Vcrr.
1166 3063 1188 3087 ς,
1201 3062 1237 3088 47
1257 3052 1325 3079 Mul-

298 3101 335 3122 tas
348 3094 471 3120 Pecunias
485 3093 527 3120 isti
540 3099 656 3127 erogatas
676 3093 704 3118 in
717 3101 825 3126 operum
840 3092 981 3117 locationes
1000 3092 1073 3117 falsas
1087 3097 1164 3125 atque
1178 3091 1267 3116 inanes
1280 3089 1328 3114 esse

298 3130 461 3165 perscriptas.
515 3129 628 3162 Erogare
643 3129 777 3163 pecuniam
791 3127 818 3153 in
832 3127 931 3153 classem
944 3127 998 3153 Cic.
1013 3136 1061 3160 pro
1075 3126 1166 3152 Flacco
1178 3134 1216 3157 30.
1253 3124 1327 3150 Vnde

297 3166 326 3192 in
338 3174 385 3192 eos
398 3166 494 3191 sumtus
508 3165 616 3198 pecunia
630 3169 781 3198 erogaretur
798 3163 857 3189 Liu.
875 3170 893 3193 ι,
910 3171 949 3188 20.
1004 3163 1070 3188 Haec
1087 3161 1181 3196 quidem
1198 3162 1278 3186 omnia
1296 3159 1329 3185 ad

292 3202 404 3237 publicos
416 3200 513 3236 fiimtus
522 3203 658 3234 pertinent.
712 3199 752 3225 Sic
772 3198 837 3224 Plin.
852 3197 928 3232 Epist.
944 3206 979 3227 10,
995 3202 1055 3229 28‚3
1084 3196 1182 3222 Multae
1202 3196 1326 3229 pecuniae

295 3236 428 3271 (publicae
452 3238 524 3262 etiam
548 3235 589 3262 hic
612 3233 807 3270 intelliguntur)
842 3248 887 3253 ———
923 3233 1033 3258 minime
1053 3232 1179 3265 legitimis
1199 3231 1327 3256 sumtibus

294 3277 447 3306 erogantur.
500 3271 530 3296 Ee
548 3279 590 3303 34,
603 3279 618 3296 2
639 3269 740 3296 Deinde
753 3278 831 3304 qnam
885 3271 992 3294 ecuniam
1002 3267 1145 3302 publicam)
1158 3275 1265 3300 erogare
1280 3265 1325 3300 ipfi

296 3307 327 3334 in
339 3308 426 3333 oleum
440 3305 528 3338 soliti,
548 3306 631 3340 parati
647 3306 704 3331 sunt
717 3305 744 3331 in
759 3314 823 3338 opus
836 3304 870 3330 ba
881 3304 935 3329 inei
949 3304 1077 3330 conferre.
1133 3302 1172 3328 Sic
1193 3310 1229 3332 10,
1248 3304 1294 3334 46,
1315 3309 1325 3327 1

295 3343 327 3369 In
340 3343 421 3368 alium
435 3341 542 3367 dutffinn
555 3346 661 3374 erogata
674 3341 731 3366 sunt
746 3340 799 3366 CC.
853 3341 883 3366 Et
895 3345 938 3372 48,
952 3349 969 3373 4
994 3338 1078 3364 Etiam
1093 3336 1261 3371 aliquantum
1271 3344 1328 3362 ero-

296 3384 434 3412 ganerunt.
473 3377 578 3403 Sueton.
587 3377 651 3402 Ner.
664 3385 685 3402 c.
697 3384 728 3408 30
744 3376 774 3402 In
786 3375 939 3402 Tiridatem
976 3389 1020 3394 ——
1056 3372 1195 3406 ociingcna
1207 3369 1370 3409 inumsun90

295 3414 381 3439 millia
397 3412 491 3438 diurna
504 3412 634 3446 erogauit.
688 3411 735 3438 Sed
750 3410 777 3436 de
786 3414 889 3445 priuata
905 3410 1028 3445 impensa,
1055 3408 1132 3442 Epist.
1147 3415 1169 3440 ς,
1184 3409 1221 3438 16,
1235 3413 1252 3440 7
1276 3407 1327 3431 Au—

297 3448 357 3475 diui
371 3447 525 3474 Fundanum
538 3446 758 3482 praecipientem,
778 3445 850 3480 quod
869 3445 896 3472 in
909 3445 990 3471 vestes
1025 3459 1070 3464 --
1106 3443 1191 3482 fuerat
1209 3447 1328 3482 erogatu-

297 3492 355 3513 rus,
373 3483 462 3509 hocin
476 3489 515 3509 tus
551 3498 596 3503 —
631 3481 835 3516 impenderetur.
906 3481 936 3507 Et
957 3489 995 3512 ιο,
1009 3489 1053 3509 ιιι,
1067 3489 1079 3505 2
1104 3479 1161 3504 Piso
1178 3477 1289 3511 plurima
1303 3477 1326 3502 se

297 3519 326 3544 in
340 3518 538 3553 Rempublicam
550 3517 699 3550 contulisse,
719 3526 747 3544 ac
761 3525 842 3551 prope
854 3521 921 3543 totas
936 3515 1068 3544 facultates
1087 3514 1199 3548 erogass'c
1217 3512 1326 3539 dicebat.

295 3554 370 3588 Saepe
388 3558 424 3579 ita
442 3553 499 3581 lCti
511 3573 519 3585 ,
540 3562 639 3589 quorum
657 3555 709 3580 loca
721 3553 789 3578 dedit
802 3550 909 3585 Briffon.
977 3555 989 3567 ³
1099 3547 1124 3612 3
1152 3558 1168 3576 2
1205 3549 1327 3576 Peculiari
1340 3562 1372 3588 95

295 3589 399 3625 quadam
416 3592 511 3615 ratione
530 3588 563 3614 ad
581 3587 774 3620 distributionem
792 3596 908 3623 aquarum
926 3588 952 3612 in
971 3585 1053 3612 vrbem
1066 3585 1096 3611 du
1125 3594 1195 3610 arum
1206 3587 1326 3619 pertinet,

295 3633 357 3660 quae
371 3624 474 3658 erogari
488 3623 589 3652 dicitur,
597 3632 648 3649 cum
660 3621 848 3658 opefistularum
861 3625 923 3650 certi
934 3620 1025 3647 moduli
1037 3619 1201 3653 distribuitur.
1242 3621 1327 3655 Igitur

290 3666 408 3695 perpetuo
430 3663 511 3685 utitur
529 3658 571 3684 illo
584 3658 741 3691 Frontinus,
765 3668 789 3685 υ.
803 3668 828 3695 g.
848 3663 895 3684 art.
909 3665 935 3690 33
956 3666 980 3690 p.
995 3665 1025 3689 9,·
1044 3658 1142 3688 Polemi,
1162 3656 1198 3682 Ita
1211 3654 1272 3681 dnm
1287 3654 1327 3680 vi-

297 3695 417 3721 cenariae
436 3692 573 3728 (fistulae)
589 3702 641 3727 qua
659 3693 770 3720 subinde
787 3699 911 3728 erogant,
931 3691 1084 3723 detrahunt,
1105 3698 1149 3718 aut
1164 3690 1326 3718 centenariae

299 3735 325 3756 et
345 3730 574 3756 cemumuicenum
593 3728 738 3761 adiiciunt,
754 3729 850 3763 quibus
871 3726 972 3762 semper
989 3727 1134 3761 accipiunt,
1155 3726 1379 3759 intercipitur-¹00
1388 3737 1488 3758 teneras
1500 3738 1645 3758 armentum
1660 3739 1729 3759 errat
1743 3734 1823 3760 Ouid·
1835 3735 1899 3762 Met·
1912 3744 1946 3770 ις,
1960 3745 1998 3769 14·

477 3764 519 3792 sic
539 3763 658 3798 erogatio
681 3771 704 3789 et
725 3767 856 3800 coniugata
876 3765 984 3799 reliqua,
1004 3772 1064 3798 quae
1083 3763 1228 3789 Polcnianus
1249 3761 1326 3786 ludex

298 3798 411 3832 ostendit.
606 3796 626 3835 ff
648 3806 660 3830 3
696 3799 722 3825 Si
742 3799 828 3834 nificat
841 3803 914 3825 etiam
928 3799 1075 3834 impendere,
1090 3800 1148 3834 quin
1156 3797 1273 3832 perdere,
1286 3795 1326 3821 ab.

298 3838 383 3866 iicet-c,
402 3835 553 3871 negligenter
571 3833 665 3860 babere.
733 3834 832 3860 'crtulh
846 3835 957 3868 Apolog.
972 3843 1009 3868 44
1034 3834 1101 3860 Cum
1120 3838 1158 3859 tot
1176 3832 1325 3859 innocentes

298 3878 438 3903 erogamur
451 3880 457 3895 z
484 3869 551 3895 modo
563 3869 661 3895 dixerat
675 3868 751 3894 eodem
759 3869 840 3904 stnst‘,
859 3870 926 3895 Cum
941 3876 980 3895 tot
992 3869 1052 3897 iusti
1067 3867 1251 3902 impendimur.
1288 3866 1325 3893 id.

299 3905 331 3932 de
344 3904 492 3932 Resurreci.
507 3913 576 3932 carn.
589 3909 603 3936 8
623 3903 692 3932 Caro
707 3904 840 3939 suppliciis
853 3910 982 3938 erogatur.

297 3770 341 3791 tur
349 3785 356 3797 ,
377 3770 423 3790 etc.

1341 1633 1380 1660 40

1348 1803 1384 1829 43
1400 1805 1462 1822 men
1474 1798 1613 1824 eroticum.

1350 2149 1379 2176 55
1396 2147 1437 2172 tio
1469 2147 1669 2182 rotopaegnion.

1344 2500 1376 2532 65
1393 2507 1445 2527 tam
1467 2502 1560 2528 acerbe
1585 2502 1670 2528 socios
1692 2502 1909 2528 trac'lauerimusZ
1945 2501 2013 2527 Haec
2033 2500 2082 2527 ille.

1342 3209 1371 3238 ες
1388 3203 1450 3229 illuc
1464 3204 1545 3230 Ouid.
1555 3204 1658 3236 Met.11,
1670 3212 1723 3238 357.
1764 3205 1939 3232 Cland.Cons.
1948 3206 2017 3231 Hon.
2027 3207 2052 3237 6,
2060 3211 2109 3239 408
2123 3205 2236 3232 Laribus
2246 3205 2362 3232 seiuncta
2373 3215 2422 3241 po-

1379 3837 1459 3873 falli,
1479 3837 1531 3863 uid.
1550 3843 1708 3865 PROCVL.

1051 3905 1082 3932 Et
1100 3904 1134 3931 de
1147 3904 1296 3939 Praescript.
1308 3912 1376 3945 ²¹05
1385 3907 1460 3935 auius
1473 3913 1542 3936 errat
1561 3908 1663 3937 Lueret.
1678 3919 1704 3943 2,
1717 3918 1774 3947 739.

1436 1312 1551 1339 EROS,
1572 1308 1633 1334 otis.
1652 1317 1688 1334 rn.
1728 1309 1822 1334 Nomen
1847 1306 2026 1334 blanditiarum
2051 1304 2124 1341 caufiz
2141 1307 2275 1331 inuentum.
2311 1302 2353 1337 Est
2373 1306 2451 1344 enim!

1398 1342 1491 1368 Amor.
1533 1343 1563 1369 V.
1576 1352 1601 1379 g.
1623 1342 1751 1369 Comaedus
1765 1343 1839 1378 suit,
1858 1345 1927 1369 cuius
1946 1344 2056 1368 meminit
2076 1342 2132 1368 Cic.
2148 1349 2197 1375 pro
2215 1341 2291 1367 Rosc.
2308 1340 2385 1366 Com.
2403 1347 2438 1372 30

1399 1376 1479 1411 Qod
1492 1377 1557 1404 item
1572 1387 1655 1413 nuper
1672 1379 1701 1404 in
1716 1379 1794 1405 Erote
1806 1378 1943 1404 Comocdo
1962 1378 2008 1404 vsu
2025 1377 2097 1404 venit
2113 1387 2119 1402 :
2151 1377 2198 1410 qui
2218 1376 2306 1410 postea
2322 1383 2402 1410 quam
2420 1383 2439 1402 e

1398 1413 1472 1440 scena
1495 1422 1550 1440 non
1572 1413 1653 1440 modo
1675 1413 1774 1446 sibilis,
1800 1412 1844 1440 sed
1863 1413 1941 1440 etiam
1962 1412 2084 1440 conuicio
2102 1410 2309 1447 explodebatur,
2328 1411 2393 1437 licut
2406 1410 2439 1438 in

1119 1446 1211 1474 Theod.
1232 1456 1260 1472 ex
1272 1449 1335 1473 Art·
1351 1457 1381 1483 33
1398 1456 1470 1481 aratu
1489 1449 1611 1483 confugit
1631 1448 1660 1475 in
1677 1448 1756 1475 huius
1776 1448 1899 1481 domum,
1919 1448 2099 1483 disciplinam,
2119 1447 2312 1483 patrocinium,
2328 1454 2436 1472 nomen.

1398 1483 1466 1511 Idem
1480 1484 1567 1512 Seruos
1578 1485 1651 1510 huius
1662 1487 1769 1511 nominis
1777 1485 1912 1519 producit,
1929 1485 2000 1511 Fam.
2015 1485 2109 1515 [2526.
2152 1483 2185 1509 It.
2199 1483 2253 1508 Att.
2272 1490 2311 1514 10,
2329 1489 2362 1514 ις.
2396 1488 2437 1514 12,

1398 1527 1413 1553 ς
1431 1525 1455 1545 et
1468 1523 1502 1549 18.
1537 1519 1623 1545 itidem
1642 1526 1682 1552 ις,
1700 1527 1722 1552 5.
1758 1519 1799 1552 Est
1813 1527 1837 1546 et
1848 1529 1932 1546 nomen
1939 1522 2070 1555 proprium
2082 1518 2148 1553 apud
2160 1517 2276 1544 Martial.
2290 1525 2329 1549 io,
2341 1521 2383 1546 80.
2424 1545 2439 1551 Ἡ

1433 1560 1479 1580 ER
1492 1560 1603 1587 osvs,
1630 1554 1684 1580 vid.
1707 1561 1846 1581 ERoDo.

1434 1594 1643 1622 EROTEMA,
1669 1588 1820 1622 vussinum
1831 1588 1886 1625 post
1905 1593 2278 1617 ERoTorAEGNivm.

1433 1629 1450 1649 E
1460 1630 1479 1650 R
1487 1631 1505 1651 0
1516 1629 1538 1650 T
1548 1630 1558 1649 1
1571 1631 1590 1649 v
1599 1630 1624 1650 M
1633 1644 1642 1657 ,
1662 1624 1681 1651 i.
1717 1634 1744 1651 n.
1781 1625 1923 1659 [Ἐρώτιον]
1959 1625 2120 1652 Mulierculae
2133 1631 2217 1648 nomen
2230 1620 2263 1655 est
2275 1621 2342 1657 apud
2349 1620 2436 1658 Plau!-

1399 1659 1471 1685 Men.
1483 1664 1529 1694 per
1542 1658 1726 1686 diminutionem
1743 1659 1790 1686 ἀπὸ
1803 1661 1836 1686 τί
1850 1662 1946 1695 Queat,
1973 1661 1999 1687 b.
2013 1669 2033 1686 e.
2052 1659 2082 1686 ab
2094 1666 2174 1685 amore
2188 1657 2318 1684 detortum.
2341 1688 2347 1691 ,
2364 1657 2433 1688 ‘Item

1399 1694 1494 1720 Puellae
1504 1694 1572 1730 apud
1584 1695 1699 1722 Martial.
1713 1704 1741 1731 5,
1758 1703 1786 1729 55
1806 1701 1830 1722 et
1848 1700 1885 1728 38.
1919 1702 1943 1722 ει
1961 1703 2006 1728 ιο,
2025 1696 2061 1721 61.
2096 1696 2154 1721 item
2173 1694 2288 1724 Graecis,
2307 1690 2435 1728 Cupidinis

1396 1731 1575 1764 imagunculam
1581 1729 1722 1766 fignificat.

1435 1769 1452 1788 E
1462 1770 1479 1789 R
1489 1764 1508 1789 6
1518 1771 1538 1789 Τ
1549 1763 1561 1789 ἴ
1571 1770 1588 1790 C
1599 1771 1620 1790 v
1630 1772 1661 1797 s,
1683 1774 1714 1795 a,
1740 1774 1795 1792 um.
1829 1765 1891 1791 Adi.
1926 1765 2072 1800 [ἒρωτικός]
2107 1765 2262 1792 Amatorius.
2299 1762 2354 1794 Vt,
2373 1761 2436 1788 Car-

1445 1832 1451 1837 ·
1681 1798 1759 1832 Subst.
1781 1799 1848 1825 Gen.
1861 1808 1900 1832 19,
1914 1808 1932 1832 9
1949 1801 2086 1832 Quaedam
2098 1801 2198 1827 erotica
2209 1799 2282 1826 dulia
2294 1803 2320 1824 et
2332 1795 2439 1826 venusta

1397 1838 1559 1859 cecinerunt.

1433 1873 1451 1894 E
1461 1873 1479 1893 R
1488 1874 1507 1894 O
1515 1875 1538 1895 Τ
1546 1874 1566 1894 Ο
1574 1873 1589 1894 Ρ
1598 1874 1620 1895 Α
1630 1874 1646 1895 Ε
1657 1872 1679 1894 G
1690 1873 1713 1894 N
1722 1874 1732 1894 1
1743 1873 1764 1894 V
1773 1874 1800 1895 M
1807 1888 1816 1901 ‚
1833 1868 1852 1894 i.
1879 1876 1905 1895 n.
1943 1868 2141 1902 [ἓρωτοποιίγνιαν]
2177 1865 2211 1901 est
2219 1866 2354 1893 Ludicrum
2366 1872 2438 1900 opus,

1397 1904 1438 1928 vel
1451 1904 1538 1928 Poema
1551 1903 1579 1928 de
1592 1912 1687 1929 amore:
1710 1905 1728 1929 ἴ
1736 1914 1763 1928 ως
1776 1907 1840 1930 enim
1855 1913 1938 1936 amor,
1957 1905 2060 1936 παίγνιον
2074 1904 2156 1930 ludus.
2192 1904 2296 1937 Legitur
2309 1902 2382 1936 vulgo
2393 1900 2438 1926 bo-

1398 1934 1439 1961 die
1452 1936 1516 1961 Plin.
1531 1937 1609 1970 Epist.
1623 1945 1651 1969 ς,
1670 1945 1699 1971 17
1722 1914 1831 1964 §Nuntio
1845 1938 1911 1970 tibi,
1929 1939 2004 1964 fuiss'e
2024 1947 2067 1964 me
2085 1938 2166 1964 hodie
2184 1937 2213 1962 in
2229 1934 2365 1961 auditorio
2377 1935 2436 1962 Caf—

1348 1974 1381 2002 50
1398 1970 1489 2002 purnii
1503 1970 1623 1999 Pisonis:
1647 1971 1775 1997 recitabat
1788 1972 1969 2006 ἕρωτοπαίγνιογ.
2005 1972 2051 1998 Sed
2063 1970 2237 2003 restituendam
2248 1978 2300 2005 ego,
2307 1970 2436 2005 Gefhms,
2461 1991 2463 1995 .

1391 2007 1483 2039 putaui
1497 2012 1600 2031 veterem
1615 2004 1742 2031 ustionem
1755 2016 1848 2031 καταςο
1863 2007 1944 2038 mpii«.
1979 2005 2105 2032 Caeterum
2121 2005 2339 2032 Auson.Centon.
2352 2004 2434 2041 Nupt.

1389 2039 1440 2075 sub
1446 2039 1496 2075 fin.
1517 2050 1542 2075 p.
1554 2048 1600 2075 517
1626 2040 1700 2074 Qud
1718 2016 1889 2074 antiquiffiini
1904 2041 1997 2067 Po‘e‘tae
2012 2041 2106 2067 Laeuii
2125 2038 2334 2074 erotopaegnion
2349 2038 2433 2076 libro!

1396 2075 1510 2109 loquar?
1581 2075 1648 2102 Gell.
1664 2084 1686 2108 2,
1700 2084 1732 2110 ²4
1758 2076 1845 2102 Huius
1859 2076 1924 2110 legis
1937 2076 2050 2103 Laeuius
2064 2077 2143 2102 Po'e‘ta
2161 2075 2283 2102 meminit
2301 2075 2329 2101 in
2340 2074 2426 2110 Eroto-

1396 2119 1444 2145 pae
1463 2111 1524 2138 niis.
1561 2111 1628 2139 Idem
1640 2112 1755 2143 videtur,
1773 2115 1818 2147 qui
1830 2113 1946 2138 laudatur
1959 2112 2082 2139 Priscian.
2095 2121 2112 2145 9
2133 2120 2156 2146 p.
2171 2114 2219 2144 869
2237 2110 2330 2137 Liuius
2342 2110 2368 2137 iii
2378 2116 2428 2142 tet-

1722 2148 1754 2173 Et
1771 2156 1794 2174 ιι
1814 2156 1839 2182 p.
1853 2155 1906 2180 922.
1928 2147 2022 2174 Liuius
2035 2148 2250 2183 Erotopaegnion
2262 2150 2365 2182 quarto,
2374 2146 2429 2173 Me-

1396 2182 1498 2209 minens
1513 2184 1598 2209 Varro
1616 2182 1695 2210 corde
1707 2182 1826 2212 volutat,
1845 2190 1890 2210 etc.
2468 2210 2470 2213 ,

1430 2224 1446 2245 Ε
1455 2224 1474 2244 R
1483 2225 1502 2245 ο
1511 2225 1533 2245 Τ
1543 2219 1560 2244 ἓ
1571 2225 1594 2244 Μ
1605 2225 1641 2249 A,
1659 2219 1716 2244 atis.
1744 2227 1771 2245 n.
1805 2219 1819 2253 [
1826 2218 1958 2252 ἐρώτημα]
1994 2219 2162 2255 Interrogatio
2169 2219 2259 2245 Latine
2269 2217 2378 2244 dicitur:
2393 2221 2434 2249 υἱ,
2473 2227 2476 2230 ’

1395 2252 1491 2288 Virgil.
1505 2254 1569 2281 Aen.
1581 2262 1604 2287 2,
1618 2262 1665 2286 322
1689 2255 1751 2287 Qo
1768 2262 1809 2281 res
1826 2254 1924 2280 summa
1942 2255 2002 2280 loco
2015 2254 2133 2280 Panthu?
2204 2254 2281 2280 Mart.
2295 2251 2401 2286 Capella
2415 2257 2432 2284 ς

1395 2297 1420 2322 p.
1435 2296 1475 2323 171
1497 2289 1618 2316 Erotema
1632 2290 1667 2315 est
1680 2289 1865 2323 interrogatio,
1885 2298 1936 2324 qua
1947 2288 2031 2322 figura
2046 2289 2154 2318 vtimur‚
2167 2296 2228 2313 cum
2241 2285 2430 2320 interrogando

1394 2358 1486 2393 litum,
1508 2369 1575 2395 quae
1589 2360 1671 2394 figura
1691 2369 1706 2386 a
1719 2361 1854 2395 superiore
1867 2368 1899 2386 eo
1915 2359 2018 2391 differt,
2037 2358 2110 2393 quod
2124 2356 2298 2391 interroganti
2311 2365 2362 2382 vna
2375 2362 2429 2396 tan:

1394 2400 1451 2422 tum
1466 2403 1532 2422 voce
1547 2396 1698 2430 responderi
1715 2395 1798 2430 potest
1814 2406 1820 2421 :
1844 2394 1964 2430 quaestio
1978 2400 2065 2421 autem
2077 2393 2124 2420 nifl
2141 2392 2260 2428 pluribus
2278 2391 2429 2426 responderi

1394 2439 1449 2457 non
1469 2431 1568 2466 potest,
1592 2438 1621 2457 vt
1645 2440 1703 2457 cuin
1729 2431 1857 2463 dicimus,
1881 2431 1941 2464 Qua
1959 2430 2040 2464 igitur
2054 2429 2158 2456 ratione
2177 2427 2276 2454 bellum
2288 2426 2429 2464 geremus}

1395 2475 1462 2500 quae
1477 2467 1575 2493 auxilia
1588 2466 1666 2493 nobis
1681 2472 1769 2501 parata
1782 2467 1877 2493 erunt}
1899 2466 1966 2499 Qiis
1979 2465 2045 2498 erit,
2058 2465 2106 2499 qui
2119 2463 2260 2490 subuenire
2274 2463 2355 2495 velit,
2369 2470 2430 2490 cum

2151 2500 2290 2531 Erotema,
2316 2497 2430 2533 Aquilae

1393 2546 1418 2570 p.
1434 2544 1458 2569 ις
1478 2535 1510 2568 est
1524 2538 1728 2570 Interrogatum.
1764 2537 1816 2567 Eo,
1833 2542 1887 2566 ait,
1906 2536 2008 2562 vtimur
2021 2535 2069 2561 vbi
2083 2534 2261 2562 exaceruando
2273 2533 2375 2569 aliquid
2389 2533 2435 2566 in-¹

1392 2577 1573 2606 tei-rogamus,
1592 2578 1620 2597 vt
1634 2578 1804 2605 exaugeamus
1818 2571 1874 2597 eius
1890 2571 2030 2603 inuidiam,
2049 2577 2094 2596 etc.
2130 2570 2229 2601 Pysma,
2241 2569 2327 2602 addit,
2344 2570 2442 2607 Qiaeg
2474 2583 2476 2585 -

1392 2607 1479 2640 situm,
1497 2607 1569 2642 idque
1583 2606 1662 2633 codem
1680 2606 1748 2632 modo
1763 2606 1792 2632 ab
1804 2606 1953 2632 Erotemate
1970 2603 2119 2641 distinguit,
2137 2611 2161 2630 et
2179 2604 2266 2630 iisdem
2284 2604 2319 2632 ad
2330 2605 2441 2636 m’rburm⁴
2471 2624 2473 2629 .

1390 2644 1506 2678 exemplis
1520 2645 1617 2671 mitum·
1638 2650 1696 2677 quae
1705 2641 1815 2676 'Capella
1827 2641 1857 2667 ab
1869 2640 1966 2675 Aquila
1981 2639 2094 2674 accepist}
2110 2639 2218 2666 videtur.
2438 2662 2442 2667 ,

1427 2685 1444 2704 E
1453 2685 1469 2704 R
1481 2684 1500 2705 o
1509 2684 1558 2704 Tv
1569 2684 1591 2703 N
1600 2684 1620 2703 D
1629 2684 1650 2703 A
1659 2684 1680 2703 T
1689 2683 1709 2702 v
1720 2683 1732 2702 s
1741 2696 1749 2708 ,
1768 2685 1793 2708 a,
1812 2685 1865 2702 um.
1900 2675 1990 2702 Sidon.
2003 2675 2083 2710 Epist.
2098 2683 2131 2708 9,
2149 2682 2166 2710 7
2198 2673 2331 2702 Struetura
2349 2677 2428 2707 (ora-

1389 2713 1488 2744 tionis)
1508 2712 1594 2739 modis
1608 2711 1732 2739 omnibus
1744 2711 1907 2739 erotundata.

1426 2756 1442 2775 E
1451 2755 1469 2774 R
1478 2755 1496 2774 o
1505 2755 1526 2775 T
1535 2747 1583 2774 Y''L
1592 2755 1611 2774 ο
1620 2754 1633 2773 s
1641 2767 1649 2780 ,
1669 2747 1688 2774 i.
1725 2756 1760 2774 m.
1798 2745 1949 2782 [ἔρωτύλος]
1987 2746 2097 2773 Gemma
2110 2744 2201 2772 eadem
2215 2745 2387 2780 Amphicome
2400 2749 2428 2773 et

1390 2783 1603 2844 Hier-omnemon
1616 2782 1729 2817 dicitur,
1747 2790 1763 2810 a
1774 2781 1932 2810 Democrito
1945 2782 2050 2809 laudata
2063 2782 2093 2809 in
2104 2782 2265 2816 argumentis
2283 2779 2428 2808 diuinatio-

1390 2825 1455 2844 num
1473 2819 1490 2845 P
1503 2818 1540 2844 in.
1561 2825 1603 2851 37,
1623 2826 1662 2844 ιο.

1754 2890 1782 2921 Ε
1900 2890 1930 2924 R
2046 2891 2078 2924 R

1422 2962 1440 2982 E
1453 2961 1473 2982 R
1485 2963 1506 2982 R
1521 2962 1541 2983 Ο
1553 2976 1563 2989 ,
1589 2959 1642 2984 ΞΝ.
1679 2957 1797 2994 [ἕλημῃ
1816 2958 1942 2994 offundat,
1960 2956 2122 2991 amariorem,
2140 2957 2304 2992 σφέλλομαι,
2322 2958 2422 2994 8703st
2447 2982 2448 2987 .

1389 2991 1446 3017 Huc
1457 2998 1528 3027 atque
1544 2992 1601 3018 illuc
1612 2996 1649 3019 ire
1661 3000 1756 3027 temere,
1774 2997 1877 3031 lr‘agari,
1897 3002 1962 3020 motu
1975 2997 2069 3020 incerto
2076 2993 2157 3028 ferri.
2193 2994 2310 3020 Cloatius
2323 2994 2421 3021 Verius

1387 3027 1454 3061 apud
1465 3027 1530 3053 Gell.
1546 3030 1581 3058 16,
1598 3036 1624 3054 12
1641 3036 1682 3063 pr.
1710 3030 1819 3062 Errare,
1837 3030 1941 3064 inquit,
1961 3029 2060 3055 dicium
2078 3028 2114 3054 est
2133 3028 2180 3054 οἷπό
2197 3030 2229 3054 r}
2249 3031 2331 3065 speum*
2360 3038 2420 3056 ver-

1388 3063 1497 3096 sumque
1518 3062 1598 3089 infert
1618 3064 1730 3091 Homeri
1751 3066 1853 3097 (Odyss'.
1867 3066 1900 3097 X,
1914 3067 1964 3098 72)
1985 3063 2057 3099 '‘Ege‘'
2070 3063 2096 3089 ἐκ
2110 3063 2164 3090 ries
2178 3064 2274 3091 θᾶσσον.
2328 3065 2422 3097 Melius
2446 3086 2447 3092 .

1387 3097 1435 3123 huc
1453 3101 1568 3124 conuenit
1586 3097 1672 3130 Odyss.
1691 3101 1727 3131 Δ,
1744 3105 1792 3135 367
1821 3098 1861 3125 “l-l
1873 3099 1903 3133 μ’
1917 3100 1954 3133 ἕῳ
1972 3100 2058 3135 {ffers-1
2077 3099 2196 3127 συνήντιτο
2214 3099 2293 3133 νόσφιν
2314 3100 2430 3135 ἑταίρων..

1388 3132 1443 3158 Cic.
1458 3133 1568 3159 Tuscul.
1591 3141 1616 3164 3,
1645 3136 1674 3165 63
1712 3135 1766 3167 Qni
1789 3136 1870 3162 miser
1899 3135 1927 3161 in
1951 3134 2047 3168 campis
2071 3143 2190 3160 moerens
2215 3135 2318 3162 errabat
2338 3135 2419 3162 Aleis.

1388 3168 1444 3194 Cic.
1459 3167 1491 3194 de
1504 3169 1576 3194 Orat.
1593 3177 1612 3201 1,
1628 3176 1679 3201 209
1704 3169 1746 3196 Ne
1762 3171 1859 3205 Vagari
1877 3176 1902 3196 et
1917 3179 2004 3196 errare
2024 3176 2131 3203 cogatur
2150 3170 2246 3197 oratio.
2317 3171 2376 3197 Huc
2395 3174 2423 3198 et

1387 3238 1461 3265 testas
1497 3238 1607 3269 Exsulat,
1624 3239 1818 3275 imperiumque
1832 3241 1882 3267 suis
1897 3249 1912 3267 a
1924 3240 2026 3267 sedibus
2039 3247 2114 3267 errat.
2161 3241 2200 3267 Ad
2214 3242 2322 3268 flumina
2341 3242 2418 3276 Virg.
2464 3266 2467 3278 f

1387 3274 1471 3304 Ec1.6,
1479 3277 1522 3307 64.
1565 3273 1605 3300 Ad
1617 3273 1685 3300 lacus
1694 3275 1790 3302 Tibul.
1801 3284 1917 3309 1‚10,40.
1966 3277 2072 3302 Circum
2086 3276 2164 3302 litora
2172 3277 2247 3311 Virg.
2257 3279 2418 3310 Aen.3‚690.

1390 3309 1496 3335 circum
1510 3309 1600 3336 omnia
1614 3309 1707 3342 maria,
1727 3310 1779 3337 vid.
1795 3317 1930 3337 Cincvm.
1985 3312 2040 3338 Cic.
2048 3312 2099 3338 Att.
2113 3317 2161 3344 8,9
2181 3313 2235 3346 Ego
2247 3313 2341 3347 Arpini
2353 3313 2421 3339 volo

1388 3345 1435 3370 esse
1448 3344 1532 3377 pridie
1547 3344 1652 3371 Kalend.
1672 3344 1766 3372 deinde
1784 3346 1891 3372 Circum
1905 3346 2010 3373 villulas
2029 3347 2126 3373 nostras
2146 3356 2242 3374 errare.
2335 3347 2443 3382 Ouidw„

1388 3379 1475 3418 Trist.
1489 3388 1508 3411 1,
1523 3388 1545 3412 ς,
1559 3388 1588 3412 59
1613 3380 1661 3406 Ille
1681 3379 1757 3407 breui
1773 3381 1857 3416 spatio
1874 3381 1963 3408 multis
1982 3383 2079 3409 errauit
2099 3384 2129 3409 In
2148 3383 2222 3409 annis
2257 3384 2329 3409 Inter
2342 3383 2418 3409 Duli-
2442 3407 2443 3410 ,

1389 3413 1475 3446 chias,
1494 3415 1636 3449 Iliacasque
1649 3415 1750 3442 domos.
1842 3417 1873 3442 In
1886 3418 1946 3443 Iure
1961 3424 2035 3449 errat,
2050 3419 2096 3453 qui
2111 3418 2240 3445 existimat
2252 3418 2300 3444 fibi
2314 3417 2417 3453 aliquid
2426 3397 2442 3457 ³*

1388 3457 1434 3482 per
1450 3449 1516 3488 leges
1527 3450 1623 3489 licere,
1643 3450 1713 3484 quod
1727 3460 1780 3477 non
1793 3451 1870 3485 licet,
1890 3451 1932 3478 vel
1946 3455 2016 3480 versa
2031 3454 2088 3479 vice
2100 3453 2164 3480 falso
2177 3453 2225 3480 fibi
2239 3452 2302 3488 quid
2315 3462 2369 3480 non
2383 3454 2418 3480 li·
2426 3450 2441 3490 ,52

1388 3492 1445 3510 cere
1459 3485 1588 3511 existimat
1605 3486 1622 3511 l.
1637 3494 1663 3517 32
1680 3485 1703 3522 §
1719 3495 1728 3512 ι
1750 3487 1780 3513 D.
1796 3486 1827 3513 de
1841 3487 1943 3521 vsucap.

1388 3519 1430 3545 vel
1447 3528 1502 3558 .¹¹⁰¹¹
1521 3520 1620 3546 facium
1640 3521 1742 3555 aliquid
1760 3530 1851 3548 errore
1870 3522 1959 3550 duc'lus
1974 3524 2056 3551 credit
2075 3524 2092 3550 l.
2107 3533 2116 3550 1

1390 3554 1454 3581 faeti
1470 3555 1554 3588 ignor.
1658 3556 1752 3590 Virgil.
1767 3558 1830 3583 Aen.
1847 3560 1879 3590 6,
1896 3567 1937 3592 45¹
1968 3560 2038 3587 lnter

1388 3590 1496 3616 vulnere
1511 3589 1582 3616 Dido
1617 3590 1725 3618 Errabat
1747 3591 1809 3618 filua
1828 3593 1856 3618 in
1870 3602 1967 3628 magna.
2037 3595 2112 3621 Idem
2125 3596 2187 3622 Aen.
2201 3602 2222 3625 3.
2236 3603 2287 3620 200
2311 3596 2416 3622 Excuu-
2437 3612 2439 3627 ι

1388 3634 1447 3652 mur
1459 3626 1549 3658 cursu,
1570 3631 1594 3651 ct
1612 3627 1693 3652 caecis
1710 3636 1826 3654 erramus
1844 3628 1872 3654 in
1886 3630 1969 3657 vnclis.
2037 3631 2109 3656 Inter
2127 3629 2232 3656 audaces
2251 3630 2326 3664 lupus
2345 3635 2435 3668 erratf

1386 3669 1466 3695 agnos
1481 3661 1573 3687 Horat.
1587 3662 1672 3687 Carm.
1688 3670 1709 3693 3,
1728 3667 1761 3694 ιε,
1776 3672 1806 3695 13.
1897 3666 1943 3692 Per
1961 3673 2036 3699 agros
2054 3671 2123 3692 errat
2140 3665 2257 3698 Propere.
2277 3674 2299 3697 2,
2318 3671 2356 3697 ιε,
2377 3673 2440 3703 234..

1388 3697 1436 3722 Per
1448 3705 1544 3722 nouem
1556 3705 1652 3722 cornua
1665 3697 1798 3724 redeuntis
1811 3698 1886 3726 lunae
1899 3701 1977 3727 Ouid.
1990 3701 2055 3727 Met.
2067 3709 2109 3732 ιο,
2121 3706 2183 3733 479.
2253 3701 2301 3727 Per
2319 3700 2440 3729 herbas-‚i

1444 3767 1449 3771 .
2079 3736 2126 3761 Per
2138 3734 2241 3768 ignotos
2254 3742 2342 3762 errant
2358 3726 2439 3766 ani-tif1

1388 3767 1467 3793 maiia
1480 3773 1582 3793 montes
1602 3768 1695 3802 Virgil-
1711 3768 1762 3795 Ecl.
1777 3772 1808 3802 6,
1826 3780 1870 3804 40.
1964 3773 2012 3799 Per
2030 3769 2109 3796 vndas
2131 3769 2212 3795 Ouid.
2227 3771 2293 3797 Met.
2309 3779 2335 3803 ς,
2350 3773 2427 3804 462·t
2442 3771 2454 3794 μ’

1386 3803 1433 3828 Per
1453 3802 1552 3836 ignotas
1571 3801 1647 3829 vrbes
1667 3803 1772 3830 Tibull.
1784 3814 1816 3837 4,
1836 3814 1860 3838 1,
1880 3814 1916 3838 52.
2017 3804 2108 3832 Procul
2128 3813 2229 3835 errare,
2259 3806 2451 3837 uehementem·

1802 3841 1863 3868 Stat.
1878 3840 1967 3868 Theb.
1982 3848 2008 3874 9,
2027 3847 2085 3872 433*
2108 3854 2152 3860 ·—
2188 3841 2274 3867 omnis
2294 3841 2412 3874 anhelat,
2446 3850 2456 3871 ι.

1388 3871 1461 3898 Vnda
1474 3873 1557 3904 nefas,
1572 3872 1715 3908 Subterque
1728 3875 1829 3903 animae
1841 3876 1969 3911 supraque
1979 3880 2092 3902 recentes
2126 3875 2227 3902 Errant.
2319 3875 2411 3903 Procul
2442 3875 2447 3881 “

1845 3912 1934 3947 Ignari
1944 3910 2135 3945 hominumque
2151 3910 2322 3947 locorumque
2335 3912 2411 3949 Erras·

2030 3967 2033 3971 .
2354 3951 2410 3974 mu!

2018 3490 2048 3516 ln
2057 3489 2136 3515 Facto
2151 3494 2234 3520 errat,
2272 3489 2299 3514 ui
2314 3489 2414 3516 saelum
2433 3490 2441 3506 '⁴

2136 3522 2160 3560 §.
2174 3533 2183 3550 1
2209 3524 2240 3562 D:
2273 3533 2286 3550 e
2300 3524 2368 3550 Iuris
2383 3496 2441 3565 4εἰεί

2058 3568 2120 3594 quas
2141 3559 2272 3585 Phoenissa
2291 3568 2380 3586 recens
2396 3568 2442 3604 ῥῶ,
2478 3577 2479 3591 ;
