2479 4225
0 200 19 270 {¹
43 223 107 267 753
416 207 449 246 F
529 206 560 246 R
640 205 677 245 V

44 305 84 329 tus
94 290 147 333 'per
165 295 360 323 frustrationem
380 295 448 321 esset.
519 296 608 322 Varro
621 294 652 321 de
665 295 696 322 R.
710 295 742 321 R.
758 302 776 325 1,
791 301 809 323 1.
820 294 838 320 6
869 291 1003 326 Quoniam
1022 292 1076 320 sine

44 343 124 370 aqua,
143 332 227 359 omnis
240 329 314 358 arida
329 340 357 358 ac
371 332 465 358 misera
479 331 653 365 agricultura:
670 330 721 356 sine
735 329 858 359 successu,
871 337 900 354 ac
912 327 983 354 bono
997 337 1075 355 euen-

5 388 8 392 ·
44 377 87 401 tu,
105 367 237 396 frustratio
256 366 307 398 est,
320 367 373 392 non
393 367 503 393 cultura.
574 368 622 393 Pro
636 367 727 397 Mora,
752 364 884 394 dilatione,
910 361 1076 391 conflatione.

4 418 8 422 ·
34 405 126 437 agric.
138 404 166 430 in
177 402 194 428 1.
208 401 344 428 hominem
358 403 390 428 D.
403 402 516 429 mandat.
550 402 608 434 Nisi
621 402 691 428 forte
708 406 752 427 aut
769 408 815 434 per
832 398 1014 433 promissorem
1028 400 1074 426 ste-

44 441 121 473 terit,
134 447 186 474 quo
200 437 287 465 minus
302 439 345 464 sua
359 437 402 465 die
416 437 543 465 solueret:
563 444 607 465 aut
623 446 668 472 pei·
679 435 853 466 creditorem,
866 442 920 468 quo
935 434 1022 462 minus
1034 445 1074 463 ac-

5 490 8 496 ·
44 477 146 512 ciperet.
181 473 285 500 Etenim
297 474 385 500 neutri
397 482 490 500 eorum
504 473 640 500 frustratio
654 473 698 499 sua
712 470 828 505 prodesse
846 469 932 496 debet.

77 517 94 538 1·-
102 517 120 537 R
129 516 149 535 v
157 515 169 535 s
178 515 200 535 T
209 516 228 535 R
238 516 258 535 Α
267 508 301 536 ai
314 516 329 535 L
341 516 347 535 ι
359 517 372 536 s
382 529 390 542 ,
406 518 429 536 e.
455 508 515 536 Adi.
554 510 640 535 fallax
649 527 656 539 ‚
663 504 810 543 frustrandi
826 508 877 531 uim
893 505 991 532 habens.
1026 508 1073 534 Ar-

7 559 13 565 .,
43 545 135 574 nobius
147 546 164 570 6
177 553 201 579 p.
217 547 265 571 206
294 545 344 571 Res
357 553 434 579 agere
449 553 531 572 vacua
547 543 736 578 imaginatione
748 540 920 567 frustrabiles.
974 542 1047 569 Idem
1060 552 1073 570 2

41 585 108 618 p..58
135 580 184 606 Res
198 579 346 606 frustrabili
360 580 550 615 exspectatione
564 579 716 615 praesumta.

41 652 131 683 ricula,
144 649 198 685 fiue
210 651 401 687 fragmentum,
425 658 555 689 cognatum
573 650 654 677 verbis
670 649 748 678 Frio,
770 647 887 682 Frange,
909 649 1011 675 Frendo
1028 658 1073 677 esc.

41 687 96 714 Cic.
112 685 222 721 Philipp.
237 695 263 719 2,
276 689 306 719 63
319 696 341 714 c.
354 696 383 720 25
402 688 432 714 Iu
445 693 522 714 coetu
537 694 600 713 vero
612 683 719 719 populi,
736 684 872 718 negotium
884 683 1020 718 publicum
1035 694 1076 719 ge-

31 730 115 754 sem,
134 721 258 756 Magister
278 723 414 758 equituhi,
439 723 483 749 cui
502 721 605 749 ruditate
623 726 699 754 turpe
717 720 792 751 ess'et,
818 719 839 746 is
856 727 966 745 vomens
985 721 1075 747 frustis

29 757 178 784 'esculentis
192 758 284 784 vinum
305 758 504 790 redolentibus,
517 756 648 791 gremium
664 757 739 782 suuni
753 761 778 781 et
791 760 877 781 totum
890 754 1007 782 tribunal
1027 757 1076 782 iin-

32 801 38 809 *
59 792 130 819 lenit.

39 800 151 856 Eonduci
165 828 247 862 potest
260 829 301 856 vel
315 831 355 856 vti
367 834 463 860 taceat,
478 828 520 854 vel
535 827 575 854 vti
594 827 733 862 loquatur:
753 826 818 861 apud
829 825 896 853 Gell.
916 834 936 858 1,
949 834 983 859 ις.
1018 828 1075 854 Cic.

40 863 73 890 de
87 863 180 890 Diuin.
195 871 214 897 i,
228 872 262 900 27
287 865 394 892 Necesse
406 865 476 890 enim
489 863 525 890 est
538 862 590 890 offa
602 862 723 893 obieeta,
739 862 829 889 cadere
841 861 952 888 frustum
965 871 997 888 ex
1009 864 1075 898 pulli

39 907 87 926 ore
105 907 187 934 quum
208 900 330 935 pascitur.
399 899 492 933 Ampla
511 898 592 926 frusta
611 898 676 925 casei
694 898 773 925 ouilli
784 897 902 932 proximi
919 899 980 924 anni
995 899 1075 928 facito

37 934 170 962 Columel.
185 944 218 968 12,
231 944 276 970 42.
344 935 512 969 Librarium‚
531 934 585 961 vid.
606 940 710 961 ΗΒΕΑ.
780 932 888 960 Mucida
906 934 1019 961 caerulei
1033 944 1075 970 pa.

38 970 80 997 nis
101 971 193 997 quen.
211 971 262 998 Sat.
282 975 385 1005 14-,128.

38 1006 141 1032 Semesa
159 1006 226 1034 lardi
247 1008 313 1032 Hor.
328 1006 409 1032 Serm.
429 1013 452 1038 2,
467 1007 492 1035 6.
508 1007 548 1036 86.
617 1004 707 1032 Frusta
725 1004 792 1031 meri
813 1003 926 1037 bibunt,
944 1008 962 1032 i.
987 1007 1075 1033 Vinum

37 1043 192 1077 congelatum
209 1041 290 1068 Ouid.
304 1041 389 1068 Trist.
405 1050 428 1073 3,
442 1050 480 1071 10.
494 1050 528 1074 24
545 1040 574 1066 de
593 1041 672 1067 Getis.
744 1039 866 1066 Frustum
884 1041 976 1074 pueri,
984 1048 1030 1078 per
1041 1045 1076 1069 io-

36 1086 92 1105 cum
105 1077 172 1103 dixit
183 1077 264 1104 Plaut.
280 1078 347 1104 Pers.
360 1084 383 1110 5,
396 1085 423 1109 2,
436 1079 471 1111 67
497 1077 620 1111 Loquere
635 1082 663 1102 tii
677 1075 757 1101 etiam
771 1075 884 1102 frustum
899 1077 982 1110 pueri.
1034 1079 1074 1104 Iu-

37 1120 98 1138 ven.
114 1112 163 1139 Sat.
177 1121 199 1145 3,
213 1120 260 1139 210
279 1113 427 1139 Aerumnae
439 1113 558 1138 cumulus
572 1110 645 1146 quod
658 1111 774 1143 nudum,
789 1116 817 1137 et
836 1110 916 1139 frusta
930 1119 1074 1147 rogantem,

38 1147 129 1175 Nemo
144 1147 220 1178 cibo,
233 1155 310 1174 nemo
326 1147 458 1182 hospitio,
471 1147 595 1181 tectoque
606 1146 720 1173 iuuabit.

74 1181 339 1215 FRVSTV'LVM‚
359 1183 378 1209 i.
398 1192 423 1208 n.
451 1182 553 1209 Diiniii.
591 1181 758 1217 [κερμάτιον]
792 1182 852 1208 Vet.
872 1182 951 1209 Glols.
972 1184 1075 1211 Frustu-

36 1217 110 1250 lum,
122 1217 252 1250 τεμάχιον.
288 1218 367 1253 Apul.
381 1218 466 1245 Miles.
482 1226 492 1244 1
505 1226 531 1251 p.
546 1226 586 1243 ιιο
602 1216 752 1244 Frustulum
766 1218 850 1252 paniS.

75 1258 297 1280 FRVSTlLLv
308 1260 354 1286 M,
373 1254 391 1280 i.
416 1262 441 1279 n.
466 1252 547 1280 Aliud
565 1252 666 1279 Diinin.
703 1253 805 1280 Arnob.
820 1262 836 1280 2
855 1262 881 1288 p.
895 1259 928 1288 84
956 1255 1076 1282 Frustilla

37 1287 122 1324 ignea.
142 1294 166 1314 ct
178 1296 196 1322 7
210 1298 234 1323 p.
249 1297 289 1320 231
314 1288 435 1315 Frustilla
447 1287 564 1323 paruula.

52 1348 55 1355 ,
68 1328 116 1355 ,FR
128 1328 147 1347 V
157 1329 171 1349 s
182 1329 204 1349 ’.ι’
215 1325 238 1350 A
247 1331 269 1350 T
278 1331 287 1349 1
296 1330 330 1350 M.
350 1323 417 1350 Adu.
453 1323 503 1357 [εἰς
515 1325 649 1358 κέρματα]
685 1326 705 1350 1'.
725 1325 876 1351 Minutatim
887 1331 911 1350 et
924 1324 1076 1360 perfrusta.

8 1387 13 1396 1
55 1351 103 1392 gin.
115 1365 159 1389 20,
174 1366 190 1390 9
219 1358 353 1392 Coquitur
368 1359 490 1393 plurimis
505 1358 593 1385 modis
607 1359 636 1385 in
650 1359 719 1392 olla,
732 1369 799 1395 quae
814 1361 973 1387 coniiciatur
986 1361 1013 1387 in
1032 1362 1077 1387 cli-

61 1397 134 1427 uimm
147 1398 193 1420 aut
204 1393 327 1426 furnum,
346 1395 388 1421 vel
402 1394 480 1428 adipe
494 1401 539 1421 aut
554 1394 612 1421 luto
626 1394 709 1427 illita,
722 1402 767 1422 aut
783 1396 916 1423 frustatim
930 1396 958 1422 in
972 1398 1076 1431 patinis.

83 1427 183 1456 ntidere
196 1429 271 1463 Apic.
285 1437 327 1462 42.
381 1430 483 1464 Rapere
498 1430 619 1458 Prudent.
632 1431 766 1462 Psychoin.
779 1441 804 1458 v.
817 1439 876 1466 720.
929 1432 1077 1466 Apul.Met.

0 1479 5 1494 »,
42 1472 96 1505 9,p.
108 1465 167 1497 206,
183 1472 212 1499 17
221 1466 289 1491 Prie.
308 1465 365 1491 Sese
379 1466 545 1493 concisurum
559 1466 637 1492 illum
650 1466 785 1493 machaera
800 1467 844 1493 sua
859 1467 998 1494 frustatim.

39 1498 104 1527 ibid.
114 1507 140 1534 p.
154 1508 209 1532 203,
224 1509 246 1531 13
265 1500 392 1527 Miserum
408 1501 484 1527 illum
498 1500 687 1527 adolescentem
700 1502 830 1528 frustatim
848 1502 1006 1538 discerpunt.

71 1540 144 1561 FRv
154 1541 197 1562 ST
207 1542 240 1561 ιι.
251 1537 345 1563 ιιῐΤι
356 1543 390 1562 M.
416 1536 518 1562 Dimin.
544 1535 613 1561 Adu.
649 1535 826 1572 [nemqynio'u]
862 1538 944 1565 Plaut.
972 1540 1078 1566 Curcul.

35 1577 63 1603 4,
75 1579 104 1604 4,
115 1578 150 1596 20
184 1571 241 1597 Iam
262 1579 311 1605 ego
330 1576 355 1597 te
376 1571 473 1597 faciam
495 1576 525 1597 vt
543 1570 587 1598 hic
605 1571 735 1599 formicae
757 1572 922 1600 frustillatim
945 1573 1077 1602 differant.

34 1605 108 1642 Cous.
123 1606 195 1632 Non.
215 1615 241 1639 2,
253 1613 304 1639 335.

72 1647 90 1668 F
99 1648 118 1667 R
127 1649 147 1668 v
156 1649 168 1668 s
178 1648 199 1668 T
209 1649 229 1667 v
238 1648 279 1668 ιε
290 1647 311 1666 N
321 1647 372 1668 'rv
381 1647 409 1673 S,
427 1650 455 1673 a,
473 1650 527 1668 um.
548 1641 609 1668 Adi.
636 1641 828 1677 [κςρματώδιις]

1046 1470 1077 1495 Et

863 1645 964 1670 Plenum
971 1643 1078 1679 frustis.

10 1734 11 1737 ,
34 1709 124 1738 hercle
140 1710 304 1738 absorbeam.

57 1752 117 1784 ‚PR
129 1753 149 1771 v
161 1754 173 1773 s
183 1753 248 1779 To,
273 1751 326 1773 are.
363 1748 394 1774 In
404 1746 495 1783 frusta
513 1747 679 1783 conscindere.
722 1749 792 1776 Flor.
808 1757 832 1779 2,
845 1758 871 1781 2,
885 1756 912 1781 5⁴2
942 1751 1010 1775 Cum
1030 1751 1077 1775 Pu-

34 1788 110 1806 meae
129 1781 239 1815 praedae
259 1781 383 1808 omnibus
403 1783 610 1816 promontoriis,
623 1783 769 1817 insulisque
787 1784 968 1810 frustarentur.
1037 1785 1078 1809 Ita

31 1815 135 1850 Salmas
159 1817 246 1843 Graeu.
267 1823 291 1841 ct
314 1818 426 1844 Freinsh.
439 1824 490 1852 pro
511 1816 710 1848 Frustrarrntur.
741 1817 799 1844 Viti.
815 1820 877 1842 Not.
889 1817 983 1843 Duker.
1002 1817 1076 1852 Conf.

28 1856 219 1881 FRVSTRO
239 1859 265 1876 n.
279 1858 306 1882 4.

69 1891 113 1911 FR
124 1890 145 1910 V
155 1891 229 1911 TEx
238 1903 245 1915 ‚
269 1884 325 1910 i'cis.
349 1893 386 1909 m.
419 1883 548 1917 [stipium
559 1883 697 1919 φρυγαιδς]
733 1886 853 1918 Dicitur,
867 1888 951 1921 inquit
963 1886 1037 1912 Valla
1051 1896 1077 1920 4,

32 1929 66 1956 27
77 1923 120 1956 qui
137 1919 172 1946 ad
188 1917 276 1951 iustam
293 1919 486 1955 magnitudinem
505 1920 603 1946 arboris
621 1929 668 1946 non
686 1918 808 1957 assurgit,
832 1928 855 1947 ct
868 1920 970 1954 flatura
981 1920 1077 1955 similis

35 1953 70 1990 ost
81 1955 166 1991 multis
176 1954 274 1987 herbis,
284 1955 333 1990 scd
344 1964 392 1989 non
405 1955 540 1982 demoritur
548 1975 555 1986 ,
568 1965 642 1991 neque
653 1957 743 1991 arescit
758 1963 786 1982 vt
799 1957 882 1988 herba,
897 1966 981 1982 uerum
988 1964 1076 1991 peren-

37 1994 78 2023 nis
89 1988 231 2024 est.P1in.
246 1997 287 2023 14,
299 1992 328 2016 16
354 1991 384 2016 Et
402 1990 528 2016 fruticum
542 1999 607 2017 vero
627 1999 642 2016 e
656 2000 765 2024 genere,
778 1991 850 2018 cedri
868 1992 1020 2025 Vtriusque,
1033 2001 1075 2017 tii-

37 2026 124 2063 pressi,
136 2025 224 2052 laurus
233 2045 239 2054 ,
253 2025 386 2060 iuniperi,
400 2025 560 2058 terebinthi,
577 2026 686 2059 calami,
698 2026 809 2053 lentisci.
859 2028 945 2053 Varro
958 2027 990 2053 de
1003 2028 1033 2053 R.
1042 2028 1073 2054 R.

37 2071 88 2095 201
107 2060 192 2096 Equos
214 2067 242 2087 vt
262 2070 349 2096 capras
370 2061 397 2086 in
411 2061 535 2087 montosis
554 2062 641 2096 potius
658 2062 724 2088 locis
743 2068 769 2089 et
782 2062 940 2095 fruticibus,
953 2071 1030 2098 quain
1046 2063 1074 2088 in

32 2097 151 2133 herbidis
165 2097 270 2131 campis.
337 2097 433 2123 Frutex
447 2097 524 2123 crassa
538 2097 639 2128 radice,
659 2097 711 2124 vid.
734 2105 750 2124 c
760 2104 778 2123 R
787 2105 809 2124 A
818 2105 830 2124 s
839 2105 851 2125 s
861 2105 881 2124 v
890 2104 912 2123 s.
983 2099 1071 2124 Genus

42 2139 115 2160 omne
125 2132 253 2160 fruticum
267 2132 343 2166 Virg.
356 2131 454 2167 Georg.
473 2141 497 2164 ε,
509 2141 547 2159 21.
619 2133 763 2167 Aqiiatieus
782 2133 846 2159 Plin.
862 2135 900 2165 16,
913 2134 952 2164 36.
1022 2133 1072 2158 Bu-v

0 2190 4 2194 .
44 2175 117 2202 leue,
132 2168 184 2197 vid.
193 2168 240 2203 fib
258 2175 274 2195 B
285 2176 331 2195 vx
340 2175 359 2193 V
369 2175 404 2194 M.
474 2169 586 2199 Liiteus,
605 2167 716 2204 virLsub
735 2175 751 2194 L
761 2175 781 2192 V
791 2175 812 2194 T
823 2175 842 2192 V
852 2174 886 2193 M.
959 2167 1075 2198 Neffisti,

43 2203 145 2240 vid.sub
163 2209 279 2230 NEFAS.
349 2203 458 2230 Olet-uin
471 2203 576 2230 Colum.
591 2211 624 2236 11,
638 2212 659 2236 3,
672 2205 714 2229 62.

195 2238 378 2273 Oxytriphylli
396 2239 484 2265 frutex
503 2238 622 2265 Scribon.
644 2240 694 2269 163.
764 2238 848 2265 Rutae
867 2238 977 2264 frutices
996 2239 1073 2272 quin-

336 2274 404 2300 Plin.
419 2282 453 2305 13,
466 2282 493 2306 53
513 2273 600 2300 Cedro
612 2273 703 2300 similis
717 2273 743 2299 in
753 2273 865 2300 Arcadia
881 2274 916 2300 est
929 2273 1023 2300 arbor:
1043 2275 1072 2300 in

448 2310 486 2335 De
498 2310 593 2344 Lupino
608 2310 738 2336 Columel.
754 2318 774 2340 ε,
789 2318 814 2335 12
837 2311 872 2335 Vt
886 2309 963 2336 latius
978 2310 1002 2335 se
1016 2309 1072 2336 fru-

15 2245 17 2268 1
43 2246 128 2267 OLvs.

16 2270 17 2293 Ῑ
39 2283 90 2310 que
102 2273 141 2301 vel
155 2275 198 2300 sex
214 2283 265 2307 ¹92-

36 2309 142 2345 Phrygia
154 2310 242 2337 frutex
258 2314 376 2336 vocatur.

36 2351 77 2375 tex
89 2345 164 2372 humi
176 2344 312 2372 diffundat.
367 2344 439 2371 Idem
454 2353 479 2377 2,
497 2353 520 2377 ις
547 2345 644 2372 Frutex
662 2344 747 2380 lupini
762 2345 887 2374 succisus,
900 2345 997 2379 optimi
1011 2345 1072 2371 ster-

0 2380 17 2409 ἱ“’
34 2380 101 2413 coris
119 2381 175 2408 vim
192 2380 309 2415 praebet.
343 2379 411 2407 Adri.
432 2381 504 2406 Idem
525 2388 557 2411 ιι,
572 2389 594 2412 3.
692 2381 840 2407 Translate:
877 2381 997 2406 Tertull.
1012 2381 1072 2407 adu.

0 2415 17 2451 54⁴³
35 2415 122 2443 Gnost.
139 2426 160 2443 e.
174 2425 196 2443 ιι
217 2415 382 2443 Hereditarii
396 2415 519 2449 discipuli
532 2421 557 2442 et
569 2415 714 2450 Apostolici
728 2416 834 2442 seminis
847 2415 964 2442 frutices.
1025 2418 1072 2443 Per

0 2458 17 2486 l}
33 2453 198 2479 contumeliam
217 2453 314 2479 Friitcx
336 2451 430 2477 dicitur
444 2452 521 2476 Homo
532 2449 650 2486 stupidus
668 2459 691 2477 et
712 2451 815 2486 insulsae
834 2456 932 2478 mentis.
987 2452 1072 2479 Plaut.

0 2492 9 2522 l>
32 2487 109 2515 Most.
128 2497 148 2520 1,
162 2496 180 2519 1,
196 2496 220 2513 12
251 2488 309 2513 Nec
321 2486 380 2512 veri
395 2485 478 2512 simile
493 2485 618 2521 loquere,
635 2495 683 2513 nec
700 2496 809 2517 verum,
823 2487 920 2514 frutex.
993 2488 1070 2522 Apul.

24 2523 109 2558 Apol.
124 2532 147 2558 p.
161 2530 213 2556 3ι7,
230 2531 258 2548 ιο
282 2522 324 2548 Ne
336 2521 398 2547 huic
411 2521 505 2548 frutici
518 2521 622 2549 credam
634 2532 688 2549 non
696 2521 777 2549 modo
791 2522 884 2549 odium
894 2529 1071 2557 peccatorum,

32 2559 76 2585 sed
88 2559 177 2584 saltem
192 2556 355 2584 intellectum
370 2557 456 2583 iness'e.

70 2594 309 2625 Fiiv'rfi'rvm,
322 2591 377 2626 flue
394 2598 551 2620 ruva-isc
563 2600 663 2625 TVM,
683 2593 701 2619 i.
722 2602 747 2619 n.
767 2592 902 2626 [θαμνώγ]
925 2593 1071 2629 Locusfru-

32 2629 123 2656 ticibus
137 2627 251 2662 consitus.
297 2628 363 2655 Plin.
379 2633 414 2661 18,
428 2630 445 2654 6
471 2629 576 2661 Fruteta
596 2628 652 2663 igni
667 2629 768 2662 optime
782 2628 919 2654 tolluntur.
964 2629 1069 2655 Colum.

33 2667 60 2698 6,
74 2673 101 2691 22
123 2665 193 2691 Nam
212 2663 305 2691 melius
324 2663 479 2690 nemoribus
498 2663 617 2691 herbidis
635 2669 660 2690 et
681 2664 787 2690 frutetis
800 2670 826 2690 et
845 2663 971 2695 ςᾶιεὲὶίς,
991 2673 1070 2697 quain

32 2700 154 2735 lapidosis
167 2700 231 2726 locis
243 2699 370 2726 durantur
383 2699 503 2733 vngulae.
557 2698 689 2725 Frute6fis
701 2698 812 2724 obsessus
826 2707 886 2732 ager
902 2699 960 2724 Col.
973 2707 995 2729 3,
1010 2707 1040 2727 ιι,
1050 2707 1070 2729 3.

32 2736 99 2764 Ptin.
113 2744 152 2768 23,
166 2744 176 2762 1
200 2737 230 2761 In
243 2734 363 2761 frutectis
376 2740 401 2761 et
415 2734 588 2761 arundinetis.
639 2733 761 2761 Prudent.
774 2733 861 2765 Psych.
877 2742 930 2766 442
956 2734 1020 2760 Non
1031 2733 1070 2768 pi-

32 2777 76 2808 get
85 2771 182 2799 attritis
194 2770 305 2805 pedibus
317 2779 363 2804 per
375 2776 449 2797 acuta
463 2770 561 2796 fruteta
596 2770 646 2796 Ire.
822 2789 827 2794 .

68 2808 299 2834 FRVTICETV
311 2813 349 2837 M,
374 2806 392 2835 i.
418 2815 443 2831 n.
479 2804 638 2839 [φρυγανών]
673 2804 750 2832 Idem.
786 2803 894 2830 Arbium
916 2804 1070 2831 fruticetuin

33 2843 101 2871 Hor.
115 2844 203 2870 Carm.
219 2851 242 2875 3,
259 2850 293 2874 ιε,
307 2850 343 2868 12.
396 2842 466 2868 Suet.
480 2842 583 2868 Neron.
597 2850 619 2867 c.
633 2845 666 2875 48
692 2839 803 2867 Dimiffis
817 2840 892 2875 equis
908 2840 979 2867 inter
992 2840 1069 2867 fruti-

34 2883 88 2911 ceta
101 2882 128 2905 ac
147 2887 237 2913 vepres
252 2877 339 2903 euasit.

36 2934 40 2935 .
71 2914 307 2941 eRVTL-''rosv
319 2911 411 2945 s,fiue
429 2916 730 2944 FRVTECTOSVS‚
746 2919 777 2943 a,
795 2920 850 2939 um.
869 2910 930 2938 Adi.
949 2911 1068 2945 [θαμνώ-

35 2945 94 2984 dns]
129 2949 270 2977 Fruticibus
284 2948 419 2974 abundans.
454 2947 520 2973 Plin.
539 2952 573 2978 18,
587 2955 617 2979 14
641 2945 794 2973 Fruteetoso
808 2947 873 2973 solo.
917 2947 991 2974 Idem
1008 2956 1045 2980 ι9,
1060 2956 1069 2974 ι

37 2984 114 3013 Siccis
128 2985 190 3011 haec
204 2985 260 3011 fere
272 2990 297 3010 et
310 2983 433 3010 sabulosis
447 2983 525 3013 locis,
537 2981 722 3016 fmtetofisque
736 2983 885 3010 nascuntur.
938 2983 1069 3012 Columel.

0 3032 3 3043 ;
41 3026 68 3050 2,
81 3026 107 3050 25
119 3027 142 3045 ιι
163 3019 304 3048 Nemorosi
313 3039 320 3052 ,
332 3018 504 3053 frutetofique
515 3017 613 3045 tractus
629 3017 727 3052 duplex
741 3026 803 3045 cura
816 3018 860 3044 est.
893 3034 897 3037 -

2 3059 4 3062 ’
78 3055 265 3088 ἘΚνΤῑεο,
284 3059 337 3081 are.
372 3054 511 3088 [βλας-έω]
546 3054 683 3080 Pullulat-e:
704 3060 727 3079 et
746 3053 812 3089 quast
829 3055 939 3080 frutices
952 3057 1070 3080 emittere.

41 3086 108 3114 Plin.
122 3094 162 3121 17,
195 3109 202 3116 .
236 3110 244 3118 .
273 3089 360 3124 ‘Qiod
374 3091 449 3124 supra
462 3096 560 3116 terrani
574 3089 624 3120 est,
637 3097 651 3115 e
665 3095 748 3115 matre
761 3089 818 3116 radi
833 3089 953 3122 iubetur,
967 3099 999 3116 ne
1014 3090 1069 3116 sru-

42 3123 112 3150 ticet.
147 3123 395 3156 Cumfruticauerit
413 3125 533 3160 lupinum
552 3124 656 3152 Colum.
671 3133 704 3156 ιι,
716 3133 740 3155 2,
755 3127 796 3152 60.
867 3126 972 3152 Laetius
991 3126 1071 3152 fruti-

42 3166 102 3185 care
121 3157 186 3184 Plin.
200 3162 236 3192 16,
248 3170 282 3193 31.
337 3162 451 3196 Spatiose
477 3160 551 3188 Idem
572 3169 609 3193 19,
628 3169 648 3193 ς.
711 3161 827 3188 Fruticat
845 3161 915 3196 seges
932 3168 992 3188 ante
1014 3161 1070 3188 hie-

21 3199 24 3202 *
42 3202 113 3221 mem
128 3193 254 3222 Columel.
267 3205 289 3229 2,
303 3205 340 3230 12,
354 3206 378 3224 2..
445 3197 515 3224 salix
531 3206 545 3223 e
563 3203 656 3223 trunco
674 3195 746 3222 Idem
765 3206 792 3230 4,
811 3205 845 3230 31,
860 3205 882 3229 3.
935 3198 967 3223 Et
979 3206 999 3227 2,
1013 3206 1040 3230 9,
1053 3200 1070 3224 6

41 3229 97 3255 Vbi
109 3237 206 3268 exyno
218 3230 310 3258 semine
322 3232 441 3267 pluribus
452 3233 546 3259 culmis
557 3232 705 3258 friiticauit.
724 3231 748 3258 h.
763 3242 782 3259 e.
803 3234 925 3259 Plurimos
937 3234 1027 3258 culmos
1041 3242 1070 3258 ex

42 3264 122 3291 eodem
129 3266 220 3303 semine
231 3266 314 3298 emisit.
328 3299 330 3302 .
347 3268 436 3295 Sidon.
450 3269 537 3295 Carm.
552 3275 586 3301 ις,
600 3276 632 3300 29
655 3268 751 3294 Cernas
765 3268 872 3294 ramosis
884 3268 980 3302 palmas
993 3268 1070 3294 fruti-

42 3308 101 3326 care
114 3299 224 3325 lacertis.
259 3300 371 3329 Tei-tull.
379 3307 488 3338 primam
499 3305 560 3330 male
567 3303 685 3339 producit
699 3303 727 3330 de
739 3304 822 3331 Iudic.
834 3305 912 3331 Dom.
929 3311 968 3336 135
987 3304 1070 3330 Tem-

39 3344 107 3370 pore
119 3334 248 3377 nudaqsuo
260 3334 329 3362 foliis
340 3347 443 3373 quoque
456 3339 564 3366 fruticat
577 3339 666 3366 arbor.

63 3406 68 3411 ἱ
80 3377 124 3397 FR
134 3377 153 3396 V
163 3376 183 3395 T
193 3379 200 3395 ι
212 3375 228 3395 c
240 3376 290 3396 ΑΝ
300 3377 329 3402 S,
345 3374 418 3400 antis.
441 3376 509 3402 Part.
545 3375 680 3402 Fruticans
693 3375 762 3409 pilus
781 3376 873 3401 quen.
884 3375 933 3402 Sat.
946 3383 970 3407 9,
992 3382 1026 3408 ις.
1047 3382 1070 3402 et

42 3405 90 3446 8¹11,
104 3415 129 3445 9³.
143 3413 191 3437 203
220 3405 269 3444 Seu
282 3405 340 3432 sunt
352 3407 456 3440 Byzacia
472 3410 548 3437 cordi
591 3411 663 3438 Rura
675 3411 774 3445 magis,
787 3417 890 3437 centum
904 3411 996 3438 Cereri
1014 3411 1069 3438 fru-

39 3447 147 3469 ticantia
171 3439 273 3466 culmis.

26 3507 37 3510 ᾖ
79 3484 95 3504 F
104 3484 123 3504 R
131 3483 151 3502 v
161 3482 182 3501 T
193 3482 226 3502 ιε
236 3477 258 3502 li
266 3482 287 3502 Τ
296 3481 333 3517 1.ο
342 3493 349 3505 ,
369 3477 434 3504 onis.
452 3479 471 3506 f.
506 3482 516 3512 [
522 3481 661 3516 βλοέςησις]
688 3483 719 3508 In
736 3481 864 3508 arboribus
875 3482 969 3508 dicitur
977 3499 985 3511 ‚
999 3490 1070 3516 quum

40 3514 129 3539 multos
149 3521 229 3551 ranios
241 3511 402 3551 srut1cantes.
408 3514 550 3552 producunt.
585 3517 651 3544 Plin.
664 3525 703 3552 17,
717 3526 727 3543 1
746 3518 785 3544 Ita
798 3518 869 3544 enim
883 3518 1028 3553 appellatur
1042 3517 1070 3544 in

41 3548 101 3583 ipsis
113 3547 268 3576 arboribus,
286 3546 422 3573 fruticatio
433 3550 539 3578 inutilis,

80 3590 124 3611 FR
134 3591 154 3610 V
164 3591 185 3610 T
193 3584 225 3609 lC
236 3589 252 3608 O
262 3589 304 3622 RJ
333 3581 381 3607 ΞΥῙ·
415 3582 477 3616 Dep-
512 3586 613 3622 [βρύω]
649 3589 762 3615 Ρνιιιίεει·
782 3591 899 3614 emittere.
937 3589 992 3615 Cic.
1016 3588 1070 3614 Att.

45 3626 80 3652 ις,
92 3628 110 3652 4
131 3619 237 3658 Animis.
253 3616 370 3657 enim'vsi
389 3617 475 3644 finnus
487 3620 624 3657 virilibus,
643 3623 757 3650 consiliis
773 3624 857 3655 (inihi
872 3624 965 3655 crede)
983 3624 1070 3658 pueri-

41 3654 144 3716 libus..d
177 3654 266 3681 Exclsa
284 3661 356 3679 emm
375 3651 410 3678 est
429 3651 524 3686 arbor,
549 3665 602 3683 non
620 3659 721 3686 euulsa:
756 3660 844 3694 itaque
864 3669 943 3694 quain
963 3659 1070 3685 frutice-

41 3695 85 3717 tur
98 3699 125 3716 νι
146 3699 181 3716 es.

14 3731 15 3734 ’
41 3749 54 3765 2
76 3731 195 3752 FRvTi
206 3731 222 3752 c
234 3731 250 3751 E
260 3729 273 3750 s
283 3729 300 3750 c
313 3729 332 3750 o
342 3743 350 3756 ,
366 3724 418 3749 ere.
453 3722 594 3764 [βρύσμοιι]
631 3729 704 3757 Idem.
740 3730 806 3756 Plin.
820 3739 853 3762 17,
867 3738 901 3765 27
926 3731 997 3756 Vitis
1016 3736 1071 3756 tan-

40 3766 98 3791 tum
111 3762 244 3787 tonsuram
259 3769 372 3786 annuam
385 3765 501 3794 quaerit:
520 3758 644 3789 alternam
655 3770 769 3797 myrtus,
783 3766 906 3800 punicae,
920 3766 993 3792 oleae
1007 3766 1070 3801 quia

42 3796 162 3824 celeriter
175 3796 351 3823 fruticescunt.

0 3833 10 3870 ¹1>
77 3838 94 3858 12
102 3839 122 3858 R
130 3839 150 3859 v
159 3834 198 3859 ΤΙ
208 3838 224 3858 C
233 3832 252 3858 ὁ
262 3839 274 3858 s
283 3838 301 3855 V
313 3838 325 3858 S
334 3851 342 3863 ,
362 3839 376 3857 a
384 3851 391 3862 ,
410 3839 463 3857 um.
489 3828 549 3855 Adi.
589 3829 772 3869 [φρυνανῶδης]
806 3838 909 3863 Dicitur
928 3836 1001 3863 Ouod
1019 3838 1069 3863 lon-

17 3869 20 3897 (
40 3875 84 3903 ge,
97 3868 189 3903 lateque
196 3867 326 3903 fruticat,
343 3873 367 3892 et
381 3868 468 3893 multos
481 3864 711 3899 habctfruticantes
721 3879 809 3897 ramos.
846 3872 913 3898 Plin.
927 3864 961 3905 E
975 3882 992 3905 4
1009 3873 1069 3899 Duo

18 3902 19 3906 ’
57 3911 132 3930 encra
147 3904 211 3929 eius.
246 3903 344 3929 Rarum
358 3902 383 3928 id
403 3900 474 3936 quod
487 3901 597 3932 melius,
607 3900 761 3929 arboreum:
776 3906 888 3933 alterum
904 3908 1069 3935 fruticosum.

54 3937 106 3964 liii.
121 3941 145 3970 6,
158 3947 190 3965 22
211 3938 286 3964 Mare
304 3938 331 3964 id
343 3938 433 3964 colore
447 3936 574 3970 peruiridi
586 3957 593 3968 ,
607 3942 739 3970 praeterea
753 3939 905 3968 fruticosum
918 3944 1070 3973 arboribus.

40 3971 115 4001 iubas
134 3982 224 4001 earum
243 3973 425 4008 gubernaculis
445 3972 629 4000 deterentibus.

192 4015 273 4036 voi..
294 4009 332 4037 11.

1098 439 1112 466 5

453 969 562 997 Mucida
583 970 681 996 solidae
703 968 805 996 farinae
831 968 905 995 Idem
925 970 975 996 Sat.
995 979 1016 1003 ς,
1036 973 1118 1001 63.ιο
1140 973 1163 1000 8,
1174 972 1199 1000 31

1081 1153 1110 1180 ²5

1090 1333 1121 1357 30

1084 1512 1112 1538 ΒΞ

34 1676 119 1703 Plaut.
140 1676 219 1702 Cure.
239 1685 262 1708 2,
275 1685 298 1708 3,
310 1684 344 1709 34
378 1677 441 1703 Vin'
458 1679 569 1712 aquam?
589 1684 615 1705 c.
627 1677 646 1704 fi
660 1678 817 1706 frustulenta
830 1679 882 1712 est,
907 1680 940 1706 da
959 1681 1078 1712 obsecro,
1086 1689 1122 1714 40

1082 1854 1115 1880 45

1081 2033 1112 2058 50

783 2203 922 2229 Oleraceus
930 2222 938 2234 ,
958 2202 1012 2228 vid.
1025 2203 1072 2238 jub
1079 2212 1107 2238 33

1081 2381 1115 2405 60

1083 2560 1115 2591 65

1078 2740 1113 2767 70

1083 2917 1113 2946 75

1084 3097 1115 3123 so

1078 3273 1106 3303 85

1077 3456 1113 3481 90

1078 3634 1109 3660 95

1078 3812 1123 3830 100
1134 3801 1221 3831 nitur,
1239 3801 1273 3840 fit-
1280 3802 1476 3837 praestigio-sum
1489 3799 1555 3826 Gell.
1570 3805 1595 3832 7,
1611 3805 1649 3830 14.

704 3972 799 4000 Smilax
819 3977 925 4011 spinosis
942 3980 1069 4007 fruticosa
1080 3987 1124 4012 ιος
1133 3978 1263 4014 ΟΡΡρΙῑιω
1282 3976 1355 4004 Idem
1371 3978 1402 4004 de
1416 3977 1486 4004 Clar.
1501 3977 1574 4004 Orat.
1591 3977 1622 4007 36
1647 3975 1719 4002 Haec
1736 3975 1808 4001 enim
1831 3977 1898 3999 aetas
1919 3965 2010 3993 effudit
2030 3965 2070 3991 11³¹

1520 205 1553 245 F
1642 205 1676 244 V
1768 209 1801 247 C

1143 294 1223 320 ramis
1244 294 1310 320 Plin.
1323 295 1361 325 16,
1376 301 1411 326 33.
1481 295 1590 321 Vimina
1603 293 1684 322 Ouid.
1697 295 1761 321 Met.
1778 296 1805 327 6,
1818 303 1878 329 344.

1142 330 1211 355 tion-a
1226 330 1320 356 satiuae
1339 329 1420 360 tolia,
1435 331 1501 355 rami
1516 330 1704 358 fruticofiores.

1142 372 1252 391 vocatur
1267 366 1360 392 Donax
1378 365 1444 390 Plin.
1461 368 1496 393 16,
1512 368 1549 397 36.

1176 407 1192 426 F
1204 408 1222 426 R
1234 407 1253 425 v
1263 407 1284 426 'r
1294 408 1302 426 1
1313 408 1326 427 s
1340 420 1346 432 ‚
1373 400 1404 426 is.
1453 401 1554 427 Veneris
1580 400 1710 437 epitheton.
1750 401 1834 429 Solin.‘
1844 411 1866 428 c.
1885 409 1901 427 2
1934 403 2046 430 Aeneam
2077 421 2120 426 —-
2146 407 2176 433 in

1140 443 1204 469 agro
1217 437 1343 462 Laurenti
1364 435 1472 470 posuillc
1490 436 1583 462 castra:
1611 437 1656 462 vbi
1676 437 1738 463 dum
1758 437 1940 469 simulacrum,
1955 439 2025 471 quod
2042 441 2126 467 secum
2144 451 2175 469 ex

1138 470 1228 498 Sicilia
1242 472 1398 501 aduexerat,
1419 470 1521 496 dedicat
1537 473 1632 497 Veneri
1647 472 1742 505 matri,
1756 482 1822 507 quae
1837 474 1922 499 Funis
1936 473 2042 499 dicitur.
2084 478 2175 503 Solma.

2107 228 2177 266 754

1947 300 2012 325 Plin.
2028 309 2070 333 20,
2085 308 2109 332 13
2130 301 2178 327 La-

1775 331 1988 360 Fruticosissimus
2003 336 2114 363 calamus
2130 337 2177 371 qui

1131 506 1226 540 Jiusad
1236 508 1286 533 h.l,
1301 517 1326 542 p,
1341 516 1374 540 49
1387 507 1423 540 sq.
1438 506 1547 532 rint-ndat
1558 507 1663 539 Erucis,
1677 511 1694 533 i.
1710 509 1811 540 Erycis:
1831 515 1889 535 nota
1902 511 1964 535 enim
1972 510 2176 541 VttiiisErycina

1138 543 1282 569 Siculorum.
1319 542 1366 570 Sed
1384 542 1417 574 esi
1435 545 1508 567 stiam
1523 542 1588 576 apud
1601 543 1734 576 Augustin.
1755 544 1787 570 de
1805 545 1835 571 C.
1849 544 1881 570 D.
1895 552 1923 575 4,
1937 552 1964 570 21
1993 544 2051 570 Diis
2072 547 2176 578 agresti-

1140 577 1203 610 bus,
1217 584 1244 604 vt
1257 578 1359 604 fruetus
1367 577 1516 603 vberrimos
1530 585 1665 611 caperent:
1685 585 1709 604 et
1723 580 1836 606 maxime
1850 578 1896 614 ipsi
1911 579 1994 606 Diuae
2009 580 2084 607 Fruti
2096 581 2176 607 Seiae.

55 634 59 636 .
80 621 97 642 Ρ
109 622 155 642 Rv
164 623 177 642 s
186 623 208 642 T
216 623 236 642 V
245 623 269 642 M
279 635 287 648 ‚
307 616 325 642 i,
343 625 368 642 ῃ,
397 615 514 651 [ψωμός,
527 617 628 651 τρύφος,
641 612 748 652 ψῆγμα]
783 612 830 638 Rei
841 614 1003 649 cuiuscunque
1016 621 1074 650 par·
1099 621 1128 639 10
1143 614 1230 639 Verum
1243 614 1312 640 MSS.
1321 612 1478 640 Fruffiseae.
1515 613 1638 639 Caeterum
1647 615 1742 641 Veneri
1757 616 1774 641 F
1778 616 1831 641 ruti
1839 618 2015 651 patrocinatur
2028 618 2101 642 etiam
2113 616 2177 642 fru-

1137 649 1203 675 tinal
1221 656 1244 675 et
1263 648 1389 681 Frutilla,
1408 648 1437 674 de
1456 647 1541 682 quibus
1550 647 1649 681 statim.

1177 690 1357 716 FRVTiNAL,
1370 683 1426 709 alis.
1443 692 1468 709 n.
1488 683 1590 709 dietum
1602 684 1637 710 est
1645 684 1792 718 Templum
1801 685 1912 711 Veneris
1920 684 1995 717 fruti,
2008 685 2104 713 Festus.
2125 686 2176 713 Sal-

1137 719 1223 751 masius
1236 721 1278 747 hic
1290 723 1362 747 ctiam
1375 719 1497 745 Erucinal
1506 718 1623 754 Jubllitui
1639 723 1705 755 cupi!
1714 740 1722 752 ‚
1735 719 1827 756 quodsi
1834 720 1975 755 sequimur,
1988 721 2177 757 antiquiffimam

1138 762 1232 790 oportet
1245 754 1287 789 ff
1300 757 1471 790 corruptelam,
1484 764 1509 780 eo
1522 761 1585 781 ccrtc
1597 758 1758 791 antiquiorem
1774 759 1817 791 qui
1825 756 1871 791 Jub
1885 757 1997 783 elemento
2008 757 2028 782 F
2038 758 2176 784 collocauie.

200 793 274 828 Virg.
288 795 353 820 Aen.
370 803 388 825 ι,
401 802 443 821 212
467 793 526 819 Pars
539 792 568 818 in
580 791 662 818 frusta
674 791 768 817 secant.
803 792 885 822 Cato,
899 790 990 817 Frusto
1004 793 1077 826 panis
1103 802 1129 829 ¹5
1175 798 1245 818 FRv
1255 797 1345 818 'riLL
1355 797 1392 823 A,
1410 799 1447 816 ae.
1467 790 1486 816 f.
1508 791 1615 817 Illicium
1629 792 1737 818 Veneris.
1760 792 1802 818 Gl.
1812 793 1871 817 Vet.
1883 791 1958 825 Ἴυγξ
1974 791 2091 818 Frutilla.
2117 793 2176 819 Vid.

1138 832 1267 859 FRVTIS,
1290 830 1391 854 FR'.VT
1402 833 1411 852 1
1423 833 1445 852 N
1454 833 1474 852 Α
1485 833 1511 852 1..
1552 826 1690 852 Communis
1702 826 1767 862 fons
1786 828 1879 854 horum
1892 827 2059 853 uocabulorum
2072 827 2177 855 .videtur

1139 862 1232 888 Fruor.
1271 863 1379 893 Notum,
1399 864 1491 897 quotics
1509 861 1618 888 Fructus
1635 869 1658 887 et
1677 863 1740 889 Frui
1759 862 1788 888 de
1805 872 1831 888 re
1852 863 1957 889 1·⁷e⁷zerca
1976 862 2083 889 dicatur.
2121 862 2178 898 Nili

1137 904 1218 923 tamen
1230 899 1303 930 malis
1316 906 1369 923 cum
1383 898 1505 934 Scaligero
1523 897 1555 922 all
1567 898 1667 924 Festum
1681 897 1714 923 ab
1734 896 1850 932 οἶφροδίτῃ
1864 904 2005 933 corruptum
2017 904 2112 932 putare.

1175 939 1218 960 PR
1228 940 1248 960 v
1258 940 1291 965 x,
1311 933 1404 967 frugis.
1419 933 1438 958 f.
1467 933 1596 960 Dixerunt
1609 933 1726 966 antiqui,
1739 931 1839 961 auHore
1848 933 1931 959 Festo.
1967 934 2052 959 Varro
2070 934 2101 959 de
2109 933 2177 962 L.L.

1237 968 1310 1002 Quid
1335 968 1443 994 similius
1463 969 1587 999 videtur,
1607 976 1685 1002 quam
1703 968 1730 993 in
1749 968 1790 995 his
1808 968 1843 994 est
1860 976 1976 994 extrema
1994 968 2088 1000 litera,
2102 978 2176 1001 crux,

1139 1003 1201 1030 frux
1225 1019 1270 1024 ——
1296 1003 1325 1030 fit
1343 1013 1426 1030 vnum
1443 1004 1530 1039 cruci,
1550 1004 1661 1029 alterum
1680 1003 1761 1036 frugi.
1832 1004 1964 1030 Ausonius
1982 1004 2009 1029 in
2021 1004 2177 1036 monosylla-

1140 1038 1196 1070 bis,
1211 1039 1306 1072 Eidyll.
1317 1048 1344 1066 12
1357 1049 1381 1074 p.
1396 1045 1441 1073 481
1461 1040 1526 1066 Tou.
1563 1040 1630 1065 Ante
1643 1038 1768 1073 equidem
1779 1039 1878 1072 eampis
1893 1046 1971 1073 quani
1983 1039 2068 1072 spicea
2087 1040 2176 1075 suppe-

1138 1079 1205 1102 teret
1223 1075 1295 1102 frux.
1335 1076 1393 1103 Vid.
1422 1080 1551 1102 FRVGES.

1518 1148 1540 1179 F
1636 1147 1665 1177 V
1760 1146 1788 1177 A

1176 1222 1302 1251 FVAT,
1319 1218 1392 1251 [εἰῇ]
1423 1227 1471 1252 pro
1485 1217 1540 1250 Sit,
1559 1217 1683 1244 dixerunt
1700 1220 1817 1247 veteres,
1831 1213 1931 1242 aul-‘lore
1950 1215 2063 1242 Donato.
2098 1216 2174 1250 Virg.

1140 1253 1205 1279 Aen.
1220 1262 1264 1286 10,
1279 1263 1320 1286 ¹03
1348 1255 1439 1286 Tros,
1454 1253 1599 1280 Rutulusne
1617 1253 1689 1282 fuat,
1703 1251 1777 1278 nullo
1799 1251 1950 1277 discrimine
1972 1250 2083 1278 habebo.
2127 1253 2177 1278 Vbi

1141 1289 1254 1321 Seruius,
1262 1290 1343 1323 Euat,
1356 1289 1375 1316 i.
1389 1299 1412 1316 e.
1427 1290 1525 1319 Fuerit,
1537 1288 1622 1315 futuri
1635 1287 1762 1321 temporis
1775 1288 1884 1312 verbum
1898 1285 2070 1312 defeffiuum.
2106 1287 2174 1314 Ter.

1141 1325 1207 1350 Hec.
1220 1334 1248 1358 4,
1261 1333 1285 1358 3,
1297 1334 1316 1358 4
1336 1326 1400 1351 Fors
1413 1325 1469 1351 fuat
1483 1325 1537 1359 pol.
1583 1325 1664 1350 Plaiit.
1679 1323 1772 1357 Amph.
1787 1331 1807 1354 3,
1820 1332 1846 1355 4,
1859 1330 1883 1348 2.
1904 1329 1928 1347 et
1947 1321 2037 1348 Bacch.
2055 1331 2073 1354 i,
2092 1331 2115 1354 2,
2134 1328 2174 1355 48.

1141 1368 1164 1386 et
1178 1362 1251 1395 Capt.
1266 1369 1291 1393 2,
1304 1370 1327 1393 3,
1339 1368 1378 1395 7ι.
1411 1360 1469 1386 Nec
1488 1360 1627 1394 quisquam
1651 1365 1703 1385 tam
1717 1358 1799 1384 audax
1818 1358 1875 1384 fuat
1889 1356 1986 1389 horno,
1999 1358 2046 1391 qui
2065 1357 2175 1385 obuiam

1139 1396 1243 1422 obsistat
1254 1395 1332 1422 mihi.
1387 1395 1495 1422 Tibull.
1510 1404 1528 1426 1,
1543 1404 1562 1427 1,
1577 1398 1612 1429 67
1632 1395 1741 1420 Ferreus
1755 1393 1801 1420 ille
1814 1393 1880 1419 fuat.
1924 1392 1982 1419 Vid.
1997 1392 2032 1419 ibi
2046 1394 2136 1429 Scalig.
2152 1400 2176 1419 et

1140 1432 1214 1458 Non.
1232 1440 1259 1464 2,
1273 1440 1330 1464 230.
1365 1432 1461 1459 fueret
1479 1438 1526 1467 pro
1552 1429 1606 1464 effi’t
1625 1431 1728 1457 Lucret.
1746 1438 1770 1462 3,
1793 1434 1852 1462 849.
1872 1434 1896 1455 et
1918 1436 1941 1462 5,
1964 1436 2020 1461 342.
2039 1429 2073 1455 al.
2094 1435 2175 1455 tamen

1138 1470 1212 1494 aliter
1229 1468 1276 1503 leg.
1528 1505 1551 1535 F
1654 1504 1683 1534 V
1782 1503 1809 1533 C

1818 1570 1947 1598 Columel.
1963 1578 2000 1602 ιο,
2014 1577 2056 1602 125
2075 1570 2103 1596 de
2114 1571 2175 1596 Her-

1178 1581 1194 1601 1³
1203 1581 1223 1601 V
1233 1580 1249 1600 C
1258 1581 1319 1609 ΑΕ,
1337 1583 1421 1601 arum.
1442 1574 1461 1600 f.
1482 1574 1520 1600 Pl.
1540 1574 1654 1600 Maculae
1667 1575 1693 1599 in
1701 1571 1782 1607 facie.

2024 1607 2082 1631 Non
2095 1611 2177 1631 tamen

1139 1610 1184 1642 ba,
1199 1610 1300 1645 Lepidio
1309 1630 1316 1642 ,
1336 1610 1476 1636 Deiecffura
1490 1609 1597 1644 quidem
1605 1609 1689 1635 fronti
1701 1608 1759 1634 data
1772 1607 1841 1640 signa
1857 1607 1985 1632 fucatum.

1139 1653 1207 1672 certa
1218 1645 1251 1679 est
1264 1645 1350 1672 leHio:
1371 1646 1390 1672 F
1393 1653 1502 1679 ugarum
1520 1645 1616 1680 quidem
1636 1644 1697 1669 mihi
1705 1642 1856 1677 probabatur
1869 1644 1980 1666 maxime.

1178 1687 1265 1707 FVCI
1276 1687 1292 1706 1.
1303 1689 1311 1706 1
1321 1688 1333 1707 s
1344 1700 1352 1712 ,
1371 1684 1454 1715 inquit
1468 1680 1569 1709 Festus;
1590 1679 1674 1704 Falsa:
1688 1677 1757 1703 dicia
1770 1681 1858 1702 autem
1873 1674 1943 1708 quasi
1959 1675 2064 1700 Fucata.

1178 1721 1195 1740 F
1205 1723 1225 1741 v
1235 1722 1251 1741 c
1261 1714 1273 1740 ἰ
1281 1721 1332 1741 Νν
1342 1723 1371 1746 s,
1391 1715 1409 1740 i.
1431 1723 1465 1740 m.
1501 1714 1638 1746 [Φεσίνας]
1674 1714 1754 1737 Locus
1776 1713 1804 1735 in
1831 1716 1920 1744 quarta
1953 1718 1979 1735 re
2004 1713 2051 1733 ‘one
2077 1708 2177 1740 Italiae,

1135 1755 1213 1784 prope
1227 1749 1343 1783 Albenses
1361 1749 1502 1783 Marsorum
1515 1749 1628 1787 populos.
1663 1747 1716 1779 Qio
1736 1748 1809 1770 etiam
1831 1747 1928 1770 nomine
1949 1717 2032 1769 digus
2056 1741 2087 1775 est
2107 1743 2176 1770 lacus

1146 1784 1295 1817 Volscorum.
1332 1783 1446 1808 Martial.
1462 1783 1574 1816 Spectac.
1590 1786 1629 1810 28.
1666 1781 1723 1806 Sen.
1739 1779 1843 1813 Qiaest.
1857 1779 1918 1806 Nat.
1934 1789 1955 1811 3,
1969 1788 1989 1810 3.
2026 1779 2100 1812 Virg.
2108 1781 2174 1806 Aen.

1140 1824 1166 1851 7,
1180 1825 1238 1850 739.
1274 1817 1343 1842 Suet.
1356 1817 1428 1843 Caes.
1442 1826 1463 1842 c.
1478 1825 1524 1849 44.
1543 1823 1566 1842 et
1579 1815 1745 1842 Claud.c.10.
1762 1823 1785 1841 et
1797 1815 1923 1849 Spartian.
1936 1815 1963 1840 in
1971 1813 2098 1845 Hadrian.
2106 1822 2174 1840 εφη..

1177 1857 1195 1877 F
1205 1857 1281 1878 VCV
1291 1858 1320 1883 s,
1338 1851 1356 1877 i.
1375 1860 1410 1877 ni.
1446 1851 1560 1886 [κηφὴν]
1597 1853 1676 1877 Genus
1690 1854 1745 1886 apis
1752 1849 1807 1884 fine
1818 1851 1907 1876 aculeo.
1944 1850 2019 1883 Virg.
2034 1849 2129 1883 Georg.
2146 1859 2175 1883 4,

1140 1888 1182 1916 168
1208 1888 1334 1921 Ignauum
1348 1887 1423 1914 fucos
1436 1896 1512 1921 pecus
1526 1896 1539 1913 a
1551 1886 1717 1922 praesepibus
1729 1892 1825 1911 arcent.
1880 1885 1946 1910 Pliii.
1960 1893 1992 1916 ιι,
2006 1892 2028 1909 ιι
2055 1884 2118 1910 Sunt
2129 1893 2174 1910 au-

1139 1928 1191 1947 tem
1207 1922 1263 1948 fuci
1277 1922 1330 1948 fine
1343 1923 1434 1948 aculeo
1452 1922 1525 1948 velut
1540 1921 1711 1955 imperfectae
1724 1929 1798 1954 aper,
1811 1919 2013 1954 nouiffimaeque
2027 1927 2040 1945 a
2052 1919 2135 1951 feffis,
2149 1924 2175 1946 et

1139 1957 1191 1984 iam
1211 1958 1329 1983 emeritis
1345 1957 1498 1988 inchoatae,
1523 1957 1652 1983 serotinus
1677 1956 1746 1982 fetus
1759 1975 1767 1987 ,
1793 1961 1819 1981 et
1837 1955 1906 1989 quasi
1928 1955 2036 1981 seruitia
2053 1961 2175 1981 veterum

1137 2001 1225 2025 apum.
1261 1992 1440 2025 Quamobrem
1455 1993 1585 2026 imperant
1598 1992 1646 2023 iis,
1661 1991 1813 2026 primosque
1827 1991 1855 2017 in
1870 1999 1950 2025 opera
1963 1989 2110 2024 expellunt:
2124 1996 2174 2016 tar-

1137 2028 1227 2054 dantes
1241 2026 1292 2053 fine
1307 2027 1445 2054 clementia
1459 2028 1580 2061 puniunt.
1617 2027 1713 2061 Neque
1733 2025 1761 2053 in
1774 2033 1855 2060 opere
1876 2031 1993 2057 tantum,
2008 2024 2050 2051 sed
2069 2026 2098 2051 in
2117 2026 2175 2052 fetu

1137 2070 1244 2097 quoque
1264 2063 1390 2089 adiuuant
1409 2072 1466 2094 eas,
1485 2064 1598 2089 inultum
1617 2062 1647 2088 ad
1662 2062 1775 2088 calorem
1787 2061 1938 2088 conferente
1951 2060 2034 2087 turba.
2072 2061 2175 2093 Contra,

1137 2099 1224 2124 Varro
1239 2098 1270 2124 de
1284 2099 1314 2124 R.
1330 2099 1360 2124 R.
1376 2107 1399 2130 3,
1414 2100 1440 2124 16
1468 2099 1560 2132 Itaque
1580 2097 1732 2124 insectantes
1748 2106 1762 2123 a
1782 2097 1806 2123 se
1819 2097 1929 2123 eiiciunt
1949 2096 2039 2128 fucos,
2060 2097 2131 2131 quod
2145 2096 2176 2122 hi

1136 2142 1222 2167 neque
1235 2133 1375 2165 adiuuant,
1388 2140 1413 2159 et
1426 2133 1476 2159 mel
1489 2133 1653 2159 consumunt.
1707 2132 1838 2159 Columel.
1853 2141 1879 2165 9,
1893 2141 1905 2164 ς
1933 2132 2015 2158 Fucus
2028 2140 2108 2165 genus
2122 2141 2174 2157 am-

1135 2169 1230 2202 plioris
1244 2169 1417 2200 incrementi,
1437 2168 1601 2194 simillimum
1616 2168 1684 2202 apis,
1700 2174 1726 2195 et
1741 2169 1874 2200 immune,
1888 2167 1940 2194 fine
1959 2167 2094 2198 doctrina,
2107 2167 2176 2193 fanis

1136 2203 1250 2230 assidens.
1320 2204 1500 2238 Immunisqne
1514 2204 1601 2231 sedens
1615 2204 1698 2230 aliena
1711 2203 1742 2230 ad
1757 2203 1851 2238 pabula
1865 2203 1939 2229 fucus
1953 2203 2028 2236 Virg.
2037 2203 2133 2236 Georg.
2146 2211 2175 2235 4,

1136 2247 1200 2273 244.
1357 2238 1377 2276 ff
1397 2248 1412 2266 2
1448 2241 1497 2266 Pro
1510 2241 1584 2267 Cera:
1606 2239 1679 2265 Idem
1692 2240 1788 2273 Georg.
1803 2249 1830 2273 4,
1843 2247 1874 2271 39
1893 2240 2016 2272 Fucoque
2025 2244 2050 2265 et
2064 2237 2175 2264 floribus

1136 2283 1201 2301 oras·
1230 2275 1350 2309 Explent.
1424 2276 1506 2301 Fucus
1528 2284 1609 2310 genus
1633 2275 1669 2301 est
1690 2273 1802 2305 herbae,
1822 2273 1890 2301 vnde
1917 2273 2056 2308 tinguntur
2083 2273 2173 2300 vestes.

1136 2310 1236 2336 Fucum
1253 2317 1340 2337 autem
1352 2316 1378 2337 et
1393 2311 1469 2337 flores
1483 2320 1531 2344 pro
1545 2311 1610 2337 Cera
1625 2311 1726 2344 posuit,
1744 2318 1824 2345 quain
1842 2318 1874 2335 ex
1886 2309 1927 2336 his
1942 2309 2069 2343 colligunt
2086 2309 2172 2336 rebus.

1136 2346 1252 2372 Seruius.
1322 2347 1448 2380 Propolin
1466 2347 1586 2382 intelligit
1605 2346 1796 2382 Philargyrius.
1991 2343 2011 2381 fl
2035 2353 2048 2376 3
2089 2345 2172 2371 Fucus

1135 2382 1270 2413 marinus,
1289 2381 1383 2414 [φυκός
1395 2382 1550 2415 θαλάττιον]
1570 2380 1662 2412 Herba,
1675 2390 1734 2416 quae
1747 2388 1771 2406 ct
1778 2381 1846 2416 Aiga
1858 2382 1956 2406 marina
1970 2380 2073 2406 dicitur.
2106 2380 2172 2406 Plin.

1135 2420 1177 2448 26,
1192 2426 1220 2443 10
1236 2417 1253 2443 s.
1269 2419 1303 2443 66
1322 2418 1460 2452 Praecipue
1468 2426 1533 2444 vero
1546 2417 1640 2444 liberat
1647 2425 1679 2443 eo
1687 2416 1757 2443 malo
1764 2415 1861 2450 phycos
1872 2415 2017 2442 thalassionz
2031 2415 2048 2441 i.
2058 2425 2080 2441 e.
2089 2416 2171 2442 Fucus

1135 2453 1268 2484 marinus,
1284 2452 1397 2479 laeliicae
1418 2453 1525 2485 similis,
1540 2453 1586 2488 qui
1606 2452 1751 2483 conchyliis
1771 2451 1955 2478 substernitur:
1975 2459 2028 2477 non
2042 2450 2173 2484 podagrae

1134 2488 1231 2520 modo,
1251 2487 1294 2514 sed
1307 2488 1429 2515 omnibus
1442 2488 1615 2515 articulorum
1630 2487 1731 2514 morbis
1744 2485 1892 2520 impolitus,
1905 2486 1977 2519 prius
1992 2494 2069 2520 quam
2083 2494 2171 2511 exare-

1134 2524 1188 2550 fiat.
1224 2524 1294 2550 Tria
1309 2531 1395 2550 autem
1410 2533 1504 2558 genera
1519 2525 1585 2555 eius,
1599 2523 1689 2553 latum,
1704 2528 1728 2548 et
1742 2521 1853 2548 alterum
1870 2521 1974 2554 longius
1993 2521 2172 2556 quadantenus

1135 2560 1240 2586 rubens.
1276 2559 1405 2586 Tertium
1420 2559 1510 2593 crispis
1522 2559 1612 2589 foliis,
1626 2567 1680 2591 quo
1694 2558 1721 2582 in
1732 2557 1808 2584 Creta
1826 2555 1906 2582 vestes
1920 2556 2065 2590 tinguntur,
2079 2557 2171 2583 omnia

1134 2595 1252 2621 eiusdem
1264 2595 1332 2620 vsus.
1367 2594 1440 2630 Qcod
1452 2594 1530 2626 llicit,
1543 2594 1590 2627 qui
1602 2592 1745 2624 conchyliis
1759 2591 1942 2621 substernitur,
1954 2592 2124 2628 intelligimus,
2136 2592 2172 2618 Ia-

1134 2639 1180 2655 nos
1194 2639 1219 2655 ro
1227 2632 1303 2664 prius
1314 2630 1403 2659 imbui,
1417 2637 1441 2655 ct
1450 2628 1490 2662 fic
1503 2631 1610 2663 parari,
1624 2635 1652 2654 υτ
1665 2627 1796 2663 pretiosum
1813 2628 1917 2653 alterum
1929 2628 2028 2653 colorem
2040 2628 2125 2654 melius
2136 2627 2173 2653 bi·

1133 2665 1184 2690 bat.
1228 2664 1285 2689 Vid.
1305 2664 1371 2690 Plin.
1386 2673 1423 2695 32,
1439 2667 1455 2690 6
1468 2665 1486 2690 s.
1500 2672 1533 2690 22
1557 2670 1580 2689 rt
1600 2672 1658 2697 quae
1677 2671 1797 2689 monemus
1814 2661 1848 2688 ad
1867 2661 1998 2695 Qun-Stil.
2016 2671 2053 2694 12,
2075 2671 2112 2693 10,
2131 2669 2172 2696 75.

1132 2699 1180 2726 Sed
1194 2698 1259 2724 Plin.
1272 2707 1298 2731 9,
1313 2704 1338 2730 38
1373 2700 1515 2726 Buccinuni
1529 2708 1577 2734 per
1595 2700 1620 2725 se
1633 2698 1786 2729 damnatur,
1800 2697 1929 2732 quoniam
1947 2697 2037 2724 fucum
2048 2698 2173 2730 remittit,

1133 2734 1233 2760 videtur
1242 2740 1291 2768 pro
1305 2734 1355 2770 ipso
1365 2736 1473 2771 pretioso
1485 2737 1562 2761 colore
1575 2734 1697 2768 conchylii
1707 2735 1775 2768 poni.
1831 2732 1897 2759 Idem
1911 2739 1990 2758 tamen
2004 2741 2039 2765 13,
2052 2740 2082 2766 23
2107 2734 2172 2760 Non

1133 2770 1228 2802 habet,
1243 2770 1332 2804 lingua
1346 2770 1395 2796 alia
1411 2779 1521 2802 nomen,
1537 2769 1608 2805 quod
1623 2769 1716 2795 Graeci
1729 2773 1824 2794 vocant
1843 2768 1951 2802 phycos:
1970 2769 2096 2803 quoniam
2114 2769 2171 2804 alga

1134 2805 1275 2832 herbarum
1296 2806 1377 2840 magis
1396 2805 1556 2833 vocabulum
1581 2805 1755 2839 intelligitur:
1784 2803 1828 2830 hie
1844 2810 1933 2830 autem
1952 2804 1987 2830 est
2007 2804 2112 2836 frutex,
2126 2811 2171 2831 etc.

1134 2840 1207 2877 Conf.
1222 2841 1312 2867 Ifidor.
1329 2849 1365 2876 17,
1378 2850 1403 2874 9.
1598 2838 1618 2877 q
1639 2849 1657 2873 4
1693 2839 1812 2873 [φυκίον]
1844 2840 1996 2875 lsngucntum
2008 2846 2051 2865 aut
2059 2842 2171 2875 pigmen-

1134 2883 1197 2909 tum,
1210 2878 1255 2913 quo
1269 2879 1382 2904 mulieres
1398 2879 1533 2913 tinguntur
1550 2882 1574 2902 et
1590 2877 1747 2907 colorantur,
1770 2881 1800 2901 vt
1820 2877 1884 2901 viria
1905 2878 2016 2909 corporis
2038 2875 2170 2901 emendent.

1134 2913 1214 2940 Plaut.
1231 2913 1308 2939 Most.
1324 2921 1344 2945 ι,
1358 2921 1380 2945 3,
1397 2917 1434 2942 118
1455 2911 1577 2942 Vetulae,
1593 2911 1742 2942 edentulae,
1757 2919 1824 2944 quae
1835 2910 1903 2937 vitia
1918 2910 2037 2945 corporis
2051 2911 2113 2937 fuco
2128 2919 2172 2936 oc-

1133 2948 1241 2980 cultant,
1256 2955 1301 2975 etc.
1337 2948 1409 2984 Conf.
1421 2949 1488 2974 Hor.
1503 2946 1581 2982 Epist.
1596 2955 1615 2979 1,
1631 2956 1668 2979 io,
1683 2955 1716 2981 27
1738 2946 1820 2981 ibique
1836 2947 1953 2973 Torrent.
1990 2947 2057 2972 Hinc
2068 2945 2169 2979 [φύκη]

1133 2984 1262 3010 Fraudem
1280 2983 1422 3018 aliquando
1443 2983 1568 3017 significat
1579 2988 1604 3009 et
1623 2982 1742 3014 insidias,
1755 2984 1889 3017 interprete
1905 2981 2023 3007 Donato:
2051 2980 2097 3007 sub
2111 2982 2169 3016 qui-

1133 3019 1182 3046 bus
1210 3020 1357 3046 occultatur
1377 3019 1482 3046 veritas.
1537 3019 1619 3046 Plaut.
1634 3020 1708 3053 Capt.
1729 3026 1751 3050 3,
1768 3026 1789 3049 3,
1810 3019 1834 3043 6.
1889 3017 1954 3042 Ter.
1971 3017 2034 3042 Eun.
2055 3025 2078 3048 3,
2096 3025 2119 3049 5,
2138 3025 2168 3048 4ι

1134 3055 1219 3082 Deum
1235 3056 1286 3081 sese
1309 3056 1337 3081 in
1360 3055 1495 3081 hominem
1511 3055 1680 3085 conuertisse,
1695 3059 1774 3087 atque
1789 3061 1835 3087 per
1847 3052 1943 3078 alienas
1961 3051 2058 3084 tegulas
2072 3051 2168 3090 venisse

1135 3091 1297 3122 clanculum,
1317 3100 1362 3125 per
1376 3090 1538 3125 impluuium
1557 3090 1646 3116 fucum
1668 3089 1767 3115 fatihim
1786 3087 1901 3114 mulieri.
1923 3121 1928 3126 ι
1973 3087 2029 3112 Cic.
2045 3086 2076 3111 de
2093 3087 2168 3112 Petit.

1135 3127 1243 3153 Consul.
1258 3132 1287 3156 28
1309 3127 1334 3153 Si
1348 3125 1473 3161 eum,qui
1485 3125 1537 3152 tibi
1551 3126 1710 3161 promiserit,
1724 3124 1823 3154 fucum,
1836 3129 1863 3148 vt
1878 3121 1988 3161 dicitur,
2002 3122 2087 3147 facere
2099 3120 2168 3147 velle

1133 3163 1251 3189 senseris.
1320 3163 1381 3188 Sine
1395 3162 1474 3194 fuco,
1491 3165 1509 3188 i.
1525 3162 1676 3196 Simpliciter
1693 3168 1716 3186 ct
1728 3164 1820 3197 aperte.
1858 3157 1912 3183 Cic.
1927 3158 1979 3183 Att.
1996 3165 2016 3188 i,
2027 3165 2037 3183 1
2064 3156 2168 3182 Prensat

1133 3207 1198 3224 vnus
1213 3199 1238 3224 P.
1251 3197 1335 3224 Galba
1356 3198 1408 3225 sine
1428 3198 1490 3224 fuco
1503 3206 1530 3224 ac
1544 3197 1669 3226 fallaciis,
1683 3203 1757 3222 inore
1769 3201 1910 3220 maiorum.
1965 3191 2037 3232 Idem
2050 3192 2081 3221 de
2096 3192 2166 3219 Clar.

1135 3235 1208 3260 Orat.
1224 3235 1265 3260 162
1283 3234 1314 3259 In
1328 3234 1368 3260 his
1381 3233 1506 3261 omnibus
1520 3232 1585 3259 inest
1600 3232 1719 3266 quidam,
1739 3229 1792 3255 fine
1808 3228 1863 3254 vllo
1876 3228 1938 3254 fuco
1950 3227 2069 3254 veritatis
2082 3227 2166 3261 color.

1134 3272 1183 3296 Pro
1192 3273 1329 3305 pigmentis
1340 3269 1464 3305 piflorum
1482 3267 1515 3300 est
1527 3268 1593 3303 opud
1604 3266 1725 3293 Prudent.
1739 3264 1796 3299 pals.
1811 3263 1951 3298 Hippolyti
1967 3271 2050 3303 v.1233
2070 3265 2099 3288 it.
2114 3263 2166 3303 Au-

1134 3306 1188 3332 son.
1199 3304 1294 3339 Cupid.
1307 3305 1401 3331 crucif.
1416 3303 1525 3336 [Eidyll
1548 3306 1574 3336 6,
1589 3311 1631 3335 92.
1701 3300 1848 3328 Sententiae
1856 3307 1946 3328 verae,
1961 3298 2012 3324 fine
2026 3305 2167 3332 pigmentis

1132 3342 1248 3376 fucoque
1268 3341 1367 3375 puerili
1383 3341 1438 3367 Cic.
1455 3339 1485 3365 de
1500 3340 1573 3366 Orat.
1589 3347 1613 3370 2,
1629 3342 1679 3367 188.
1749 3336 1832 3362 Fucus
1846 3341 1871 3362 et
1884 3335 1999 3375 cincinni
2015 3334 2108 3360 Poetae
2123 3333 2165 3374 Id.

1133 3376 1166 3403 de
1176 3378 1250 3403 Orat.
1265 3385 1286 3409 3,
1299 3382 1339 3409 98.
1411 3375 1495 3403 Catul.
1510 3375 1606 3410 Argon.
1620 3376 1663 3406 62,
1677 3380 1713 3405 49
1742 3371 1842 3398 Tincta
1861 3376 1926 3404 tegit
1944 3373 2019 3395 roseo
2036 3368 2165 3395 conchilis

1133 3421 1248 3447 purpura
1261 3412 1330 3438 fuco.
1401 3411 1488 3438 Gestat
1505 3418 1618 3436 mercem
1633 3408 1685 3434 fine
1699 3407 1765 3434 fucis
1779 3407 1846 3433 Hor.
1860 3406 1941 3445 Serui.
1960 3413 1979 3436 1,
1993 3413 2018 3436 2,
2033 3409 2069 3436 83.
2131 3404 2165 3431 Il-

1133 3448 1194 3474 litus
1208 3448 1269 3474 fuco
1286 3448 1360 3474 color
1373 3448 1429 3474 Cic.
1443 3447 1474 3473 de
1486 3448 1560 3473 Orat.
1575 3454 1595 3477 3,
1612 3452 1653 3478 ¹97
1667 3453 1688 3471 c.
1703 3451 1737 3475 5²-
1808 3441 1936 3467 Medicam
1951 3440 2007 3466 lana
2023 3440 2086 3466 fuco
2097 3440 2165 3466 Hor.

1132 3485 1220 3510 Carm.
1235 3492 1257 3515 3,
1271 3492 1291 3515 3,
1305 3489 1344 3513 28.
1415 3482 1525 3509 Mentiri
1544 3481 1661 3507 colorem
1675 3479 1736 3504 fuco
1750 3475 1879 3516 QiinCtil.
1893 3484 1918 3507 2,
1934 3483 1968 3508 ις.
2004 3475 2076 3515 Conf.
2091 3474 2166 3502 Idem

1135 3527 1172 3550 12,
1187 3528 1223 3545 ιο.
1242 3526 1265 3545 et
1279 3519 1383 3545 Erhard.
1396 3519 1429 3544 ad
1440 3519 1542 3544 Petron.
1557 3525 1598 3549 24.
1654 3514 1759 3542 Perfusa
1777 3512 1862 3545 gloria
1880 3511 1942 3537 fuco
1961 3510 2042 3537 Ouid.
2061 3510 2125 3537 Fast.
2144 3520 2164 3543 1,

1133 3562 1187 3586 303.
1257 3554 1410 3589 Splendente
1423 3554 1484 3581 fuco
1496 3562 1590 3579 ornare
1603 3559 1687 3577 comas
1706 3547 1811 3575 Tibull.
1827 3556 1844 3577 1,
1859 3551 1882 3578 8,
1897 3555 1929 3586 ιι.

1170 3595 1215 3615 Fv
1226 3597 1286 3622 co,
1310 3595 1363 3617 are,
1401 3589 1524 3623 [conmo'ffi
1543 3585 1686 3621 dyxgm'g‘w]
1722 3585 1843 3622 Colat-are.
1879 3583 1953 3615 Virg.
1967 3581 2063 3614 Georg.
2080 3589 2102 3611 2,
2114 3582 2165 3614 465

1133 3623 1201 3651 Alba
1214 3634 1299 3659 neque
1311 3626 1414 3657 Assyrio
1433 3625 1535 3651 fucatur
1553 3624 1611 3650 lana
1629 3628 1739 3647 veneno.
1752 3654 1759 3660 ,
1793 3618 1848 3645 Cic.
1863 3617 1895 3643 de
1908 3617 1943 3643 N.
1958 3617 1990 3642 D.
2003 3625 2025 3649 1,
2040 3625 2073 3658 ιιι
2101 3617 2165 3643 For-

1133 3668 1220 3691 mare,
1235 3660 1340 3693 fucare,
1354 3661 1488 3691 colorare,
1500 3659 1617 3686 animare
1634 3665 1686 3681 non
1702 3655 1807 3688 polient.
1841 3654 1903 3679 Alia
1922 3653 2070 3687 exemplaria
2082 3652 2165 3690 legunt

1135 3695 1270 3728 Figurare.
1341 3697 1458 3723 Stercore
1479 3696 1579 3721 fucatus
1600 3690 1727 3718 crocodili
1750 3690 1816 3715 Hor.
1830 3687 1912 3722 Epod.
1927 3696 1962 3718 12,
1975 3696 2007 3714 11.
2040 3686 2164 3713 Immodi—

1134 3739 1162 3756 ce
1176 3731 1289 3756 formam
1303 3731 1388 3758 fucata
1404 3733 1499 3758 Lucan,
1515 3738 1552 3762 10,
1566 3735 1616 3761 137.
1686 3725 1777 3751 Sermo
1790 3732 1844 3751 non
1854 3724 1958 3750 fucatur
1969 3731 2064 3758 pompa
2076 3722 2163 3759 facun-

1135 3765 1193 3791 diae
1212 3771 1237 3792 et
1254 3767 1352 3800 gratiae
1371 3768 1436 3793 Min.
1448 3767 1500 3792 Fel.
1517 3774 1539 3798 p.
1555 3771 1600 3795 124
1614 3770 1635 3787 c.
1652 3762 1680 3787 16
1691 3767 1754 3787 extr.
1784 3761 1851 3787 Cum
1864 3760 1968 3786 fucatur
1981 3765 2057 3791 atque
2071 3755 2164 3789 praeli-

1720 3795 1824 3822 Vellera
1838 3796 1926 3822 fucare
1939 3794 2017 3821 Solin.
2032 3792 2098 3821 e‚35·

1174 3842 1189 3862 F
1200 3843 1274 3863 VCA
1284 3844 1305 3863 T
1315 3843 1334 3861 v
1346 3845 1358 3863 s
1367 3857 1374 3868 ,
1393 3847 1406 3864 a
1416 3856 1423 3867 ,
1444 3845 1495 3864 um,
1527 3832 1587 3860 Adi.
1624 3831 1778 3866 [φὺκιωτὸς]
1814 3832 1923 3858 Fucatae
1942 3828 2064 3866 mulieres
2076 3824 2161 3865 dirun-

1133 3878 1175 3898 tur
1183 3891 1189 3902 ι
1209 3873 1276 3907 Qaeae
1290 3873 1330 3898 vel
1340 3876 1472 3909 vnguentis
1484 3868 1625 3906 quibusdam
1638 3869 1789 3899 colorantur,
1803 3868 1843 3893 vel
1853 3869 1917 3893 vitia
1929 3864 2038 3896 emporis
2051 3857 2162 3898 nniufbr

1134 3908 1255 3933 coloribus
1267 3914 1361 3941 tegunt.
1431 3905 1558 3933 Candoris
1572 3910 1597 3930 et
1610 3903 1718 3929 ruboris
1731 3903 1811 3929 fucati
1825 3901 2015 3928 medicamenta
2027 3902 2115 3921 0¹1¹¹¹¹³
2122 3902 2162 3919 re·

1133 3943 1277 3977 pellentur,
1286 3943 1413 3976 elegantia
1420 3943 1501 3968 modo
1513 3946 1538 3967 et
1551 3939 1680 3966 munditia
1692 3938 1839 3968 remanebit
1851 3937 1905 3962 Cic.
1919 3934 1945 3958 in
1958 3932 2030 3957 Orat.
2046 3936 2161 3988 Ἔρυξ,

1321 4020 1334 4045 3
1354 4013 1378 4045 C·
2073 3998 2144 4032 piam
2154 4008 2158 4022 2
