2479 4225
232 162 321 198 l207
641 144 657 181 1
749 133 921 203 N'V
1709 132 1728 173 l
1817 132 1861 173 N
1951 133 1990 174 V
2298 103 2456 185 1208χλ

233 238 305 265 Νοη.
320 244 351 268 9,
365 242 390 269 7.
460 232 560 260 Sallust.
575 233 629 266 Iug-
645 236 678 264 84
701 232 792 258 Tanta
808 227 894 255 libido
907 235 967 252 cum
979 224 1068 252 Mario
1081 224 1161 251 eundi
1177 224 1273 264 pleros‘
1339 231 1418 250 curru
1430 223 1596 259 Capitolium
1609 222 1745 263 inueftus,
1763 229 1807 263 etc3
1876 222 1995 263 Diu-itiae
2005 223 2150 264 ‘auaritiam
2163 226 2290 254 inuexere
2322 227 2385 254 Liu.

233 282 283 307 que
296 271 433 297 inuaserat.
469 272 488 295 i.
510 265 650 300 [nccffivmt.
704 267 777 302 Conf.
796 264 827 289 de
841 262 950 296 Republ.
965 261 1030 288 Ord.
1046 270 1067 287 c.
1081 270 1113 293 15.
1151 268 1173 287 ει
1192 260 1273 287 Catil.
1342 260 1425 293 praef.
1495 260 1570 286 Idem
1590 265 1620 291 8,
1640 268 1656 292 9
1683 257 1910 285 Euidentiffimum
1925 259 1952 285 id
1972 260 2040 292 fuit,
2061 262 2133 295 quod
2147 271 2303 298 quacunque
2316 271 2388 297 equo

234 317 255 334 c.
275 317 295 337 5.
378 303 482 338 Cupido
505 303 598 329 inuam
618 302 739 329 homines
776 299 841 326 Plin.
859 297 938 332 Epist.
957 305 989 329 9,
1016 306 1061 329 30,
1080 306 1107 329 4.
1203 296 1272 322 Ter.
1342 294 1463 321 inuee'tus
1487 296 1543 326 est;
1580 295 1620 322 ibi
1645 294 1716 321 haud
1738 295 1809 321 secus
1830 304 1908 329 quam
1928 295 2055 329 pestifero
2072 296 2153 323 fidere
2174 299 2223 326 iffi
2248 297 2388 334 pauebant.

234 344 298 369 Hec.
310 349 338 373 3,
352 349 378 370 2,
394 348 427 365 22
449 339 521 372 jSd
535 339 587 365 fuit
600 338 724 365 tumulti?
753 335 794 361 dic
807 333 890 365 mihi,
907 341 940 359 au
953 332 1032 359 dolor
1045 337 1150 367 repente
1164 331 1274 357 inuasit?
1341 330 1415 365 Conf-
1430 330 1505 364 Virg.
1518 333 1614 366 Georg.
1630 340 1655 363 3,
1670 336 1720 362 358.
1758 331 1819 356 Liu.
1836 339 1878 361 22,
1898 338 1930 363 15.
2024 331 2079 358 Cic.
2093 332 2126 358 de
2140 333 2197 360 Fin.
2213 344 2243 367 5,
2263 342 2298 370 70
2319 343 2340 361 c.
2355 342 2390 368 24

236 379 325 405 Fames
339 374 433 401 inuasit
445 375 580 407 Sicyonios
610 374 675 400 Plin.
690 374 734 403 36,
754 381 781 402 4.
867 368 923 395 Cic.
939 367 991 394 Off.
1006 377 1033 400 2,
1046 375 1078 402 75
1101 376 1122 393 c.
1136 375 1161 392 21
1190 366 1274 393 Modo
1303 374 1317 402 ς
1342 367 1431 399 Qiem
1443 365 1579 393 Tiberina
1592 366 1708 394 decursio
1728 365 1794 392 festo
1814 365 1863 392 illo
1885 365 1928 392 die
1947 372 2019 393 tanto
2039 368 2137 401 gaudio
2155 368 2259 402 affecit,
2289 375 2391 404 quanto

235 413 305 439 enim
318 411 367 437 hoc
379 409 477 436 malum
491 410 519 436 in
534 408 671 442 Rempubl.
686 405 787 432 inuasit.
877 404 958 430 l’laut.
975 403 1044 430 Afin.
1065 412 1091 435 1,
1112 412 1137 434 1,
1157 410 1192 435 40
1225 401 1275 428 Sed
1342 402 1372 428 L.
1388 400 1506 428 Paullum
1518 412 1599 438 quum
1617 411 1705 436 regem
1721 402 1814 428 Persen
1828 407 1931 436 captum
1945 402 2102 436 adduceret,
2121 404 2216 430 eodem
2228 405 2338 432 flumine
2349 405 2391 431 in-

236 456 297 475 euni
310 445 418 472 morbus
431 446 524 472 inuasit
537 444 631 478 grauis.
703 441 757 467 Cic.
772 439 824 466 Off.
838 448 860 471 3,
873 448 906 473 34
931 439 1072 474 Negatque
1084 438 1165 465 vllam
1180 438 1277 472 pestem
1341 436 1465 463 vectum?
1535 438 1629 465 Inuehi
1642 447 1673 464 ex
1689 438 1742 464 alto
1756 437 1785 463 in
1798 444 1906 471 portum
1938 438 1975 464 Id.
1990 447 2039 472 pro
2053 440 2174 466 Muraen.
2186 450 2205 474 4
2220 449 2241 466 c.
2255 450 2277 467 2.
2347 441 2391 467 In-

237 484 366 509 maiorcm
381 481 464 508 vitam
477 481 614 507 hominum
628 476 759 506 inuasisse,
777 484 855 510 quam
869 484 963 502 eorum
976 475 1146 509 opinionem,
1171 474 1219 508 qui
1231 473 1279 499 ista
1341 472 1440 499 vehere
1453 480 1500 506 pei·
1512 482 1583 500 mare
1608 474 1672 500 Plin.
1687 482 1724 505 12,
1739 482 1756 499 1.
1828 472 1918 500 Tacit.
1933 475 2001 501 Ann.
2016 483 2045 507 2,
2059 484 2085 507 23
2119 475 2250 510 Legiones
2262 475 2330 502 claffi
2341 476 2392 502 im·

237 517 415 544 distraxerint.
494 515 585 541 Rabies
604 511 697 538 inuasit
731 512 791 537 Liu.
806 519 845 545 31,
865 516 899 541 18.
993 509 1115 537 Senectus
1145 509 1278 535 Columel.
1342 507 1437 542 pofitas
1452 516 1498 542 per
1509 509 1633 536 Amiflam
1648 510 1754 536 Oceano
1769 508 1879 534 inuexit.
1987 510 2111 538 Inueenis
2126 517 2248 545 portum,
2267 511 2392 538 ὶπυεὲἱιις

237 562 261 584 2,
274 562 293 579 1.
363 553 420 578 Liu.
434 556 479 583 28,
492 559 525 576 20
555 550 645 581 Itaque
658 554 743 573 tantus
757 556 849 573 omnes
862 552 950 573 terror
964 546 1109 577 inuaserat,
1129 553 1158 571 vt
1171 545 1279 579 quidam
1293 552 1323 570 10
1342 543 1454 573 vrbem,
1470 550 1520 578 pro
1535 546 1564 571 In
1571 552 1682 580 portum,
1689 552 1711 571 et
1726 548 1752 570 in
1768 545 1850 571 urbem
1876 544 1942 571 Plin.
1957 546 1983 577 6,
1998 554 2032 571 22.
2105 546 2167 574 Liu.
2178 555 2207 580 4,
2220 555 2253 579 29
2282 547 2394 581 Praepo-

236 597 267 615 ex
280 587 428 619 tutoribus,
448 593 493 612 etc.
580 583 654 609 Idem
667 587 714 614 28,
734 591 767 614 29
804 583 863 608 Nec
876 583 963 608 maior
976 583 1004 608 in
1020 590 1113 615 corpus
1133 590 1222 608 meum
1237 580 1278 607 vis
1344 579 1447 613 litoque
1471 585 1547 607 cos.
1571 581 1674 612 castris,
1698 581 1753 614 ipse
1766 579 1930 614 triumphans
1945 581 2064 608 inue&us
2078 581 2189 615 vrbem,
2213 582 2352 609 Dictatura
2364 582 2392 608 se

237 623 342 655 morbi,
374 630 449 656 quam
472 621 500 645 in
522 618 618 645 vestras
644 624 743 644 mentes
770 617 873 644 inuasit.
965 617 1066 644 Sallust.
1081 617 1109 642 in
1122 617 1202 644 Catil.
1216 626 1238 642 c.
1253 624 1280 648 32
1344 614 1488 642 abdicauit.
1559 616 1632 642 Idem
1645 619 1675 648 6,
1688 624 1718 648 32,
1748 616 1936 649 Qantumque
1951 616 2070 644 Romana
2083 618 2108 643 se
2121 618 2224 644 inuexit
2236 618 2319 649 acies,
2337 623 2394 644 tan-

237 660 327 686 Tanta
340 658 378 684 vis
391 655 516 682 auaritiae
536 655 564 680 in
584 653 686 679 anit-nos
705 662 798 679 eorum
820 653 905 679 veluti
923 652 995 679 tabes
1014 653 1153 679 inuaserat.
1224 651 1281 678 Cic.
1344 657 1402 677 tum
1426 650 1513 676 hostes
1544 653 1623 686 gradu
1654 651 1765 677 demoti.
1855 650 1950 678 Imiehi
1983 652 2011 678 in
2043 653 2143 685 aciem,
2190 653 2242 680 vid.
2265 659 2392 680 ACIES.

237 695 308 721 Fam.
323 703 341 724 1,
353 701 369 724 9
401 691 465 717 Non
478 690 553 724 potui
567 689 649 723 magis
664 689 692 715 in
704 698 791 716 arcem
802 689 874 715 illius
888 689 977 714 causae
992 688 1128 715 inuadere.
1164 690 1182 714 i.
1200 690 1283 724 magis
1345 684 1366 723 ff
1387 695 1403 712 2
1437 687 1761 724 Reciprocafigntficatione
1768 686 1817 723 sed
1825 686 1992 722 metaphorica
2030 687 2223 722 [οἷποτείνομαι]
2260 687 2395 725 InJ'eHari,

230 730 298 766 strio
311 728 377 753 illam
389 725 484 761 causam
503 732 650 761 oppugnare.
745 726 775 750 In
797 733 881 758 genua
897 724 995 750 misero
1008 724 1161 750 inuaserunt
1175 723 1282 750 flemina
1301 731 1326 758 13
1344 720 1486 748 malediffls
1498 723 1601 758 aliquem
1613 722 1732 760 aggredi,
1757 730 1779 748 et
1799 722 1902 758 quodam
1921 725 2011 758 impetu
2020 724 2144 759 Jermonis
2158 728 2185 750 ἐπ
2198 727 2304 759 aliquem
2311 724 2396 760 ferri.

236 765 317 791 Plaut.
338 761 411 795 Epid.
431 768 458 793 5,
480 769 509 791 2,
529 769 550 793 ς.
656 759 799 795 Aliquando
817 769 870 785 cum
884 761 987 785 Datiuo.
1056 761 1189 786 Inuaserat
1204 759 1283 785 furor
1350 757 1410 785 Vid.
1432 764 1473 784 IN
1483 763 1500 783 E
1510 764 1644 795 QV1TO.
1732 758 1788 785 Cic.
1801 758 1835 784 ad
1848 757 1943 784 oetan.
1958 767 1970 790 3
1997 759 2091 794 Itaque
2103 760 2131 786 in
2145 768 2201 786 eam
2216 760 2301 794 palam
2315 759 2396 786 vehe-

236 808 290 825 non
304 796 386 823 solum
398 795 544 830 improbis,
558 795 600 821 sed
615 794 695 821 etiam
709 795 767 828 his,
793 795 841 829 qui
861 795 927 821 boni
946 794 1091 827 habentur,
1117 801 1146 821 vt
1166 803 1282 830 pugnare
1346 799 1450 819 menter
1463 793 1592 821 inuectus.
1662 793 1702 820 Id.
1716 793 1748 820 de
1762 794 1836 820 Orat.
1853 802 1880 825 2,
1894 801 1938 825 301
1961 802 1982 820 c.
1997 801 2035 828 74
2066 795 2132 822 Orat
2145 804 2224 828 reus,
2244 801 2338 829 vrgent
2350 794 2396 821 ad-

235 837 359 868 cuperent
385 832 440 858 Cic.
454 832 525 857 Fam.
541 833 584 862 16,
599 839 623 857 12
639 838 684 866 pr.
780 829 887 864 Qubus
901 829 995 857 inuafit
1008 831 1162 864 repentinus
1176 831 1215 856 rei
1229 839 1283 856 ma-
1346 829 1452 861 vocati,
1477 835 1507 855 vt
1533 830 1706 862 inuehamur,
1730 834 1759 856 vt
1776 828 1978 860 maledicamus,
2004 829 2119 865 denique
2136 837 2165 857 vt
2189 831 2396 865 interrogemus.

235 877 299 903 gnae
311 867 393 893 timor
420 867 486 893 Gell.
496 875 534 899 19,
547 874 577 899 4.
646 865 744 892 Inuasit
756 866 891 901 plerisque
905 865 1039 892 honorum
1053 867 1183 901 cupiditas
1202 867 1281 893 Varr.
1347 865 1377 890 In
1390 864 1507 899 aliquem
1539 866 1670 899 Quinetil.
1685 875 1718 898 4,
1737 874 1759 897 3.
1862 864 1989 891 insectari
2008 871 2034 892 et
2049 866 2141 893 inuehi
2156 867 2184 892 in
2197 866 2313 901 aliquem
2326 875 2397 893 acer-

235 903 301 940 apud
312 903 385 928 Non.
400 910 416 934 9
425 922 432 934 ,
445 910 470 936 7.
1294 911 1331 930 20
1347 900 1408 927 hius
1433 900 1488 926 Cic.
1502 900 1535 927 de
1547 902 1652 928 Amicit.
1666 909 1697 935 57
1710 910 1731 927 c.
1746 903 1783 927 16.
1874 900 1977 927 Acerbe
1990 906 2016 928 et
2030 901 2222 928 contumeliose
2238 902 2266 928 in
2280 902 2398 937 aliquem

270 946 280 965 1
291 945 311 963 N
322 944 342 962 v
353 939 424 963 Ano
434 945 467 968 R,
486 937 522 964 di.
559 937 619 964 Pais.
657 937 758 963 Sallust.
773 937 838 963 Bell.
854 936 976 971 Iugurth.
989 945 1043 968 c.13
1071 936 1196 972 Vndique
1206 936 1283 964 fimul
1348 936 1388 962 Id.
1404 935 1436 962 de
1449 936 1524 963 Orat.
1536 945 1561 967 2,
1575 946 1627 971 304
1639 945 1708 971 2273.
1781 936 1877 970 Aperte
1891 936 1920 962 in
1935 936 2051 971 aliquem
2076 937 2114 963 Id.
2123 937 2237 972 Philipp.
2251 946 2274 970 2,
2287 945 2324 972 74
2337 947 2358 964 c.
2365 945 2398 970 29

234 983 264 1000 ex
278 972 376 999 insidiis
389 973 535 999 inuaditur.
587 972 656 999 Add.
670 972 739 999 Ibid.
759 982 781 999 c.
795 979 835 1007 87.
933 973 1007 999 Idem
1024 973 1053 998 in
1072 973 1175 1007 Fragm.
1197 975 1229 1004 6,
1250 974 1285 999 26
1347 979 1412 998 extr.
1505 973 1602 1006 Aspere
1615 974 1643 999 in
1656 973 1773 1008 aliquem
1800 972 1856 998 Cic.
1871 980 1921 1005 pro
1935 972 2003 999 Sext.
2018 981 2057 1005 14.
2129 973 2255 1000 Grauiter
2279 972 2353 1000 Idem
2365 972 2399 999 de

232 1008 447 1036 lnuadendarum
461 1014 592 1035 terrarum
604 1009 689 1035 causa.
772 1009 839 1035 Sext.
855 1008 916 1034 Rufi
932 1009 1050 1035 Brcuiar.
1066 1018 1088 1035 c.
1102 1017 1129 1040 23
1162 1010 1285 1043 Mesopo·
1348 1008 1423 1034 Orat.
1436 1015 1459 1040 3,
1476 1015 1492 1033 2
1509 1016 1530 1033 c.
1541 1017 1560 1035 1.
1630 1010 1721 1042 Qmm
1736 1009 1764 1034 in
1776 1007 1899 1034 oratione
1913 1009 1958 1034 sua
1971 1008 2053 1034 multa
2066 1008 2188 1035 inuectus
2205 1010 2266 1035 esset
2279 1008 2308 1035 in
2321 1007 2399 1035 The-

234 1044 315 1071 tamia
330 1044 428 1071 inuasa.
484 1043 579 1070 Pallad.
589 1052 628 1077 14,
641 1052 687 1070 120
706 1044 845 1070 Persuadet
853 1044 935 1071 moris
943 1050 1040 1071 tetrum
1051 1049 1153 1070 mutare
1164 1044 1283 1071 colorem
1348 1042 1432 1069 banos
1459 1043 1528 1078 Nep.
1544 1051 1583 1076 15,
1595 1046 1628 1078 6,
1642 1053 1660 1071 1.
1731 1046 1823 1078 Quum
1836 1052 1891 1069 non
1904 1043 1976 1070 nulla
1991 1043 2165 1071 inueheretur
2178 1045 2208 1071 in
2219 1044 2400 1071 Timoleonta

234 1081 327 1112 Ficus,
356 1086 381 1106 et
402 1079 497 1106 inuasis
516 1080 560 1106 dat
579 1080 624 1106 sua
638 1080 696 1105 iura
712 1080 810 1112 comis,
846 1082 865 1105 i.
884 1083 977 1111 ramis,
996 1089 1055 1116 quos
1067 1080 1175 1114 inuafit,
1198 1080 1285 1116 quibus
1297 1089 1330 1115 23
1349 1079 1424 1104 Idem
1437 1087 1481 1111 20,
1496 1088 1517 1110 5,
1536 1088 1557 1112 3.
1618 1080 1817 1106 'Vehementius
1831 1079 1860 1104 in
1874 1079 1992 1114 aliquam
2006 1079 2140 1106 rationem
2160 1080 2217 1107 Cic.
2230 1079 2262 1106 de
2276 1080 2313 1107 N.
2328 1080 2361 1106 D.
2374 1088 2399 1113 3,

232 1115 308 1149 insita
327 1113 371 1148 est.
1347 1123 1385 1148 94
1404 1123 1426 1140 c.
1440 1123 1486 1147 40.
1558 1114 1745 1142 Vehementius
1758 1116 1786 1141 in
1799 1115 1901 1142 causam
1919 1115 2073 1149 aliquorum
2102 1114 2177 1142 Idem
2191 1115 2224 1142 de
2236 1116 2311 1144 Orat.
2325 1123 2351 1148 1,
2365 1123 2400 1149 24

270 1158 279 1176 1
289 1158 311 1177 N
321 1152 421 1177 VASV
431 1157 461 1181 s,
481 1148 519 1176 sis.
541 1158 577 1176 m.
630 1149 702 1176 Cael.
714 1149 804 1176 Aurei.
819 1149 905 1176 Tard.
921 1158 947 1182 1,
963 1160 991 1184 4.
1347 1159 1370 1177 e.
1384 1156 1452 1185 7pr.
1562 1151 1656 1178 Verbis
1671 1152 1791 1177 tristibus
1806 1151 1927 1177 inueelus
1957 1151 2038 1177 Ouid.
2051 1150 2138 1177 Trist.
2154 1160 2180 1184 2,
2195 1160 2242 1184 133.

270 1193 312 1214 ΙΝ
321 1194 341 1213 V
350 1193 371 1212 A
380 1193 392 1212 S
404 1191 457 1214 10,
476 1185 542 1210 onis.
565 1185 584 1211 f.
621 1183 751 1220 ἐφόρμησις
766 1185 845 1212 Glofl'.
859 1185 952 1217 Cyrill.
967 1185 1115 1218 Symmach.
1128 1187 1176 1221 Ep.
1190 1195 1227 1218 10,
1239 1192 1282 1219 48.
1386 1192 1395 1210 1
1406 1193 1428 1212 N
1439 1191 1460 1211 V
1472 1192 1489 1211 E
1498 1191 1515 1212 C
1525 1192 1547 1212 T
1557 1193 1577 1211 V
1589 1193 1617 1218 s,
1633 1197 1647 1213 a
1656 1207 1664 1219 ,
1685 1196 1740 1212 um.
1777 1185 1944 1222 Partic.paffi
1999 1186 2166 1220 [ἐποχηθεὶς]
2198 1190 2202 1192 ”
2226 1188 2299 1214 Intro
2311 1185 2401 1213 veflus

270 1229 311 1248 IN
322 1227 341 1246 ν
351 1223 393 1247 AS
404 1226 466 1250 GR,
490 1220 553 1246 oris.
593 1229 629 1246 m.
685 1220 776 1247 Aurei.
791 1221 862 1247 Vici.
875 1223 904 1247 in
921 1221 1011 1248 Aurel.
1028 1232 1050 1248 c.
1065 1231 1101 1255 49
1131 1223 1284 1249 Romanum
1348 1223 1388 1248 vel
1399 1231 1475 1247 curru
1488 1222 1528 1247 vel
1539 1231 1612 1257 equo:
1649 1229 1693 1255 vt,
1714 1222 1788 1256 Virg.
1801 1223 1865 1248 Aen.
1878 1228 1908 1255 8,
1923 1230 1971 1257 714
1995 1224 2028 1248 At
2042 1222 2145 1254 Caesar,
2164 1222 2266 1257 triplici
2277 1221 2400 1250 inuee‘tus

234 1257 328 1283 orbem
340 1256 459 1283 triennio
474 1256 507 1281 ab
522 1255 691 1282 inuasoribus
705 1262 891 1291 reccptauerat.
1297 1269 1330 1294 30
1348 1258 1469 1284 Romana
1481 1256 1618 1292 triumpho
1653 1259 1779 1290 Moenia,
1798 1256 1838 1283 dis
1852 1258 1941 1291 Italis,
1961 1264 2008 1283 etc.

268 1300 277 1318 1
287 1300 308 1318 N
318 1299 338 1318 v
347 1291 370 1318 A
379 1298 418 1317 LE
429 1298 447 1317 o
457 1310 464 1322 ,
484 1295 529 1317 ere
539 1311 546 1322 ,
566 1293 606 1318 vel
626 1299 806 1319 1NVALEsco
815 1312 824 1325 ,
844 1293 872 1319 ui
881 1313 890 1325 ‚
910 1294 963 1319 ere.
982 1292 1118 1329 [ἐπηκόω]
1153 1293 1240 1320 Robur
1252 1302 1283 1319 ac
1385 1299 1425 1318 1N
1439 1300 1459 1318 V
1470 1299 1486 1318 E
1495 1298 1512 1318 C
1521 1300 1542 1319 T
1554 1300 1572 1319 v
1585 1300 1598 1319 s
1610 1313 1616 1324 ,
1635 1292 1673 1320 sis.
1695 1303 1730 1319 111.
1769 1292 1919 1328 [ἐπαγωγὴ]
1956 1293 2010 1329 Ipse
2023 1291 2158 1319 inuehendi
2169 1291 2251 1319 astus.
2292 1292 2359 1321 Plin.
2373 1300 2402 1326 4,

227 1326 376 1362 firmitatem
388 1330 524 1362 acquirere.
588 1327 670 1354 Plaut.
685 1327 763 1354 Most.
780 1337 810 1359 2,
825 1337 852 1361 2,
868 1337 895 1362 19
926 1329 1015 1363 Vsque
1028 1328 1182 1355 inualuisti3
1221 1335 1244 1355 T
1255 1335 1283 1355 E.
1349 1337 1359 1355 1
1392 1328 1486 1354 Amnis
1503 1327 1634 1355 Achelous
1657 1339 1672 1355 e
1692 1328 1774 1355 Pindo
1795 1328 1894 1359 fluens,
1911 1335 1990 1364 atque
2007 1328 2182 1356 Acarnaniam
2194 1328 2227 1355 ab
2242 1328 2348 1355 Aetolia
2361 1327 2402 1354 di-

234 1372 332 1398 vsque,
359 1369 386 1389 vt
402 1362 486 1389 vtdeS.
531 1363 574 1389 Al.
595 1364 718 1398 Vsquene
738 1364 854 1390 valuisti.
959 1363 1077 1390 Inualuit
1099 1363 1284 1397 consuetudo,
1347 1364 1464 1397 rimens‚
1489 1371 1514 1390 et
1535 1364 1693 1392 Artemitam
1713 1364 1825 1391 insulam
1845 1363 1942 1391 affiduo
1961 1371 2045 1391 terrae
2063 1364 2174 1390 inuectu
2194 1364 2344 1391 continenti
2357 1372 2403 1390 an·

231 1399 255 1426 h.
270 1409 288 1424 12.
311 1400 462 1425 inueterauit
493 1398 559 1424 Plin.
574 1397 651 1433 Epist.
666 1401 700 1432 6,
721 1408 743 1426 2.
816 1400 939 1426 Tantum
953 1400 1007 1434 ipse
1021 1399 1118 1434 opibus
1131 1406 1282 1435 conatuque
1348 1399 1465 1426 ne&ens.

232 1434 347 1460 inualuit
378 1434 433 1460 Cic.
446 1442 495 1468 pro
508 1435 628 1460 Muraen.
643 1443 665 1460 c.
682 1442 715 1467 ις.
820 1435 952 1469 Qunffil.
967 1444 991 1467 z,
1004 1443 1067 1470 [pr.
1102 1436 1209 1463 Tenuit
1221 1445 1284 1462 con·
1301 1443 1330 1470 35
1386 1443 1395 1461 1
1407 1443 1428 1461 N
1438 1443 1458 1462 V
1468 1442 1485 1461 F.
1495 1441 1512 1461 c
1523 1443 1544 1462 T
1555 1442 1611 1468 10,
1630 1435 1698 1461 onis.
1724 1435 1745 1461 f.
1782 1433 1936 1468 [ἔπαγωγὺ]
1974 1433 2050 1460 Idem.
2106 1434 2162 1462 Cic.
2175 1434 2209 1461 de
2221 1435 2274 1462 off.
2288 1443 2305 1462 2
2317 1443 2342 1467 13
2358 1442 2403 1467 ε.3

235 1469 346 1496 suetudo
356 1489 364 1501 ,
385 1478 451 1504 quae
465 1470 585 1503 quotidie
600 1470 684 1504 magis
699 1470 845 1497 inualescit.
936 1471 1009 1497 Idem
1024 1480 1066 1503 10,
1080 1480 1111 1504 2,
1132 1481 1155 1504 13
1191 1474 1284 1505 Q1um
1347 1472 1403 1498 Iam
1414 1480 1480 1497 vero
1494 1477 1520 1497 et
1532 1480 1624 1498 earum
1638 1480 1739 1503 rerum,
1747 1470 1846 1505 quibus
1853 1469 2056 1501 abundaremus,
2072 1471 2238 1504 exportatio:
2261 1476 2286 1498 et
2301 1479 2404 1503 earum,

233 1505 316 1531 verba
329 1504 501 1537 intercidant,
517 1505 731 1540 inualescantque
746 1506 921 1541 temporibus.
958 1507 1163 1542 Contrariasunt
1177 1508 1286 1535 interci-
1348 1506 1446 1541 quibus
1458 1515 1609 1540 egeremus,
1633 1506 1770 1538 inueCho,
1794 1512 1865 1532 certe
1880 1505 1954 1532 nulla
1967 1506 2041 1536 effet,
2065 1505 2114 1531 nili
2129 1505 2170 1532 his
2186 1506 2341 1532 muneribus
2356 1505 2404 1533 ho-

235 1541 312 1573 dere,
331 1548 355 1567 et
368 1540 535 1567 inualescere.
606 1541 717 1574 Qunet.
732 1544 762 1572 6,
778 1551 803 1574 1,
816 1551 854 1574 44
884 1542 1023 1569 Inualescit
1039 1543 1155 1571 affeetus.
1347 1543 1433 1569 mines
1446 1542 1630 1576 fungerentur.
1736 1541 1891 1578 Inseflatio,
1916 1544 2022 1576 impetur
2040 1544 2120 1567 animi
2131 1544 2158 1567 in
2170 1543 2291 1577 aliquem:
2346 1541 2404 1568 Cic.

271 1583 279 1601 1
292 1583 312 1601 N
323 1583 342 1602 v
356 1583 376 1602 A
386 1582 402 1601 1,
412 1583 429 1602 E
438 1583 459 1602 T
468 1579 542 1603 VDO
551 1596 560 1608 ,
578 1577 638 1603 i'nis.
659 1577 679 1603 f.
717 1577 855 1613 [didos-122]
918 1578 1075 1605 Valetudinis
1087 1579 1241 1615 z’rfirmstas,
1261 1585 1286 1606 et
1347 1578 1380 1605 de
1394 1579 1501 1605 Inuent.
1515 1588 1538 1610 2,
1558 1580 1606 1612 164
1624 1587 1646 1604 c.
1662 1585 1694 1611 54
1723 1577 1888 1609 Clementia,
1905 1585 1952 1611 per
1966 1585 2046 1611 quam
2059 1576 2143 1603 animi
2156 1582 2256 1604 temere
2269 1577 2298 1604 in
2309 1576 2404 1604 odium

235 1611 435 1651 mala‘valetudo.
507 1612 563 1637 Cic.
578 1613 630 1638 Att.
643 1620 674 1646 7,
692 1621 708 1639 2
738 1613 896 1640 Inualetudo
915 1619 961 1640 tua
975 1623 1018 1640 me
1041 1614 1118 1641 valde
1133 1615 1285 1642 conturbat.
1293 1626 1331 1651 40
1347 1614 1461 1641 alicuius
1475 1613 1637 1640 inueffionis
1658 1613 1802 1646 concitati,
1826 1613 1952 1639 comitate
1964 1612 2124 1639 retinentur.

236 1645 304 1672 Ibid.
319 1646 397 1680 Epist.
412 1654 424 1678 5
446 1646 629 1673 Inualetudine
642 1654 685 1674 tua
697 1657 818 1674 moneor.
1386 1657 1396 1675 1
1406 1656 1429 1675 N
1438 1656 1458 1675 V
1468 1657 1484 1676 E
1493 1656 1510 1677 C
1519 1656 1540 1675 Τ
1550 1656 1557 1674 1
1569 1656 1586 1676 C
1596 1657 1605 1675 1
1619 1657 1638 1677 v
1648 1656 1660 1675 S
1669 1669 1677 1682 ,
1696 1658 1726 1681 a,
1745 1658 1800 1675 um.
1838 1648 1898 1675 Adi.
1943 1647 2137 1683 [ἔπαγιόγιμος]
2192 1647 2266 1683 Qod
2278 1647 2405 1675 inuehitur

276 1689 281 1706 1
294 1689 315 1707 N
325 1689 344 1707 v
353 1688 375 1707 A
384 1689 399 1707 L
409 1688 424 1707 13
436 1687 457 1707 T
468 1688 489 1707 v
501 1687 520 1707 D
531 1688 539 1706 1
551 1689 571 1707 Ν
581 1689 601 1707 Α
611 1689 630 1707 R
641 1689 650 1707 1
661 1690 681 1708 v
691 1690 703 1708 s
713 1702 721 1714 ,
744 1692 774 1714 a,
796 1693 851 1709 um.
888 1683 949 1710 Adi.
1002 1685 1060 1711 Sen.
1077 1686 1159 1719 praef.
1175 1686 1283 1719 Qiaest.
1348 1692 1485 1712 externum.
1522 1685 1589 1712 Plin.
1605 1694 1643 1718 10,
1657 1693 1687 1718 29
1713 1685 1821 1720 Qiippe
1835 1693 1918 1719 quum
1932 1683 2136 1718 Theophrastus
2148 1684 2232 1710 tradat
2249 1683 2406 1711 inuefflcias

235 1716 317 1743 Nat.1
338 1717 402 1742 Non
416 1716 497 1742 video
511 1725 592 1750 quare
605 1716 652 1743 fibi
667 1717 775 1751 placeat,
789 1719 836 1752 qui
849 1718 986 1744 robustior
997 1720 1034 1745 est
1049 1721 1286 1748 inualetudinario.
1349 1722 1398 1747 effe
1413 1721 1440 1747 in
1456 1720 1515 1747 Asia
1528 1722 1610 1747 etiam
1624 1720 1769 1747 columbas.
1829 1719 1905 1755 Conf.
1920 1720 1977 1746 Sen.
1993 1719 2072 1754 Epist.
2087 1728 2121 1751 23.

273 1759 282 1776 1
296 1758 317 1776 N
333 1758 353 1775 v
363 1759 384 1777 Α
395 1759 409 1776 L
420 1759 435 1776 E
449 1758 469 1775 N
484 1757 505 1776 'r
518 1759 525 1776 1
536 1758 557 1776 Α
567 1771 576 1783 ,
593 1761 633 1778 ae.
651 1753 669 1778 f.
712 1752 884 1788 [οἱρςὶώςημα]
940 1753 1008 1780 Gell.
1024 1764 1065 1787 20,
1080 1764 1089 1780 1
1117 1756 1224 1781 Vitium
1238 1757 1285 1782 ali-
1387 1763 1397 1780 1
1410 1762 1431 1781 N
1444 1763 1491 1782 νε
1501 1762 1519 1781 c
1529 1757 1632 1782 Tivv
1642 1764 1655 1783 s
1667 1775 1675 1786 ,
1694 1765 1725 1787 a,
1746 1765 1800 1783 um.
1839 1756 1898 1783 Adi.
1935 1755 2137 1789 [ςηλιτευτικᾰς]
2173 1754 2248 1790 Qod
2261 1754 2406 1781 inuehitur.-

236 1785 307 1820 quod
321 1786 513 1812 imbecillitatis
527 1792 606 1819 atque
617 1787 778 1814 inualentiae
792 1788 994 1815 demonstratur.
1031 1793 1050 1816 i.
1067 1791 1185 1827 Languor
1198 1791 1284 1817 adutr-
1296 1797 1330 1823 45
1349 1789 1374 1816 h.
1388 1799 1408 1815 e.
1437 1790 1586 1816 Maledzflis
1597 1789 1745 1825 infestatur.
1803 1790 1888 1823 Vnde,
1914 1791 2047 1817 Ammian.
2062 1799 2106 1823 22,
2122 1799 2153 1822 32
2181 1790 2317 1817 Volumen
2331 1791 2407 1817 inue-

228 1823 273 1858 fize
288 1821 449 1861 valetudinis.
500 1820 569 1846 Acid.
584 1822 662 1854 Apul.
678 1822 709 1847 de
724 1824 819 1856 Dogm.
834 1823 895 1848 Plat.
911 1832 920 1848 1
935 1833 960 1857 p.
970 1833 1002 1850 11.
1350 1825 1463 1851 eliuum.
1519 1826 1561 1851 Ita
1575 1827 1602 1850 in
1615 1827 1729 1860 antiquis
1743 1825 1894 1851 editionibus
1906 1835 1934 1851 ex
1947 1827 2022 1853 MSS.
2081 1825 2165 1852 Liber
2178 1826 2296 1859 primus,
2316 1827 2406 1852 secun-

271 1863 398 1882 INVAL
409 1864 417 1882 1
430 1863 448 1882 D
462 1861 480 1880 V
492 1862 521 1887 S,
541 1864 570 1887 a,
591 1864 645 1881 um.
683 1856 743 1882 Adi.
780 1857 919 1892 [ἄρῥωςος]
956 1858 1285 1892 ContrariumestRobnsto
1351 1860 1409 1891 (1115,
1431 1867 1477 1885 etc.
1519 1859 1722 1886 Inuediiuarum
1742 1861 1771 1886 in
1789 1860 1942 1886 Catilinam.
2022 1860 2224 1886 Inued’tiuarum
2244 1861 2274 1886 in
2290 1862 2405 1888 Verrem

235 1899 258 1917 et
273 1891 359 1918 firmo.
413 1891 479 1917 Plin.
496 1899 528 1921 11,
543 1898 573 1923 39
599 1892 724 1918 quentae
738 1897 826 1917 tamen
840 1892 968 1926 quaedam
988 1893 1119 1927 (feminae
1132 1901 1219 1920 contra
1231 1905 1288 1921 con-
1349 1894 1420 1920 liber
1433 1893 1536 1920 tertius.
1591 1895 1639 1921 Sed
1651 1895 1731 1928 nescio
1745 1904 1818 1929 quam
1830 1897 1931 1929 antiqui
1944 1894 1983 1920 illi
1990 1896 2069 1920 tituli.

229 1927 406 1963 fiertudinrm)
426 1926 545 1952 defluuio
560 1927 651 1961 capitis
665 1927 808 1953 inualidae.
881 1927 941 1953 Liu.
956 1929 982 1958 6,
995 1933 1008 1956 8
1036 1928 1116 1960 Q1od
1131 1929 1178 1955 vbi
1193 1929 1287 1955 videre
1387 1936 1396 1952 1
1408 1935 1430 1954 N
1439 1935 1485 1954 VE
1494 1935 1511 1954 C
1520 1935 1541 1954 T
1550 1935 1560 1953 1
1570 1935 1591 1955 v
1600 1935 1622 1954 Α
1634 1935 1651 1953 L
1662 1934 1701 1954 1T
1710 1935 1727 1954 Ε
1736 1935 1765 1954 R.
1808 1928 1877 1954 Adu.
1931 1928 2080 1960 Symmach.
2096 1929 2175 1963 Epist.
2189 1938 2216 1962 1,
2229 1939 2262 1956 11.
2297 1940 2352 1957 cum
2365 1934 2405 1957 in-

236 1963 379 1989 Camillum
395 1964 446 1988 iam
466 1961 497 1988 ad
519 1971 629 1988 munera
647 1963 767 1997 corporis
787 1961 889 1989 senefia
907 1962 1071 1994 inualidum,
1094 1963 1235 1990 vadentem
1257 1965 1286 1990 in
1301 1971 1333 1998 50
1348 1961 1470 1988 thiorze.

236 1998 334 2028 hostes,
359 2003 518 2032 procurrunt
533 1998 630 2031 pariter
643 2007 744 2024 onmes.
852 1998 932 2024 Artus
951 1998 1065 2024 inualidi
1099 1998 1182 2025 Ouid.
1202 1999 1283 2033 Epist.
1387 2005 1396 2023 1
1407 2004 1429 2023 N
1439 2004 1460 2023 v
1471 2003 1512 2024 EC
1522 2003 1543 2022 T
1552 2003 1572 2023 O
1582 2003 1600 2022 R
1610 2017 1619 2029 ‚
1639 1996 1705 2024 oris.
1731 2006 1769 2024 m.
1814 1995 1939 2024 Ambros.
1951 1997 2020 2024 Hex.
2033 2007 2065 2032 2,
2079 2007 2103 2032 3.
2139 1999 2286 2032 symmach.
2299 2001 2346 2036 Ep.
2359 2009 2406 2035 ιο,

236 2042 273 2065 21,
288 2042 344 2066 245.
416 2033 554 2059 Auxilium
568 2033 655 2068 legum
669 2033 821 2060 inualidum
844 2033 936 2060 Tacit.
951 2035 1019 2060 Ann.
1036 2042 1055 2064 1,
1073 2036 1109 2060 16.
1180 2035 1285 2069 Corpus
1351 2040 1385 2068 27
1405 2032 1438 2060 ad
1452 2032 1557 2060 Valent.
1571 2033 1646 2067 Frag.

235 2070 316 2096 Ouid.
332 2067 409 2103 Epist.
424 2077 467 2100 21,
487 2076 548 2102 207.
621 2069 724 2102 Corpus
740 2069 769 2095 fit
784 2068 932 2094 inualidum
971 2068 1092 2095 Scribon.
1109 2075 1161 2104 187.
1233 2071 1286 2097 Co·
1387 2076 1398 2095 1
1409 2076 1431 2095 N
1443 2075 1462 2094 V
1473 2076 1514 2096 EC
1526 2075 1548 2094 T
1559 2076 1642 2101 RIX,
1659 2068 1716 2095 icis.
1747 2068 1768 2095 f.
1814 2068 1936 2095 Ambros.
1949 2068 2028 2103 Epist.
2042 2074 2080 2099 82.

237 2105 302 2131 lum.
315 2113 345 2135 2,
360 2113 399 2136 11,
412 2112 424 2137 ς
456 2104 498 2130 Ne
512 2103 619 2130 alterius
634 2105 737 2138 generis
751 2104 841 2130 Herba
853 2103 997 2130 inualidam
1011 2104 1143 2131 Medicam
1157 2105 1286 2139 perimat,
1384 2112 1456 2131 1Nv
1466 2112 1483 2131 Ε
1493 2105 1543 2131 ιᾹ
1554 2111 1576 2130 Τ
1587 2112 1606 2130 ν
1617 2112 1630 2131 s
1641 2124 1649 2136 ,
1666 2113 1694 2136 a,
1714 2113 1769 2130 um.
1814 2104 1874 2131 Adi.
1928 2105 2008 2131 Mart.
2023 2104 2122 2140 Cap'ell.
2136 2113 2146 2131 1
2163 2114 2189 2141 p.
2203 2114 2216 2139 3
2253 2106 2404 2135 Inuelatum

236 2143 256 2167 i.
274 2147 396 2171 teneram,
425 2140 530 2165 nondum
550 2139 668 2165 adultam.
759 2140 855 2165 Manus
874 2139 1008 2166 inualidae
1049 2140 1147 2166 Lucan.
1173 2148 1186 2172 5
1200 2161 1207 2172 ,
1229 2149 1283 2175 275.
1300 2145 1330 2172 55
1349 2139 1524 2167 humerorum
1539 2149 1673 2166 cacumen.

236 2175 352 2207 Milites,
371 2174 485 2210 Infirmi,
505 2181 528 2201 et
543 2178 641 2202 minime
654 2173 747 2208 robusti
774 2175 834 2201 Liu.
849 2183 895 2207 23,
933 2195 939 2201 .
979 2196 984 2202 .
1058 2176 1140 2202 Ouid.
1153 2176 1240 2202 Trist.
1254 2184 1284 2208 ς,
1385 2182 1395 2201 1
1406 2182 1427 2201 N
1439 2181 1460 2199 v
1470 2182 1486 2201 E
1496 2182 1573 2201 NAL
1584 2183 1613 2202 is
1625 2195 1633 2207 ,
1655 2185 1678 2201 e.
1716 2173 1777 2201 Adi.
1820 2173 1928 2211 ἄκρατος
1941 2176 2020 2202 Glofl'.
2036 2176 2084 2203 Gr.
2097 2176 2155 2203 Lat.

236 2220 279 2243 12,
300 2220 322 2237 11
356 2211 406 2236 Des
425 2211 487 2237 licet
505 2211 624 2237 inualido
645 2211 735 2245 ρεξὶιιε
755 2211 824 2237 mihi
845 2210 944 2237 robore
962 2210 1077 2243 fultum,
1111 2210 1189 2237 Fama
1201 2211 1286 2238 refert
1386 2216 1396 2234 1
1408 2216 1429 2234 Ν
1442 2216 1462 2235 V
1474 2217 1522 2236 EN
1533 2217 1551 2236 D
1562 2209 1661 2237 113le
1671 2218 1701 2242 S,
1719 2219 1743 2236 e.
1779 2209 1839 2236 Adi·
1893 2212 1976 2238 Plaut.
1991 2213 2069 2238 Poen.
2085 2221 2111 2244 1,
2126 2221 2155 2245 2,
2169 2217 2210 2242 128
2236 2212 2404 2241 Inuendibili

236 2247 316 2279 Anyti
330 2246 405 2279 quale
420 2247 495 2273 fuisse
508 2255 564 2272 reo.
620 2247 666 2274 Sed
677 2246 772 2274 rec‘it'us
783 2246 909 2282 legendum
922 2245 981 2279 effi>,
1003 2246 1055 2272 Hic
1070 2245 1176 2278 valido,
1201 2246 1285 2272 admo·
1348 2253 1436 2270 merce
1450 2251 1557 2279 oportet
1572 2246 1644 2272 vltro
1658 2251 1788 2273 emtorem
1809 2245 1955 2280 adducere,
1981 2247 2066 2282 proba
2085 2256 2160 2274 merx
2179 2248 2257 2275 facile
2272 2254 2404 2277 emtorem
2441 2255 2444 2259 “

234 2289 275 2308 net
289 2282 412 2315 Heinsius.
520 2282 586 2308 Plin.
601 2287 630 2314 8,
652 2290 665 2315 5
697 2282 779 2309 Index
798 2283 855 2308 Suis
868 2281 999 2308 inualidae
1014 2290 1092 2308 cruor
1107 2282 1135 2307 in
1149 2282 1237 2308 radice
1249 2283 1286 2308 se·
1351 2281 1467 2314 reperit,
1486 2281 1586 2307 tametsi
1602 2282 1630 2306 in
1648 2280 1766 2307 abstruso
1780 2280 1823 2308 fita
1836 2281 1881 2308 est.

235 2324 276 2344 tae
290 2318 366 2344 dorso
380 2317 484 2344 euulsae
493 2337 500 2348 ,
515 2323 591 2352 caput
604 2318 745 2352 obliquum
759 2319 787 2344 in
801 2318 905 2345 incessu.
980 2317 1129 2344 Inualidior
1146 2318 1284 2351 Augustin.
1297 2318 1333 2343 60
1386 2323 1396 2341 1
1408 2323 1430 2342 N
1443 2324 1461 2341 V
1472 2323 1488 2343 Ε
1497 2324 1519 2342 N
1529 2323 1548 2343 D
1558 2315 1598 2343 ῖΤ
1607 2324 1627 2342 V
1637 2324 1649 2344 s
1658 2336 1665 2347 ‚
1683 2325 1711 2347 a,
1732 2326 1786 2343 um.
1834 2317 1896 2343 Adi.
1951 2318 2010 2343 Non
2024 2317 2150 2344 venditus.
2206 2319 2330 2345 Scaeuola
2343 2319 2372 2345 in
2384 2319 2403 2346 l.

236 2354 307 2379 Retr.
324 2363 349 2386 1,
368 2362 393 2385 9.
416 2366 417 2369 ¹
463 2353 540 2379 Vires
570 2354 652 2380 Ouid.
665 2354 751 2381 Trist.
766 2363 792 2387 1,
806 2362 835 2387 5,
849 2360 893 2386 72.
997 2353 1092 2388 Super-t.
1130 2353 1285 2379 Inualidilli-
1350 2351 1423 2377 Seius
1437 2352 1468 2377 D.
1483 2352 1515 2377 de
1528 2351 1640 2378 rescind.
1653 2352 1730 2378 vend.
1763 2352 1916 2385 Quaesitum
1932 2351 1981 2382 est,
2006 2361 2089 2386 quum
2108 2361 2195 2387 neque
2208 2353 2343 2380 fideiussor
2357 2355 2401 2380 da-

235 2398 308 2415 mum
321 2390 383 2415 vrso
398 2394 473 2423 caput
504 2389 570 2415 Plin.
585 2394 613 2420 8,
626 2392 664 2421 36.
849 2385 871 2426 fl
890 2397 907 2414 2.
943 2388 1005 2415 Sunt
1018 2396 1041 2414 et
1055 2391 1097 2424 qui
1108 2391 1196 2415 volunt
1209 2390 1286 2415 Inua-
1348 2393 1406 2419 1115,
1432 2396 1520 2422 neque
1537 2389 1625 2414 omnis
1640 2388 1749 2422 pecunia
1763 2389 1906 2414 secundum
1919 2386 2004 2421 legem
2017 2387 2069 2413 suis
2082 2387 2176 2414 diebus
2190 2389 2275 2415 soluta
2287 2388 2330 2415 fit:
2364 2397 2400 2416 an

235 2424 320 2450 lidum
333 2433 507 2460 nonnunquam
520 2424 636 2451 denotare
653 2424 730 2451 Valde
745 2424 865 2451 validum.
920 2424 952 2450 In
964 2424 1097 2459 aliquando
1112 2431 1183 2461 auget
1192 2444 1199 2456 ,
1218 2424 1285 2459 quod
1346 2422 1454 2456 praedia
1467 2424 1606 2449 inuendita
1620 2423 1678 2450 sint.
2267 2441 2272 2449 .

231 2467 301 2495 patet
313 2464 340 2486 in
355 2461 485 2494 Inclytus,
504 2467 528 2487 et
542 2460 571 2487 id
582 2469 659 2497 genus
671 2462 766 2487 multis.
837 2456 964 2487 Antion-es
977 2459 1006 2486 de
1017 2460 1065 2486 hac
1077 2470 1102 2487 re
1115 2460 1212 2487 laudati
1211 2460 1286 2496 Junt,
1384 2465 1393 2483 1
1404 2465 1425 2483 N
1434 2464 1455 2483 V
1465 2458 1483 2484 1⁴3
1492 2465 1513 2484 N
1525 2466 1533 2484 1
1545 2465 1579 2496 Q,
1598 2460 1678 2490 veni,
1696 2465 1806 2485 ventum
1815 2478 1822 2490 ,
1838 2461 1887 2486 ire.
1924 2456 2059 2492 [ἕυρῖσκω]
2116 2457 2192 2494 Qqst'
2206 2460 2236 2485 In
2250 2457 2351 2494 aliquid
2361 2467 2402 2485 va-

234 2496 340 2523 Lucret,
355 2505 378 2528 1,
399 2503 451 2530 970
1297 2497 1328 2529 65
1347 2496 1418 2525 nire,
1445 2494 1484 2519 uel
1502 2495 1618 2526 confluo,
1642 2494 1779 2528 quaerendo
1796 2496 1836 2519 uel
1854 2494 1909 2529 casu
1925 2504 1932 2518 :
1968 2494 2011 2519 hic
2029 2496 2063 2526 est
2082 2498 2226 2528 explorare,
2252 2497 2402 2530 comperire,

388 2531 518 2558 Inualidis
536 2537 626 2558 Vtrum
646 2535 797 2558 contortum
815 2530 919 2557 viribus
938 2530 980 2557 ire
1347 2528 1542 2563 deprehendere,
1562 2535 1608 2555 etc.
1680 2528 1762 2554 Plaut.
1775 2528 1838 2554 Cist.
1853 2538 1888 2560 4,
1903 2537 1930 2561 2,
1943 2537 1973 2560 93
2005 2528 2087 2561 Qiod
2100 2530 2298 2563 quaeritabam,
2317 2529 2402 2556 filiam

390 2568 453 2600 Quo
474 2568 557 2593 fuerit
573 2567 677 2593 miffum
702 2567 786 2593 mauis
807 2566 939 2601 longeque
960 2567 1067 2597 volare,
1348 2564 1441 2590 inueni
1455 2573 1550 2592 meam.
1641 2563 1722 2590 Nihil
1740 2563 1775 2589 est
1794 2563 1870 2589 timul
1886 2569 1911 2589 et
1930 2564 2069 2590 inuentum
2086 2571 2111 2590 et
2124 2565 2272 2599 perfeClum
2301 2565 2358 2592 Cic.
2371 2565 2402 2592 in

390 2603 431 2628 An
450 2602 593 2637 prohibere
614 2602 717 2637 aliquid
738 2603 842 2634 censeS,
862 2603 1019 2637 obstareque
1040 2602 1127 2636 posse?
1348 2600 1431 2626 Bruto
1450 2609 1472 2626 c.
1487 2606 1520 2630 18.
1608 2600 1690 2626 Ouid.
1705 2599 1770 2625 Met.
1785 2607 1815 2629 2,
1836 2607 1888 2633 729
1925 2599 1955 2624 [tt
1969 2608 2035 2633 quos
2049 2609 2103 2626 non
2116 2600 2209 2627 habuit
2224 2601 2270 2627 sub
2282 2601 2401 2627 nubibus

236 2638 286 2663 Hic
297 2638 413 2664 nonnulla
427 2640 575 2673 exemplaria
588 2639 718 2670 exhibent,
740 2638 769 2663 Id
782 2638 892 2664 validis:
928 2638 1044 2664 nonnulla
1057 2647 1130 2668 vero,
1148 2635 1285 2662 Inualidis.
1349 2636 1453 2661 inuenit
1465 2636 1548 2670 igneS.
1639 2634 1792 2665 Inueneris,
1811 2641 1860 2669 pro
1882 2636 2016 2660 Inuenias:
2051 2636 2097 2662 hoc
2114 2634 2147 2668 est
2161 2636 2292 2672 sciscitc're
2316 2637 2401 2663 Plant.

234 2674 266 2699 Et
280 2677 322 2707 qui
336 2674 421 2709 legunt
435 2673 564 2700 Inualidis
580 2677 790 2709 interpretantur,
820 2674 896 2699 Valde
910 2674 1013 2699 validis.
1068 2673 1138 2700 Mihi
1148 2672 1175 2698 Id
1188 2672 1285 2697 validis
1297 2676 1334 2704 70
1348 2671 1440 2697 Bacch.
1456 2682 1488 2704 4,
1509 2679 1542 2705 7,
1560 2679 1604 2704 42.
1693 2670 1864 2706 Comminishi,
1891 2673 2032 2705 excogitare
2044 2681 2052 2696 .·
2088 2671 2168 2698 Nihil
2185 2679 2260 2699 acute
2280 2673 2401 2699 inueniri

233 2711 320 2734 melius
335 2708 442 2734 uidetur.
516 2711 545 2735 Et
562 2709 653 2735 lustin.
666 2717 712 2741 41,
723 2711 755 2741 6,
776 2717 789 2740 3
822 2708 863 2734 Ab
876 2708 1085 2735 inualidioribus
1099 2707 1200 2734 Parthis
1213 2707 1285 2733 velut
1349 2707 1431 2741 potest
1459 2707 1515 2733 Cic.
1529 2707 1561 2733 de
1575 2706 1615 2733 Cl.
1630 2706 1703 2732 Orat.
1725 2716 1746 2732 c.
1760 2714 1785 2738 9.
1865 2705 1933 2732 Ter.
1946 2707 2011 2732 Eun.
2026 2715 2056 2740 3,
2072 2714 2096 2737 1,
2110 2709 2144 2733 62
2173 2708 2314 2735 Caeterum
2327 2708 2400 2735 idem

234 2744 374 2778 exsangues
389 2743 498 2778 oppressi
512 2745 578 2770 sunt.
640 2744 687 2771 Sed
698 2743 727 2770 de
743 2743 840 2779 huiusi-*e
853 2744 1094 2780 Iocifigntficationr
1107 2753 1155 2770 non
1168 2746 1234 2769 inter
1249 2746 1287 2768 in-
1349 2743 1399 2769 hoc
1414 2749 1472 2769 tuto
1487 2743 1583 2769 melius
1597 2748 1696 2776 quanto
1710 2740 1849 2768 inueniffes
1863 2741 1980 2767 Thraso.
2061 2742 2144 2769 Plaut.
2164 2743 2242 2770 Most.
2256 2752 2287 2776 3,
2307 2753 2335 2777 1,
2355 2752 2399 2777 159

234 2785 355 2813 terpretes
376 2782 490 2805 conuenit
502 2790 513 2808 ,-
554 2781 602 2805 alii
624 2782 823 2814 interpretantur
852 2781 941 2814 Magis
968 2779 1080 2810 validos,
1111 2780 1159 2805 alii
1188 2780 1286 2805 Minus.
1347 2779 1433 2813 Igitur
1446 2786 1503 2805 tum
1517 2778 1637 2805 accedam
1651 2778 1717 2810 huc,
1736 2777 1842 2812 quando
1856 2777 1921 2812 quid
1933 2786 2007 2811 agam
2021 2778 2161 2805 inuenero.
2234 2780 2306 2806 Idem
2317 2780 2400 2806 Merc.

235 2813 361 2846 Posterius
373 2822 501 2846 conuenit,
511 2813 537 2847 fi
551 2814 693 2850 intelligas,
718 2823 731 2840 a
750 2814 851 2840 Parthis
868 2817 979 2850 alioquin
993 2822 1016 2840 et
1028 2814 1132 2840 antehac
1144 2814 1287 2840 inualidio-
1349 2823 1375 2846 2,
1390 2823 1411 2846 1,
1425 2823 1458 2848 29
1482 2815 1541 2840 Hoc
1557 2823 1634 2848 quam
1648 2816 1678 2839 ad
1692 2822 1749 2839 reni
1763 2812 1869 2839 credam
1884 2813 2017 2847 pertinere
2030 2814 2181 2847 somnium,
2207 2823 2311 2850 nequeo
2325 2815 2400 2842 inue-

234 2850 309 2877 ribus
335 2856 359 2875 et
385 2854 467 2876 minus
498 2853 592 2876 virium
621 2849 786 2882 habentibus,
816 2857 865 2885 per
896 2850 961 2877 hant:
994 2849 1139 2883 occasionem
1168 2849 1289 2885 opprcſjbs
1305 2849 1338 2877 75
1350 2851 1417 2876 nire.
1489 2850 1548 2876 Liu.
1563 2859 1592 2882 3,
1606 2858 1632 2881 23
1654 2856 1718 2876 extr.
1752 2849 1852 2875 Eodem
1865 2857 1936 2874 anno
1951 2848 2054 2875 descisse
2068 2850 2202 2883 Antiates,
2220 2851 2288 2886 apud
2302 2851 2400 2886 pleros-

235 2885 397 2912 Bactrianos.
1350 2894 1402 2920 que
1421 2884 1541 2912 au&ores
1564 2885 1686 2911 inuenio.
1774 2884 1840 2911 Plin.
1855 2892 1872 2919 7
1883 2904 1891 2916 ‚
1916 2886 1946 2911 16
1979 2885 2134 2912 Inuenimus
2158 2886 2186 2912 in
2208 2885 2398 2913 monumentis.

273 2928 282 2946 1
294 2927 314 2946 N
325 2925 345 2946 V
355 2928 376 2947 A
387 2928 403 2947 1,
414 2926 424 2945 1
434 2926 453 2947 D
462 2927 487 2946 E.
544 2919 612 2946 Adu-
667 2919 768 2946 Arnob.
780 2927 797 2953 7
811 2929 835 2954 p.
845 2928 898 2953 250.
950 2920 1062 2955 Legitur
1074 2921 1154 2948 etiam
1168 2921 1196 2947 in
1209 2920 1288 2948 libris
1349 2921 1490 2948 Inuenitur
1501 2923 1571 2947 inter
1583 2921 1704 2955 exempla
1734 2919 1809 2946 Idem
1823 2929 1867 2953 14,
1881 2928 1915 2952 13.
1989 2921 2058 2947 Ter.
2074 2922 2139 2947 Eun.
2148 2930 2164 2948 2
2174 2941 2183 2954 ‚
2198 2931 2222 2951 1,
2234 2931 2253 2953 4
2285 2920 2398 2948 Vtinam

236 2954 397 2991 quibusdam
409 2962 449 2990 ap.
464 2955 519 2982 Cic.
533 2956 587 2982 Att.
603 2963 639 2986 10,
653 2959 675 2985 8.
1349 2962 1403 2984 tam
1417 2957 1519 2992 aliquid
1533 2957 1657 2982 inuenire
1669 2955 1746 2983 facile
1759 2955 1833 2990 poffis
1848 2955 1984 2986 Phaedria,
2003 2965 2081 2991 quam
2096 2957 2146 2983 hoc
2160 2955 2273 2990 peribit:
2308 2957 2401 2983 Dona-'

274 2998 444 3018 1NVANVM.
481 2991 548 3017 Adu.
584 2992 714 3017 Inuanum
727 2989 848 3016 laborare
870 2991 989 3018 Tertull.
1003 2992 1062 3019 adu.
1076 2993 1285 3026 Hermog.c.37.
1347 2998 1388 3020 tus
1402 2996 1584 3028 interpretatur
1596 2992 1742 3027 acquirere.
1835 2992 1891 3018 Cic.
1906 2992 2018 3025 Philipp.
2034 3002 2055 3025 3,
2069 2994 2095 3018 16
2125 2992 2179 3025 Qi
2194 2998 2302 3025 propter
2315 2991 2398 3019 haesi-

236 3026 304 3054 Add.
318 3027 437 3061 Fulgent.
458 3026 492 3053 ad
512 3026 588 3053 Prob.
608 3026 640 3053 de
656 3027 731 3053 Orat.
745 3026 848 3060 Vulgat.
863 3026 944 3053 Exod.
958 3036 1006 3060 20,
1024 3036 1050 3062 7.
1105 3029 1199 3055 Melius
1211 3027 1286 3062 forte
1299 3026 1332 3052 80
1348 3029 1458 3055 tantiam
1471 3029 1593 3062 linguae,
1611 3028 1798 3062 stuporemque
1810 3027 1897 3054 cordis
1907 3047 1915 3058 ,
1933 3027 2088 3061 Cognomen
2100 3037 2130 3054 ex
2148 3027 2307 3053 contumelia
2321 3028 2397 3054 inue-

235 3061 409 3098 dtstmguteur.
1348 3065 1398 3090 nit.
1457 3066 1532 3091 Nunc
1545 3063 1626 3090 editur
1640 3064 1780 3090 Traxerit.
1852 3062 1890 3089 Id.
1901 3064 1976 3089 Verr.
1989 3072 2010 3095 3,
2025 3065 2072 3098 176
2093 3064 2146 3089 Iam
2163 3071 2228 3088 vero
2242 3063 2327 3089 scriba
2335 3068 2397 3090 tuus

274 3104 314 3124 1N
326 3104 346 3123 v
356 3105 377 3124 A
388 3103 537 3124 RIATVS
549 3117 558 3130 ‚
577 3106 608 3130 a,
628 3106 683 3124 um.
719 3097 781 3124 Adi.
825 3096 856 3123 Et
868 3096 992 3123 varianda
1007 3107 1133 3131 mouens,
1151 3098 1284 3126 inuariata
1347 3100 1448 3126 annulo
1463 3108 1545 3126 aureo
1558 3100 1621 3132 suo,
1647 3109 1725 3134 quem
1739 3108 1770 3125 ex
1791 3098 1831 3125 his
1844 3099 1923 3125 rebus
1936 3099 2053 3129 inuenit,
2074 3098 2118 3123 ista
2132 3103 2158 3123 te
2173 3098 2276 3124 ratione
2288 3099 2328 3125 vti
2340 3107 2396 3126 non

237 3139 325 3159 manet
352 3132 480 3168 Arnulph.
497 3133 599 3160 chou.
613 3134 700 3160 Carni.
714 3143 731 3167 4
744 3143 770 3159 v.
779 3132 826 3159 vlt.
1349 3136 1430 3168 sinet,
1458 3138 1477 3162 i.
1498 3138 1596 3162 meruit.
1700 3135 1879 3169 Cognoscere:
1914 3135 1981 3161 Tcr.
1995 3135 2058 3160 Eun.
2075 3140 2096 3165 5,
2109 3141 2126 3165 9
2146 3137 2195 3165 (8)
2216 3136 2233 3160 6
2257 3134 2310 3160 Scis
2323 3135 2395 3161 Pam-

275 3174 283 3193 1
296 3175 315 3194 N
326 3175 347 3193 v
357 3176 372 3195 r
382 3175 399 3194 c
412 3176 432 3195 T
443 3176 480 3195 10
490 3188 496 3198 ,
533 3170 585 3195 vid.
608 3176 616 3194 1
628 3176 649 3195 N
661 3176 679 3193 ν
692 3175 708 3195 Ε
718 3176 737 3195 H
750 3175 781 3195 ο.
1349 3171 1449 3205 philam
1464 3180 1549 3197 meam
1564 3171 1697 3197 inuentam
1713 3171 1817 3197 ciuem}
1851 3170 1979 3196 Donatus.
2049 3168 2162 3194 Inuenio
2187 3169 2306 3196 Scribon.
2315 3170 2394 3203 Epist.

272 3205 393 3231 iNVBE
405 3211 422 3230 R
436 3223 443 3235 ,
464 3205 525 3231 eris.
559 3204 620 3230 Adi.
672 3203 746 3240 Quod
757 3207 911 3230 contrarium
923 3201 1062 3236 eslVbcri.
1117 3204 1185 3230 Gell.
1205 3213 1252 3235 20,
1272 3209 1285 3235 8
1300 3202 1330 3231 85
1348 3211 1366 3233 i.
1390 3207 1487 3243 causam
1506 3206 1587 3233 video.
1694 3207 1775 3233 Satin'
1797 3205 1861 3231 istuc
1882 3206 1950 3232 mihi
1970 3203 2126 3238 exquisitum
2145 3203 2190 3230 est.
2223 3212 2284 3232 AR.
2318 3205 2394 3232 Tam

238 3239 312 3271 Quae
326 3249 408 3273 quum
424 3239 554 3274 appositae
570 3240 692 3272 fuiss'ent,
719 3246 744 3266 et
762 3240 861 3266 multae
880 3239 1003 3274 quidem,
1025 3238 1069 3265 sed
1088 3238 1212 3266 inuberes
1230 3249 1284 3266 ma-
1349 3243 1424 3275 satis,
1452 3252 1531 3277 quam
1547 3250 1681 3276 nunquam
1700 3242 1750 3268 hoc
1773 3242 1893 3268 inuenies
1915 3241 1985 3267 secus
2025 3239 2104 3265 Plaut.
2126 3239 2200 3274 Capt.
2221 3249 2250 3273 3,
2270 3249 2288 3274 4
2302 3260 2311 3274 ,
2336 3243 2392 3268 106.

237 3283 348 3309 craeque
367 3276 453 3301 essent.
508 3277 545 3301 De
565 3273 651 3307 ostreis
669 3277 796 3310 loquitur,
824 3285 885 3310 quas
911 3275 1000 3301 ibidem
1019 3282 1102 3301 tenues
1129 3282 1152 3301 ct
1171 3275 1285 3311 exsufflas
1348 3278 1416 3305 Add.
1436 3278 1474 3304 Id.
1490 3277 1580 3305 Bacch.
1594 3286 1624 3310 4,
1636 3284 1668 3311 7,
1683 3286 1725 3312 43.
1760 3285 1783 3303 ct
1801 3277 1878 3303 Most.
1891 3285 1917 3308 3,
1936 3281 2027 3308 1,1;9-
2061 3278 2091 3300 it.
2106 3283 2133 3306 ²5
2151 3284 2178 3307 ²,
2198 3278 2244 3310 46·
2317 3277 2393 3309 Qlid

238 3310 315 3336 eodem
334 3309 483 3347 significatu
501 3317 591 3343 vocat,
620 3318 704 3346 utpote
726 3312 797 3337 Luna
814 3311 953 3347 stnefinnte
980 3317 1076 3346 captas.
1136 3311 1241 3347 Legttur
1260 3318 1284 3338 et
1347 3323 1416 3340 nunc
1430 3314 1558 3347 suspicare
1570 3319 1613 3339 aut
1629 3313 1732 3339 inuenis
1747 3313 1778 3339 de
1793 3313 1840 3339 illa
1867 3312 1934 3338 Ter.
1946 3310 2042 3336 Heaut.
2056 3319 2084 3343 4,
2099 3319 2119 3342 1,
2132 3319 2175 3344 42.
2334 3312 2355 3349 fl
2374 3320 2392 3339 2
2436 3310 2440 3313 ’

237 3344 362 3378 Inhuber.
1347 3349 1510 3384 Acczaefittitu:
1561 3349 1619 3376 Liu.
1636 3356 1682 3380 25,
1703 3358 1716 3375 τ’
1735 3349 1798 3384 vers.
1807 3349 1835 3384 s.
1867 3346 1976 3373 Aditum
1990 3345 2037 3372 fibi
2050 3346 2081 3371 ad
2104 3345 2206 3372 obfides
2225 3346 2394 3375 Tarentinos

274 3388 411 3411 iNVDO,
430 3385 481 3407 are.
539 3380 675 3408 Humidum
683 3380 782 3417 facere.
838 3381 1023 3415 Lambuntque
1038 3379 1148 3407 viciffim
1168 3381 1284 3408 mulcen-
1296 3385 1332 3408 90
1348 3385 1462 3411 inuenit.
1543 3383 1612 3411 Mihi
1632 3393 1700 3410 nunc
1718 3383 1819 3410 relictis
1837 3381 1914 3408 rebus
1933 3380 2107 3407 inueniendus
2128 3381 2164 3407 est
2184 3380 2290 3416 Aliquis
2321 3383 2392 3409 Ter.

240 3418 306 3447 tem,
326 3416 460 3451 labrisque
475 3425 565 3443 manus
579 3417 707 3451 palpantis
724 3416 836 3443 inudant
862 3417 972 3443 Paullin.
987 3417 1050 3444 Nat.
1066 3417 1146 3443 Felic.
1162 3419 1193 3448 6,
1230 3437 1236 3443 .
1275 3437 1282 3443 .
1347 3421 1444 3446 Heaut,
1457 3430 1487 3452 4,
1502 3429 1515 3452 7
1536 3427 1600 3447 extr.
1672 3420 1744 3446 Idem
1758 3419 1862 3445 Phorm.
1874 3424 1887 3448 3
1897 3436 1906 3448 ,
1921 3425 1946 3447 3,
1966 3426 1975 3442 1
2001 3416 2079 3442 Vnde
2090 3425 2139 3450 ego
2151 3424 2220 3443 nunc
2236 3424 2288 3443 tam
2301 3417 2392 3445 subito

277 3457 316 3477 ΙΝ
327 3458 347 3476 ν
358 3451 450 3484 E‘Ho,
470 3453 553 3484 vexi,
572 3453 693 3483 vetitum,
714 3454 767 3479 ere.
815 3452 934 3487 [ἐπάγω]
987 3454 1059 3479 Intro
1078 3453 1179 3482 vehem
1214 3455 1285 3478 cuius
1347 3455 1409 3482 hnic
1423 3457 1567 3490 Argentum
1581 3455 1713 3481 inueniam
1729 3454 1826 3480 miser?
1906 3451 1977 3478 Idem
1991 3453 2086 3478 Heaut.
2101 3459 2130 3484 5,
2145 3461 2174 3484 2,
2191 3454 2224 3484 36
2250 3452 2391 3487 Postquam

239 3491 388 3523 eontrarium
402 3486 433 3520 est
448 3488 549 3514 Eueho.
621 3488 687 3514 Plin.
703 3490 729 3520 6,
743 3497 771 3520 19
798 3488 852 3513 Alii
865 3488 988 3514 tellurem
1003 3494 1140 3521 exercent,
1158 3488 1282 3514 militiam
1346 3492 1381 3517 est
1399 3492 1506 3518 inuenta
1519 3491 1574 3517 filia
1588 3499 1660 3522 vera,
1679 3491 1785 3516 iuuenta
1797 3487 1832 3514 est
1846 3487 1938 3519 Causa,
1952 3496 2003 3522 qua
2017 3494 2042 3514 te
2054 3487 2205 3521 expelleret.
2260 3487 2330 3514 Add.
2348 3488 2389 3515 Id.

239 3519 287 3545 alii
310 3523 452 3556 capessunt,
488 3532 587 3550 merces
609 3523 656 3549 alii
680 3524 736 3549 suas
755 3523 886 3555 euehunt,
920 3532 962 3550 rcs
992 3529 1111 3550 externas
1144 3523 1283 3550 inuehunt.
1346 3526 1428 3553 Andr.
1441 3537 1469 3560 4,
1487 3536 1512 3560 1,
1527 3536 1562 3559 19.
1635 3526 1732 3560 Neque
1746 3525 1852 3551 Certum
1869 3524 1985 3549 inueniri
2002 3529 2104 3557 poterat
2135 3523 2206 3549 Caes.
2221 3523 2247 3549 B.
2264 3524 2294 3549 C.
2311 3532 2336 3556 1,
2348 3531 2390 3557 25.

239 3554 295 3581 Cic.
310 3558 385 3583 Verr.
399 3569 421 3590 4,
436 3568 477 3591 130
504 3561 595 3593 Quum
610 3564 663 3586 tam
678 3559 761 3585 multa
775 3568 807 3585 ex
821 3559 869 3585 illo
881 3560 950 3585 mari
966 3558 1034 3585 bella
1048 3560 1212 3591 emerserint,
1228 3565 1281 3586 tani
1295 3565 1328 3591 95
1345 3565 1363 3589 i.
1386 3564 1461 3589 Sciri.
1533 3561 1602 3589 Mala
1616 3568 1684 3588 actas
1696 3561 1767 3587 nulla
1779 3558 1957 3585 Dzlmimcnta
1971 3559 2075 3584 inuenit
2101 3558 2192 3584 Afran.
2208 3567 2247 3593 ap.
2262 3559 2335 3584 Non.
2345 3567 2391 3590 1,1.

240 3591 320 3628 multa
333 3601 413 3626 porro
427 3594 456 3620 in
470 3595 581 3621 Pontum
593 3594 701 3621 inue&a
712 3594 768 3621 sint.
840 3594 879 3620 Id.
892 3594 945 3621 Off.
959 3603 990 3627 z,
1003 3598 1038 3629 76
1058 3605 1078 3621 c.
1093 3604 1125 3621 22
1160 3595 1281 3622 Tantum
1345 3598 1451 3625 Exitum
1478 3598 1535 3624 Sen.
1550 3596 1627 3632 Epist.
1643 3606 1662 3623 1.
1733 3595 1814 3621 Plaut.
1829 3594 1898 3620 Afin-
1911 3603 1937 3626 2,
1953 3603 1976 3626 2,
1992 3602 2028 3629 47
2049 3594 2169 3620 Tantum
2183 3594 2293 3620 Facinus
2306 3594 2389 3621 modo

240 3632 267 3650 ln
279 3629 408 3667 aerarium
422 3631 547 3663 pecuniae
563 3631 683 3662 inuexit,
701 3636 730 3656 vt
742 3631 820 3656 vnius
833 3631 1004 3665 Imperatoris
1016 3630 1111 3664 praeda
1124 3629 1203 3656 finem
1215 3637 1282 3657 attu-
1345 3634 1457 3660 inuenio
1470 3643 1520 3667 ego
1529 3654 1537 3666 ‚
1561 3638 1590 3660 vt
1607 3641 1655 3658 nos
1676 3631 1795 3658 dicamur
1817 3629 1870 3656 duo
1883 3630 2005 3656 omnium
2019 3629 2159 3664 dignislimi
2174 3630 2238 3660 effe,
2263 3638 2317 3663 quo
2331 3639 2389 3656 cru-

239 3658 298 3686 lerit
311 3663 483 3690 tributorum.
554 3666 610 3692 Cic.
625 3666 707 3693 Tusc.
722 3674 734 3698 3
744 3686 752 3697 ,
766 3668 796 3692 26
816 3675 837 3692 c.
853 3675 877 3692 12
911 3667 984 3693 Haec
998 3666 1080 3696 mala,
1104 3665 1121 3692 ὁ
1137 3666 1280 3693 stultissime
1345 3670 1428 3696 cimus
1441 3670 1588 3699 confluant,
1608 3671 1626 3693 i.
1645 3668 1791 3699 excogitaui.
1863 3666 1904 3692 Sic
1916 3665 1984 3692 Ter.
2000 3666 2097 3691 Heaut.
2111 3674 2137 3696 3,
2150 3673 2179 3696 3,
2192 3667 2223 3696 36
2241 3665 2291 3690 vDe
2305 3665 2388 3692 Falla-

240 3694 318 3722 Aeeta
329 3716 336 3728 ,
355 3699 408 3732 ipse
423 3699 474 3725 tibi
487 3699 623 3727 addidisti:
658 3710 713 3728 non
728 3702 829 3727 inerant
842 3701 870 3728 in
885 3700 936 3733 his,
952 3710 1019 3736 quae
1030 3701 1081 3728 tibi
1092 3703 1161 3728 casus
1174 3703 1279 3729 inuexe-
1344 3705 1384 3731 cia
1397 3706 1478 3732 dicis:
1515 3705 1574 3731 hem
1591 3703 1684 3729 inueni
1697 3697 1779 3735 nuper
1793 3701 1932 3736 quandam.
2028 3701 2088 3726 Liu.
2104 3702 2143 3731 26,
2158 3707 2187 3734 17
2211 3700 2268 3726 Nec
2281 3699 2387 3733 postero

239 3735 287 3755 rat.
335 3733 402 3759 Add.
416 3734 483 3761 Ibid.
499 3744 514 3761 2
528 3745 549 3761 c.
563 3741 585 3766 8.
676 3736 846 3763 Incommoda
860 3737 964 3763 inuecta
979 3746 1025 3771 per
1037 3737 1154 3770 aliquem
1178 3738 1234 3765 Cic.
1248 3738 1334 3767 demo
1344 3740 1387 3767 die
1400 3750 1441 3768 res
1456 3741 1549 3767 Finem
1562 3739 1674 3765 inuenit.
1746 3736 1838 3764 Gloria
1852 3745 1967 3771 opesque
1981 3735 2105 3762 inuentae
2121 3734 2387 3769 Sallust.B.Iugurth.

239 3763 341 3792 quent.
356 3776 375 3799 1,
390 3777 409 3795 1.
460 3770 527 3797 Add.
544 3772 631 3798 Varro
645 3772 716 3798 KR.
732 3782 753 3805 1,
767 3775 803 3799 16.
873 3773 930 3799 Cic.
943 3773 1026 3799 Tusc.
1042 3782 1070 3806 4,
1084 3778 1111 3805 38
1141 3774 1177 3800 Vt
1189 3783 1279 3808 quem-
1343 3783 1384 3811 73.
1455 3775 1514 3802 Sall.
1527 3775 1584 3808 Iug.
1597 3782 1633 3806 94
1652 3779 1716 3800 extr.
1749 3772 1791 3799 Sic
1805 3773 1876 3798 forte
1889 3770 2007 3798 correcta
2020 3771 2101 3798 Marii
2116 3770 2249 3796 temeritas
2264 3770 2386 3797 Gloriam

239 3807 340 3837 51¹ssque
355 3804 438 3842 casum
453 3806 559 3833 fortuna
572 3807 719 3838 inuexerit,
736 3808 804 3834 hunc
816 3812 875 3842 apte
889 3813 914 3834 ct
928 3809 1017 3842 quiete
1031 3809 1108 3834 ferat.
1185 3810 1279 3842 Qualis
1342 3820 1374 3838 ex
1388 3811 1464 3846 culpa
1482 3812 1593 3837 inuenit.
1708 3808 1774 3834 Plin.
1792 3816 1838 3841 19,
1849 3811 1869 3840 *5
1900 3806 2024 3834 Plurimis
2042 3805 2128 3833 modis
2146 3805 2294 3832 austeritate
2313 3805 2385 3833 vieta

239 3833 285 3859 ille
298 3843 445 3864 maritimus
459 3841 559 3867 Triton
574 3843 692 3877 pingitur
705 3843 855 3869 natantibus
876 3844 1004 3870 inuehens
1019 3844 1104 3870 beluis
1140 3843 1178 3870 Id.
1193 3845 1229 3871 N.
1244 3846 1278 3873 D.
1342 3847 1453 3881 gratiam
1473 3845 1586 3872 inuenit.
1679 3844 1797 3870 Gratiam
1822 3843 1870 3869 fibi
1893 3852 1907 3869 a
1932 3843 1983 3868 diis
2021 3842 2101 3868 Plaut.
2116 3840 2183 3867 Rud.
2209 3841 2279 3867 Prol.
2303 3851 2329 3868 v.
2342 3850 2383 3874 27.

239 3875 259 3897 ¹›
271 3874 302 3901 78
317 3880 337 3896 Ε·
352 3877 390 3913 28χ
423 3877 441 3898 1'·
462 3882 490 3900 vt
503 3875 607 3908 <stendit
613 3879 694 3915 series
706 3882 841 3909 orationis,
867 3879 990 3914 inferiore
995 3886 1071 3914 parte
1077 3880 1122 3914 βυ·
1134 3883 1161 3906 in
1170 3880 1280 3916 piscem,
1340 3883 1413 3909 ldem
1420 3881 1494 3916 Epid.
1508 3889 1533 3910 2,
1548 3888 1571 3912 2,
1586 3881 1632 3906 106
1657 3880 1745 3913 Quem
1761 3879 1898 3905 hominem
1912 3878 2078 3913 inueniemus
2091 3876 2124 3904 ad
2137 3884 2194 3905 eam
2209 3885 2264 3902 rem
2272 3876 2385 3903 vtilem3

239 3904 279 3928 ω’
290 3903 348 3931 (11405
359 3906 457 3942 ascet,
482 3915 572 3937 exiens.
641 3913 700 3940 Cic.
716 3913 744 3940 in
757 3914 846 3941 Somn.
859 3914 927 3950 Scip.
940 3923 953 3947 3
974 3923 995 3941 c.
1010 3924 1026 3942 2.
1057 3915 1105 3942 Sed
1123 3924 1208 3950 quum
1224 3916 1330 3949 eris105
1339 3917 1434 3944 Hostes
1469 3916 1531 3942 Liu.
1543 3923 1556 3948 3
1568 3934 1578 3948 ,
1590 3922 1617 3948 7.
1706 3914 1816 3942 Hostem
1828 3913 2047 3949 populabundum
2058 3913 2087 3940 in
2099 3919 2163 3946 agro
2202 3911 2277 3939 Idem
2296 3920 2310 3944 3
2324 3931 2332 3943 ‚
2355 3920 2384 3944 4·

2298 3947 2381 3975 Plaut.
