2479 4225
19 96 37 117 ’(1

20 159 81 173 ,ν’

17 210 28 231 n
55 170 141 237 1025
204 245 206 248 y
506 186 522 226 1

621 184 663 225 N

56 274 186 311 legauerit
197 275 309 302 eundem
325 276 428 302 seruum
445 285 450 301 :
486 275 515 302 iu
529 274 649 302 Obscuro
664 272 814 300 libertatem
831 267 990 309 praeualere,
1025 271 1043 293 i.
1065 269 1095 294 1⁷11

25 314 29 328 ⁷
57 311 138 338 dubio.
245 311 376 337 Columel.
393 319 426 342 12,
441 318 464 344 15
500 311 591 344 Quum
603 309 639 336 sol
655 309 683 335 in
698 309 824 336 Occasum
836 306 933 338 fuerit,
952 309 1095 337 erigantur.

16 341 31 372 ¹⁸.
56 342 141 374 Fiant.
154 345 235 373 Trin.
248 355 271 378 3,
285 355 308 379 2,
321 348 352 376 86
371 347 449 373 Nihil
464 355 513 381 ego
528 347 556 372 in
569 344 681 372 Occulto
692 353 768 379 agere
788 342 866 374 solv.
902 348 975 366 meus
996 345 1023 365 vt
1044 339 1098 365 ani-

11 402 14 404 *
34 381 47 390 ⁴
57 390 116 410 mus
127 381 164 408 est
176 381 294 416 eloquar.
312 384 330 407 i.
351 383 436 408 Palam
447 381 626 417 omniafac1'0‚
645 380 711 407 nihil
722 381 794 406 clam.

19 418 24 424 ¹
59 416 120 444 dem
135 417 265 443 exercitus
278 417 341 451 quid
355 426 387 444 ex
401 426 433 443 eo
448 417 483 444 est
496 418 648 443 consecutus
662 416 671 442 3
706 416 763 442 Cic.
776 415 808 440 de
820 412 877 450 fin.
891 420 910 443 1,
923 418 958 442 35.

887 376 918 401 In
936 375 1028 401 Oculis
1041 375 1098 408 qui-

58 460 108 488 P1‘0
122 452 206 478 Plan&
221 455 256 479 66
284 453 355 479 Nam
374 452 541 488 posteaquam
555 452 617 478 sensi
631 451 759 486 Populum
771 451 919 476 Romanum
934 454 1008 472 aures
1022 446 1099 472 hebe-

22 502 31 522 l·
58 487 156 520 tiores,
175 487 265 514 oculos
278 497 349 515 acres
362 494 441 522 atque
455 494 544 517 acutos
556 487 674 514 habere:
710 484 810 515 destiti,
832 480 895 517 quid
916 480 947 507 de
966 491 1007 507 me
1026 482 1098 508 audi-

57 522 114 550 turi
126 523 214 555 essent,
230 524 347 558 cogitare
360 534 365 550 :
383 523 445 556 feci,
459 530 488 550 vt
502 523 588 558 postea
601 522 723 557 quotidie
735 528 777 546 me
789 518 950 553 praesentem
964 517 1099 544 viderent:

16 557 19 560 ⁴
59 557 180 584 habitaui
194 559 221 584 in
235 560 342 590 Oculis,
359 559 432 594 preffi
446 568 538 585 eorum
551 559 685 585 neminem
697 566 711 583 a
723 554 855 588 congressu
867 561 938 580 meo.
950 566 952 571 ν

59 601 109 628 pro
123 593 207 620 Plane.
221 597 256 629 67
276 595 325 621 Sed
338 602 368 621 vt
380 594 485 621 redeam
499 595 531 621 ad
544 594 694 624 Plancium,
713 598 849 624 nunquam
869 597 901 614 ex
920 586 986 614 vrbe
1004 588 1099 622 abfuit,
1116 595 1144 613 10

12 847 15 849 '
58 850 155 868 vorum
168 842 308 870 hommum
323 845 408 870 virtus
423 848 449 869 et
460 841 596 868 industria.

20 1233 24 1241 1

10 1570 25 1605 :x'
51 1584 156 1619 aliquot
169 1586 311 1612 adsuerunt
322 1586 432 1612 liberae.

0 2437 1 2446 ¹
45 2441 114 2459 num.
151 2431 330 2458 Plaut.Trin.
369 2449 376 2457 .

0 2484 1 2491 l
18 2486 22 2490 .

0 2498 2 2510 l

12 3171 22 3186 ι’

16 3577 22 3602 1

13 3617 20 3635 ‹'

7 2042 12 2048 “
51 2043 113 2069 Liu.
127 2051 147 2076 1,
161 2052 196 2076 35.

9 2649 13 2658 ⁵
46 2648 206 2680 Perpetuum
221 2643 280 2670 fore
295 2643 389 2678 putasti
404 2644 413 2670 3

8 3183 26 3218 ξ
52 3187 104 3214 que

10 3512 46 3557 ὲ
54 3501 83 3527 in
93 3498 248 3526 Potestatem
269 3495 377 3531 quidem
390 3496 416 3523 P.
432 3497 465 3523 R.
476 3500 536 3526 esset
566 3499 625 3526 Liu.
640 3509 663 3531 2,
680 3508 718 3532 14.

18 3550 82 3614 ⁴{ide
119 3569 169 3606 issu
201 3571 282 3603 antiq.
309 3569 384 3594 locut.
419 3567 507 3603 than.
533 3570 588 3597 Ind.
606 3571 713 3597 Lucret.

54 3642 88 3669 ad
99 3641 231 3675 Qiinefil.
244 3642 270 3673 6,
283 3647 304 3665 2.
340 3637 463 3665 Brouckh.
475 3639 509 3665 ad
519 3641 634 3675 Propert.
648 3651 674 3675 2,
687 3649 714 3677 7,
729 3650 768 3675 50.

20 3821 39 3850 ;“
52 3819 192 3846 Prouisum
203 3817 250 3851 est,
264 3825 297 3844 ne
310 3817 339 3844 in
351 3816 497 3843 Praesentia
509 3815 572 3842 haec
583 3815 645 3843 hinc
657 3818 740 3846 abeat.

8 3992 9 3998 1
51 3960 112 3987 Huc
126 3968 186 3987 cum
198 3960 316 3993 veniffet,
329 3965 355 3986 et
369 3960 397 3986 in
410 3958 556 3988 Praesentia
568 3966 614 3986 rex
626 3957 722 3986 abesset
739 3959 808 3995 Nep.
816 3969 838 3995 2,
845 3966 869 3996 8,
881 3970 909 3996 4.

1043 554 1099 580 Cic.

26 645 29 649 «
58 628 107 655 nisi
120 629 191 656 forte
204 629 279 665 lege,
298 629 442 657 neceffitate
457 641 462 656 :
497 639 552 657 non
564 629 648 656 valuit
661 626 738 654 rebus
753 625 863 656 iisdem,
881 623 979 658 quibus
997 623 1100 650 fortass'e

57 664 181 691 nonnulli
196 676 201 691 :
237 672 262 692 at
277 666 360 693 valuit
372 665 532 701 inmanitate,
553 670 578 691 at
592 663 674 691 valuit
685 661 819 688 seruandis
836 659 944 691 amicis,
963 659 1046 686 valuit
1069 660 1099 685 li-

58 699 216 727 beralitate:
251 701 306 728 fuit
328 702 356 727 in
384 701 491 732 Oculis,
508 700 619 739 Utiuit,
638 698 675 725 est
697 698 756 724 vsus
770 696 888 726 ratione,
908 701 952 720 etc.
1069 696 1100 720 ln

59 735 152 762 Oculis
164 736 200 762 est
213 736 296 762 clades
316 737 408 764 Tacit.
426 737 495 764 Hist.
508 746 536 770 4,
549 743 594 770 77.
693 734 723 759 In
736 732 813 759 Odiis
824 730 937 758 resident
949 738 1034 756 mores
1049 731 1101 764 pri-

58 770 122 797 uini
140 772 222 798 Plaut.
239 773 326 799 Truc.
341 773 410 799 Prol.
424 780 450 807 7.

59 806 88 832 in
102 807 222 840 inuidia,
247 814 400 842 quantoque
419 809 448 834 in
467 806 539 833 Odio
557 806 626 841 apud
640 804 768 840 quosdam
782 802 902 829 homines
915 800 1034 833 nobiles,
1054 810 1100 827 no-

237 843 242 848 '
712 839 778 867 Pliu.
792 840 817 870 6,
830 844 861 872 27
891 837 933 863 Ibi
947 837 1100 863 mortalium

58 876 122 903 solis
146 886 239 904 aurum
259 879 287 905 in
308 879 402 906 Odio:
438 877 597 904 contrahunt
613 875 658 909 id,
678 874 833 904 defodiunt,
852 881 886 899 ne
905 881 958 907 quo
973 872 1016 898 cui
1029 872 1058 898 sit
1072 873 1099 898 in

665 917 715 946 pro
728 914 755 937 in
768 909 824 937 olla.
917 908 1013 934 Patere.
1036 917 1058 939 ε,
1067 916 1101 948 97

57 913 115 939 vsu.
208 915 240 940 In
253 914 341 941 Ollam
353 922 450 940 nouam
471 912 590 939 Scribon.
604 914 647 938 60.

55 954 98 983 pr.
119 949 230 989 Accepta
244 950 272 976 in
286 949 427 976 Germania
440 948 525 975 clades
538 948 586 974 sub
598 947 685 981 iegato
697 946 735 973 M.
747 944 846 975 Lollio,
855 942 963 969 homine
976 943 1003 969 in
1011 952 1100 970 omnia
1114 952 1149 970 20

57 992 185 1024 pecuniae
199 993 278 1019 quam
289 984 360 1011 10610
373 984 490 1011 faciendi
503 983 651 1018 cupidiore.
757 981 825 1007 Ter.
839 980 934 1005 Heaut.
951 989 969 1011 1,
984 988 1007 1010 1,
1021 988 1044 1005 21
1066 980 1099 1005 At

57 1027 130 1046 euim
143 1020 230 1051 dices,
249 1029 292 1046 me
305 1026 432 1054 quantum
446 1019 490 1046 hic
504 1019 599 1054 Operis
619 1017 679 1049 fiat,
698 1016 817 1051 poenitet
831 1025 836 1040 :
872 1014 944 1049 quod
965 1016 992 1041 in
1013 1016 1100 1049 Opere

55 1055 183 1081 faciundo
196 1064 292 1090 operae
304 1056 437 1082 consumis
449 1061 526 1087 tuae,
544 1054 562 1081 fi
577 1055 660 1081 sumas
673 1053 700 1078 in
713 1052 767 1078 illis
782 1050 934 1077 exercendis
943 1070 951 1083 ‚
964 1050 1019 1084 plus
1033 1059 1100 1084 agas.

56 1089 118 1117 Liu.
130 1099 157 1124 4,
168 1099 199 1123 39
219 1090 343 1117 Tumulo
356 1091 471 1125 quodam
484 1096 612 1124 occupato
624 1090 653 1115 in
663 1087 764 1114 Orbem
777 1087 803 1112 se
817 1086 977 1112 tutabantur.
997 1089 1015 1112 i.
1023 1089 1101 1122 agmi-

56 1134 87 1150 ue
99 1127 140 1151 uel
150 1129 202 1152 acie
215 1126 338 1158 rotunda,
358 1133 388 1152 vt
401 1127 432 1152 ab
444 1129 511 1153 omni
517 1132 593 1161 parte
600 1124 714 1160 frontem
733 1129 757 1148 et
775 1131 846 1148 arma
865 1120 928 1154 hosti
948 1128 1100 1157 opponerent.
1114 1128 1146 1154 23

55 1159 117 1187 Liu.
131 1167 153 1192 ς,
167 1169 195 1193 19
210 1168 275 1187 extr.
295 1162 376 1188 Senae
389 1161 471 1188 horae
483 1162 511 1188 in
522 1160 622 1187 Orbem
635 1158 710 1192 operi
724 1157 867 1184 attributae
887 1158 959 1189 sunt,
977 1157 1054 1183 110610
1070 1166 1099 1183 ac

55 1195 100 1221 die
111 1203 246 1230 nunquam
260 1203 321 1223 ante
333 1197 455 1223 omissum
464 1217 473 1230 ,
491 1204 571 1231 quam
584 1195 612 1221 in
625 1202 712 1221 arcem
725 1194 797 1220 viam
810 1193 934 1220 facerent.
952 1196 970 1218 i.
990 1194 1098 1229 Qisque

46 1229 97 1266 fix
107 1230 183 1257 horas
195 1232 320 1259 laboraret
324 1233 374 1268 fica
386 1236 447 1259 vice.
562 1229 636 1257 Idem
648 1237 672 1264 3,
683 1231 714 1261 36
750 1230 785 1256 Vt
807 1238 875 1255 vnus
888 1229 967 1255 fasces
982 1228 1100 1260 haberet,

8 1298 10 1300 v
54 1271 81 1292 et
95 1264 146 1292 hoc
159 1266 260 1302 insigne
271 1268 376 1302 regium
389 1268 418 1294 in
430 1266 531 1294 Orbem
543 1267 615 1292 suam
628 1266 755 1299 cuiusque
766 1264 852 1291 vicem
867 1273 914 1298 per
926 1268 1015 1290 omnes
1039 1264 1099 1290 iret.

2 1309 16 1365 ᾧ
52 1300 136 1328 Plaut.
150 1302 205 1328 Cas.
220 1310 243 1335 5,
255 1311 281 1335 2,
296 1312 323 1329 22
342 1304 458 1330 Omnem
470 1301 610 1328 inOrdine
622 1310 681 1328 rem
694 1301 785 1327 fatere.
806 1303 824 1326 i.
835 1301 867 1326 Eo
882 1299 976 1332 ordine,
984 1309 1029 1335 quo
1042 1298 1101 1326 aeia
1115 1307 1148 1331 30

52 1333 96 1369 ist.

53 1390 62 1398 .
101 1391 108 1397 .
144 1372 269 1400 Tribuni
281 1374 365 1408 plebis
378 1373 407 1399 in
420 1372 551 1400 Ordinem
562 1372 674 1399 redaGii.

35 1439 36 1446 ἵ
53 1406 143 1435 11111101.
152 1416 178 1440 9,
187 1417 211 1442 12
227 1407 346 1444 Reponat
358 1409 386 1435 iu
399 1407 529 1435 Ordinem
542 1409 709 1443 reliquorum
720 1407 870 1434 alueorum.

53 1442 146 1469 Benef.
160 1451 187 1478 7,
225 1464 231 1470 .
270 1463 278 1471 .
315 1444 341 1470 Si
363 1444 391 1470 in
403 1453 451 1471 ora
472 1444 517 1480 (f.
531 1447 596 1477 ore)
615 1448 754 1479 parentum
768 1442 838 1468 filios
850 1441 962 1476 iugulat.

52 1477 91 1504 Os
104 1478 211 1505 laudare
242 1479 310 1506 Ter.
331 1479 406 1506 Adel.
426 1489 451 1511 2,
466 1490 494 1513 4,
509 1487 530 1512 5.

51 1511 103 1546 «st,
119 1514 224 1550 vulgare
235 1514 269 1548 est
289 1515 364 1542 Idem
380 1515 447 1541 ibid.
462 1524 482 1547 1,
496 1523 521 1547 2,
537 1522 571 1547 13.
679 1515 709 1540 In
722 1514 777 1540 Ore
791 1513 866 1547 vulgi
890 1513 982 1539 Tacit.
995 1512 1063 1538 Hist.
1080 1521 1102 1544 2,

54 1555 94 1583 78.
164 1550 233 1577 Ter.
249 1551 331 1577 Andr.
345 1560 373 1583 4,
387 1559 410 1583 5,
423 1559 451 1582 32
472 1549 519 1576 Dis
533 1549 578 1584 pol
590 1548 677 1576 habeo
691 1549 803 1583 gratias,
823 1558 909 1583 quum
921 1549 950 1574 in
970 1548 1102 1574 Pariundo

539 1585 607 1611 Pliu.
622 1584 700 1619 Epist.
717 1594 736 1617 1,
750 1593 763 1618 5
798 1583 960 1611 Nitebamur
991 1592 1039 1609 nos
1073 1585 1102 1609 in

50 1620 127 1646 Parte
157 1621 248 1647 causae
281 1622 409 1648 sententia
430 1620 510 1647 Metii
532 1620 646 1647 Modesti
666 1620 763 1654 optimi
782 1620 846 1647 viri.
950 1619 1011 1645 Liu.
1027 1626 1101 1654 31pr.

202 1338 345 1365 Referebat
357 1339 387 1364 in
399 1337 501 1365 Ordine
515 1336 628 1370 Thyrsis
648 1336 790 1398 VirgilEacl.
805 1343 835 1397 7ὁ
842 1344 892 1397 go(3
958 1336 1019 1362 Liu.
1050 1371 1071 1396 C
1093 1353 1100 1361 .

738 1382 746 1397 ι
768 1391 774 1397 .
794 1378 810 1398 c
913 1380 939 1397 n.
955 1380 975 1397 1.
1074 1378 1102 1395 o-

966 1407 1054 1433 Senee.
1069 1404 1102 1431 de

1070 1441 1100 1466 In

52 1655 82 1682 in
94 1656 179 1682 Praef.
192 1656 256 1682 Bell.
268 1657 369 1683 Maced.
391 1657 436 1683 Me
448 1665 557 1690 quoque
569 1657 658 1689 iuuat,
677 1655 750 1682 velut
763 1656 817 1690 ipse
829 1655 858 1681 in
869 1656 944 1682 Parte
957 1654 1057 1681 laboris
1071 1663 1100 1680 ac
1111 1659 1147 1688 40

53 1691 168 1725 periculi
182 1691 284 1718 fuissem
293 1711 299 1723 ,
319 1693 351 1719 ad
364 1692 445 1718 finem
459 1692 523 1718 belli
537 1692 628 1718 Punici
642 1692 796 1726 peruenisse.
900 1690 982 1716 Plaut.
995 1690 1063 1716 Asin.
1079 1698 1101 1722 3,

53 1734 77 1758 3»
91 1731 122 1759 89
141 1727 197 1761 Age
209 1727 257 1759 fis,
277 1728 348 1754 tuin
360 1729 462 1755 Partem
480 1736 549 1754 nunc
567 1728 622 1754 iam
640 1727 710 1753 hunc
727 1726 837 1757 delude,
855 1731 934 1760 atque
953 1726 1102 1759 amplexare

53 1761 128 1788 hanc.
147 1765 165 1788 i.
183 1762 298 1797 vicillini.
370 1764 431 1790 Liu.
444 1771 467 1796 5,
484 1772 507 1789 21
543 1762 574 1789 In
583 1764 684 1789 Partem
697 1763 808 1797 praedae
826 1763 886 1788 suae
901 1766 1008 1787 vocatos
1022 1761 1101 1786 Deos.

57 1796 116 1822 Vid.
129 1797 256 1824 Drakenb.
364 1799 425 1825 Liu.
439 1808 476 1829 10,
492 1807 520 1825 10
539 1800 573 1824 Vt
586 1798 614 1824 in
628 1798 729 1824 Partem
743 1798 801 1832 agri
812 1796 985 1830 accipiantur.
1056 1794 1102 1819 Vl-

0 1824 1 1832 *
19 1832 26 1868 ς’
51 1831 123 1865 pian.
135 1832 163 1857 in
176 1833 193 1859 I.
208 1841 221 1858 2
235 1834 267 1859 D.
281 1833 314 1859 de
328 1834 415 1859 noxal.
429 1834 480 1859 aet.
499 1833 525 1859 Si
539 1833 622 1858 fuerit
634 1832 760 1858 alienatus
775 1833 865 1857 seruus
884 1839 914 1855 111
931 1835 1036 1862 totum,
1054 1828 1099 1853 vel
1114 1832 1148 1858 45
1166 1831 1225 1856 dem
1252 1838 1294 1856 me
1317 1829 1451 1862 designato
1474 1827 1515 1852 lex
1538 1826 1565 1851 in
1589 1825 1728 1851 Publicum
1746 1825 1914 1860 proponitur.

46 1866 80 1892 'in
93 1867 204 1893 Partem.
312 1869 342 1893 In
373 1869 476 1894 Partem
506 1866 646 1893 dimidiam
680 1867 828 1900 decoquere
864 1863 996 1891 Columel.
1011 1871 1047 1894 12,
1059 1871 1101 1895 24-

24 1902 108 1928 ·-.Cic.
120 1903 198 1928 Acad.
208 1910 291 1937 4,,104
309 1903 375 1929 Item
389 1911 428 1935 ea,
437 1911 504 1938 quae
519 1901 675 1935 interrogati
689 1902 717 1927 in
730 1907 872 1934 Vtramque
880 1901 981 1926 Partem
996 1899 1103 1932 respon-

27 1960 29 1964 .
52 1937 115 1964 dere
128 1939 274 1972 possumus,
289 1939 444 1972 sequentes,
461 1946 507 1965 etc.
615 1938 648 1963 In
676 1938 780 1963 Partem
810 1936 922 1962 alicuius
946 1935 987 1961 rei
1007 1933 1101 1960 venire

51 1973 186 2006 Quinem.
201 1974 230 1999 in
243 1974 365 1999 Proocm.
380 1982 400 1999 1.
514 1973 545 1998 In
558 1971 680 1998 Partibus
697 1972 755 2004 esse,
772 1975 790 1997 i.
801 1972 892 1997 Fauere
900 1972 1015 2004 partium
1027 1970 1103 1994 alter-

51 2011 106 2034 mri
124 2007 196 2034 Flor.
211 2017 234 2040 3,
248 2016 271 2041 5,
287 2017 326 2040 23.
363 2017 387 2040 3,
400 2016 439 2041 14,
451 2016 479 2040 4.
514 2014 538 2033 et
551 2017 579 2040 4,
593 2015 616 2039 2,
631 2014 652 2039 5.

289 2043 362 2069 Idem
397 2064 403 2070 .
441 2061 448 2068 .
485 2061 492 2068 .
529 2041 640 2068 Obfidio
655 2041 683 2066 in
697 2040 757 2067 loco
769 2039 853 2072 nudo,
869 2045 947 2073 atque
960 2036 1101 2071 inopi‚vix

24 2099 28 2103 .
48 2078 80 2105 in
95 2079 197 2105 'Paucos
216 2078 270 2104 dies
287 2077 437 2105 tolerabilis
451 2083 515 2104 erat.
623 2077 693 2103 Ter.
709 2077 774 2102 Eun.
789 2083 812 2108 5,
826 2084 848 2107 2,
867 2084 878 2107 5
913 2073 1024 2100 Interim
1037 2073 1102 2098 dum

11 2123 28 2144 4
50 2119 111 2141 ante
131 2114 229 2140 ostium
250 2113 304 2146 sto,
324 2120 402 2140 notus
421 2112 491 2139 mihi
510 2111 619 2153 quidam
639 2111 749 2139 obuiam
769 2111 864 2138 venit:
900 2109 948 2136 vbi
959 2108 1034 2140 vidi,
1051 2116 1100 2142 ego

51 2158 95 2176 me
112 2149 140 2176 in
161 2148 259 2182 Pedes,
276 2155 404 2184 quantum
424 2157 510 2183 queo,
528 2156 557 2174 m
587 2148 756 2182 angiportum
788 2145 924 2186 quoddam
956 2144 1099 2170 desertum.

1025 410 1098 437 Idem
1127 419 1140 445 5

556 771 612 798 Cic.
627 770 704 796 Verr.
716 776 739 801 5,
752 774 787 797 131
820 766 945 794 Videmus
959 772 1054 799 quanta
1070 766 1099 791 tit
1120 774 1146 800 15

638 1480 670 1505 In
683 1479 738 1504 Ore
752 1477 788 1504 est
800 1478 875 1504 omni
888 1476 988 1511 populo
997 1497 1005 1508 ,
1027 1477 1101 1503 Fama
1119 1480 1147 1507 35

760 2007 874 2032 Centum
887 2006 916 2030 in
930 2006 1016 2030 Patres
1037 2002 1101 2036 legit
1119 2009 1151 2035 50
1163 2005 1286 2038 dragenis
1298 2005 1325 2030 in
1338 2002 1467 2030 Ρ11116111111
1481 2007 1538 2028 11-5.
1553 2001 1635 2027 aleam
1649 2000 1716 2026 111111.

1581 179 1599 220 1
1679 181 1724 220 N

1160 270 1188 297 in
1200 269 1347 298 Praesentia
1360 269 1578 297 vestimentorum
1592 260 1791 304 fuitsarripuit
1814 270 1882 305 Nep.
1891 279 1915 306 7,
1923 279 1949 306 4,
1958 279 1978 305 5.
2045 272 2197 300 Add.Cacs.

1159 307 1187 332 B.
1203 307 1267 338 C.·1‚
1279 308 1295 332 6
1308 313 1332 332 et
1344 315 1381 338 30.
1453 307 1520 332 Cels.
1534 315 1562 339 4,
1574 314 1586 338 3
1600 311 1644 332 etc.
1752 306 1923 339 opponuntur.
1959 309 2013 334 Cic.
2028 309 2104 336 Verr.
2124 318 2135 340 ς
2145 329 2152 341 ,
2166 314 2199 342 84

1160 343 1191 368 ln
1215 342 1376 373 Praesentia,
1396 341 1483 375 inquit
1504 342 1674 373 Cleomenes,
1691 340 1814 374 quoniam
1837 341 1872 366 ita
1886 345 1979 369 neccsse
1994 343 2049 369 cst:
2086 345 2127 370 sed
2143 344 2197 378 post

1161 377 1263 411 aliquid
1284 376 1450 408 videbimus,
1469 385 1500 402 ne
1520 377 1566 403 iste
1588 376 1664 403 nobis
1684 375 1786 402 obstare
1800 375 1881 409 ponit.
1984 379 2047 405 l’lin.
2062 380 2089 405 in
2105 382 2197 414 Paneg.

1162 421 1190 445 33
1207 414 1282 446 Qios
1295 412 1403 447 quidem
1418 421 1470 438 non
1488 412 1514 437 in
1531 413 1648 439 Praesens
1661 417 1778 442 tautum,
1796 411 1838 437 sed
1854 411 1882 436 in
1899 417 2032 439 aeternum
2052 415 2198 449 repressisti.

1162 448 1281 479 Geu.12‚
1295 457 1317 474 11
1337 449 1429 481 Quum
1445 455 1533 473 emere
1546 448 1625 474 vellet
1647 447 1674 474 iu
1699 447 1795 481 palatio
1820 446 1946 477 domum,
1966 454 1991 473 et
2013 451 2147 481 pecuniam
2170 451 2198 477 in

1162 484 1280 510 Praesens
1293 493 1346 509 non
1361 483 1476 510 haberet.
1582 484 1614 510 In
1626 484 1745 509 Praesens
1758 483 1838 508 lactus
1849 484 1951 508 animus
1986 483 2053 509 Hor.
2073 486 2159 512 Carni.
2175 494 2199 519 2,

1164 521 1200 551 16,
1216 526 1255 551 25.
1302 519 1358 546 Vsd,
1371 520 1401 545 In
1414 517 1556 544 Posterum.
1627 519 1776 552 Conflsac.
1785 517 1851 544 Hist.
1860 526 1884 549 2,
1892 525 1935 551 70,
1944 527 1963 549 3.
2057 520 2112 545 Cic.
2128 522 2197 547 Fam.

1162 563 1187 586 2,
1203 563 1219 586 9
1234 557 1298 586 (10)
1319 556 1390 581 Haec
1405 553 1435 580 ad
1450 559 1475 579 te
1489 553 1515 578 in
1531 554 1657 580 Praesenti
1672 553 1766 587 scripsi,
1787 559 1816 580 vt
1830 554 1924 587 speres,
1937 559 1963 579 te
1975 553 2072 587 assequi
2086 554 2112 580 id
2127 557 2199 590 quod

1161 596 1244 624 optas.
1338 590 1445 616 Inimici
1459 587 1643 623 quiescendum
1658 590 1683 615 in
1699 589 2008 616 Praesenticlecreuerunt
2032 589 2100 624 Nep.
2110 597 2136 624 7,
2144 600 2170 624 4,
2178 600 2198 617 2.

1162 625 1244 658 Qiod
1268 624 1296 651 in
1319 624 1449 652 Praesenti
1470 622 1577 650 difficile
1601 624 1653 650 fuit
1674 624 1791 651 iudicare
1816 624 1883 659 Nep.
1898 633 1936 655 ις,
1948 632 1986 656 12,
1999 631 2020 656 ς.
2054 625 2128 660 Conf.
2153 633 2202 652 ιΜ-

1163 667 1453 687 PRAESENTIARVM.
1531 660 1560 685 In
1581 659 1753 686 Praeteritum
1772 659 1877 685 laudare
1894 659 2025 693 Quinctil.
2039 667 2066 694 7,
2080 668 2101 693 5.
2172 662 2204 687 In

1162 696 1250 722 Pretio
1264 697 1312 723 esse
1332 697 1398 722 Hor.
1417 694 1448 721 de
1463 695 1525 721 Arte
1538 695 1608 721 Poe't.
1624 702 1680 730 372.
1785 696 1815 721 In
1827 696 1921 721 Primis
1937 705 1944 721 .·
1976 697 2042 721 Ante
2055 704 2152 728 omncs,
2166 698 2207 722 vc!

1162 734 1230 758 Ante
1244 734 1342 764 omnia,
1362 732 1402 758 vel
1420 731 1498 756 Vnum
1514 733 1653 766 exprimis.
1689 729 1756 756 Ter.
1771 731 1835 756 Eun.
1851 739 1871 762 3,
1886 739 1905 763 1,
1920 739 1950 762 39
1978 730 2104 758 Audieras
2120 732 2129 757 3
2168 737 2202 758 G.

1163 768 1253 801 saepe,
1271 773 1296 793 et
1310 767 1395 793 fertur
1412 767 1439 792 in
1458 766 1561 792 Primis.
1633 767 1689 792 Cic.
1705 766 1781 792 Verr.
1795 774 1817 797 3,
1830 768 1860 795 68
1881 775 1902 791 0.
1921 774 1955 801 27
1980 766 2094 793 Homini
2107 767 2136 793 in
2150 767 2204 793 Pri-

1161 804 1211 829 mis
1227 802 1419 837 improbissimo
1433 800 1597 836 respondens.
1703 800 1775 827 Idem
1790 801 1862 827 Fam.
1877 803 1913 832 16,
1926 809 1939 833 5
1963 802 2061 828 Omnes
2074 802 2204 837 cupimus,

1161 847 1211 872 ego
1224 838 1252 864 in
1265 838 1373 868 Primis,
1393 838 1588 872 quamprimum
1603 842 1628 862 te
1643 834 1742 862 videre.
1815 837 1902 869 Qicm
1921 837 1948 862 in
1971 837 2065 863 Primis
2086 846 2203 864 amamus

1162 882 1304 908 carumque
1322 873 1448 899 habemus
1476 872 1530 899 Cic.
1545 873 1616 898 Fam.
1633 881 1651 901 1,
1667 880 1682 906 7
1696 879 1760 897 extr.
1853 871 1925 907 Cous.
1946 871 2020 898 Idem
2033 873 2085 899 Off.
2100 882 2115 900 2.
2128 882 2149 900 c.
2165 882 2202 907 ¹4-

1162 910 1193 936 111
1208 909 1302 935 Primis
1315 909 1436 935 omnium
1450 909 1583 934 Persarum
1598 915 1623 934 et
1637 916 1715 933 manu
1730 907 1808 933 fortis
1823 913 1848 933 ct
1866 906 1969 933 consilii
1984 908 2074 941 plenus
2095 909 2163 944 Nep.
2175 919 2203 943 4,

1166 954 1174 970 1
1187 964 1194 974 ,
1208 954 1231 971 z.
1302 945 1333 970 In
1354 944 1499 978 Primisque
1516 951 1563 978 pro
1583 942 1702 978 simplici,
1733 942 1930 977 quemadmodum
1947 943 2076 979 hodieque,
2097 945 2152 971 Cic.
2171 945 2203 972 de

1163 980 1198 1006 N.
1213 981 1245 1006 D.
1261 988 1271 1006 1
1285 989 1306 1005 c.
1322 989 1331 1006 1
1344 987 1408 1006 extr.
1474 979 1548 1013 Virg.
1563 979 1659 1011 Georg.
1676 986 1695 1009 1,
1710 983 1749 1009 338
1787 979 1817 1003 111
1844 978 1953 1010 Primis,
1972 987 2098 1009 venerare
2132 980 2204 1007 deos.

1163 1016 1218 1042 Cic.
1234 1016 1358 1050 Fam.1,7
1379 1017 1465 1048 Qicm
1478 1021 1564 1041 tamen
1578 1013 1619 1040 1111
1632 1014 1679 1039 ell‘c
1693 1014 1720 1038 in
1727 1012 1893 1047 Principibus
1905 1013 1982 1039 facile
1996 1015 2022 1040 su
2044 1021 2053 1041 t
2066 1014 2134 1049 passi,
2141 1025 2205 1042 euo-

1163 1052 1217 1078 lare
1235 1050 1313 1077 altius
1327 1058 1395 1077 certe
1409 1051 1560 1077 noluerunt.
1664 1048 1733 1074 Ter.
1749 1047 1854 1074 Phorm.
1870 1056 1889 1080 1,
1901 1057 1924 1080 5,
1939 1057 1972 1074 22
1991 1024 2044 1075 Sed
2052 1050 2116 1084 quid
2129 1052 2205 1078 cessas

1163 1086 1299 1113 hominem
1324 1087 1413 1118 adire,
1434 1092 1459 1112 et
1481 1084 1576 1112 blande
1597 1084 1626 1110 in
1648 1083 1783 1117 Principio
1804 1082 1931 1118 alloqui?
2047 1086 2106 1112 Liu.
2122 1095 2165 1119 39,
2180 1092 2206 1118 18

1163 1122 1291 1148 Mulieres
1311 1123 1442 1148 damnatas
1462 1121 1595 1155 cognatis,
1614 1125 1659 1145 aut
1682 1119 1709 1144 in
1723 1127 1836 1153 quorum
1849 1127 1928 1144 manu
1941 1119 2034 1151 essent,
2054 1121 2204 1148 tradebant:

1162 1164 1190 1184 vt
1204 1157 1249 1192 ipsi
1267 1158 1295 1184 in
1313 1158 1420 1184 Priuato
1434 1155 1675 1183 animaduerterent
1689 1155 1716 1180 in
1731 1163 1773 1180 cas
1786 1164 1792 1179 :
1828 1153 1845 1180 fi
1860 1162 1940 1179 nemo
1954 1160 2009 1180 erat
2022 1155 2134 1182 idoneus
2147 1158 2204 1192 sup-

1161 1193 1237 1228 plicii
1255 1194 1376 1224 01138101,
1397 1193 1426 1219 111
1439 1192 1546 1227 publico
1560 1189 1829 1217 animaduertebatur.
1907 1190 1975 1215 Ter.
1991 1190 2096 1218 Phorm.
2110 1201 2133 1225 5,
2147 1202 2173 1226 4,
2188 1195 2206 1218 6

2103 187 2196 226 1026

1163 1228 1237 1262 Qiin
1252 1229 1269 1255 fi
1284 1229 1332 1255 hoc
1348 1229 1461 1257 celetur,
1481 1228 1509 1253 111
1524 1233 1595 1253 metu
1610 1237 1615 1252 ε
1652 1225 1688 1252 111-1
1703 1225 1807 1260 patetit,
1827 1225 1855 1250 in
1874 1224 1976 1251 Probro
1989 1225 2059 1252 siem.
2156 1228 2206 1254 Lu-

1163 1271 1227 1291 eret.
1242 1273 1265 1297 2,
1278 1273 1329 1298 454
1350 1265 1380 1290 Et
1395 1264 1533 1298 procursus
1547 1263 1611 1289 item
1624 1262 1651 1287 in
1666 1261 1784 1288 Procliue
1799 1259 1927 1287 volubilis
1942 1261 2031 1287 exstat.
2137 1263 2206 1290 Ter.

1164 1300 1247 1327 Andr.
1262 1309 1289 1333 4,
1303 1309 1325 1331 ε,
1339 1305 1363 1329 18
1383 1300 1431 1325 Sed
1446 1299 1463 1324 fi
1477 1297 1505 1324 id
1521 1307 1574 1324 non
1595 1297 1705 1331 poterit:
1741 1296 1769 1322 id
1782 1296 1891 1326 faciam,
1910 1297 1937 1322 in
1954 1296 2070 1323 Procliui
2083 1298 2153 1332 quod
2161 1298 2206 1330 est,

1164 1345 1211 1370 per
1223 1344 1265 1362 me
1279 1336 1371 1362 stetifl'e
1385 1341 1414 1361 vt
1427 1333 1523 1361 credat.
1594 1334 1622 1359 In
1639 1333 1789 1358 promiscuo
1802 1332 1854 1357 iarn
1868 1332 1915 1357 esse
1928 1332 2084 1358 dictaturam
2105 1333 2167 1360 Liu.
2180 1341 2208 1368 7,

1165 1380 1203 1406 17.
1275 1371 1357 1398 Ouid.
1373 1369 1481 1396 Remed.
1495 1370 1585 1395 Amor.
1600 1370 1643 1394 162
1664 1368 1693 1392 Iu
1708 1369 1815 1393 Promtu
1828 1368 1902 1393 causa
1914 1367 1965 1398 est,
1985 1366 2128 1394 desidiosus
2142 1376 2207 1397 erat.

1164 1410 1184 1434 i.
1198 1405 1338 1443 Manz'fijliiz
1352 1405 1401 1439 qi,
1420 1413 1443 1431 et
1455 1412 1533 1441 patet.
1626 1403 1682 1430 Cic.
1697 1403 1729 1428 de
1742 1403 1815 1430 Orat.
1830 1411 1850 1437 1,
1864 1411 1892 1435 23
1920 1402 1967 1428 Sed
1983 1412 2064 1437 quum
2079 1404 2123 1430 illa
2137 1411 2207 1439 pate-

1165 1449 1224 1473 aut,
1245 1443 1272 1468 in
1293 1444 1457 1476 Promtuque
1477 1440 1526 1467 siut
1544 1438 1685 1471 omnibus,
1705 1447 1792 1472 neque
1810 1446 1839 1464 ea
1861 1438 2079 1472 interpretatione
2089 1448 2148 1466 mea
2162 1447 2208 1467 aut

1164 1478 1285 1505 ornatius
1306 1477 1449 1512 explicari,
1469 1482 1514 1502 aut
1531 1475 1635 1509 planius
1653 1475 1767 1508 exprimi
1788 1472 1895 1508 potunt,
1914 1480 1958 1500 etc.
2063 1475 2123 1502 Liu.
2139 1485 2160 1508 ς,
2174 1484 2208 1508 13.

1162 1515 1236 1541 Idem
1250 1523 1291 1547 24,
1304 1516 1333 1540 16
1346 1519 1410 1540 extr.
1431 1513 1561 1547 Apparata
1575 1511 1700 1537 conuiuia
1715 1509 1840 1535 omnibus
1854 1509 2037 1544 in'Propatulo
2050 1511 2155 1538 aedium
2168 1512 2210 1537 fu-

1163 1555 1246 1576 erant.
1362 1550 1393 1575 In
1409 1547 1564 1581 Propinquo
1582 1547 1634 1572 iam
1653 1552 1784 1571 certamen
1805 1549 1861 1571 erat
1892 1545 1951 1571 Liu.
1968 1548 1994 1577 6,
2009 1550 2042 1575 18.
2138 1546 2207 1573 Ter.

1165 1587 1263 1612 Heaut.
1277 1593 1297 1617 1,
1311 1593 1331 1618 1,
1344 1593 1356 1610 2
1377 1583 1441 1610 Inde
1454 1583 1520 1609 adeo
1535 1582 1607 1616 quod
1619 1590 1711 1615 agrum
1726 1581 1753 1606 in
1768 1580 1892 1606 Proximo
1906 1580 1950 1607 hic
1963 1586 2091 1607 mercatus
2104 1590 2139 1608 es.
2177 1582 2208 1607 In

1163 1621 1319 1648 Proximum
1333 1621 1455 1646 Senatum
1469 1617 1575 1645 differre
1608 1618 1673 1643 Pliu.
1689 1616 1765 1650 Epist.
1786 1624 1809 1647 2,
1823 1624 1853 1641 11.
1948 1616 1979 1641 In
1993 1615 2103 1642 Publico
2117 1625 2209 1643 omnes

1161 1657 1279 1691 porticus
1293 1654 1434 1681 commenfi
1449 1655 1536 1680 sumus
1553 1653 1635 1679 Plaut.
1652 1652 1729 1677 Most.
1743 1659 1765 1682 3,
1779 1659 1803 1682 3,
1816 1658 1842 1684 7.
1946 1651 1977 1675 In
1992 1650 2101 1676 Publico
2115 1660 2210 1685 perno-

1163 1692 1251 1724 ctare,
1272 1691 1324 1717 vid.
1342 1695 1527 1723 PERNOCTO.
1643 1687 1777 1713 Contraria
1791 1695 1799 1709 :
1835 1684 1896 1710 Liu.
1910 1691 1951 1716 25,
1966 1694 1972 1710 ι
1994 1685 2052 1711 Nec
2066 1687 2118 1712 iam
2133 1687 2161 1712 in
2174 1688 2211 1713 se-

1163 1734 1236 1754 creto
1250 1726 1331 1752 modo
1346 1732 1424 1759 atque
1439 1725 1509 1750 intra
1523 1721 1635 1757 parietes
1648 1730 1677 1747 ac
1691 1720 1775 1758 postes
1787 1720 2023 1747 contemnebantur
2040 1721 2154 1748 Romani
2176 1722 2212 1749 ri-

1163 1768 1218 1792 tus,
1242 1761 1285 1787 sed
1297 1761 1326 1786 in
1339 1760 1450 1786 Publico
1463 1759 1543 1784 etiam
1556 1765 1584 1782 ac
1599 1756 1677 1787 foro,
1699 1754 1887 1788 Capitolioque
1900 1755 2043 1782 mulierum
2058 1756 2134 1783 turba
2147 1764 2212 1790 erat,

1164 1805 1211 1822 nec
1226 1795 1447 1825 sacrificantium,
1469 1799 1514 1818 etc.
1620 1791 1676 1816 Cic.
1690 1789 1722 1816 de
1737 1791 1766 1816 L.
1781 1791 1872 1823 Agrar.
1887 1798 1913 1822 2,
1927 1798 1950 1822 13
1985 1791 2136 1826 Aliquando
2156 1799 2212 1819 tau-

2018 1828 2047 1852 In
2062 1827 2212 1861 Publicum,

1162 1864 1296 1891 auxilium
1310 1863 1435 1898 polliceri
1455 1861 1586 1896 Qninffll.
1602 1870 1639 1893 10,
1653 1869 1678 1895 7.
1775 1861 1834 1886 Liu.
1851 1869 1872 1891 2,
1885 1868 1898 1892 5
1909 1866 1951 1895 pr.
1978 1861 2017 1886 De
2031 1861 2108 1888 bouis
2121 1864 2212 1897 regiis,

1162 1910 1230 1936 quae
1243 1899 1374 1926 reddenda
1388 1905 1447 1925 ante
1460 1899 1627 1928 censuerant,
1648 1905 1689 1922 res
1702 1895 1804 1928 integra
1817 1895 1933 1921 refertur
1950 1894 1982 1921 ad
1998 1897 2093 1924 Patres.
2165 1899 2210 1926 Illi

1162 1936 1230 1962 vieti
1245 1936 1285 1961 ira
1298 1940 1407 1961 vetuere
1420 1933 1511 1963 reddi,
1528 1938 1635 1957 vetuere
1647 1931 1674 1956 in
1689 1930 1825 1956 Publicum
1838 1930 1932 1964 (intell.
1946 1932 2096 1964 aerarium)
2110 1934 2212 1969 redigi:

1163 1970 1316 2004 diripienda
1335 1968 1407 2003 plebi
1426 1968 1486 1993 sunt
1504 1967 1579 1995 data,
1602 1971 1648 1997 vt,
1668 1971 1713 1990 etc.
1809 1965 1878 1992 Suet.
1893 1966 1920 1991 in
1936 1966 2037 1993 Neron.
2054 1977 2074 1994 c.
2088 1977 2120 2000 30
2139 1970 2211 2004 Qua-

1758 2000 1813 2027 Vid.
1829 2001 1860 2026 In
1874 2001 2002 2028 Militem.
2074 2004 2170 2039 Liu.7‚
2179 2012 2211 2039 25

1164 2039 1238 2067 Adeo
1253 2039 1281 2065 in
1296 2041 1371 2071 Qiae
1385 2037 1536 2064 laboramus
1548 2037 1602 2063 sola
1617 2036 1749 2063 crcuimus
1759 2055 1767 2067 ,
1781 2035 1905 2068 diuitias,
1925 2036 2118 2074 luxuriamque.
2141 2044 2159 2066 i.
2180 2041 2210 2067 in

1162 2085 1203 2108 ea,
1218 2074 1314 2110 quibus
1329 2074 1488 2100 laboramus.
1597 2072 1628 2097 In
1655 2072 1792 2104 Qiautum
1814 2080 1933 2106 quaeque
1959 2073 2045 2100 secuta
2063 2075 2100 2101 est
2126 2076 2209 2104 Ouid.

1163 2112 1229 2137 Met.
1244 2119 1276 2141 11,
1290 2117 1329 2144 71.
1364 2109 1417 2136 vid.
1431 2109 1517 2135 Burni.
1532 2104 1566 2132 ad
1577 2106 1660 2132 Rutil.
1676 2115 1695 2137 1,
1709 2107 1753 2139 46.
1790 2113 1812 2132 et
1825 2106 1876 2141 inf.
1896 2108 1927 2133 In
1941 2108 2070 2136 Tantum.
2178 2114 2210 2139 In

1164 2147 1299 2179 Quantum
1312 2153 1377 2178 opus
1390 2144 1427 2169 est
1447 2142 1537 2168 Tacit.
1549 2141 1580 2167 de
1593 2141 1700 2167 Orator.
1716 2150 1754 2175 41.
1827 2143 1883 2169 Cic.
1893 2144 1946 2169 Att.
1956 2152 1994 2176 10,
2004 2153 2025 2170 ιι
2051 2145 2125 2179 Quid
2137 2147 2211 2174 enim

34 2185 119 2212 2-1dem
130 2186 228 2220 pleniut
242 2185 348 2211 Phorin.
363 2193 384 2217 1,
396 2193 424 2218 4,
440 2193 464 2216 13
482 2183 570 2218 Atque
592 2183 656 2209 hine
683 2191 725 2208 me
749 2184 911 2208 coniicerem
931 2179 1053 2213 protinus
1070 2178 1098 2202 in
1118 2181 1147 2206 53
1164 2181 1250 2206 dicam
1265 2178 1296 2204 de
1310 2178 1357 2205 hac
1372 2177 1528 2204 iuuentute?
1549 2185 1579 2202 ea
1594 2185 1659 2203 vero
1669 2197 1676 2209 ‚
1697 2185 1762 2211 quae
1777 2177 1846 2203 mihi
1861 2179 1977 2212 quidem,
1993 2180 2040 2213 qui
2055 2181 2131 2208 inum
2139 2191 2211 2216 amo,

71 2220 140 2247 edes.
247 2221 278 2246 In
292 2221 371 2247 Pedes
384 2220 470 2252 nasci,
489 2220 543 2246 vid.
563 2224 700 2245 NASCOR.
797 2216 853 2242 Cic.
870 2215 987 2247 QFrat.
1004 2221 1031 2251 3,
1047 2221 1056 2237 1
1076 2213 1101 2237 15

48 2256 171 2283 se‘ternis
189 2255 276 2282 numia
289 2257 318 2282 in
331 2255 425 2282 Pedem
437 2261 523 2281 tecum
537 2253 685 2286 transegisse
697 2251 810 2277 dicebat.
853 2250 912 2276 Vid.
928 2249 959 2274 ln
973 2248 1100 2274 Militem.

29 2288 31 2292 ¹
49 2292 107 2318 Cic.
122 2291 154 2318 de
169 2291 269 2319 Inuent,
282 2299 308 2324 2,
323 2299 370 2323 149
404 2290 521 2322 Quidam
541 2288 670 2314 iudicatus
688 2286 724 2312 est
744 2287 880 2313 Parentem
892 2283 1015 2311 occidisse
1030 2294 1035 2309 :
1072 2283 1099 2310 ei

6 2332 11 2340 ¹
47 2326 152 2359 statim,
169 2334 226 2360 quo
243 2324 386 2360 effugiendi
408 2325 518 2358 potestas
537 2332 592 2349 11011
609 2323 684 2355 esset,
704 2322 807 2356 ligneae
824 2321 910 2347 soleae
924 2321 953 2346 in
966 2318 1044 2345 Pedes
1059 2319 1099 2344 iu-

333 2362 364 2388 111
383 2359 477 2386 Peiora
501 2359 578 2385 datur
602 2359 662 2384 vsus
682 2357 832 2392 procliuior
858 2355 997 2382 Claudian.
1010 2359 1097 2388 quart.
1113 2356 1148 2381 60
1163 2358 1239 2384 pont.
1255 2365 1278 2388 13
1293 2366 1314 2382 c,
1327 2358 1352 2382 6,

49 2361 144 2388 duEtae
157 2362 225 2387 sunt.

30 2397 127 2423 *Confi
142 2397 214 2423 Hon.
229 2397 286 2427 263.
403 2397 434 2422 In
456 2395 650 2425 perendinum,
670 2393 802 2425 Perendie,
824 2391 863 2418 die
877 2391 992 2427 sequenti
1008 2388 1099 2422 crasti-

413 2450 420 2456 .
540 2454 542 2456 ,
561 2430 616 2456 Cic.
631 2438 680 2463 pro
693 2428 797 2454 Cluent.
808 2436 846 2460 152
865 2428 922 2454 Nec
936 2435 1007 2452 nunc
1021 2425 1098 2460 quid-

47 2477 127 2503 quam
142 2467 246 2502 agitur‚
264 2467 332 2492 mihi
345 2465 446 2492 credite
464 2463 584 2497 Iudices,
605 2470 630 2490 et
649 2464 792 2498 prospicite
808 2463 853 2496 id,
867 2461 939 2497 quod
953 2460 1098 2496 prouiden-

16 2506 20 2521 '·
46 2504 111 2531 dum
126 2503 179 2535 est,
199 2502 248 2528 nisi
260 2508 289 2527 vt
302 2500 428 2535 Equester
441 2500 511 2527 ordo
523 2500 551 2526 in
564 2500 674 2526 huiusce
689 2499 755 2533 legis
769 2499 918 2525 Periculum
938 2496 1097 2524 includatur.

46 2539 115 2568 Plin.
129 2537 208 2572 Epist.
223 2546 246 2569 3,
260 2535 386 2572 9sul1fin.
405 2537 458 2562 Hie
471 2535 690 2562 numerosissimae
701 2536 791 2561 causae
805 2534 933 2561 terminus
952 2532 1018 2563 suit,
1040 2532 1097 2566 qui·
1111 2541 1144 2572 65
1159 2534 1234 2560 nitur
1243 2553 1251 2566 ,
1270 2536 1297 2560 in
1311 2535 1485 2566 controuepfiis
1498 2530 1622 2557 interdum
1630 2550 1639 2562 ,
1658 2532 1700 2556 vel
1713 2529 1839 2563 testandae
1852 2535 1890 2557 rei
1906 2534 1995 2568 causa,
2013 2536 2053 2561 vel
2071 2541 2211 2564 conuentio-

46 2575 97 2604 bus
111 2573 238 2600 absolutis
247 2591 255 2604 ,
275 2572 396 2606 pluribus
409 2572 537 2599 damnatis
547 2591 555 2603 ,
572 2578 650 2606 atque
663 2571 745 2597 etiam
756 2570 879 2605 relegatis
888 2590 896 2602 ,
915 2569 975 2595 aliis
989 2569 1018 2594 in
1032 2573 1097 2594 tem-

48 2620 98 2646 pus
107 2630 115 2642 ‚
133 2609 193 2636 aliis
207 2609 236 2634 in
249 2608 416 2642 perpetuum.
507 2608 564 2633 Cic.
578 2608 656 2633 Verr.
673 2614 736 2641 1,77
756 2606 859 2633 Idcirco
872 2605 924 2632 tibi
937 2604 1053 2630 amicum
1068 2603 1097 2629 in

515 2642 589 2669 Idem
602 2644 655 2669 Att.
670 2652 702 2674 12,
717 2644 746 2668 16
766 2641 843 2676 Apud
857 2640 1001 2674 Apuleium
1013 2642 1099 2673 (quo-

47 2683 122 2708 niam
136 2682 165 2706 in
178 2681 337 2713 Perpetuum
352 2687 405 2705 non
417 2678 519 2712 placet)
538 2678 568 2704 in
582 2678 638 2704 dies
658 2683 687 2703 vt
707 2678 830 2709 excuser,
849 2675 963 2702 videbis.
1066 2675 1097 2699 In

47 2717 133 2744 Pilam
154 2714 274 2742 Scribon.
289 2722 343 2747 255.
362 2721 411 2749 pro
420 2733 428 2745 ,
441 2715 542 2748 inpila.

48 2751 175 2786 probatio
198 2750 235 2776 cst
257 2750 369 2776 minutis
393 2748 477 2783 glebis
498 2755 543 2774 etc.
570 2751 590 2774 i.
604 2749 679 2774 Plena
693 2754 716 2774 et
727 2748 837 2783 abfhluta
843 2746 970 2781 probatio.
1063 2745 1095 2770 In

44 2787 173 2822 plenum,
186 2793 236 2820 pro
251 2786 338 2817 plene,
357 2787 470 2816 omnino,
485 2782 601 2820 perche
636 2784 716 2810 Caius
730 2784 758 2809 in
771 2783 789 2809 l.
803 2782 928 2809 Neratius
944 2781 975 2807 D.
989 2779 1021 2806 de
1035 2789 1097 2806 con-

24 2822 27 2824 *
44 2822 112 2852 11161.
127 2822 251 2848 indebiti.
357 2822 389 2847 In
401 2820 520 2846 Plumam
532 2818 614 2852 instar
629 2820 727 2846 Plumae
733 2818 865 2854 figntjicat
878 2817 972 2844 Seruio
986 2813 1098 2848 auctore,

43 2861 77 2885 in
89 2857 132 2884 illo
147 2858 211 2884 Aaen.
226 2865 259 2890 11,
273 2864 327 2891 770
345 2857 434 2890 Qicm
446 2855 522 2890 pellis
535 2855 627 2881 ahenis
642 2855 669 2881 iu
684 2855 803 2881 Plumam
818 2853 931 2888 squamis
949 2860 1016 2879 auro
1036 2861 1098 2877 con-

638 2890 792 2927 jCIaudian.
811 2890 840 2916 in
860 2887 956 2915 Ruffin.
972 2897 991 2920 1,
1006 2896 1045 2920 313
1065 2888 1096 2913 Et
1115 2892 1147 2920 75
1157 2888 1308 2923 ciffeftihus,
1329 2890 1451 2923 Quarum
1473 2896 1563 2914 rerum
1587 2895 1677 2920 ingens
1702 2887 1858 2922 plerumque
1881 2889 1922 2914 vis
1941 2890 1993 2922 est,
2012 2890 2125 2918 velutin
2139 2894 2205 2920 Rem

1156 2925 1318 2960 praesentem
1332 2925 1434 2950 animos
1447 2923 1587 2949 hominum
1600 2921 1761 2949 ducentium.

43 2895 116 2924 ⁴serta
136 2892 248 2927 tegebat.
290 2891 349 2919 Vid.
370 2893 401 2918 In
425 2892 547 2918 Antrum.

48 2929 97 2965 qui
110 2927 265 2963 cornipedes
279 2927 308 2954 in
322 2927 416 2954 Pocula
429 2926 551 2954 vulnerat
563 2925 647 2953 audax
654 2927 813 2960 Massagetes.
829 2928 846 2952 i.
854 2924 952 2951 bibendi
958 2924 1097 2960 sanguinis

48 2965 124 3001 causa
135 2973 222 2991 venam
236 2966 304 2999 equis
317 2966 408 2998 aperit.
514 2964 546 2988 Et
559 2962 591 2988 de
604 2963 691 2996 Raptu
702 2963 773 2989 Pros.
786 2970 810 2994 3,
822 2963 857 2987 26
890 2961 980 2987 Totae
1001 2960 1096 2985 freme-

49 3003 109 3029 rent
133 3001 163 3027 in
188 2999 283 3034 pocula
296 2999 385 3033 ripae.
409 3001 427 3024 i.
436 3004 523 3033 potum
534 2997 688 3033 praeberent.
804 2997 863 3024 Cic.
876 2997 948 3022 Fam.
962 3004 989 3028 9,
1003 2997 1019 3021 6
1045 2995 1095 3021 His

49 3035 247 3072 tempestatibus
261 3043 287 3061 es
303 3043 385 3075 prope
398 3034 467 3060 solus
480 3034 507 3060 in
521 3035 611 3060 Portu.
718 3031 792 3060 Idem
801 3032 946 3059 deAmicit.
955 3040 984 3063 23
993 3032 1095 3064 Qumi-

7 3064 25 3107 ¹2³
49 3081 102 3107 que
127 3071 254 3106 plurimas
271 3076 298 3097 et
316 3078 444 3097 maximas
460 3069 660 3097 commoditates
678 3068 795 3095 amicitia
814 3069 961 3100 contineat,
978 3073 1036 3093 tuni
1049 3066 1097 3092 illa
1112 3072 1144 3098 80

51 3107 182 3134 nimirum
203 3107 313 3141 praestat
334 3105 477 3138 omnibus,
493 3105 566 3140 quod
591 3104 660 3131 bona
679 3106 723 3139 spe
746 3104 879 3139 praelucet
898 3105 927 3130 in
949 3102 1095 3130 Posterum.

8 3156 15 3180 ,-
52 3144 110 3171 Cic.
124 3142 157 3168 de
170 3142 207 3168 N.
220 3142 252 3168 D.
265 3151 291 3174 2,
303 3149 321 3176 7
353 3141 523 3169 Defefflones
544 3140 612 3167 Solis
625 3146 651 3167 et
662 3141 751 3167 Lunae
764 3140 901 3175 cognitae,
921 3138 1097 3174 praedicatae-

44 3206 53 3215 ?
122 3177 151 3204 in
168 3186 247 3203 omne
263 3178 398 3204 Posterum
418 3183 535 3212 teinpus,
555 3185 638 3212 quae,
658 3182 785 3211 quantae,
802 3177 907 3211 quando
920 3176 1025 3202 futurae
1037 3173 1094 3200 lint.

24 3231 25 3237 =
50 3215 127 3242 Idem
141 3212 173 3239 ad
187 3213 259 3239 Brut.
274 3220 298 3245 15
327 3214 363 3240 Vt
381 3219 407 3240 et
427 3213 456 3240 in
476 3213 596 3240 Praesens
614 3212 751 3239 sceleratos
769 3212 839 3239 ciues
850 3213 948 3238 timore
961 3210 994 3237 ab
1008 3211 1095 3245 impu-

52 3286 112 3322 quis
125 3284 204 3311 talem
216 3284 357 3310 amentiam
370 3285 451 3312 vellet
463 3285 575 3312 imitari.
678 3284 734 3311 Cic.
747 3284 776 3310 in
788 3284 867 3311 Catil.
886 3293 906 3316 1,
920 3291 952 3309 22
990 3283 1096 3315 Qianta

44 3320 191 3356 tempestas
208 3318 327 3345 inuidiae
339 3320 432 3354 nobis,
450 3321 468 3347 si
483 3321 570 3347 minus
583 3320 611 3346 in
625 3320 744 3347 Praesens
756 3326 858 3354 tempus
877 3318 976 3346 recenti
995 3325 1096 3343 memo-

45 3353 95 3395 :ffa
108 3356 233 3384 scelerum
247 3361 371 3394 tuorum,
385 3361 410 3382 at
423 3357 452 3383 in
465 3357 643 3391 posteritatem
658 3356 806 3391 impendeat
821 3356 826 3382 !
897 3354 970 3381 Idem
986 3354 1058 3380 Fam.
1071 3360 1095 3386 5,

46 3402 72 3427 .4
91 3392 174 3426 Q¹0d
186 3391 204 3418 fi
217 3390 286 3416 mlhl
300 3394 344 3416 tua
357 3390 494 3419 clementia
506 3402 586 3428 opem
599 3391 708 3425 tuleris,
726 3391 849 3418 omnibus
863 3391 890 3417 in
905 3389 984 3416 rebus
997 3398 1039 3415 rne
1054 3389 1096 3415 fo-

35 3435 37 3438 ·
53 3437 82 3456 re
95 3429 124 3455 in
138 3434 182 3454 tua
196 3425 324 3454 Potestate
338 3424 390 3451 tibi
402 3427 539 3455 confirmo.

27 3469 34 3503 j
45 3463 217 3499 ,praedonum
231 3460 385 3488 l'otestatem
399 3461 474 3488 fuilse
487 3464 581 3491 sciatis.
614 3465 658 3491 AI.
679 3464 709 3490 In
721 3463 857 3490 Potestate.
972 3462 1047 3494 Quae
1062 3469 1096 3486 ne

788 3499 859 3525 Adde
873 3497 955 3524 Plaut.
966 3495 1058 3522 Bacch.
1074 3504 1094 3528 1,

44 3544 79 3569 2,
93 3543 120 3568 53
138 3533 239 3569 Ecquid
253 3533 282 3559 in
294 3537 410 3558 mentem
426 3532 463 3558 est
481 3533 532 3562 tibi
545 3536 554 3561 ζ
630 3535 687 3562 Vid.
703 3534 771 3562 Geli.
787 3543 806 3569 t,
820 3542 845 3570 7.
900 3531 992 3568 Auson.
1008 3533 1093 3566 Popm.

406 3601 412 3607 ,
762 3571 836 3596 Huer.
850 3569 883 3596 ad
896 3567 986 3595 Manil.
1001 3576 1020 3599 1,
1034 3574 1090 3600 245.

30 3627 33 3634 2
56 3606 161 3634 Taubm.
174 3605 208 3632 ad
221 3604 302 3631 Plaut.
316 3602 433 3637 Amphit.
448 3610 469 3635 1,
483 3612 502 3635 1,
517 3613 556 3637 23,
598 3608 705 3633 Gronou,
719 3605 753 3632 ad
765 3607 823 3634 ΜΠ,
837 3614 863 3638 2,
880 3613 917 3638 ¹4·

25 3645 29 3648 ⁴
839 3642 907 3668 Ter.
923 3640 1017 3665 Heaut.
1031 3646 1055 3669 2,
1069 3646 1094 3670 3,

26 3679 82 3708 ¹-582
103 3678 199 3704 Tuum
213 3677 262 3703 esse
276 3675 304 3701 in
327 3673 460 3701 Potiundo
480 3675 625 3708 periculum
645 3687 699 3704 non
722 3679 772 3704 vis.
806 3677 832 3704 h.
847 3687 866 3704 e.
892 3676 927 3702 Vt
937 3683 964 3700 ea
973 3676 1093 3710 potiaris.

16 3731 18 3735 -
44 3711 297 3744 1Claudian.Eidyll.
307 3718 319 3736 2
341 3709 369 3735 de
383 3707 505 3744 hystrice,
525 3710 577 3736 Stat
591 3720 702 3747 corpore
714 3719 773 3740 toto
786 3713 858 3739 Silua
873 3712 978 3742 minax,
992 3708 1094 3735 iaculis-

44 3757 106 3785 .que
119 3749 208 3783 rigens
219 3747 248 3774 iu
261 3745 362 3774 Praclia
375 3744 467 3771 crescit
477 3744 608 3773 Pi&urata
617 3748 701 3782 seges.
718 3752 737 3776 i.
751 3750 845 3781 aculei,
864 3747 949 3782 quibus
969 3748 1010 3772 vti
1018 3744 1095 3780 poffit

51 3785 80 3810 tn
89 3790 185 3820 pugna.
300 3783 331 3808 In
345 3780 509 3812 Praesentia,
528 3782 602 3807 Nunc
613 3787 736 3819 temporis.

806 3820 879 3847 Idem
893 3818 967 3845 Adel.
982 3825 1011 3849 2,
1024 3824 1048 3846 2,
1065 3824 1096 3848 14

54 3855 154 3882 Verum
168 3863 217 3888 ego
230 3862 366 3888 nunquam
379 3852 445 3878 adeo
457 3851 554 3878 astutus
566 3852 607 3877 fui
616 3872 624 3884 ,
643 3853 709 3886 quin
725 3854 855 3890 quidquid
874 3855 971 3889 possem
986 3851 1094 3879 mallem

44 3890 158 3917 ,auferre
171 3889 259 3924 potius
272 3890 300 3915 in
315 3888 471 3915 Praesentia.
577 3887 633 3913 Cic.
647 3888 678 3913 de
691 3889 748 3915 Fin.
763 3898 784 3922 5,
798 3899 826 3917 21
844 3891 893 3917 Sed
906 3889 1033 3925 quoniam
1040 3895 1095 3913 non

29 3937 31 3939 ·
42 3926 155 3959 ,possunt
174 3925 264 3952 omnia
282 3924 357 3951 simul
377 3923 430 3950 dici
439 3943 445 3954 ‚
463 3923 526 3949 haec
554 3922 583 3949 in
616 3923 762 3949 Praesentia
790 3931 853 3953 nota
879 3927 927 3953 effe
953 3923 1094 3952 debebunt.

203 4002 294 4024 voi..
329 3996 370 4024 11.

1155 3176 1223 3202 senti
1243 3175 1362 3201 accidisse
1381 3173 1512 3200 credibile
1531 3172 1581 3205 est,
1596 3173 1625 3199 in
1645 3172 1730 3198 oculis
1745 3170 1872 3197 habebo?

646 3427 702 3455 Cic.
718 3437 767 3462 pro
781 3428 810 3454 L.
823 3426 917 3454 Manil.
930 3434 956 3458 33
970 3434 991 3451 c.
1007 3433 1034 3451 12
1064 3426 1095 3451 In
1109 3435 1145 3458 90
1157 3426 1215 3459 bis,
1235 3426 1265 3452 in
1292 3427 1331 3452 Re
1354 3425 1409 3459 ipsa
1430 3423 1594 3449 inuenimus.

1172 3507 1247 3524 ecero.

1149 3498 1210 3565 Iti-o,
1229 3534 1257 3559 in
1271 3533 1338 3558 Rem
1352 3531 1504 3564 famamque
1517 3528 1667 3555 videbatur.

1153 3567 1262 3602 nostram
1275 3568 1410 3593 utilitatem
1435 3566 1517 3592 Plaut.
1532 3565 1599 3591 Pers.
1616 3573 1643 3598 4,
1653 3570 1684 3596 ’4,
1698 3567 1734 3596 58.

970 3603 1090 3629 Burman·
1108 3604 1140 3631 95
1154 3605 1221 3631 Rem
1234 3603 1270 3630 est
1283 3603 1406 3636 Vtrique,
1424 3607 1454 3628 vt
1468 3600 1532 3627 fiant
1546 3611 1552 3627 :
1587 3600 1679 3626 accersi
1694 3598 1767 3625 iube.

1155 3639 1172 3666 si
1191 3645 1219 3666 tu
1237 3639 1309 3665 idem
1329 3638 1442 3670 faceres,
1459 3637 1541 3671 inagis
1561 3636 1588 3662 in
1609 3637 1675 3661 Rem
1695 3640 1721 3660 et
1746 3633 1861 3660 nostram
1881 3641 1908 3661 et
1926 3636 2042 3664 vostram
2072 3640 2099 3665 id
2131 3641 2198 3666 efflet,

1155 3674 1237 3702 Plaut.
1249 3675 1316 3700 Pers.
1332 3683 1352 3706 3,
1367 3683 1385 3705 1,
1403 3682 1430 3706 ¹4
1456 3673 1551 3699 Vtrum
1575 3671 1664 3697 hercle
1686 3669 1769 3704 magis
1791 3670 1819 3696 in
1843 3671 1943 3698 ventris
1958 3673 2032 3700 Rem
2053 3674 2198 3702 videbitur.

1154 3711 1180 3737 h.
1195 3720 1214 3737 e.
1232 3711 1284 3737 Pro
1292 3709 1435 3745 saginanda
1449 3715 1543 3734 ventre.

1150 3745 1264 3780 ‘leiam
1279 3746 1307 3772 in
1322 3746 1338 3771 1.
1354 3754 1362 3771 1
1380 3745 1410 3771 D.
1423 3745 1506 3777 Qnar.
1520 3749 1571 3768 rer.
1584 3741 1633 3767 361.
1647 3749 1700 3767 11011
1715 3741 1766 3767 dat.
1785 3741 1811 3767 Si
1825 3740 1959 3770 fideiussor
1972 3750 2088 3774 iurauit,
2105 3743 2123 3769 fi
2139 3744 2196 3778 qui-

784 3785 853 3811 Ter.
870 3783 975 3810 Phorm.
990 3788 1011 3814 5,
1025 3781 1217 3812 2,14100dem
1240 3780 1273 3806 de
1294 3782 1404 3815 persona
1427 3781 1471 3805 sua
1492 3784 1594 3805 tantum
1616 3777 1730 3807 iurauit,
1750 3776 1820 3812 quafi
1841 3787 1893 3804 non
1913 3779 2037 3813 effetipse
2051 3778 2197 3812 obligatus:

1154 3860 1203 3878 reo
1259 3860 1292 3877 uo
1313 3860 1354 3877 ue.

1152 3860 1288 3920 naturaqfit
1295 3860 1464 3922 (irspersonam
1472 3904 1480 3917 ,
1499 3893 1552 3910 cum
1564 3881 1660 3911 ustione
1672 3891 1753 3911 tamen
1766 3887 1794 3912 in
1807 3894 1858 3911 rem
1871 3885 1914 3910 hoc
1926 3885 1995 3909 hahet
2011 3893 2147 3916 commune,
2167 3889 2197 3909 ut

1152 3929 1241 3949 contra
1253 3919 1463 3957 qicemcuviqur‚ad
1475 3928 1543 3954 quem
1556 3928 1606 3952 res,
1621 3919 1649 3946 de
1681 3929 1710 3946 ua
1716 3919 1752 3956 fit
1765 3919 1881 3956 quaestio,
1894 3922 1997 3950 cernerit,
2016 3918 2094 3945 denir.

978 3960 1009 3990 Id
1022 3958 1094 3995 quod
1103 3960 1148 3988 105
1154 3959 1247 3995 pianus
1260 3959 1288 3984 in
1303 3957 1320 3984 1.
1336 3958 1392 3984 Hac
1405 3953 1574 3990 stipulatione
1586 3955 1619 3983 D.
1634 3929 1678 3983 th

1164 2216 1224 2241 sunt
1237 2214 1278 2240 his
1292 2214 1351 2249 ipsis
1363 2214 1439 2240 malis
1449 2233 1455 2244 ,
1476 2213 1505 2239 in
1519 2210 1588 2245 Quis
1603 2213 1707 2244 sumus,
1728 2213 1875 2244 miseriora,
1895 2223 1948 2239 non
1963 2215 2022 2241 sunt
2033 2215 2212 2252 abrobsequio

1162 2250 1262 2277 nostro.
1371 2249 1452 2276 Plaut.
1467 2249 1539 2274 Men.
1553 2257 1581 2280 4,
1595 2256 1619 2280 2,
1632 2256 1657 2280 15
1675 2248 1750 2273 Mens
1764 2248 1792 2273 in
1807 2248 1930 2281 Querelis
1944 2249 1988 2275 est.
2080 2252 2110 2278 In
2126 2253 2211 2286 Qiin.

1163 2286 1281 2321 queunio
1291 2305 1299 2317 ‚
1334 2285 1388 2311 vid.
1407 2286 1436 2311 In
1444 2283 1564 2310 Triduo.
1637 2283 1709 2316 Quid
1723 2283 1773 2314 est,
1789 2283 1836 2309 vbi
1850 2284 1954 2310 elucere
1967 2285 2039 2319 possit
2054 2287 2212 2320 prudentia3

1162 2337 1208 2341 —
1244 2321 1384 2348 Nimirum
1396 2320 1477 2349 illud,
1497 2320 1524 2345 in
1540 2320 1602 2351 Qio
1624 2327 1669 2350 ea,
1690 2326 1757 2352 quae
1779 2317 1905 2345 dicuntur
1925 2328 1939 2346 a
1963 2321 2070 2348 testibus
2091 2323 2146 2350 Cic.
2161 2334 2212 2359 pro

1461 2355 1514 2382 Cic,
1528 2355 1581 2379 Att.
1598 2362 1617 2384 1,
1632 2362 1654 2379 11
1689 2354 1720 2379 Et
1743 2362 1802 2379 mea
1823 2355 1916 2388 sponte
1932 2356 2061 2384 faciebam
2074 2365 2164 2392 antea,
2184 2367 2211 2387 et

1161 2393 1218 2427 post
1231 2391 1331 2418 duabus
1345 2390 1464 2425 epistolis
1478 2389 1531 2415 tuis
1550 2388 1739 2422 perdiligenter
1758 2389 1786 2414 in
1807 2390 1916 2417 eandem
1936 2392 2078 2419 Rationem
2098 2395 2200 2430 scriptis

1160 2436 1321 2461 magnopere
1336 2427 1392 2453 sum
1404 2430 1561 2451 commotus.
1667 2424 1722 2451 Cic.
1738 2434 1786 2459 pro
1799 2425 1829 2451 L.
1845 2427 1906 2461 Agr.
1923 2435 1942 2459 1,
1958 2436 1979 2459 ¹3
2013 2429 2116 2456 Deinde
2128 2416 2211 2458 etiam:

1160 2463 1189 2489 in
1203 2462 1347 2497 Reliquum
1361 2468 1464 2495 tempus
1483 2458 1677 2494 diligentissime
1696 2460 1795 2493 saucit,
1813 2466 1857 2493 vt,
1877 2469 1922 2487 etc.
2040 2464 2108 2491 Plin.
2128 2471 2141 2496 8
2180 2469 2211 2493 16

1160 2498 1282 2524 Gustatus
1295 2497 1390 2524 deinde
1405 2496 1538 2530 sanguinis
1553 2495 1580 2521 in
1594 2495 1724 2522 Remedio
1739 2495 1783 2521 est.
1857 2498 1887 2522 In
1906 2497 1972 2523 Rem
1992 2486 2158 2532 praesentem,
2166 2511 2211 2528 ve-

1159 2573 1201 2595 nis
1214 2569 1356 2595 tentandae.
1445 2567 1502 2593 Cic.
1516 2566 1547 2592 de
1561 2566 1635 2592 Orat.
1650 2574 1668 2597 1,
1682 2574 1731 2598 250
1745 2575 1765 2592 c.
1781 2571 1809 2598 58
1845 2568 1886 2593 An
1900 2577 1964 2594 vero
1976 2567 1994 2594 si
2006 2568 2038 2595 de
2051 2570 2088 2596 Re
2101 2571 2171 2606 ipsa,
2191 2573 2209 2599 si

1160 2605 1192 2631 de
1214 2604 1326 2636 finibus,
1340 2612 1423 2638 quum
1447 2603 1473 2628 in
1497 2602 1562 2628 Rem
1583 2602 1744 2635 praesentem
1767 2611 1820 2628 non
1841 2603 1974 2629 venimus.
2065 2606 2140 2634 Idem
2159 2617 2209 2643 pro

1160 2640 1265 2667 Caecin.
1279 2649 1313 2666 20
1332 2639 1431 2665 Placuit
1446 2637 1593 2665 Caecinnae
1607 2636 1639 2662 de
1651 2638 1800 2663 amicorum
1815 2638 1942 2666 sententia
1957 2640 2131 2676 constituere,
2153 2653 2208 2678 quo

1159 2675 1204 2702 die
1216 2676 1245 2702 in
1260 2676 1326 2701 Rem
1339 2675 1499 2709 praesentem
1514 2671 1658 2698 veniretur.
1752 2673 1809 2700 Sen.
1824 2674 1903 2708 Epist.
1918 2677 1934 2701 6
1954 2676 1985 2701 In
2005 2677 2071 2703 Rem
2089 2680 2209 2713 praesen-

644 2713 711 2738 1215„¹
725 2721 763 2745 η,
780 2714 808 2738 16
844 2712 874 2737 In
887 2711 997 2737 Plenum
1009 2714 1096 2735 autem
1111 2717 1147 2745 70
1160 2717 1214 2737 tem
1236 2712 1327 2738 venias
1350 2716 1473 2744 oportet,
1500 2709 1563 2743 quia
1588 2708 1710 2734 homines
1733 2709 1846 2742 amplius
1880 2710 1965 2737 oculis
1990 2720 2070 2745 quam
2096 2715 2207 2742 auribus

1158 2746 1278 2774 credunt.
1350 2747 1381 2772 Et
1395 2745 1473 2780 Epist.
1491 2753 1538 2770 100
1558 2743 1632 2777 Qud
1646 2752 1712 2779 opus
1726 2744 1761 2769 est
1774 2745 1883 2771 verbis?
1918 2747 1947 2772 In
1963 2747 2028 2773 Rem
2045 2751 2206 2782 praesentem

1158 2791 1257 2809 eamus.
1362 2781 1427 2807 Plin.
1442 2780 1521 2815 Epist.
1535 2788 1557 2812 3,
1571 2790 1586 2812 9
1615 2779 1678 2806 Non
1693 2780 1768 2813 potui
1782 2786 1806 2806 te
1820 2781 1903 2815 inagis
1916 2782 1946 2808 111
1958 2782 2024 2809 Rem
2043 2786 2206 2819 praesentem

1158 2818 1310 2853 perducere.
1327 2819 1346 2843 i.
1369 2819 1427 2844 Non
1436 2818 1512 2851 potui
1519 2817 1623 2855 planius
1634 2819 1761 2846 omninum
1774 2813 1832 2842 acia
1839 2817 1918 2852 sunt,
1928 2819 2054 2854 scribere,
2074 2829 2103 2846 vt
2117 2825 2207 2857 peria-

1158 2854 1187 2880 de
1200 2856 1281 2880 omnia
1293 2860 1388 2879 tenerer
1397 2873 1405 2885 ,
1423 2853 1524 2888 atqueji
1537 2853 1564 2877 in
1577 2860 1603 2891 ’‘f'
1613 2851 1740 2886 praesenti
1747 2849 1848 2886 fmſjbs.
1957 2855 2088 2888 Qmffiffl·
2102 2859 2126 2888 6,
2141 2866 2157 2884 2
2177 2858 2206 2885 d,

1319 2960 1324 2964 -
1855 2924 1886 2949 In
1900 2925 1965 2951 Rem
1987 2928 2149 2960 praesentem
2161 2938 2204 2955 ex*-

1157 2969 1266 2988 currere
1288 2960 1353 2986 le.
1367 2959 1446 2993 Epist.
1460 2967 1548 2991 10,24.
1617 2959 1648 2984 In
1664 2958 1703 2984 Re
1723 2959 1852 2992 praesenti
1867 2959 2011 2994 disceptare
2030 2962 2133 2996 Liu.34
2140 2972 2204 2992 extr.

1158 2996 1214 3030 Qui
1227 2996 1297 3022 inter
1305 2994 1534 3029 Carthaginienses
1548 2997 1574 3019 et
1586 3002 1675 3027 regem
1684 2994 1711 3020 in
1720 2994 1758 3020 Re
1767 2995 1895 3028 praesenti
1903 2995 2085 3031 disceptarent.
2121 3000 2205 3027 Plaut.

1159 3032 1243 3059 Casin.
1258 3041 1282 3062 2,
1297 3036 1318 3062 8,
1332 3033 1362 3063 63
1396 3032 1427 3057 111
1453 3030 1490 3056 Re
1514 3029 1642 3064 praesenti
1658 3050 1666 3062 ,
1687 3038 1718 3055 ex
1742 3030 1817 3064 copia
1837 3030 1947 3064 piscaria
1961 3033 2098 3059 consulere
2112 3035 2205 3062 licebit

1158 3068 1223 3102 quid
1235 3076 1330 3094 emam.
1425 3065 1500 3092 Idem
1515 3065 1609 3100 Amph.
1625 3074 1645 3098 1,
1661 3074 1680 3098 1,
1694 3073 1724 3097 93
1762 3066 1831 3092 Nam
1851 3074 1901 3099 ego
1914 3067 1955 3093 fui
1969 3067 2026 3093 illic
2038 3069 2066 3094 in
2080 3069 2118 3095 Re
2131 3079 2204 3104 prae.

1158 3104 1225 3131 senti
1234 3124 1242 3136 ,
1271 3109 1296 3129 et
1331 3111 1421 3134 meus,
1440 3110 1523 3136 quum
1557 3106 1699 3136 pugnatum
1732 3100 1784 3133 est,
1802 3106 1883 3134 pater.
1912 3105 1930 3127 ι’.
1949 3104 2067 3138 Praesens
2092 3105 2202 3132 aderam..

1157 3139 1344 3173 Quinelil.6‚3
1365 3138 1488 3165 Occisum
1501 3137 1638 3163 hominem
1651 3144 1750 3171 queror
1759 3156 1766 3169 ,
1785 3145 1839 3161 non
1853 3137 1943 3163 omnia
1956 3146 2024 3172 quae
2037 3140 2066 3165 in
2078 3140 2116 3166 Re
2128 3150 2202 3175 prae.

1941 3173 2008 3199 Add.
2022 3175 2082 3201 Liu.
2098 3184 2108 3191 ‘-
2163 3179 2203 3204 62.

1158 3211 1290 3245 Quinctil.
1305 3218 1331 3245 7,
1347 3219 1368 3236 11
1385 3209 1433 3236 Illa
1447 3208 1619 3243 potentiffima
1634 3208 1686 3240 est,
1710 3215 1828 3241 quaeque
1842 3215 1905 3233 vere
1918 3207 2017 3235 dicitur
2030 3185 2203 3239 oecoii401'nica

9 3268 13 3285 3
31 3249 153 3286 „gnanda
167 3247 250 3283 patria
263 3247 439 3284 deterrerem,
459 3255 484 3275 et
499 3249 528 3275 in
539 3248 674 3275 Posterum
688 3242 873 3275 documentum
888 3248 1044 3278 statuerem,
1062 3254 1094 3271 ne
1112 3249 1142 3279 85
1157 3247 1241 3273 totius
1254 3248 1343 3273 causae
1357 3245 1509 3280 dispositio,
1526 3253 1592 3278 quae
1602 3243 1727 3269 constitui
1740 3242 1788 3268 nisi
1801 3242 1874 3269 velut
1893 3244 1921 3269 in
1942 3244 1980 3270 Re
1999 3247 2129 3279 praesenti
2147 3257 2202 3274 non

1157 3283 1248 3317 potest,
1342 3281 1423 3309 Nihil
1435 3280 1507 3307 aliud
1521 3280 1556 3306 est
1569 3280 1597 3305 in
1611 3280 1664 3309 Re,
1684 3278 1731 3304 nisi
1747 3284 1774 3304 vt
1789 3279 1878 3304 omnia
1892 3279 2067 3314 adipiscamur
2088 3283 2148 3310 Liu.
2165 3292 2202 3315 10,

1157 3324 1180 3350 8.
1248 3318 1322 3352 Quid
1338 3318 1374 3345 est
1388 3317 1415 3342 in
1430 3317 1469 3342 Re
1482 3315 1554 3342 aliud
1575 3314 1647 3340 Idem
1660 3324 1688 3348 4,
1702 3323 1720 3347 4
1733 3321 1797 3341 extr.
1869 3315 1955 3341 Immo
1974 3316 2047 3343 aliud
2066 3318 2102 3344 est
2121 3318 2150 3345 in
2163 3320 2203 3346 Re

1157 3356 1216 3381 Seu.
1231 3355 1276 3388 Ep.
1291 3363 1306 3381 2
1317 3364 1342 3389 p.
1357 3355 1399 3379 116
1410 3359 1475 3378 extr.
1546 3349 1656 3376 Studere
1691 3350 1718 3375 in
1750 3350 1788 3376 Re
1815 3349 1905 3384 aliqua
1945 3352 2012 3378 Geli.
2028 3361 2060 3385 11,
2075 3362 2096 3385 3.
2122 3357 2140 3380 i.
2154 3358 2202 3382 rei.

1156 3391 1227 3417 Ter,
1242 3391 1306 3416 Hec.
1322 3400 1344 3422 ς,
1357 3397 1382 3421 2,
1398 3397 1420 3414 11
1438 3386 1565 3420 Phidippe
1579 3385 1678 3412 nostras
1692 3385 1817 3412 mulieres
1831 3386 1958 3421 suspectas
1978 3388 2053 3414 fuisse
2070 3389 2136 3416 falso
2155 3399 2203 3417 no-

1701 3422 1731 3447 111
1745 3429 1802 3447 03111
1821 3421 1887 3447 Rem
1900 3421 1918 3447 si
1932 3422 1996 3457 quid
2010 3423 2130 3456 habebo,
2148 3425 2203 3453 tibi

1157 3471 1265 3497 quoque
1278 3462 1358 3488 etiam
1373 3458 1491 3493 proderit
1508 3458 1588 3484 Plaut.
1602 3457 1689 3484 Truc.
1702 3465 1731 3489 4,
1744 3467 1771 3490 4,
1784 3465 1817 3483 22
1837 3458 1864 3484 Si
1878 3466 1903 3483 eo
1916 3462 2013 3485 nomine
2025 3461 2123 3496 aliquid
2134 3462 2202 3488 lucri

1364 3495 1455 3522 Tacit.
1469 3493 1535 3520 Hist.
1549 3501 1570 3525 3,
1585 3497 1598 3522 8
1617 3492 1759 3519 Coloniam
1773 3492 1856 3527 copiis
1869 3493 1984 3520 validam
1997 3495 2102 3522 auferre
2116 3497 2202 3525 Vitel-

1782 3528 1812 3554 In
1826 3528 1891 3554 Rem
1904 3529 2018 3556 nostram
2038 3530 2094 3558 est:
2129 3535 2148 3559 i.
2169 3534 2200 3560 In

1824 3563 1893 3590 Ter.
1913 3564 1994 3592 Andr.
2009 3575 2032 3599 3,
2045 3575 2068 3600 3,
2083 3576 2111 3601 14
2131 3568 2158 3595 Si
2172 3570 2202 3595 in

1859 3598 1934 3626 Idem
1950 3601 2014 3628 Hec.
2023 3611 2048 3635 2,
2056 3611 2106 3638 2‚7
2120 3604 2201 3638 Quod

1625 3706 1653 3732 In
1668 3705 1732 3731 Rem
1747 3705 1853 3738 iurare,
1870 3706 1934 3733 idem
1941 3708 2017 3749 fare,
2032 3709 2095 3748 quod
2106 3709 2137 3734 de
2150 3709 2196 3734 Re.

1539 3813 1565 3839 Si
1584 3821 1649 3839 vero
1671 3812 1699 3838 in
1712 3813 1778 3839 Rem
1791 3813 1938 3847 iurauerit,
1958 3814 2064 3840 dabitur
2076 3815 2196 3848 exceptio

1156 3816 1226 3842 nihil
1242 3825 1290 3842 reo
1307 3815 1436 3851 proderit.
1756 3842 1758 3851 ι

1461 3849 1492 3875 111
1512 3848 1579 3874 Rem
1598 3854 1723 3884 concepta
1742 3848 1830 3882 aetio,
1855 3851 1896 3876 vel
1916 3850 2023 3883 scripta,
2051 3849 2118 3883 ‚Quae
2137 3851 2196 3875 licet

1670 3955 1851 3985 ufrue’tuarius
1863 3953 2085 3990 quemadmodum
2099 3919 2197 3984 audii,

1445 3990 1514 4019 60
2163 3989 2196 4017 Et
