2479 4225
2394 0 2479 54 11

281 201 357 244 807
670 183 709 221 G
805 181 819 219 1
912 176 940 215 B
1770 175 1809 216 G
1893 175 1911 215 1
1944 153 1954 182 't
1993 176 2032 216 G
2312 159 2443 239 ,80823

285 279 325 304 sae
336 274 414 310 partis
425 272 570 304 aduocato,
587 270 713 306 quidnam
730 271 825 301 ageret,
839 270 864 291 et
877 273 931 299 quo
951 264 1066 291 artificio
1083 269 1216 294 meretur,
1243 270 1282 291 G1
1293 271 1323 291 Β-
1420 269 1467 291 οε
1477 261 1519 291 Ni
1530 270 1623 297 Tou,
1643 263 1707 291 oris.
1725 272 1762 290 m.
1797 264 1944 299 [γεννήτης]
1982 265 2032 299 Qu·
2045 266 2138 301 gignit.
2181 261 2240 289 Vid.
2258 260 2323 288 vall.
2335 269 2364 295 3,
2380 257 2432 298 71111ξρ

287 318 326 339 ΒΕ
335 318 353 336 R
362 316 400 335 os
410 315 428 334 o
437 315 449 334 s
474 315 486 334 s
497 314 513 333 E
542 314 585 333 DE
606 313 646 333 so
657 313 672 331 L
684 312 700 330 E
726 311 735 328 1
744 310 764 327 N
791 308 811 326 v
822 307 846 326 M
855 306 897 326 BR
907 307 928 327 A
937 307 963 326 M
990 308 1011 327 T
1020 308 1038 327 R
1048 308 1070 327 A
1080 308 1101 326 N
1111 307 1124 327 s
1136 306 1152 326 r
1163 306 1179 326 E
1189 306 1207 326 R
1216 306 1234 325 R
1243 306 1259 326 E
1281 308 1323 326 re·
1384 299 1439 326 Cic.
1454 300 1485 326 de
1497 301 1616 327 Vniuers.
1631 308 1661 332 24
1693 301 1755 332 Q1o
1775 298 1845 325 nihil
1862 300 1895 326 ab
1913 299 2017 334 optimo
2026 305 2059 326 et
2079 298 2289 334 praestantiffimo
2303 297 2390 330 genito
2409 294 2419 330 f
2428 294 2443 326 ᾗ

287 344 405 381 spondit,
429 342 502 377 quod
518 342 643 369 Muraena
660 346 680 366 G
690 346 696 364 1
706 343 745 363 ΒΒ
755 343 798 362 ER
812 340 875 361 erat.
1384 335 1479 361 melius
1494 342 1667 369 procreatum.
1704 336 1732 360 de
1743 338 1835 361 anima.
1907 333 2008 362 Diustm
2021 335 2141 368 genitor,
2160 336 2256 369 Iupiter
2280 332 2326 359 Sil.
2341 339 2368 369 5,
2385 351 2393 358 .
2405 351 2414 360 .
2428 355 2435 379 4

323 386 343 406 G
355 387 363 406 1
374 386 388 406 B
399 386 414 406 B
423 381 442 406 ὁ
452 385 464 405 S
473 386 493 405 v
503 385 531 409 s,
550 385 578 408 a,
601 384 652 402 um.
693 371 754 398 Adi.
803 371 814 404 [
827 370 981 406 ἆμφίκνρτος
993 372 1006 405 ]
1061 372 1113 406 Qi
1129 369 1226 406 gibbum
1243 369 1322 397 babet.
1384 369 1471 396 Deum
1482 371 1587 405 genitor
1599 370 1739 404 rcfflorque
1765 368 1938 397 Ottid.Trist.
1952 379 1977 403 2,
1991 378 2030 405 37.
2101 370 2201 396 Primus
2215 367 2308 394 mundi
2320 367 2400 401 genit·
2413 385 2418 390 .
2429 379 2443 395 -11

286 415 376 443 Celsus
412 435 418 440 .
461 433 468 440 .
507 433 513 439 .
1345 408 1359 434 5
1385 405 1516 432 Columel.
1530 406 1557 432 in
1573 405 1680 441 praefat.
1693 414 1710 431 1.
1724 404 1816 438 statim
1826 406 1856 432 ab
1869 408 1952 432 initio.
2025 405 2138 431 Genitor
2154 404 2289 431 Saturnius
2321 402 2377 429 Cic.
2394 399 2443 430 111

325 455 437 478 GIBBE
448 456 484 481 R,
504 451 556 478 am,
577 447 659 472 erum,
680 447 703 467 et
724 447 845 473 GlssBER,
867 440 899 474 is,
918 448 941 467 et
961 450 984 467 e.
1004 441 1063 468 Adi.
1083 437 1233 480 [κυρτῶδης]
1248 438 1324 466 Idem.
1387 440 1478 467 Diuin.
1493 450 1518 473 2,
1532 445 1576 474 64.
1623 437 1633 451 ⁸
1646 441 1736 467 Dubio
1749 441 1869 475 genitore
1881 448 1981 467 creatus
2004 440 2084 467 Ouid.
2097 441 2161 467 Met.
2176 448 2198 472 5,
2213 445 2266 473 143.
2343 437 2382 463 Ge
2413 436 2416 445 ¹

290 486 356 513 Pljn,
371 495 408 517 10,
425 487 453 510 26
478 483 579 510 Africae
593 478 642 504 hoc
655 476 691 502 cst
705 477 861 510 gallinarum
875 486 954 511 genus
963 498 972 510 ‚
991 476 1130 510 gibberum
1140 495 1148 507 ,
1165 476 1247 502 varits
1260 475 1328 509 spar-
1385 480 1457 502 tores
1468 478 1590 504 omnium
1601 476 1731 503 vitiorum
1746 477 1841 503 Graeci
1867 477 1933 502 Plin.
1948 484 1982 509 15,
1995 485 2022 509 4.
2091 477 2118 502 Α
2130 475 2393 510 librariispermutant
2434 470 2444 499 s«

290 523 347 549 sum
359 521 462 556 plumis.
531 517 604 540 Varr.
619 512 651 538 de
666 512 695 537 R.
709 513 740 538 R.
755 521 776 544 3,
792 521 817 545 9,
831 518 856 542 18
883 512 1001 538 Gallinae
1015 512 1119 538 Africae
1132 512 1190 537 sunt
1201 510 1326 545 grandeS,
1389 511 1501 538 Genitor
1515 519 1538 539 et
1550 512 1655 539 Senior:
1688 512 1774 539 Burm.
1787 512 1820 538 ad
1830 512 1887 538 Val.
1898 512 1984 539 flacc.
1999 520 2023 542 1,
2037 512 2072 537 16.

289 558 395 588 variae,
413 553 542 588 gibberae.
615 547 712 574 Tuber
728 547 868 581 gibberum
881 549 1016 574 Maecenas
1036 555 1074 583 ap.
1095 547 1152 572 Sen.
1176 546 1255 581 Epist.
1276 554 1325 572 101.
1425 546 1643 578 GENiTR1x‚
1662 548 1719 574 icis.
1747 547 1767 573 f.
1803 547 1972 583 [γεννήτειρα]
2027 545 2152 572 Genitrix
2167 545 2283 578 semper,
2303 551 2370 578 quae
2386 543 2433 575 ¹.st

291 592 454 619 Gibberum,
487 586 623 611 Extantem
647 588 672 609 et
700 584 863 610 eminentem
884 583 990 609 Nonius
1018 586 1199 617 interpretatur
1224 584 1257 614 6,
1287 590 1327 614 24.
1346 588 1375 606 ιο
1389 582 1494 617 nuerit,
1511 590 1621 609 vocatur
1645 582 1720 609 Non.
1735 591 1762 615 5,
1777 591 1801 616 9-
1872 583 1987 617 Frugum
2002 582 2116 616 genitrix
2144 579 2224 607 Ouid.
2239 579 2302 606 Met,
2315 585 2345 611 ς,

290 629 376 655 Varro
390 619 592 651 Eumenidibus,
612 619 678 645 Item
692 619 785 653 tragici
799 618 946 653 prodeunt,
966 618 1048 652 capite
1063 618 1189 652 gibbero,
1208 626 1268 643 cum
1285 625 1329 643 an·
1389 617 1485 651 Magna
1498 618 1583 645 Deum
1598 618 1711 653 genitrix
1738 619 1815 652 Virg.
1830 618 1896 645 Aen.
1911 626 1936 651 2,
1950 623 2006 652 788.
2075 618 2106 644 Et
2118 616 2203 643 Samia
2215 614 2339 649 genitrix,
2359 622 2404 648 qu
2419 601 2449 640 ⁸¹2³

291 664 364 697 tiqua
378 661 448 692 lege,
467 654 499 682 ad
513 655 629 681 frontem
643 654 791 689 superficias
808 654 852 690 (f.
867 653 1029 688 superficies)
1051 651 1197 680 accedebat.
1391 651 1536 681 delectatur
1549 663 1626 681 arena
1654 653 1773 680 quenal.
1789 656 1833 686 16,
1846 656 1871 680 6.
1939 653 2066 679 Genetrix
2079 655 2106 678 in
2126 652 2244 685 Inscript.
2276 657 2320 682 vt,
2343 649 2418 678 Gen-,
2434 642 2450 693 ξι

329 703 350 723 G
362 703 369 721 1
379 700 427 719 ΘΑ
437 698 455 717 R
465 697 486 716 T
496 697 514 716 Ο
525 696 545 715 Ν
555 710 563 723 ,
584 690 602 716 1.
632 698 658 715 11.
694 691 766 717 Vuae
781 695 959 721 excrementa,
978 698 1044 724 quae
1061 689 1155 715 Graeci
1170 688 1270 723 gigarta
1282 695 1330 714 vo·
1389 688 1442 715 trix
1456 688 1530 719 orbis
1550 689 1578 716 de
1594 692 1683 717 Liuia;
1720 689 1821 716 Veneri
1834 688 1974 724 genetrici:
2009 688 2064 714 vid.
2079 687 2203 714 Harduin.
2221 686 2254 712 ad
2273 685 2338 711 Plin.
2353 693 2380 717 2,

291 738 348 760 cant
371 726 465 755 Pallad.
479 726 553 754 Nou.
568 735 590 752 c.
599 733 638 751 20.
1390 724 1409 750 s.
1424 732 1453 756 23
1473 730 1528 751 not.
1538 734 1570 751 11.
1621 726 1725 751 Lucret.
1741 732 1797 760 1pr.
1869 724 2035 750 Genitricum
2051 713 2451 759 [011061311111111110111011110311ἷἺἾ

670 763 699 794 G
803 763 817 793 Ι
918 762 946 793 G
1348 766 1374 794 15
1391 759 1457 786 Plin.
1466 768 1504 793 10,
1517 769 1547 793 23
1562 761 1580 786 s.
1588 768 1625 792 32.
1655 759 1684 786 de
1697 767 1799 795 utroque
1808 766 1927 795 parente,
1946 761 2059 785 ciconiis.

1430 800 1451 821 G
1460 802 1477 822 E
1488 802 1511 822 N
1523 803 1562 823 IT
1571 797 1592 822 V
1602 803 1620 822 R
1630 803 1651 822 A
1660 815 1668 827 ,
1687 804 1725 822 ae.
1746 796 1765 822 f.
1803 796 1941 829 [γέννησις]
1978 796 2116 821 Generatio.
2170 793 2237 819 Plin.
2248 797 2282 823 18,
2297 799 2332 824 24
2356 790 2431 827 Im·-¹

326 836 468 866 GiGAS,
488 832 566 860 antis.
604 841 641 857 rn.
695 830 805 864 [γίγας]
863 831 883 856 Ε
906 836 975 857 terra
996 837 1081 857 natum
1091 829 1238 867 fignificat,
1265 827 1332 865 quast
1393 829 1600 865 diligentissimos
1613 831 1756 863 conuenit,
1785 837 1815 858 vt
1838 832 1867 857 in
1885 831 1995 862 alitum,
2023 828 2275 865 quadrupedumque
2298 825 2445 867 genitur-¹

288 870 384 906 γηγενής
397 868 461 903 estet.
519 868 629 903 fingunt
642 867 730 893 Poetae
744 867 865 902 Gigantes
876 866 985 892 homines
991 866 1070 902 futſjb
1079 887 1086 899 ,
1101 873 1146 902 stu
1154 869 1241 902 potius
1257 866 1333 892 homi·
1392 866 1440 892 effe
1454 867 1580 901 quosdam
1593 867 1625 893 ad
1638 873 1792 901 conceptum
1805 867 1919 901 impetus
1932 872 2025 893 terrae.
2097 865 2163 891 Plin.
2178 873 2203 897 9,
2211 872 2237 896 35
2261 862 2346 896 Origo
2353 866 2410 895 atq
2441 890 2443 899 Ι

288 917 347 933 num
360 904 481 939 mmfira,
500 903 641 938 corporibus
652 904 776 932 maximis,
797 910 856 937 quos
868 904 937 928 irata
953 903 1036 928 Tellus
1065 906 1194 932 recrearit,
1204 908 1233 928 vt
1245 908 1333 927 contra
1393 902 1513 935 genitura
1546 902 1676 935 conchae,
1713 903 1750 928 est
1776 901 1846 929 haud
1871 902 1986 928 multum
2011 900 2157 927 ostrearum
2176 898 2283 925 conchis
2303 896 2380 924 differ.
2403 924 2409 927 .
2424 899 2436 923 ’1

283 943 388 979 superos
401 949 470 967 arma
483 937 642 974 caquJerent‚
668 944 692 964 et
705 939 785 964 Iouem
799 947 809 962 e
817 937 863 973 suo
878 946 953 974 regno
967 910 1132 964 deturblizrem.
1185 939 1278 963 Horum
1292 946 1333 962 no-
1346 944 1380 962 20
1393 935 1414 974 fl
1439 943 1455 963 2
1490 938 1661 970 Genimram,
1683 937 1847 973 Hoyostopum
1867 941 1966 964 uocauit
1980 937 2048 963 Suet.
2063 936 2090 962 in
2108 935 2215 970 August·
2231 944 2251 960 c.
2264 942 2301 966 94
2331 930 2437 967 Veruj„

289 987 358 1005 mma
368 979 457 1008 varia,
488 982 516 1000 ut
536 973 694 1005 Enceladus,
720 972 902 1007 Porphyrion,
931 972 1094 1006 Typhoeus,
1125 972 1277 1004 Damastor,
1310 978 1334 998 et
1395 973 1513 1007 genitura
1528 975 1571 1000 sua
1585 974 1631 1000 vix
1650 979 1674 1000 et
1694 973 1845 1000 cunctanter
1862 973 1947 1005 edita,
1973 972 2069 999 exiluit
2088 972 2235 1005 Diogenes,
2259 966 2399 1001 adorauitq
2428 987 2435 997 „

290 1015 342 1041 alia
351 1032 358 1044 ,
376 1020 477 1048 quorum
490 1013 650 1036 meminerunt
664 1010 752 1035 Poetae
766 1010 855 1036 Graeci
866 1015 889 1034 et
902 1009 1004 1038 Latini,
1021 1011 1088 1035 inter
1101 1017 1160 1044 quos
1173 1007 1334 1034 Claudianus
1395 1016 1465 1034 eum.
1498 1009 1566 1035 Add.
1579 1009 1618 1036 Id.
1627 1009 1738 1043 Calig.c.
1747 1017 1786 1043 57.
1822 1015 1846 1035 et
1859 1008 1920 1035 Tit.
1928 1017 1949 1034 c.
1958 1016 1983 1041 9.
2034 1008 2103 1042 Ergo
2116 1016 2163 1041 age
2175 1012 2204 1032 vt
2218 1004 2281 1031 falsa
2294 1002 2378 1030 variet
2391 1011 2416 1037 g·
2427 1023 2443 1039 ,

275 1074 277 1078 ,
292 1048 324 1075 de
336 1044 553 1083 Gigantomachia
567 1052 626 1080 opus
641 1045 757 1080 reliquie,
781 1045 871 1070 Graece
878 1043 1019 1079 scriptum,
1032 1047 1101 1070 cuius
1108 1044 1281 1080 fragmentum
1301 1042 1335 1068 ad
1395 1044 1484 1070 nitura
1495 1044 1580 1080 figura
1604 1046 1696 1071 Manil.
1710 1055 1732 1077 3,
1747 1047 1800 1071 166.
1870 1043 1979 1070 Firmic.
1993 1051 2021 1075 3,
2057 1062 2064 1069 .
2101 1063 2107 1068 .
2143 1040 2290 1068 Secundum
2305 1039 2370 1066 hanc

291 1094 336 1111 nos
344 1085 468 1119 peruenit.
529 1082 605 1107 Plura
622 1082 722 1106 nomina
740 1086 858 1105 memorat
877 1080 997 1113 Hyginus
1016 1078 1167 1106 fabularum
1188 1079 1335 1113 principio,
1395 1079 1512 1106 nituram
1527 1087 1552 1107 et
1566 1081 1705 1107 secundum
1720 1081 1764 1107 has
1776 1079 1943 1106 conditiones
1957 1079 2090 1105 stellarum
2100 1099 2108 1111 ‚
2126 1083 2152 1104 et
2161 1076 2303 1103 secundum
2319 1073 2376 1101 testi
2410 1091 2422 1109 ,ζ

291 1129 352 1156 quae
365 1116 474 1151 illustrat
486 1116 633 1143 Mimkerus.
674 1114 731 1141 Vid.
745 1114 863 1141 Macrob.
877 1115 980 1141 Saturn.
994 1123 1013 1145 1,
1027 1123 1066 1140 20.
1101 1121 1124 1141 ct
1133 1114 1228 1149 Haefiod.
1242 1115 1334 1150 Theog.
1351 1120 1383 1145 25
1396 1116 1458 1146 nia,
1477 1124 1542 1150 quae
1558 1115 1622 1142 huic
1640 1119 1775 1151 geniturae
1797 1115 1986 1150 perhibentur,
2011 1114 2091 1140 etiam
2116 1113 2256 1140 hominum
2278 1110 2371 1137 volunt
2383 1109 2409 1135 sa,

293 1161 342 1187 185.
414 1151 496 1180 Ouid.
511 1153 575 1177 Met.
590 1160 614 1182 1,
634 1157 677 1182 132
708 1150 840 1176 Affee’taffe
855 1150 943 1176 ferunt
957 1159 1067 1185 regnum
1079 1150 1186 1177 caeleste
1204 1151 1336 1184 gigantes,
1397 1150 1510 1184 disponi.
1579 1152 1705 1178 Fatorum
1718 1161 1764 1186 per
1776 1152 1925 1186 genituram
1940 1151 2069 1184 interpres
2089 1149 2219 1175 Ammian.
2257 1166 2263 1174 ,
2301 1166 2307 1172 ,
2353 1171 2356 1175 ,
2381 1162 2385 1166 .

293 1191 406 1224 Altaque
419 1187 553 1222 congestos
570 1186 685 1213 struxisse
699 1185 731 1211 ad
750 1185 831 1211 sidera
849 1192 966 1217 montes,
996 1192 1042 1213 etc.
1114 1187 1145 1212 Ec
1166 1186 1232 1212 Fast.
1255 1193 1283 1218 5,
1305 1192 1333 1217 35
1397 1186 1540 1218 Genitura,
1574 1188 1715 1222 [γέννημα]
1752 1188 1833 1214 Scmen
1849 1188 1964 1223 genitale.
2036 1185 2100 1211 Plin.
2114 1194 2157 1217 zo,
2170 1190 2183 1213 8
2210 1184 2276 1211 Item
2292 1180 2389 1216 quibus
2398 1192 2417 1210 <3-
2430 1185 2438 1208 f:

293 1227 383 1252 Terra
397 1225 467 1250 feros
480 1228 584 1257 partus,
614 1221 740 1251 immania
756 1221 887 1253 monstra,
915 1221 1032 1256 gigantas
1057 1220 1163 1253 Edidit,
1186 1222 1293 1247 ausuros
1308 1221 1337 1246 in
1397 1221 1500 1253 nitura,
1523 1221 1683 1249 valetudinis
1704 1223 1815 1255 morbo,
1836 1222 1933 1248 effluat.
2004 1219 2072 1248 Ibid.
2093 1230 2115 1247 e.
2128 1228 2157 1251 23
2191 1219 2335 1245 Geniturae
2355 1216 2387 1243 ab
2405 1225 2440 1250 ¹.

293 1261 365 1287 Iouis
388 1260 427 1286 ire
446 1259 564 1285 domum.
650 1256 820 1283 Centimanus
842 1257 920 1291 Gigas
951 1258 1018 1283 Hor.
1032 1257 1119 1284 Carm.
1134 1265 1165 1288 2,
1187 1264 1230 1291 17,
1244 1265 1274 1289 14
1302 1253 1335 1289 est
1397 1257 1513 1284 danuam
1528 1266 1637 1293 quoquo
1649 1259 1732 1286 modo
1746 1258 1866 1285 haustum
1879 1258 1952 1284 facit.
2022 1256 2091 1282 lbid.
2112 1276 2118 1282 .
2140 1275 2146 1282 .
2184 1251 2354 1288 Exstinguere
2367 1260 2392 1287 g
2404 1264 2415 1281 ι»
2437 1250 2440 1260 “

294 1296 362 1327 Gyas
377 1304 433 1321 υ.υ.
504 1292 608 1320 Cohors
621 1292 703 1326 impia
716 1292 849 1326 gigantum
881 1292 953 1318 Idem
966 1291 1033 1319 ibid.
1048 1301 1070 1325 2,
1085 1301 1122 1325 19,
1139 1301 1174 1318 22.
1245 1291 1335 1325 Magni
1351 1299 1385 1324 30
1398 1299 1485 1320 turam
1497 1286 1628 1320 vir8rurn.
1700 1295 1773 1321 Idem
1788 1303 1830 1325 22,
1843 1302 1875 1320 22
1901 1292 2036 1320 Profluuia
2051 1292 2197 1326 geniturae.
2362 1307 2364 1309 >
2383 1297 2393 1321 j
2412 1290 2415 1306 '¹
2434 1302 2441 1313 ι

294 1331 398 1358 Lucret.
411 1338 445 1363 4,
482 1348 490 1355 .
528 1348 534 1354 .
605 1327 700 1354 Saeuus
727 1328 812 1354 Valer.
826 1329 924 1362 Argon.
937 1337 963 1360 4,
977 1336 1036 1354 200.
1109 1327 1183 1353 Sacui
1210 1327 1307 1353 Lucan.
1319 1336 1336 1358 1,
1433 1335 1454 1355 G
1463 1334 1482 1361 F.
1492 1335 1512 1354 N
1523 1337 1533 1355 1
1544 1335 1566 1355 T
1578 1332 1602 1356 Ᾱ
1612 1336 1628 1355 1.
1640 1337 1650 1356 1
1659 1338 1672 1357 s
1682 1350 1690 1362 ,
1708 1339 1730 1356 e.
1752 1330 1812 1356 Adi.
1839 1329 1990 1363 [γενέθλιοῃ
2005 1328 2133 1361 annuntie]
2168 1325 2236 1353 Idem
2249 1323 2312 1361 quod
2325 1324 2388 1361 Nat
2401 1325 2442 1357 ιζ,

294 1368 334 1398 36.
406 1364 573 1398 Terrigenae
599 1363 671 1389 Idem
687 1371 709 1395 3,
724 1366 775 1395 316.
848 1365 926 1390 More
940 1363 1082 1398 Gigantum
1091 1362 1191 1389 bellare
1204 1372 1263 1389 cum
1276 1363 1339 1395 diis,
1397 1364 1465 1391 Plin.
1479 1373 1506 1397 9,
1519 1370 1546 1397 58
1560 1366 1579 1391 s.
1593 1370 1626 1398 84
1657 1366 1770 1392 Musculi
1783 1365 1810 1392 in
1823 1365 1890 1392 Nilo
1903 1364 2072 1399 reperiuntur
2086 1363 2210 1389 inchoato
2225 1368 2304 1396 opere
2316 1358 2416 1393 genita

294 1400 359 1438 quid
374 1399 443 1426 aliud
456 1399 500 1430 est,
514 1399 561 1425 nifi
575 1405 683 1425 naturae
697 1400 858 1433 repugnare?
883 1399 938 1425 Cic.
951 1399 982 1425 de
998 1398 1095 1425 Sene&
1109 1406 1122 1431 5
1136 1407 1158 1424 c.
1172 1407 1197 1425 2.
1268 1399 1337 1425 Cum
1400 1401 1490 1434 Aquae
1503 1405 1658 1435 terraeque,
1676 1404 1696 1427 ι’.
1713 1411 1723 1426 ε
1736 1410 1785 1436 qua
1799 1401 1943 1436 nascuntur.
2013 1400 2083 1426 Arua
2097 1397 2222 1432 genitalia
2253 1395 2334 1423 Ouid.
2348 1395 2409 1421 Am·
2424 1394 2437 1407 ⁵

293 1439 315 1464 ἰ
326 1436 404 1463 nanis
418 1442 443 1462 et
457 1434 614 1469 Gigantibus
627 1435 670 1461 sua
684 1435 791 1469 propria
800 1434 868 1460 bella
878 1435 1007 1469 gesserunt
1021 1434 1060 1461 dii
1086 1434 1125 1460 Id.
1135 1433 1168 1460 de
1175 1434 1210 1460 N.
1219 1434 1251 1460 D.
1261 1443 1285 1467 2,
1293 1442 1337 1468 70.
1398 1444 1421 1468 2,
1436 1444 1470 1468 13,
1482 1442 1508 1469 7.
1545 1438 1563 1461 ι’.
1585 1437 1725 1462 σεῃεγαηάι·
1738 1439 1790 1462 vim
1803 1436 1927 1461 habt—mia,
1998 1435 2099 1461 Arnum
2114 1432 2242 1467 genitale,
2257 1439 2303 1467 per
2320 1427 2437 1465 metaph}

331 1479 352 1499 G
362 1480 371 1498 1
381 1478 401 1498 G
411 1478 460 1498 AN
471 1478 492 1497 T
502 1472 520 1497 ἐ
529 1478 549 1496 V
558 1478 571 1496 s
580 1489 588 1500 ,
608 1479 621 1496 a
630 1490 638 1502 ,
657 1479 711 1496 um.
753 1469 815 1496 Adi.
858 1470 1026 1505 [ytyac'vmos]
1078 1469 1175 1496 Furiae
1193 1470 1336 1504 Giganteae
1352 1474 1381 1501 35
1400 1480 1455 1498 ram
1467 1472 1570 1498 Matrix
1578 1471 1692 1506 feminae
1725 1470 1799 1504 Virg.
1816 1471 1912 1503 (30019.-
1926 1478 1948 1502 3,
1964 1472 2023 1501 136.“
2086 1470 2206 1503 Corpora
2218 1473 2332 1502 quatuor
2343 1462 2438 1500 geniti-

294 1507 385 1535 Claud.
401 1507 431 1533 de
446 1507 521 1541 Rapt.
536 1506 651 1539 Proserp.
668 1514 688 1537 1⁷
702 1513 752 1537 132.
822 1504 905 1532 Ouid.
921 1505 1006 1532 Trist.
1021 1514 1052 1537 2,
1068 1513 1096 1539 7¹
1133 1503 1337 1539 Qmmque‘Gi-
1398 1506 1450 1538 lia,
1469 1509 1488 1532 i.
1510 1507 1623 1540 Qcatuor
1639 1508 1762 1533 clementa.
1792 1506 1874 1532 Ouid.
1894 1506 1958 1531 Met.
1975 1512 2015 1536 13,
2032 1512 2089 1536 239.
2179 1504 2299 1537 Corpora
2317 1498 2437 1537 genitalia

294 1544 382 1579 gantei
395 1548 575 1569 memorantur
589 1541 687 1576 praelia
700 1540 772 1567 belli.
843 1541 946 1576 Iupiter
964 1541 1046 1568 clarus
1063 1541 1186 1575 giganteo
1200 1541 1337 1576 triumpho
1396 1543 1476 1568 vnius
1489 1541 1530 1567 rei
1565 1542 1669 1568 Lucret.
1684 1551 1716 1573 2,
1735 1548 1796 1575 547.
1867 1541 1930 1567 Dies
1968 1539 2058 1566 Tacit.
2077 1541 2145 1566 Ann.¹
2165 1541 2207 1570 16,
2227 1547 2272 1570 14,
2287 1546 2307 1570 3.
2364 1534 2436 1568 Dii,

294 1580 362 1606 Hor.
376 1577 427 1604 Od-
443 1586 465 1609 3,
481 1587 498 1607 1,
511 1580 535 1603 6.
1397 1577 1452 1603 vid.
1477 1582 1500 1602 no.
1512 1583 1533 1602 A
1544 1582 1566 1602 N
1578 1583 1595 1603 E
1605 1584 1628 1603 s.
1699 1577 1817 1603 Foedera
1847 1576 1911 1603 Stat.
1925 1575 2017 1602 Theb.
2031 1583 2060 1607 3,
2074 1584 2132 1608 300.
2202 1573 2266 1600 Plin.
2278 1581 2311 1606 9,
2322 1578 2351 1604 35
2380 1571 2435 1610 kias

333 1619 354 1639 G
366 1620 375 1638 1
389 1619 408 1638 G
422 1619 443 1638 Α
453 1619 473 1638 Ν
483 1619 504 1638 T
513 1619 553 1638 1N
562 1619 582 1637 v
591 1619 603 1639 s
613 1632 621 1643 ,
641 1620 671 1644 a,
688 1621 742 1638 um.
777 1611 837 1638 Adi.
880 1611 1024 1638 Bernhard.
1037 1611 1116 1647 Epist.
1134 1614 1191 1644 236.
1398 1612 1447 1639 vbi
1459 1612 1580 1646 genitalis
1594 1612 1657 1638 anni
1670 1611 1844 1639 stimulauerit
1858 1613 1941 1642 Hora,
1961 1610 2101 1646 pendentes
2114 1610 2166 1637 sese
2180 1609 2289 1644 quadam
2307 1606 2437 1634 oscitatio·

336 1654 357 1674 G
368 1655 378 1674 1
389 1653 409 1673 G
421 1655 440 1673 Α
452 1654 471 1672 Ν
482 1654 503 1673 Τ
512 1653 646 1673 oMAcu
659 1654 667 1672 1
680 1654 701 1673 Α
710 1667 718 1679 ,
737 1655 775 1673 ae.
796 1648 816 1672 f.
852 1648 925 1674 Liber
941 1647 1080 1674 Claudiani
1086 1647 1154 1683 sun.
1181 1663 1185 1666 -
1351 1659 1387 1684 40
1400 1656 1433 1674 ne
1447 1646 1555 1682 impleri
1567 1647 1671 1674 roscido
1684 1654 1812 1682 conceptu
1824 1648 1939 1674 tradunt.
2012 1647 2114 1673 Menses
2140 1645 2205 1672 Gell.
2217 1647 2274 1677 3,16
2297 1642 2438 1676 Septimus,

337 1689 358 1709 G
370 1690 380 1709 1
392 1687 413 1708 G
426 1689 442 1708 E
452 1688 471 1708 R
482 1689 489 1707 1
501 1689 523 1708 A
533 1702 542 1714 ,
563 1684 649 1707 orum.
658 1691 692 1720 ἠ.
743 1683 849 1708 Νο111115
860 1692 885 1714 2,
898 1692 946 1715 390
959 1687 1140 1718 interpretatur
1155 1681 1278 1709 Intestina
1286 1681 1340 1717 gal·
1401 1683 1533 1715 decimus,
1551 1692 1646 1710 nonus.
1717 1683 1832 1710 Mundus
1864 1683 1910 1710 Sil.
1926 1691 1964 1715 13,
2001 1702 2008 1709 .
2046 1702 2054 1710 .
2123 1682 2207 1715 Origo
2217 1678 2339 1713 genitalis
2351 1682 2438 1715 rerum
2452 1692 2453 1695 ,

298 1719 429 1749 finarum,
448 1724 473 1743 et
487 1726 554 1751 quae
566 1726 624 1743 cum
637 1715 678 1742 hls
691 1716 879 1750 coquebantur.
949 1718 1033 1743 Lucil.
1047 1724 1059 1748 8
1094 1719 1202 1752 Gigeria
1217 1720 1274 1744 sunt
1288 1719 1341 1745 line
1402 1720 1508 1746 Lucret.
1523 1727 1554 1752 5,
1569 1722 1620 1750 176.
1692 1720 1778 1748 Partes
1795 1719 1920 1753 genitales
1934 1718 2054 1752 corporis
2083 1717 2156 1745 Idem
2170 1725 2198 1749 4,
2211 1719 2276 1746 1038-
2321 1723 2322 1726 ¹
2345 1710 2413 1737 Profl
2424 1736 2430 1750 s
2442 1719 2453 1736 ¹¹
2474 1738 2479 1748 ,-

297 1754 362 1780 allio
371 1773 378 1783 ,
398 1752 439 1778 his
452 1754 586 1779 vescamur
599 1751 728 1778 alacriter.
799 1751 906 1785 Gigeria
920 1752 1053 1785 pullorum
1066 1761 1180 1786 coquere
1199 1754 1272 1785 Apic.
1282 1764 1309 1785 4,
1318 1762 1339 1778 2.
1401 1755 1477 1780 vium
1487 1773 1495 1785 ,
1526 1755 1580 1780 vid.
1599 1755 1765 1781 Profluuium
1783 1758 1811 1780 in
1836 1762 1877 1781 PR
1886 1761 1905 1781 O
1915 1761 1931 1780 F
1942 1762 1957 1780 1.
1966 1761 1985 1778 v
1995 1762 2023 1780 0,
2094 1754 2180 1780 panes
2199 1747 2323 1785 genitales
2340 1752 2426 1772 trun==
2438 1768 2440 1773 ,
2453 1759 2455 1762 -

297 1788 346 1816 Sed
357 1788 425 1813 Festi
438 1791 583 1821 epitomator
596 1787 705 1820 Gigeria
718 1795 749 1813 ex
757 1787 847 1812 multis
862 1786 978 1820 opsoniis
992 1787 1039 1812 effe
1053 1787 1194 1821 compofita
1208 1786 1341 1819 existimat.
1403 1790 1522 1817 Fertdes,
1547 1792 1598 1814 vim
1611 1791 1731 1825 gignendz
1743 1790 1857 1815 habentes
1895 1789 2025 1815 Columel.
2045 1797 2057 1820 3
2067 1807 2075 1820 ,
2097 1791 2122 1814 6.
2213 1784 2288 1811 Sedes
2321 1781 2400 1808 Prud
2445 1805 2449 1827 ι

336 1828 375 1848 G1
388 1827 409 1846 G
421 1828 546 1848 NADiv
556 1829 586 1852 s,
606 1822 626 1846 i.
653 1831 688 1847 m.
726 1821 820 1848 Sarisb.
838 1830 863 1853 1,
878 1827 900 1851 8.
935 1822 1049 1856 Lusorcm
1062 1825 1269 1856 interpretantur.
1354 1831 1387 1857 45
1402 1822 1479 1849 Cath.
1493 1831 1530 1855 10,
1545 1826 1599 1856 176.
1635 1827 1654 1848 ι’.
1668 1827 1765 1858 patria.
1837 1824 1941 1849 Semina
1955 1823 2096 1857 genitalia,
2120 1821 2214 1856 Qibus
2225 1818 2415 1854 aliqmdprocr

337 1862 358 1883 G
370 1864 379 1882 1
391 1861 412 1882 G
423 1863 444 1882 Ν
453 1862 472 1882 o
513 1855 593 1889 genui
609 1856 650 1880 vel
669 1855 745 1888 ginui
754 1875 762 1886 ,
780 1856 915 1888 secundum
935 1856 1092 1882 Diomedem
1102 1876 1109 1887 ,
1129 1858 1245 1891 genitum
1257 1876 1265 1888 ,
1286 1857 1339 1882 ere.
1401 1865 1443 1884 tur
1457 1865 1479 1884 et
1491 1865 1615 1893 gigmtur.
1687 1859 1761 1892 Virg.
1775 1858 1871 1892 Georg.
1885 1867 1917 1890 2,
1930 1867 1979 1891 324
2010 1859 2080 1884 Vere
2091 1862 2192 1884 tument
2205 1861 2290 1882 terrae
2299 1873 2307 1886 ,
2327 1858 2353 1879 et
2374 1861 2405 1886 ge

299 1891 424 1927 [γενναῖαι]
462 1874 598 1917 [ss‘iuatur
609 1889 639 1915 ab
654 1893 757 1923 antiquo
772 1890 847 1915 Geno
866 1899 893 1914 ea
900 1890 959 1923 fere
972 1894 1083 1921 ratione,
1102 1898 1132 1916 vt
1151 1901 1166 1916 a
1176 1893 1237 1916 τέκω
1251 1893 1341 1920 τίκτω,
1401 1893 1464 1918 talia
1476 1894 1573 1920 semina
1595 1893 1711 1926 poscunt.
1803 1894 1924 1927 Tempus
1942 1893 2072 1927 genitale,
2105 1895 2124 1918 i.
2145 1893 2207 1917 Dics
2232 1891 2327 1916 natam
2362 1888 2406 1914 Qu

299 1936 345 1955 etc.
406 1927 511 1961 Vtrique
523 1926 598 1961 [ἐκαὶ
615 1933 736 1950 commune
753 1922 802 1956 est:
834 1933 888 1949 cum
904 1933 951 1949 non
963 1933 1041 1949 marc:
1054 1931 1167 1954 tantum,
1177 1925 1223 1959 sed
1229 1924 1343 1959 feminae
1402 1926 1489 1952 Trist,
1503 1935 1529 1957 3,
1550 1935 1592 1960 13,
1612 1934 1650 1960 ¹7·
1743 1928 1812 1953 Patra
1831 1936 1931 1954 marem
1952 1928 2077 1960 genitalia
2089 1927 2196 1953 Visen-a
2208 1930 2312 1959 turgent
2335 1924 2379 1950 Ne
2414 1940 2416 1943 ,

297 1967 381 1995 etiam,
394 1965 494 1999 gignere
507 1961 633 1987 dicantur.
704 1960 794 1986 Tacit.
803 1959 870 1985 Ann.
885 1967 918 1990 13,
931 1966 964 1992 45
984 1959 1046 1985 Ε3111
1059 1959 1088 1985 in
1100 1959 1273 1985 matrimonio
1281 1957 1341 1984 Rufi
1403 1961 1469 1993 Cyn.
1491 1969 1535 1992 ¹31·
1847 1984 1853 1988 .
2310 1985 2312 1987 ι
2443 1950 2451 2003 1

300 1998 427 2033 Crispini,
449 1997 551 2032 Equitis
570 1995 694 2028 Romani,
722 2004 754 2021 ex
776 2003 829 2029 quo
849 1994 935 2021 filium
958 2000 1098 2028 genuerat,
1122 1994 1195 2021 Otho
1223 1993 1341 2029 pellexit.
1357 2002 1388 2028 50
1440 2001 1519 2022 GEN
1533 2002 1669 2028 1TA1.E,
1690 1994 1720 2022 is.
1745 2004 1771 2025 n.
1807 1994 1929 2031 [αἰδοῖον]
1964 2002 2016 2022 tam
2032 1995 2061 2022 de
2074 1995 2185 2022 Membr'o
2197 1995 2286 2027 virili,
2309 2003 2380 2030 quam
2396 2005 2441 2022 χ

300 2035 357 2062 Cic.
374 2033 426 2061 Off.
442 2042 461 2063 1,
476 2041 507 2059 22
524 2039 569 2066 c.7
595 2032 679 2057 Placet
692 2031 803 2062 Stoicis,
823 2039 890 2063 quae
905 2031 932 2056 in
948 2031 1026 2056 terris
1041 2030 1200 2065 gignuntur,
1220 2029 1251 2056 ad
1266 2030 1342 2055 vsum
1403 2032 1511 2058 matium.
1585 2031 1651 2057 Plin.
1665 2040 1703 2064 10,
1717 2034 1747 2064 63
1773 2031 1911 2058 Cuniculis
1923 2032 2013 2058 auersa
2028 2031 2158 2065 genitalia.
2229 2031 2302 2057 Offea
2320 2028 2437 2067 genita&

299 2070 442 2097 hominum
456 2068 547 2094 omnia
560 2066 653 2093 creari.
722 2065 760 2091 Id.
774 2065 805 2091 de
820 2066 912 2091 Dium:
924 2074 948 2096 2,
963 2074 993 2097 59
1028 2065 1107 2098 Quod
1120 2074 1175 2091 non
1189 2065 1275 2092 intelli
1296 2070 1343 2090 unt
1403 2068 1462 2093 sunt
1475 2066 1543 2101 lupis
1567 2066 1639 2093 Idem
1655 2075 1687 2099 11,
1700 2076 1744 2099 49.
1838 2067 1958 2093 Genitale
1973 2067 2054 2094 maris
2080 2067 2200 2098 rimae,
2214 2074 2238 2099 9.
2307 2065 2379 2091 Ibid:
2390 2060 2445 2098 0.,’1

301 2106 433 2132 seminum
444 2104 515 2134 vim,
534 2111 601 2137 quae
615 2101 818 2142 acl-gignendum
834 2074 1342 2140 procreandumqugplurimum-vaira,
1404 2103 1497 2136 Vulpis
1511 2103 1639 2128 masculae
1655 2102 1768 2135 genitale
1786 2103 2009 2136 circumligatum.
2061 2101 2238 2138 Cons.1fidor.
2254 2109 2293 2134 11,
2305 2109 2323 2127 1.
2394 2100 2445 2128 ffi-

302 2141 422 2168 funditus
435 2139 510 2170 tolli,
529 2138 671 2168 mediocris
691 2145 789 2163 erroris
810 2136 853 2162 est.
925 2136 1007 2169 Gigm
1030 2141 1055 2161 et
1073 2143 1213 2169 propagari
1233 2141 1343 2160 1n1t1um
1403 2138 1502 2163 humore
1516 2139 1619 2172 genstah
1629 2138 1653 2172 Ji
1662 2142 1755 2172 Jemine
1768 2141 1910 2166 animalium
1924 2138 1989 2165 Plin.
2004 2147 2086 2172 20,14
2099 2139 2151 2171 1153
2171 2137 2199 2163 de
2207 2143 2297 2164 menta.
2347 2128 2440 2169 Eadefii

303 2176 344 2202 sui
357 2175 459 2210 generis
472 2174 504 2200 ab
520 2175 544 2200 se
556 2173 663 2199 volebat
676 2174 773 2199 Verres
798 2171 835 2198 Id.
849 2172 928 2198 Verr.
942 2180 964 2204 5,
978 2178 1033 2205 179.
1105 2171 1198 2196 Parere
1217 2177 1242 2196 et
1255 2170 1343 2204 gigne·
1361 2179 1388 2204 55
1405 2172 1433 2197 vi
1448 2170 1563 2197 resistere
1575 2173 1741 2204 generationi
1754 2174 1870 2200 creditur
1884 2184 1890 2199 :
1924 2173 2074 2200 cohibendo
2081 2172 2211 2208 genitalia
2225 2168 2338 2202 denseri)
2400 2170 2438 2202 id.

303 2220 351 2243 re,
371 2217 396 2237 et
409 2210 530 2244 proferre
566 2208 643 2234 Auet.
658 2207 689 2234 ad
703 2209 801 2234 Heren.
816 2218 844 2240 4,
857 2214 884 2241 7.
953 2207 1028 2239 Qtae
1041 2211 1111 2232 terra
1130 2206 1230 2240 gignit,
1260 2210 1343 2244 matu-
1406 2214 1448 2236 20,
1463 2214 1487 2231 21
1507 2206 1561 2237 [83
1581 2207 1673 2232 Semen
1686 2209 1778 2233 maluae
1791 2208 1932 2242 adalligant
1940 2209 2049 2235 brachio
2061 2210 2176 2242 genitale
2183 2217 2237 2234 non
2244 2203 2436 2269 continentiam

2371 2277 2383 2282 ..
2397 2279 2401 2289 ,

304 2252 361 2274 rata
373 2246 515 2281 pubescunt
543 2244 598 2270 Cic.
614 2243 646 2270 de
661 2244 696 2269 N.
711 2244 743 2269 D.
757 2252 767 2269 1
778 2263 785 2275 ,
800 2252 826 2274 4.
899 2241 1058 2276 Gignimur‚
1077 2247 1102 2267 et
1114 2242 1184 2267 vitae
1200 2241 1281 2267 limen
1295 2248 1345 2266 1111-
1443 2247 1518 2268 GEN
1532 2247 1540 2266 1
1552 2247 1628 2267 TAL
1640 2239 1650 2266 1
1660 2248 1680 2268 T
1690 2248 1705 2267 E
1716 2248 1745 2267 R.
1781 2242 1848 2268 Adu.
1889 2244 2058 2276 [γεννητικῶς]
2113 2244 2219 2269 Lucret.
2235 2254 2268 2277 4,
2282 2240 2338 2277 1231

305 2291 363 2308 mus
392 2282 495 2307 Lucret.
509 2288 531 2311 3,
546 2281 603 2308 682.
675 2279 730 2305 Cic.
746 2278 778 2304 de
793 2278 849 2304 Fin.
866 2286 885 2309 1,
897 2286 926 2309 23
957 2277 997 2303 Ad
1011 2278 1113 2303 maiora
1130 2276 1201 2303 enim
1216 2275 1345 2311 quaedam
1406 2276 1478 2304 mina
1493 2275 1583 2310 possint
1609 2276 1757 2303 Seminibus
1771 2278 1937 2304 commisceri
1948 2278 2100 2311 genitaliter
2111 2284 2178 2309 apta.
2397 2304 2401 2307 ,

305 2326 352 2344 nos
364 2322 456 2343 natura
469 2316 558 2350 genuit
572 2319 597 2340 et
613 2314 794 2340 conformauit
803 2333 810 2345 ,
828 2319 857 2339 vt
869 2312 938 2338 mihi
950 2313 1057 2347 quidem
1072 2312 1186 2339 videtur.
1239 2311 1279 2338 Ad
1298 2311 1346 2337 ali-
1446 2317 1466 2338 G
1479 2318 1496 2337 E
1506 2318 1526 2336 Ν
1538 2318 1574 2338 1T
1584 2318 1604 2338 Α
1616 2318 1631 2338 Β
1642 2310 1652 2337 i
1662 2318 1678 2337 L
1691 2320 1699 2338 1
1710 2320 1723 2338 s
1732 2332 1739 2343 ,
1759 2322 1781 2338 e.
1819 2313 1879 2339 Adi.
1936 2313 2002 2339 Idem
2016 2311 2080 2345 quod
2093 2312 2234 2345 Genitalis,
2251 2309 2440 2349 quemadmodum

307 2352 372 2387 quid
385 2352 458 2386 gigni
484 2349 615 2383 Qninfl‘il.
630 2358 649 2381 1,
664 2357 685 2374 2.
757 2350 883 2375 Animum
898 2357 929 2373 ex
942 2349 984 2374 sua
1001 2355 1089 2374 mente
1102 2354 1127 2374 et
1148 2347 1289 2374 diuinitate
1304 2356 1345 2381 ge·
1359 2350 1394 2376 60
1408 2348 1534 2374 Penetrale
1550 2354 1573 2373 et
1588 2347 1738 2373 Prnetrahile
1747 2367 1754 2378 ,
1776 2354 1903 2382 utrumque
1909 2354 1958 2381 pro
1972 2345 2050 2371 eadem
2062 2355 2088 2372 re
2100 2344 2131 2379 est
2143 2349 2171 2372 in
2183 2347 2236 2381 vfiz.
2303 2345 2441 2379 Lucretsl,

305 2388 364 2414 nuit
379 2388 448 2414 Deus
470 2387 525 2413 Cic.
538 2385 569 2411 de
583 2384 702 2411 Vniuers.
712 2393 738 2416 23
751 2394 773 2411 c.
782 2390 804 2413 8.
876 2383 1057 2410 Blandimenta
1070 2384 1151 2410 multa
1163 2382 1241 2409 nobis
1254 2389 1348 2409 natura
1409 2392 1431 2409 11
1458 2383 1489 2409 Et
1500 2382 1612 2409 reserata
1625 2382 1696 2416 viget
1707 2382 1860 2415 genitabilis
1876 2390 1938 2407 aura
1960 2380 2068 2407 Fauoni.
2124 2380 2270 2414 Existimant
2287 2387 2367 2407 tamen
2385 2383 2439 2416 qui-
2456 2370 2461 2399 1

305 2424 398 2458 genuit
426 2421 500 2448 Idem
515 2430 563 2456 pro
578 2420 649 2447 Cael.
663 2428 702 2452 41.
773 2420 866 2453 Capite
879 2419 968 2453 gigni,
986 2419 1039 2445 vid.
1056 2426 1077 2445 A
1091 2418 1205 2455 Praepos]
1279 2418 1347 2444 Gell.
1409 2418 1464 2444 dam
1476 2416 1544 2444 doeh*
1557 2418 1623 2454 apud
1636 2419 1795 2447 Lamiarum,
1811 2417 1918 2443 hocloco
1930 2417 2054 2453 legendum
2067 2416 2203 2448 Genitalis,
2219 2425 2268 2446 *non
2277 2415 2305 2442 oh
2317 2415 2438 2453 idsotum,

308 2457 353 2489 12',
374 2467 384 2484 1
417 2459 448 2484 111
463 2457 511 2483 1110
525 2456 647 2490 capillum
668 2455 753 2489 gignit
772 2454 941 2481 teneriorem.
1033 2454 1163 2481 Dolorem
1176 2454 1261 2480 oculis
1276 2453 1349 2488 gigni
1408 2454 1471 2489 quod
1486 2457 1523 2479 ita
1535 2454 1638 2480 habeant
1652 2454 1745 2488 aliquot
1758 2453 1819 2479 11br1·
1836 2453 2015 2488 manuscmpti,
2041 2461 2123 2478 verum
2138 2453 2208 2477 etiam
2222 2452 2282 2485 quod
2299 2460 2347 2477 uox
2360 2450 2440 2478 Geni·
2456 2456 2457 2459 ’

306 2495 411 2520 Lucret.
426 2503 444 2526 4
455 2511 462 2523 ,
484 2500 536 2524 332.
615 2490 759 2517 fastidium
782 2490 890 2524 gignere
921 2489 989 2515 Plin.
1002 2498 1032 2522 ¹4
1043 2509 1050 2522 ,
1071 2492 1107 2516 16.
1179 2490 1262 2516 Filius
1279 2489 1348 2515 mihi
1409 2489 1500 2516 tabilis
1510 2509 1517 2520 ‚
1538 2499 1584 2515 non
1598 2488 1711 2515 videatur
1724 2489 1825 2514 Latinis
1838 2487 1928 2522 ofitata
1943 2498 1950 2512 .·
1985 2487 2033 2514 Sed
2044 2497 2093 2514 vox
2107 2485 2359 2517 Genitabilis'tamen
2376 2493 2442 2522 repe·
2477 2492 2479 2517 1¹

306 2529 425 2564 gignitur
456 2528 510 2554 Cic.
525 2527 556 2552 de
569 2527 643 2552 Orat.
656 2534 686 2556 2,
699 2534 750 2558 ¹4¹-
820 2523 908 2551 Ludus
922 2524 1012 2558 genuit
1025 2530 1157 2551 certamen
1187 2526 1255 2551 Hor.
1268 2525 1346 2558 Epist.
1361 2527 1392 2557 65
1409 2528 1477 2551 ritur
1489 2525 1555 2559 apud
1569 2526 1646 2550 Varr.
1661 2524 1692 2549 de
1705 2523 1734 2550 L.
1748 2523 1778 2548 L.
1791 2533 1824 2557 4,
1842 2532 1864 2554 3.
1899 2530 1923 2550 et
1942 2524 2034 2549 Auien.
2051 2522 2184 2557 Prognost.
2198 2523 2270 2548 Arat-
2283 2529 2331 2554 509
2358 2521 2443 2549 Solet}
2477 2529 2479 2541 1

308 2574 329 2598 1,
345 2574 388 2597 20,
401 2568 443 2596 48.
513 2561 626 2589 Morbus
639 2567 665 2587 et
678 2560 824 2595 aegrotatio
836 2569 867 2586 ex
882 2560 964 2586 totius
978 2559 1136 2594 valetudinis
1155 2559 1275 2594 corporis
1287 2568 1348 2585 con-
1408 2565 1516 2590 natura,
1539 2565 1564 2585 et
1577 2568 1666 2587 rerum
1678 2558 1826 2593 genitabilis
1839 2558 1916 2585 ordo.
2004 2559 2092 2585 Partes
2132 2558 2231 2584 Arnob.
2246 2565 2265 2590 4
2288 2564 2314 2591 p.
2335 2557 2391 2590 146.
2421 2557 2440 2584 ἡ
2478 2564 2479 2576 1

307 2600 466 2635 quall'atione
476 2618 484 2631 ,
504 2604 529 2624 et
544 2595 741 2632 perturbatione
755 2596 899 2630 gignuntur
924 2595 980 2621 Cic.
996 2595 1080 2622 Tusc.
1088 2607 1116 2628 4,
1124 2603 1162 2627 25.
1233 2595 1299 2620 Plin.
1309 2603 1347 2627 10,
1399 2593 1526 2631 pudenda.
1554 2608 1559 2611 -
2412 2594 2432 2619 ἐζ

307 2644 338 2669 52
373 2636 404 2660 Et
417 2632 596 2668 quadrupedes
608 2633 671 2671 Oua*
682 2632 801 2666 gignunt.
892 2631 951 2657 Oua
965 2631 1075 2665 gignunt
1090 2631 1170 2665 pisces
1197 2630 1253 2657 Cic.
1265 2630 1297 2657 de
1311 2629 1347 2656 N.
1446 2636 1466 2656 G
1475 2636 1492 2656 E
1502 2636 1523 2655 N
1533 2637 1542 2655 1
1551 2637 1572 2656 T
1581 2630 1624 2656 iv
1634 2637 1654 2656 v
1663 2636 1692 2662 s,
1711 2638 1725 2656 a
1734 2649 1743 2662 ,
1764 2637 1818 2656 um.
1853 2628 1912 2655 Adi.
1949 2627 2115 2663 [γεννητικᾶς]
2165 2629 2341 2654 Grammaticis
2353 2626 2380 2654 di
2417 2627 2421 2630 ⁴
2443 2639 2446 2653 ι
2478 2635 2479 2649 1

309 2672 342 2699 D.
357 2679 380 2699 2,
397 2678 451 2701 129.
523 2667 634 2694 Pedibus
648 2669 730 2704 gigni.
801 2666 867 2692 Plin.
882 2671 929 2700 7,ss
942 2667 1075 2703 adfinem,
1090 2667 1226 2693 Neronem
1241 2674 1348 2700 quoque
1409 2666 1489 2692 Casus
1503 2665 1650 2699 genitiuus,
1668 2674 1712 2701 quo
1726 2665 1858 2699 genitores
1872 2671 1894 2691 et
1907 2666 1989 2698 geniti
2003 2664 2162 2696 indicamur,
2173 2663 2227 2697 fine
2234 2671 2279 2699 quo
2290 2663 2358 2698 respo
2373 2667 2376 2669 '
2392 2660 2408 2698 J

309 2706 400 2741 paullo
412 2710 472 2730 ante
485 2703 631 2738 principem
641 2722 649 2734 ‚
669 2708 694 2728 et
709 2706 767 2728 toto
779 2702 927 2735 principatu
939 2703 986 2728 suo
1001 2701 1102 2728 hostem
1116 2702 1219 2737 generis
1231 2700 1350 2733 humani,
1359 2712 1394 2739 70
1409 2701 1442 2727 ad
1452 2699 1611 2737 quaestionem
1626 2701 1725 2727 Cuius?
1796 2700 1863 2726 Gell.
1877 2708 1904 2733 4,
1919 2702 1956 2732 16,
1968 2709 1980 2732 3
2003 2707 2027 2726 et
2041 2702 2121 2732 alias,
2138 2703 2181 2735 qui
2193 2699 2307 2726 Patrium
2321 2701 2356 2725 eti

309 2740 421 2776 pedibus
434 2741 551 2773 genitum
567 2747 659 2772 parens
671 2738 727 2763 eius
750 2736 840 2762 scribit
856 2737 1007 2771 Agrippina.
1097 2738 1147 2763 Pax
1164 2743 1190 2762 et
1208 2737 1351 2764 concordia
1410 2737 1466 2762 sum
1479 2737 1585 2772 appellat
1597 2745 1624 2769 4,
1639 2739 1675 2768 16,
1689 2745 1715 2769 1,
1735 2742 1781 2763 etc.
1853 2736 2010 2767 Genitiuus,
2029 2735 2095 2771 quast
2110 2735 2247 2767 Genitalis,
2263 2736 2291 2760 A
2308 2740 2353 2760 nat
2428 2739 2433 2744 ¹
2446 2726 2463 2761 ‘s

309 2775 442 2802 extrancis
457 2775 587 2808 gignitur,
603 2781 686 2806 quum
700 2772 752 2798 iam
766 2771 914 2798 domesticis
927 2781 980 2798 non
994 2772 1102 2799 insideat
1126 2772 1182 2798 Cic.
1196 2778 1281 2808 anteq.
1299 2773 1350 2799 iret
1410 2776 1523 2808 genitus,
1541 2779 1563 2798 et
1585 2775 1721 2808 genuinus,
1748 2778 1771 2798 et
1792 2773 1942 2812 originalis,
1962 2778 1986 2798 et
2006 2781 2058 2798 cum
2082 2772 2193 2806 nascente
2215 2772 2366 2805 congenitus.
2451 2785 2453 2791 ‹

310 2812 340 2838 in
356 2810 418 2837 exii.
439 2818 464 2842 9.
543 2808 740 2841 Praeceptiones
758 2816 840 2834 nouas
861 2808 968 2841 gignere
1000 2807 1101 2834 Anetor
1115 2808 1146 2833 ad
1161 2808 1259 2834 Hcren.
1273 2819 1307 2842 4,
1329 2816 1350 2840 5.
1412 2807 1494 2833 Ouid.
1506 2809 1569 2833 Met.
1585 2816 1608 2840 3,
1620 2816 1659 2840 331
1688 2808 1783 2833 Forma
1799 2815 1874 2841 prior
1889 2806 1984 2839 rediit,
2006 2807 2177 2841 genitiuaque
2189 2805 2276 2832 rursus
2289 2804 2400 2839 imago„
2456 2819 2457 2822 1

312 2847 368 2880 Qui
381 2854 435 2871 non
449 2843 591 2870 illustrauit
605 2843 695 2876 modo,
716 2842 757 2869 sed
772 2843 851 2869 ctiam
865 2842 955 2877 genuit
968 2842 996 2869 in
1007 2842 1053 2869 hac
1062 2842 1126 2869 vrbe
1134 2843 1237 2869 dicendi
1247 2845 1351 2878 copiam
1403 2843 1481 2879 sexus
1490 2846 1580 2877 prior,
1602 2846 1629 2868 in
1648 2852 1693 2878 quo
1710 2850 1784 2869 ‘zatus
1805 2849 1858 2869 erat
1880 2841 1998 2876 Tirefias.
2069 2842 2208 2868 Genitiuae
2221 2846 2300 2866 notae
2330 2841 2398 2867 Suet.
2412 2868 2426 2874 *q
2444 2848 2447 2861 1

312 2883 369 2909 Cic.
383 2882 413 2907 de
427 2880 494 2906 Clar.
508 2880 582 2906 Orat.
595 2887 649 2910 253.
719 2877 785 2904 Ptin.
800 2887 843 2910 10,
860 2887 895 2911 49
928 2879 1027 2904 Auium
1040 2879 1151 2904 confuso
1164 2879 1287 2913 sanguine
1300 2880 1351 2905 ser·
1367 2886 1398 2914 75
1412 2878 1519 2910 August.
1537 2883 1606 2907 c.80.
1631 2885 1782 2914 congemtae.
1853 2879 1902 2904 Pro
1917 2879 2054 2905 Gentilitio.
2106 2875 2186 2903 Ouid.
2200 2884 2231 2902 ex
2243 2876 2317 2903 Pont.
2330 2884 2352 2909 3,
2364 2884 2388 2908 2,
2405 2875 2410 2880 ”

312 2926 374 2952 pens
387 2916 513 2951 gignitur.
600 2913 681 2940 Thus
701 2919 746 2940 aut
769 2914 842 2948 piper
864 2914 982 2949 gignitur
1017 2913 1098 2940 Plaut.
1112 2914 1192 2941 Trin.
1206 2924 1225 2947 4
1237 2935 1245 2947 ,
1264 2923 1276 2940 2
1288 2934 1295 2945 ‚
1311 2920 1351 2947 89.
1411 2913 1569 2947 Adiec'lique
1584 2913 1694 2947 probent
1706 2913 1823 2947 genitiua
1834 2914 1975 2947 agnomina
1988 2914 2088 2939 Cottae.
2338 2911 2342 2913 ’
2405 2904 2432 2937 ‘fx
2452 2920 2454 2934 1

312 2953 379 2980 Ρ1111.
394 2961 436 2984 12,
451 2959 468 2985 7
508 2949 595 2976 Pass'im
607 2958 673 2976 vero
687 2957 752 2984 quae
766 2950 840 2983 piper
853 2950 979 2984 gignunt,
999 2949 1127 2984 iuniperis
1140 2950 1234 2977 nostris
1247 2950 1352 2976 similes.
1450 2954 1471 2974 G
1486 2955 1500 2974 E
1514 2956 1534 2974 Ν
1545 2947 1613 2975 {ME
1626 2956 1645 2975 N
1657 2969 1665 2982 ‚
1685 2950 1743 2975 inis.
1763 2958 1789 2975 n.
1825 2949 1965 2982 [γέννημα]
1996 2949 2139 2983 Progenies.
2174 2946 2304 2973 Genimen
2311 2936 2453 2982 vitisvfflw

312 2987 435 3022 Virgulta
449 2986 534 3021 pomis
548 2984 720 3019 frugibusque
736 2984 873 3019 gignendis
888 2985 977 3012 felicia
997 2985 1156 3018 Gell.19,12.
1228 2986 1296 3013 Vrbi
1305 2995 1351 3013 vos
1411 2989 1468 3018 gata
1497 2983 1591 3010 Matth.
1606 2988 1647 3017 26,
1662 2994 1704 3018 29.
1760 2985 1833 3020 Conj.
1847 2985 1909 3011 Luc.
1924 2993 1944 3016 3,
1957 2991 1983 3018 7.
2034 2981 2091 3009 Iob.
2107 2990 2147 3015 31,
2163 2991 2197 3009 12.
2252 2982 2342 3009 Psalm.
2354 2983 2440 3015 6231&

311 3023 426 3059 genuiss'e
441 3023 503 3048 deus
516 3021 623 3047 videtur
643 3020 699 3047 Cic.
710 3019 824 3055 Philipp.
840 3029 877 3053 14,
890 3029 928 3052 32.
1411 3019 1537 3046 Prouerb.
1551 3025 1574 3052 8,
1591 3028 1626 3051 19.
1697 3020 1815 3047 Tertull.
1827 3019 1887 3046 adu.
1901 3021 2027 3052 Hermog.
2043 3026 2064 3044 c.
2079 3026 2115 3044 12.
2150 3025 2173 3044 et
2187 3018 2291 3045 Hieron
2308 3022 2334 3045 in
2347 3026 2378 3050 30
2446 3012 2456 3022 ”

351 3065 372 3085 G
389 3067 393 3083 1
407 3064 428 3084 G
442 3065 461 3083 N
472 3064 488 3084 Ε
497 3064 518 3083 Ν
529 3064 540 3083 s
550 3076 558 3088 ,
577 3056 652 3083 entis.
689 3057 782 3082 Partic.
838 3054 989 3088 Substantiue
1005 3055 1146 3090 Gignentia
1153 3057 1271 3092 plantae,
1292 3065 1353 3092 quae
1365 3060 1396 3086 80
1410 3055 1552 3082 Genintina
1566 3056 1726 3089 viperarum.
2413 3047 2440 3067 ''⁵''
2452 3062 2455 3067 ·

306 3092 426 3130 srut‘i’um
433 3092 611 3129 ferrefhle71t‚
627 3090 798 3127 etfimilessui
833 3100 938 3117 etzcrare.
1024 3092 1093 3118 Loca
1106 3092 1175 3119 nuda
1189 3093 1352 3127 gignentium
1449 3097 1470 3117 G
1479 3097 1496 3117 Ε
1505 3097 1526 3115 Ν
1539 3097 1546 3116 1
1557 3097 1577 3116 v
1589 3096 1600 3115 S
1611 3110 1619 3123 ,
1643 3091 1662 3116 i.
1682 3100 1717 3118 m.
1752 3091 1764 3125 [
1772 3088 1879 3124 δαίμων]
1915 3090 1985 3116 Deus
1998 3087 2034 3114 est
2043 3108 2051 3120 ,
2069 3088 2142 3115 cuius
2151 3089 2177 3115 in
2190 3088 2279 3120 tutela,
2293 3093 2322 3115 vt
2334 3086 2413 3123 quisq
2439 3087 2454 3106 '¹'

313 3130 373 3157 Sall.
389 3131 444 3163 lug.
459 3138 480 3155 c.
490 3136 532 3163 79.
603 3127 657 3153 Ilex
672 3126 747 3154 aucta
762 3127 789 3153 in
803 3135 816 3152 a
830 3125 989 3158 titudinem,
1015 3136 1068 3161 quo
1081 3127 1173 3154 cuneta
1186 3128 1352 3163 gignentium
1413 3132 1487 3152 natus
1500 3125 1546 3158 est,
1561 3126 1640 3152 viuit.
1711 3127 1762 3152 Hic
1776 3126 1828 3153 siue
1836 3126 1914 3161 quod,
1935 3129 1963 3150 vt
1975 3133 2117 3158 genamur,
2136 3130 2224 3155 curat,
2242 3124 2294 3150 siue
2309 3123 2379 3158 quod
2393 3123 2422 3150 v''
2445 3126 2454 3145 'r'

313 3173 406 3192 natura
421 3165 472 3191 fert
497 3163 534 3189 Id.
549 3163 615 3189 ibid.
630 3172 650 3189 c.
660 3171 698 3194 93.
767 3162 844 3196 Apul.
858 3161 889 3187 de
903 3161 984 3188 habit.
994 3160 1077 3188 doen.
1091 3163 1152 3190 Plat.
1167 3173 1190 3197 p.
1203 3167 1229 3196 6,
1244 3173 1267 3196 13
1290 3164 1351 3190 Ani·
1411 3163 1517 3196 genitur
1531 3161 1680 3191 nobiscum,
1713 3161 1766 3187 siue
1786 3163 1879 3192 etiam,
1902 3160 1972 3195 quod
1992 3168 2039 3185 nos
2060 3161 2160 3193 genitos
2181 3159 2284 3194 suscipit
2303 3168 2330 3186 ac
2343 3163 2406 3186 tuen
2418 3186 2427 3195 ,

313 3210 383 3228 mam
398 3199 571 3226 animantium
589 3198 711 3225 omnium
728 3206 782 3224 non
802 3206 956 3233 corpoream
974 3197 1022 3222 ess'e
1058 3211 1102 3217 —
1126 3199 1298 3234 omniumque
1316 3199 1354 3234 gi·
1413 3204 1483 3224 certe
1496 3206 1510 3224 a
1523 3196 1641 3231 genendo
1655 3197 1753 3223 Genius
1765 3197 1918 3231 appellatur.
1981 3195 2096 3222 Eundem
2113 3196 2160 3222 effe
2173 3196 2286 3223 Genium
2300 3201 2326 3221 et
2337 3192 2453 3230 Larem&

313 3237 448 3271 gncntium
462 3235 510 3261 else
523 3234 662 3261 seniorem.
1369 3237 1398 3265 85
1414 3233 1492 3260 multi
1505 3239 1604 3259 veteres
1617 3233 1759 3259 memoriae
1772 3232 1950 3267 prodiderunt.
2003 3246 2048 3250 —
2073 3231 2190 3262 Euclides
2203 3231 2347 3257 Socraticus
2361 3229 2396 3256 du

356 3278 376 3298 G
387 3279 402 3298 E
413 3279 432 3297 N
446 3279 454 3296 1
467 3277 486 3295 Ἷ·
497 3277 516 3304 γ’
527 3277 556 3301 s,
577 3278 607 3300 a,
625 3278 679 3295 um.
714 3268 807 3295 Partic.
845 3269 936 3294 Natus.
992 3267 1098 3294 Constat
1111 3274 1214 3295 aeterna
1229 3269 1356 3304 positum·
1415 3278 1470 3295 cem
1484 3268 1607 3295 omnibus
1621 3268 1731 3294 omnino
1747 3269 1822 3294 nobis
1836 3267 1950 3293 Genium
1971 3265 2034 3293 dicit
2047 3267 2192 3301 appositum
2227 3281 2267 3286 —
2296 3266 2395 3292 Genius
2435 3271 2450 3295 ,1

317 3316 368 3342 que
381 3307 437 3336 lege
451 3305 501 3335 est,
521 3304 619 3331 constet
631 3310 659 3331 vt
672 3305 790 3337 genitum
805 3303 872 3330 nihil
907 3302 999 3329 sso‘e'th.
1012 3303 1029 3328 1.
1038 3312 1052 3329 2
1066 3309 1140 3330 metr.
1150 3312 1173 3329 2.
1243 3305 1307 3331 Plin.
1324 3314 1355 3336 11,
1414 3304 1492 3330 nobis
1508 3303 1614 3331 affiduus
1627 3302 1781 3330 obseruator
1793 3301 1919 3337 appositus
1933 3302 1980 3333 est,
2000 3308 2027 3329 vt
2040 3312 2073 3328 ne
2086 3302 2184 3337 punfto
2197 3301 2306 3336 quidem
2319 3304 2406 3336 tempo
2435 3300 2453 3322 ’11

318 3350 346 3376 37
385 3341 501 3376 Septimo
529 3341 615 3366 mense
635 3339 730 3374 genitis
751 3340 936 3373 saepenumero
951 3339 1082 3365 foramina
1095 3340 1199 3364 aurium
1214 3345 1238 3364 et
1251 3341 1354 3366 narium
1414 3340 1517 3374 lougius
1530 3338 1647 3365 abscedat
1665 3354 1709 3358 —-—
1764 3340 1831 3364 Haec
1843 3344 1866 3362 et
1884 3339 1959 3363 multa
1973 3339 2023 3364 alia
2037 3338 2174 3365 Ccnsorin.
2189 3337 2220 3363 de
2233 3337 2276 3362 die
2288 3343 2341 3364 nat.
2353 3345 2383 3370 3,
2440 3339 2454 3360 ⁴

317 3377 434 3404 defuere.
506 3376 636 3409 Sanguine
651 3375 740 3401 nostro
755 3374 857 3408 genitus
879 3373 958 3400 Ouid.
968 3375 1030 3400 Met.
1046 3383 1066 3405 2,
1081 3382 1123 3406 90.
1195 3375 1308 3401 Martial.
1319 3383 1357 3408 10,
1414 3378 1487 3401 etiam
1502 3385 1522 3401 c.
1531 3374 1665 3410 zplujcnla
1676 3377 1790 3400 memoria
1801 3373 1876 3408 digna
1887 3373 1972 3403 habet,
1990 3373 2023 3399 ad
2034 3383 2094 3409 quae
2106 3375 2182 3399 multa
2194 3376 2290 3399 notauit
2299 3372 2409 3399 Lindebr'
2447 3375 2461 3431 Ἶ

318 3414 348 3443 65
373 3414 426 3439 Cur
439 3412 519 3438 frater
533 3411 584 3437 tibi
596 3410 671 3437 dicor
685 3419 715 3436 ex
731 3410 830 3441 Iberis,
866 3409 896 3435 Et
907 3410 989 3436 Celtis
1003 3410 1105 3444 genitus
1115 3429 1123 3441 ,
1140 3409 1265 3444 Tagique
1273 3411 1355 3436 ciuis?
1367 3417 1402 3441 90
1415 3411 1490 3437 Alter
1501 3412 1565 3437 locus
1577 3409 1687 3444 ιιι-[716111
1703 3408 1736 3442 est
1755 3408 1859 3442 Apuleii
1879 3409 1911 3434 de
1930 3409 1985 3434 Deo
1998 3409 2068 3435 Socr.
2081 3419 2104 3443 p.
2120 3417 2156 3441 49
2174 3409 2210 3443 sq.
2247 3408 2309 3434 vnde
2330 3417 2388 3443 quae
2433 3403 2450 3439 ’,1

319 3447 427 3473 Genitus
443 3447 473 3473 ad
488 3446 618 3481 perdenda
630 3446 693 3473 vina
726 3446 791 3471 Plin.
808 3453 854 3478 14,
875 3453 911 3470 22.
984 3446 1025 3472 Sic
1039 3445 1149 3471 Genitus
1163 3445 1193 3470 ad
1209 3445 1355 3479 superbiam
1415 3446 1462 3472 huc
1475 3445 1614 3482 transferre
1626 3454 1672 3470 non
1683 3448 1770 3480 piget,
1794 3442 1873 3479 Icgzffi‘
1888 3447 2003 3470 neminem
2011 3445 2154 3479 pocmtebtr.
2210 3444 2331 3476 Qodam
2351 3442 2403 3477 sign
2429 3464 2434 3468 ,
2448 3433 2454 3466 i

321 3480 391 3506 Idem
406 3490 421 3516 7
435 3484 461 3508 in
476 3491 594 3515 prooem.
664 3482 721 3507 Cum
729 3483 832 3508 Danao.
869 3481 964 3505 Patere.
979 3489 1002 3512 2,
1019 3489 1063 3507 102
1083 3481 1257 3507 Censorinum
1264 3481 1357 3508 obiiss'e
1416 3488 1474 3508 catu
1486 3487 1511 3508 et
1523 3481 1623 3508 animus
1638 3480 1780 3510 humanus,
1801 3480 1878 3505 etiam
1891 3489 1958 3506 nunc
1973 3480 2000 3506 in
2013 3489 2124 3514 corpore
2140 3479 2200 3505 situs
2213 3477 2304 3511 δαίμων
2316 3482 2438 3512 nuncupt·
2452 3470 2454 3483 ¹
2474 3486 2476 3489 ·

321 3516 437 3554 grauiter
450 3518 509 3543 tulit
522 3518 630 3549 ciuitas,
654 3518 744 3543 virum
758 3515 920 3541 demerendis
936 3515 1089 3542 hominibus
1107 3516 1233 3550 genitum.
1307 3517 1357 3543 Ge·
1417 3523 1459 3542 tur
1479 3532 1524 3537 ——
1541 3515 1608 3542 vnde
1621 3524 1675 3541 non
1689 3515 1755 3540 nulli
1769 3513 1929 3541 arbitrantur
1947 3531 1992 3535 —
2011 3513 2314 3547 {udasaovoesdicibeatoz
2332 3513 2452 3548 quorum·

321 3556 391 3576 riuus
404 3551 445 3590 inJ
479 3553 574 3578 Paterc.
588 3561 614 3585 2,
628 3554 667 3579 116
686 3552 775 3578 Cossus
789 3550 919 3577 1116101130
932 3551 1112 3577 testimonium
1126 3551 1205 3577 etiam
1220 3552 1247 3577 in
1261 3561 1357 3586 cogno·
1418 3552 1528 3578 daemon
1541 3551 1639 3582 bonus,
1653 3549 1680 3575 id
1695 3550 1730 3575 est
1743 3550 1843 3576 animus
1857 3551 1955 3577 virtute
1968 3550 2098 3585 perfeclus
2111 3550 2155 3576 est.
2191 3558 2251 3575 eum
2264 3549 2348 3575 nostra
2357 3546 2437 3584 linglifl

321 3593 382 3625 ¹1¹ef¹
397 3585 446 3610 ΜΗ
459 3588 583 3617 contulit,
607 3587 776 3614 adolescentis
795 3587 822 3613 in
840 3586 960 3612 omnium
982 3586 1110 3613 virtutum
1129 3587 1246 3621 exempla
1265 3588 1356 3622 geniti.
1370 3592 1402 3618 95
1417 3602 1462 3607 --—
1481 3586 1577 3622 poteris
1592 3587 1691 3611 Genium
1703 3594 1810 3618 vocare,
1831 3586 1901 3620 quod
1915 3587 1935 3612 is
1943 3587 2027 3618 Deus,
2046 3586 2091 3620 qui
2106 3585 2142 3611 est
2153 3585 2254 3610 animus
2267 3585 2326 3610 suus
2340 3585 2437 3618 cuique,
2450 3591 2452 3597 '

323 3620 342 3645 I:
358 3624 429 3659 tutrto
442 3621 542 3658 genitus
567 3622 611 3648 Sil.
624 3631 656 3656 7,
694 3643 700 3649 .
740 3643 746 3649 .
784 3625 801 3648 i.
822 3631 850 3648 ex
863 3621 992 3648 adulterio.
1064 3623 1178 3648 Martial.
1191 3632 1223 3655 4,
1236 3630 1262 3656 55
1297 3624 1356 3650 Nos
1416 3631 1574 3657 quamquam
1585 3620 1615 3647 fit
1629 3621 1798 3652 immortalis,
1815 3628 1901 3647 tamen
1917 3621 2112 3656 quodammodo
2127 3629 2184 3646 cum
2201 3620 2308 3648 homine
2320 3619 2438 3654 gignitur,
2452 3629 2453 3651 1

322 3655 406 3695 Celtis
420 3661 519 3688 genitos
533 3662 557 3681 et
570 3666 599 3695 ex
615 3658 707 3684 Iberis.
778 3658 888 3684 Genitus
903 3657 930 3682 in
946 3657 1068 3688 seruitio,
1088 3666 1136 3692 pro
1151 3658 1260 3684 Gemitus
1269 3659 1357 3686 seruus
1416 3665 1444 3684 vt
1458 3667 1502 3684 eae
1516 3665 1602 3693 preces
1614 3656 1752 3687 testantur,
1775 3658 1871 3691 quibus
1891 3658 2006 3683 Genium
2028 3664 2163 3691 precamur
2181 3655 2211 3681 ad
2232 3655 2437 3681 coniunffionem
2452 3655 2453 3690 l

322 3691 387 3731 l'lm.
402 3697 433 3724 7.
449 3697 486 3721 39.
507 3724 511 3728 ⁸
557 3691 713 3720 Liberaliter
725 3694 842 3727 genitus,
874 3692 925 3719 uid.
941 3700 957 3719 L
970 3699 976 3718 1
990 3699 1005 3719 Β
1017 3699 1030 3717 F
1041 3698 1070 3720 R.
1164 3694 1254 3720 Geniti
1268 3693 1357 3721 dentes
1417 3694 1540 3720 nostram.
1588 3706 1637 3716 .—
1660 3692 1694 3717 l2x
1710 3692 1858 3719 sublimiori
1876 3692 2031 3719 daemonum
2050 3692 2127 3730 copia
2145 3689 2216 3717 Plato
2230 3697 2348 3717 autumat
2362 3690 2437 3723 lingu-
2452 3715 2453 3720 ,

323 3733 352 3752 111
367 3725 451 3759 palato
477 3724 541 3750 le·
557 3733 589 3756 ¹¹,
602 3734 641 3759 37.
735 3729 773 3753 De
789 3728 883 3754 Genita
899 3728 975 3754 Mana
989 3728 1058 3760 Dea,
1087 3727 1139 3754 uid.
1160 3735 1212 3755 MA
1223 3736 1300 3756 Nes.
1417 3730 1449 3756 lis
1463 3726 1614 3755 hominibus
1628 3727 1655 3752 in
1668 3728 1721 3753 vita
1741 3728 1837 3754 aranda
1856 3728 1930 3754 testes
1950 3735 1975 3754 et
1997 3726 2113 3753 custodes
2132 3725 2252 3759 additos,
2276 3727 2323 3761 qui
2342 3721 2436 3751 nemini
2452 3742 2453 3754 2

362 3767 383 3786 G
394 3768 438 3787 ΕΝ
449 3765 513 3786 lTv
525 3766 537 3784 s
547 3778 553 3788 ‚
575 3759 612 3785 us.
649 3769 685 3787 m.
739 3763 795 3795 Qu
813 3763 941 3797 plurimos
958 3763 1040 3790 libros
1054 3762 1085 3789 de
1098 3764 1186 3797 genitu
1200 3765 1354 3791 animalium
1362 3773 1410 3792 100
1417 3763 1548 3798 conspicui
1562 3763 1661 3796 semper
1674 3758 1769 3794 adnm}
1805 3764 1899 3790 arbitri
1913 3772 1966 3789 non
1979 3762 2098 3789 omnium
2113 3761 2194 3787 modo
2202 3762 2331 3794 actorum,
2351 3765 2437 3789 verum
2452 3772 2453 3775 ¹

322 3796 489 3835 reliquerunt,
511 3794 588 3829 ΑΡΠΙ·
601 3795 676 3828 Arol.
714 3815 721 3821 .
758 3815 766 3823 .
836 3799 866 3824 Et
877 3808 910 3825 ne
923 3807 969 3834 per
980 3807 1071 3826 omnes
1081 3800 1236 3826 animalium
1251 3802 1354 3835 genitus
1413 3800 1491 3825 etiam
1505 3798 1687 3832 cogitatorum.
1742 3800 1775 3826 At
1783 3799 1829 3825 vbi
1842 3799 1896 3825 vita
1910 3799 1980 3825 edita
1993 3798 2160 3823 remeandum
2168 3797 2212 3827 est,
2233 3797 2343 3823 eundern
2358 3794 2438 3824 illum,

320 3840 426 3866 pergam
450 3829 519 3869 Ibid:
1415 3834 1462 3868 qui
1475 3833 1551 3859 nobis
1565 3834 1696 3866 praeditus
1710 3835 1761 3861 suit
1770 3854 1776 3865 ,
1808 3840 1910 3867 raptare
1932 3834 2006 3860 illico
2027 3839 2052 3858 et
2075 3832 2179 3859 trahere
2198 3832 2281 3858 veluti
2301 3829 2436 3858 custodiam
2457 3847 2468 3852 -·

361 3872 382 3892 G
394 3874 410 3893 E
420 3874 439 3892 N
450 3874 458 3892 1
468 3872 488 3890 Τ
499 3872 518 3891 V
528 3870 612 3904 RV&
632 3872 663 3903 a,
682 3873 736 3890 um.
770 3866 951 3895 A1iudPartic.
988 3867 1129 3903 [γεννήσων]
1167 3870 1269 3896 Semina
1283 3870 1355 3904 geni.
1415 3870 1488 3895 suam
1510 3867 1707 3901 (custodiendum
1714 3872 1765 3904 fibi
1779 3870 1884 3904 datam)
1907 3869 1939 3895 ad
1953 3867 2096 3898 iudicium,
2121 3874 2200 3901 atque
2210 3868 2264 3893 illic
2278 3868 2305 3894 in
2318 3865 2388 3893 causa
2402 3861 2437 3889 di-

321 3907 379 3942 ms?
394 3901 503 3936 ΡΟΡΠῙΟς
524 3898 606 3926 0¹¹¹d·
619 3898 697 3933 Eplst·
711 3908 748 3932 ¹22
762 3908 804 3933 45·
874 3904 949 3939 virg.
962 3905 1026 3931 Aen.
1036 3912 1070 3937 9,
1083 3907 1135 3937 642.
1169 3904 1215 3932 Dis
1229 3906 1317 3940 genite
1329 3911 1355 3932 et
1414 3903 1494 3930 cenda
1507 3903 1626 3929 affistere:
1660 3905 1677 3930 fi
1692 3915 1742 3939 qua
1758 3905 1959 3932 commentiatur
1971 3903 2142 3937 redarguere,
2167 3910 2211 3929 etc.
2235 3904 2370 3939 fiquuntur
2380 3899 2439 3924 mim

317 3943 437 3971 genltffl‘e
457 3936 527 3962 deos·
1363 3940 1500 3975 ιοςΡΙιινα,
1520 3939 1606 3965 diuma
1617 3941 1727 3975 quidem,
1749 3947 1773 3967 ct
1785 3939 1901 3973 &6110st
1913 3939 2085 3975 quidvsquam
2097 3937 2246 3974 digvttffi'ma.
2297 3935 2361 3966 ΛΜ.
2381 3933 2438 3972 {im-

2357 3975 2433 3998 mian-

2457 4151 2479 4225 Zff..
2478 4134 2479 4137 „
