2479 4225
202 199 288 235 1259
588 178 604 216 1
695 175 733 213 V
820 173 861 212 N
1679 166 1697 205 I
1749 209 1751 213 .
1807 164 1847 205 V
1937 165 1966 204 R
2247 170 2341 208 1260

204 275 274 301 Hinc
288 269 417 304 Quartilla
425 266 581 294 Petroniana
595 273 615 290 c.
629 272 658 296 23
673 266 756 295 iurat,
776 252 902 287 Iunonem
919 265 1004 283 meam
1018 256 1111 282 iratam
1120 253 1242 285 habeam,
1300 253 1411 287 collem„
1423 254 1496 289 quod
1515 253 1556 281 ibi
1575 262 1634 281 arae
1655 253 1702 280 sint
1715 253 1780 280 eius.
1977 251 1998 290 fl
2019 262 2032 286 3
2068 253 2160 281 Iouem
2175 252 2290 289 lapidem
2303 254 2346 280 iu-

206 309 224 336 ss
237 315 350 339 vnquam
363 312 405 330 me
426 301 594 328 meminerim
609 300 740 334 virginem
761 296 844 321 suisl‘e.
902 294 931 318 Ει
948 294 1038 318 quen.
1052 299 1076 322 2,
1090 296 1120 323 98
1140 290 1242 329 „effkmh
1301 297 1375 316 rare:
1404 291 1472 317 Gell.
1496 299 1516 323 1,
1531 299 1559 318 21
1585 292 1675 323 Qmm
1689 289 1842 316 Phauorino
1862 289 1964 323 Hygini
1982 291 2201 316 commentarium
2220 290 2345 324 legissem,

206 350 291 370 natum
307 342 424 367 bominem
442 338 474 369 lic
493 343 578 367 notat,
612 336 642 361 Et
662 343 706 367 per
723 334 850 357 Iunonem
864 327 974 354 Domini
993 328 1096 353 iurante
1110 324 1241 351 ministro.
1301 330 1380 358 atque
1400 325 1425 351 ei
1445 326 1532 352 statim
1551 326 1680 360 displicita
1699 326 1758 351 esset
1780 325 1919 351 insolentia
1933 331 1959 351 et
1979 325 2121 351 insuauitas
2140 327 2282 356 amareris,
2302 325 2346 350 lo-

205 380 274 405 Hinc
281 363 368 402 titulus
391 375 413 400 G
423 368 476 399 EN
485 373 528 398 IO
546 378 572 398 et
590 372 631 397 IV
640 370 695 396 No
704 368 750 393 NI
767 369 794 392 in
802 365 924 400 sepulcris
937 372 1066 399 coniugum
1084 360 1150 395 apud
1169 362 1241 395 Spon.
1301 369 1363 386 vem
1377 360 1490 393 lapidem
1506 362 1611 396 inquit,
1629 361 1699 395 quod
1714 360 1896 386 sanetiffiuuun
1909 361 2093 386 iusiurandum
2107 360 2143 386 est
2157 359 2288 393 habitum,
2302 368 2346 395 pa-

205 412 312 448 Mlstdl·
328 410 402 437 prud·
416 411 496 443 antiq.
516 417 537 434 c,
559 410 597 436 63·
633 403 699 430 (alil.
715 403 791 427 (init.
810 409 835 434 p.
859 408 901 431 24,
922 407 948 424 12
984 397 1149 424 IVNONI
1179 397 1244 422 AV-
1267 400 1281 422 ἱ
1303 401 1375 422 ratus
1388 404 1438 430 ego
1452 397 1556 429 iurare,
1575 397 1721 431 Virgilium
1734 396 1783 422 hoc
1797 405 1933 430 nunquam
1947 396 2077 430 scripsisse.
2134 395 2223 422 Festus
2236 404 2263 421 10
2295 397 2344 422 La-

207 449 230 475 G
243 450 262 473 V
271 448 284 472 S
294 447 350 472 ΤΑ
360 446 377 470 E
417 450 440 470 ft
458 443 517 469 ibid,
538 454 552 473 ,ς
574 440 647 466 IVN
656 439 679 464 O
688 438 732 463 Nl
742 436 815 463 BVS
843 435 865 460 A
874 435 896 460 V
906 434 928 457 (l
939 433 1039 460 VSTI
1049 433 1073 459 S.
1095 439 1118 458 et
1134 441 1158 466 p.
1171 439 1212 463 ις,
1227 439 1243 463 9
1304 430 1393 466 pidem
1413 430 1512 459 silicem
1530 433 1654 459 tenebant
1674 432 1787 466 ipraturi
1805 441 1851 466 per
1865 433 1957 457 Iouem
1966 451 1974 464 ,
1994 431 2057 457 haec
2070 430 2151 458 verba
2167 430 2298 462 dicentes,
2316 431 2345 457 Si

207 484 251 509 IV
262 483 287 508 N
296 482 319 507 O
328 481 373 507 Nl
385 464 393 476 ,
412 480 433 505 C
441 480 461 505 L
470 480 491 505 A
500 480 521 503 V
531 478 553 502 Ι)
563 477 573 501 1
583 476 603 500 A
613 475 629 499 Ε
659 480 704 498 etc.
761 478 785 498 et
804 480 829 505 p.
851 478 894 502 24,
914 478 937 501 13
972 468 1015 494 IV
1024 468 1050 494 N
1059 468 1082 494 O
1091 468 1118 494 N
1129 468 1139 492 I
1179 467 1201 492 G
1210 467 1244 492 A-
1303 467 1385 493 sciens
1400 466 1465 493 fallo
1473 487 1481 499 ,
1493 473 1549 494 tum
1562 477 1604 495 me
1618 468 1751 502 Diespiter
1770 467 1840 493 salua
1854 468 1920 494 vrbe
1929 487 1937 499 ,
1956 475 2068 504 arceqi‘
2077 485 2086 497 ,
2106 466 2184 493 bonis
2197 466 2303 498 eiiciat,
2316 472 2346 492 vt

207 520 232 544 v
243 518 282 543 [Α
292 518 310 543 Ε
346 516 441 542 AL131
451 516 475 541 Ν
485 512 538 538 ΛΕ.
592 517 615 534 ct
638 518 663 542 p.
684 515 729 540 ες,
748 515 770 533 ιι
808 507 851 532 IV
860 506 886 532 N
895 506 919 531 O
929 505 1001 532 NIB
1010 504 1054 530 Vs
1093 503 1185 529 IVLI
1195 502 1244 528 ΑΕ
1304 511 1354 537 ego
1368 501 1437 528 bunc
1456 502 1578 537 lapidem.
1631 504 1691 530 Liu.
1706 512 1726 535 1,
1740 511 1774 537 24
1797 503 1878 529 Patris
1898 502 1993 536 patrati
2007 502 2041 528 ad
2057 502 2228 528 iusiurandum
2241 508 2350 537 patran-

205 553 264 581 ΕΤ
300 551 426 578 SEXTI
437 546 538 575 LIAE.
1305 538 1377 570 dum,
1390 537 1419 563 id
1439 536 1472 570 est
1484 538 1661 574 sanciendum,
1682 541 1761 565 creati
1780 538 1855 564 verba
1872 541 1898 564 in
1910 538 2013 573 foedere
2024 537 2145 574 faciendo
2157 537 2196 570 stc
2215 540 2349 572 exprimit:

245 595 283 614 lv
294 591 454 613 NONIVS,
474 591 502 613 a,
519 588 572 606 um.
600 578 659 604 Adi.
695 575 826 611 [Ἡραῖα]
864 575 928 601 Auis
946 575 1068 605 Iunonia,
1084 575 1149 600 Pauo
1162 572 1245 599 Ouid.
1260 575 1289 593 ¹0
1306 572 1377 600 Audi
1390 574 1509 608 Iupiter,
1521 575 1583 601 audi
1604 575 1678 600 Pater
1696 579 1794 608 patrate
1815 573 1907 608 populi
1921 573 2033 606 Albani,
2047 573 2109 599 audi
2128 579 2157 599 tu
2178 573 2289 607 populus
2303 571 2349 598 Al-

207 624 240 650 de
252 625 315 649 Arte
330 623 386 648 Am.
405 628 422 650 1,
437 621 492 651 627.
563 613 657 640 Menfis
675 613 803 639 Iunonius
829 610 909 638 Ouid.
924 611 987 637 Fast.
1007 612 1032 642 6,
1051 612 1080 636 61
1100 607 1133 642 est
1153 609 1245 635 Iunius
1305 609 1404 641 banus,
1423 614 1452 635 vt
1470 609 1516 636 illa
1534 610 1617 644 palam
1637 610 1722 644 prima
1740 609 1870 644 postrema
1883 618 1914 635 ex
1936 609 1991 635 illis
2012 608 2110 635 tabulis
2129 617 2222 634 ceraue
2239 608 2359 637 recitata,

206 658 274 695 apud
286 659 440 685 Laurentes,
456 651 590 680 Aricinos⁷
608 648 769 675 Lanuuinos.
846 648 912 673 Puer
927 647 1073 677 Iunonius,
1086 645 1180 671 dicitur
1195 646 1248 670 Au·
1306 646 1382 677 sunt,
1402 644 1455 670 sine
1469 645 1534 671 dolo
1549 647 1633 676 malo,
1652 645 1746 679 vtique
1761 654 1790 671 ea
1810 645 1853 671 hic
1867 645 1948 671 hodie
1968 644 2105 671 reffiffime
2126 643 2261 670 intelle&
2281 644 2349 674 sunt,

205 693 292 731 gustus
305 703 319 719 a
335 689 571 716 Pseudo-Cicerone
585 684 616 710 ad
629 683 791 716 Ochuium,
810 683 864 716 Ego
884 682 938 716 ipse
952 681 1076 708 Senatum
1088 680 1137 706 sibi
1157 689 1247 706 manus
1305 680 1359 707 illis
1376 680 1480 714 legibus
1493 681 1604 715 Populus
1618 683 1753 708 Romanus
1772 681 1847 715 prior
1861 690 1916 707 non
1936 680 2050 706 deficiet.
2105 680 2133 706 Si
2153 680 2229 714 prior
2248 678 2351 705 defexit

205 730 299 757 afferre
319 725 409 758 coegi,
429 731 509 757 quum
523 728 548 746 te
562 719 709 746 Iunonium
721 727 849 753 puerum,
867 723 892 744 et
907 717 998 743 matris
1016 723 1076 744 tuae
1089 722 1191 750 partum
1203 725 1248 741 au-
1306 715 1414 750 publico
1433 716 1558 748 confilio,
1576 716 1638 743 dolo
1659 716 1746 747 malo,
1767 722 1795 742 tu
1814 716 1863 742 illo
1882 715 1927 742 die
1941 716 2043 750 Iupiter
2055 715 2184 750 Populum
2198 715 2348 741 Romanum

205 773 280 792 reum
300 762 347 788 esl'e
362 759 427 785 dixi.
448 761 466 784 i.
487 757 632 784 Martialem
646 762 669 780 et
683 757 829 781 acerrimum
845 759 1051 788 propugnatorem
1065 753 1192 778 libertatis
1204 758 1248 786 pu·
1264 751 1288 774 ¹5
1305 752 1339 779 sic
1350 752 1450 784 ferito,
1462 758 1490 778 vt
1509 761 1558 786 ego
1573 753 1642 780 hunc
1656 760 1768 786 porcum
1782 750 1863 778 hodie
1883 752 1994 778 feriam:
2013 757 2140 785 tantoque
2160 750 2243 784 magis
2257 750 2349 780 ferito,

203 801 295 829 Mic-ae,
314 794 380 830 quali
401 795 510 820 Martem
530 790 651 827 quendam
670 788 781 816 iunflum
801 788 919 825 aduerfias
936 786 1015 820 hostes
1028 789 1148 820 Senatus,
1169 794 1191 813 et
1208 787 1247 813 bo·
1305 793 1406 822 quanto
1419 788 1504 821 magis
1516 794 1589 822 potes
1602 788 1746 824 pollesque.
1802 787 1863 814 Liu.
1879 796 1913 820 21,
1927 795 1960 821 43
1987 788 2075 821 anue
2087 794 2116 813 vt
2134 792 2189 813 rata
2202 787 2298 812 scirent
2310 785 2351 811 fo-

201 842 297 860 210rum.
356 832 422 856 Nam
440 830 529 861 Mars,
542 825 727 862 Iunonisfilius
738 825 808 862 suit.
898 823 1017 858 Templa
1035 824 1148 850 Iunonia
1162 822 1246 849 Ouid.
1306 832 1352 856 re,
1371 832 1466 857 agnum
1488 823 1563 850 laeua
1579 833 1676 856 manu,
1693 823 1786 849 dextra
1805 822 1902 849 silicem
1923 823 2057 855 retinens,
2075 822 2093 848 si
2116 822 2238 853 falleret,
2258 822 2352 847 Iouem

202 867 287 896 Trist.
302 875 327 899 2,
340 874 394 897 291.
1306 865 1478 893 caeterosque
1499 865 1617 893 precatus
1644 859 1722 890 deos,
1747 859 1784 885 ita
1808 859 1833 885 se
1857 858 2002 885 mafilarent
2016 878 2024 890 ,
2049 857 2275 893 quemadmodum
2297 856 2352 890 ipse

239 908 368 928 ινΝΟΝ
381 897 544 932 ΙΕόιΑΕ,
564 906 648 924 arum.
674 905 710 922 m.
739 895 778 922 Pl.
813 893 989 930 [Ἡροσιβὲἱς]
1031 893 1143 920 Phalisci
1164 891 1247 920 Ouid.
1298 903 1404 929 .agnurn
1429 894 1576 927 maelass‘et,
1601 894 1741 922 secundum
1766 895 1945 929 precationem
1963 900 2039 928 caput
2065 893 2174 928 pecudis
2194 894 2256 919 saxo
2276 892 2353 918 elisit.

200 939 267 967 Fast.
287 940 319 969 6,
339 944 384 970 49-
1258 930 1292 948 ²0
1307 930 1386 966 Apud
1408 931 1535 964 Polybium
1555 940 1580 963 3,
1601 940 1628 966 25
1654 930 1826 967 describuntur
1848 930 1923 956 iidem
1942 931 2019 965 plane
2034 933 2116 961 ritus,
2132 936 2155 955 et
2180 935 2286 955 vocatur
2303 928 2353 954 Ro-

236 982 245 1000 1
257 980 277 998 V
288 980 308 998 N
319 978 338 997 O
351 979 369 997 N
381 977 389 995 1
401 975 421 996 G
435 967 480 996 ΕΝ
491 975 512 995 Α
523 989 531 1001 9
550 977 590 994 δε·
610 977 645 994 m·
683 966 849 1001 [‘H?⁰Y‘¹“7⁵]
884 967 989 993 Dffl'tur
1001 964 1146 997 vulcanus,
1164 966 1206 1000 qui
1221 973 1249 990 εκ
1307 975 1432 992 manorum
1452 964 1519 1001 ’ὅρκος
1532 963 1585 992 ddici
1601 967 1679 999 alsa,
1693 966 1736 992 vel
1757 964 1795 992 διιὶ
1813 965 1905 998 λίθων,
1919 965 1984 1001 quod
1999 964 2065 991 rec'te
2084 964 2240 1000 Casizubonus
2258 966 2355 994 vertit,

191 1009 249 1047 fila
263 1010 352 1034 Iunone
372 1013 445 1031 natus
453 1005 520 1040 ficit.
556 1004 637 1031 Ouid.
652 1004 716 1030 Met.
731 1011 759 1036 4,
772 1009 824 1037 173.
1307 1003 1404 1029 Morem
1416 1001 1522 1027 iurandi
1535 1003 1615 1029 Iouem
1630 1002 1745 1038 lapidem.
1792 1003 1855 1028 Puto
1874 1007 1954 1027 autem
1967 1004 1994 1027 in
2010 1002 2121 1027 Romana
2129 1000 2245 1036 formula
2262 997 2306 1032 este
2318 997 2354 1033 ji-

237 1051 275 1070 IV
285 1051 306 1070 N
316 1049 336 1069 Ο
348 1049 368 1067 N
380 1045 423 1067 Ᾱῐ.
436 1048 442 1066 1
454 1048 482 1072 S,
504 1048 528 1066 e.
564 1039 624 1065 Adi.
662 1038 745 1065 Ouid.
760 1038 824 1064 Fast.
842 1039 868 1070 6,
883 1039 913 1069 63
942 1036 1072 1063 Iunonale
1090 1035 1160 1071 leges
1183 1040 1250 1062 tem·
1305 1046 1394 1073 guram
1406 1037 1567 1072 Asymleton,
1585 1047 1632 1073 qua
1646 1042 1673 1064 in
1682 1038 1792 1074 publicis
1808 1037 1932 1073 formulis
1946 1037 2010 1062 alias
2024 1043 2144 1067 utuntur,
2163 1042 2192 1061 vt
2205 1038 2233 1061 in
2252 1034 2304 1070 ipjb
2320 1035 2355 1060 lo-

198 1089 254 1115 pus,
266 1086 311 1105 etc.
331 1081 350 1105 i.
371 1076 481 1113 Meifim
495 1077 643 1108 Iunonium,
662 1074 761 1101 eundem
774 1076 819 1109 qui
831 1073 933 1099 Iunius.
1307 1083 1335 1099 co
1349 1073 1410 1099 Liu.
1425 1082 1443 1105 1,
1458 1081 1491 1105 24
1521 1073 1607 1099 Prima
1625 1073 1772 1108 postrema,
1782 1080 1811 1100 ut
1828 1073 1916 1099 Patres
1929 1071 2087 1106 Conscripti3
2098 1078 2144 1098 etc.
2198 1072 2291 1097 Iouem
2305 1070 2361 1100 Lan

1262 1107 1290 1130 ²5
1307 1109 1397 1143 pidem
1415 1109 1503 1135 iurare
1521 1107 1573 1141 est,
1592 1116 1639 1144 per
1658 1110 1753 1136 Iouem
1785 1115 1808 1136 et
1839 1108 1957 1143 lapidem
1989 1109 2085 1134 iurare.
2141 1107 2183 1134 Sic
2205 1106 2262 1132 Cic.
2282 1106 2354 1132 Fam.

595 1148 609 1177 Ι
712 1147 742 1177 V
839 1147 861 1177 P
1307 1153 1334 1179 7,
1357 1153 1382 1170 12
1423 1144 1569 1178 Quomodo
1585 1151 1673 1171 autem
1691 1145 1744 1172 tibi
1763 1144 1876 1179 placebit
1888 1145 1980 1171 Iouem
1999 1142 2115 1178 lapidem
2141 1142 2246 1174 iurare,
2271 1149 2356 1175 quum

1306 1180 1381 1214 seim,
1394 1180 1486 1206 Iouem
1502 1180 1600 1207 iratum
1621 1181 1669 1208 effe
1688 1181 1791 1207 nemini
1809 1180 1897 1215 posse?
1947 1180 2048 1205 Viuere
2069 1188 2127 1205 cum
2146 1176 2357 1212 Ioue,profiteri

233 1229 243 1247 1
254 1227 274 1245 v
285 1227 298 1246 ι’
310 1218 402 1246 i'TER
412 1237 420 1250 ,
442 1217 484 1243 vel
500 1216 567 1252 quod
579 1216 639 1252 fere
655 1214 689 1249 est
708 1218 736 1241 in
755 1218 837 1241 numis
853 1222 876 1241 ct
894 1214 1019 1250 lapidibus
1039 1221 1050 1240 ι
1060 1221 1130 1241 νΡΡ
1141 1220 1151 1240 1
1162 1220 1249 1246 TER,
1305 1217 1450 1252 religionem
1471 1217 1540 1242 Iouis
1558 1222 1582 1242 et
1600 1218 1705 1243 aliorum
1723 1218 1839 1243 Deorum.
1883 1214 1941 1241 Vici.
1961 1216 2029 1242 Iocus
2046 1214 2126 1241 Persii
2140 1221 2163 1246 5,
2177 1219 2217 1245 138
2232 1222 2300 1248 quem
2314 1211 2357 1237 da.

195 1258 303 1285 Deorum
317 1257 357 1281 ill:
370 1255 540 1287 borninumquc
554 1262 597 1278 rex
611 1259 635 1279 et
649 1259 741 1286 pater,
777 1254 804 1277 ui
814 1261 868 1277 cum
888 1260 903 1277 a
918 1252 1022 1278 Graecis
1035 1249 1092 1276 Zuv's
1105 1257 1248 1281 vocaretur,
1305 1261 1358 1277 mus
1379 1254 1407 1277 in
1432 1258 1448 1278 Β
1457 1258 1478 1277 Α
1487 1258 1506 1278 R
1516 1257 1546 1277 O.
1613 1252 1698 1279 Barba
1717 1252 1792 1278 louis
1810 1251 1938 1287 arbuscula
1947 1271 1955 1282 ,
1985 1260 2040 1277 uam
2053 1250 2171 1286 describit
2184 1249 2251 1276 Plin.
2266 1249 2303 1280 16,
2319 1252 2356 1277 18.

195 1292 253 1319 inde
272 1298 353 1316 artum
374 1292 403 1321 est
424 1289 512 1317 louis3
532 1295 554 1313 et
567 1297 595 1314 ex
610 1287 744 1323 co,qicodi
767 1291 776 1312 i
795 1289 822 1312 in
835 1286 953 1322 precibus
973 1285 1083 1312 dicerent
1097 1286 1144 1311 Ζεῦ
1161 1284 1247 1320 πάτερ,
1259 1295 1291 1319 30
1306 1287 1425 1314 Flamma
1444 1287 1518 1313 Iouis
1536 1287 1608 1313 Idem
1628 1297 1666 1320 27,
1680 1290 1706 1314 6.
1779 1286 1839 1314 Flos
1854 1287 1926 1313 Iouis
1946 1288 1957 1313 I
1979 1306 1985 1312 .
2006 1295 2044 1319 21,
2059 1295 2088 1312 10
2100 1291 2124 1312 et
2137 1293 2169 1311 11.
2242 1283 2357 1310 Gemma

196 1327 307 1360 Iupizer.
329 1333 357 1351 vt
372 1335 386 1349 a
406 1323 476 1358 ζυγὸν
496 1323 605 1358 iugum,
623 1323 724 1357 ζευγνύω
742 1323 825 1356 iungo
839 1329 884 1349 etc.
903 1331 963 1384 {uae
977 1322 1101 1348 deriuatio
1115 1322 1199 1357 placet
1213 1327 1249 1347 ct·
1305 1323 1379 1349 Iouis
1399 1322 1466 1349 Plin.
1479 1330 1520 1357 37,
1534 1331 1563 1349 10
1575 1323 1592 1349 s.
1605 1325 1644 1350 61.
1716 1322 1797 1349 Glans
1815 1322 1888 1349 Iouis
1906 1322 1971 1348 Plin.
1986 1329 2022 1354 ις,
2035 1330 2071 1348 22.
2145 1319 2218 1355 Ignis
2239 1318 2357 1353 rapidus,

194 1366 244 1389 iam
260 1360 385 1387 Diomedi
401 1369 416 1386 2
438 1369 463 1393 p.
477 1367 525 1393 417
534 1366 578 1395 pr.
614 1360 739 1385 Caeterum
750 1359 870 1392 Aptoton
889 1362 910 1391 ε]
930 1377 938 1389 ,
952 1364 981 1383 vt
1000 1364 1074 1384 vocat
1087 1366 1112 1383 υ.
1128 1366 1154 1393 g.
1168 1356 1247 1383 Prisc.
1306 1362 1324 1385 i.
1335 1358 1436 1394 fulmen
1451 1360 1525 1392 Virg.
1538 1359 1604 1385 Aen.
1618 1368 1638 1392 1,
1652 1367 1692 1392 42.
1767 1359 1880 1385 Finimus
1891 1361 1919 1384 in
1928 1360 2061 1393 praeclaro
2073 1357 2126 1384 loco
2140 1357 2242 1384 Senecae
2255 1354 2288 1381 de
2302 1354 2358 1380 Vit.

195 1407 209 1430 ς
225 1407 249 1431 p.
264 1400 324 1429 669.
363 1398 446 1430 Imque
460 1395 632 1430 obliquiCaJits
639 1394 777 1429 sumuntur
790 1404 805 1420 a
815 1395 896 1424 Iouis,
911 1394 940 1419 d?
953 1392 1032 1428 quos:
1044 1394 1062 1419 l·
1081 1392 1248 1419 Tamenidfm
1306 1395 1378 1421 Beat.
1400 1403 1421 1420 c.
1436 1396 1470 1420 26
1506 1394 1547 1420 Sic
1567 1394 1663 1421 vestras
1683 1393 1903 1420 hallucinationes
1921 1394 1997 1425 fero,
2016 1391 2242 1427 quemadmodum
2255 1390 2358 1424 Iupiter

194 1433 315 1470 Prn'tian.
331 1434 347 1457 6
361 1441 384 1465 p.
399 1434 448 1463 69)-
459 1430 515 1465 poll
527 1430 589 1456 med.
612 1431 789 1456 Inueniuntur
807 1435 894 1456 tamen
913 1429 982 1462 apud
995 1427 1181 1455 vetustissimos
1201 1443 1247 1447 —-
1305 1430 1430 1463 Optimus
1446 1430 1578 1456 Maximus
1592 1430 1704 1464 ineptias
1716 1430 1872 1456 Po'e'tarum:
1891 1437 2007 1463 quorum
2021 1428 2088 1454 alius
2097 1428 2139 1454 illi
2153 1427 2205 1454 alas
2219 1425 2358 1460 imposuit,

194 1469 306 1503 Opiter,
321 1468 438 1502 Opiteris
449 1473 475 1493 et
487 1466 603 1500 Opitris:
624 1466 749 1500 Maspiter
763 1465 804 1501 (f.
814 1472 863 1500 pro
876 1465 1035 1498 Marsp'ster)
1053 1463 1202 1498 Maspiteris
1220 1468 1247 1489 et
1262 1476 1288 1499 35
1305 1466 1375 1492 alius
1388 1474 1501 1491 cornua:
1518 1466 1586 1492 alius
1599 1465 1748 1492 adulterum
1758 1465 1835 1491 illum
1851 1464 1956 1491 induxit
1970 1469 1996 1490 et
2009 1463 2208 1490 abnoehntem:
2229 1462 2296 1489 alius
2305 1462 2359 1488 sae-

193 1503 340 1537 Maspitris:
369 1502 516 1536 Diespiter,
531 1502 687 1536 Diespiteris
700 1508 725 1527 et
737 1501 888 1535 Diespitris.
919 1501 960 1527 Sic
981 1500 1062 1526 etiam
1075 1500 1190 1534 Iupiter,
1204 1500 1247 1525 Iu·
1305 1511 1369 1527 vum
1383 1501 1411 1526 in
1425 1501 1502 1532 deos,
1523 1501 1592 1528 alius
1606 1502 1733 1535 iniquum
1748 1501 1778 1528 in
1790 1500 1927 1527 homines:
1946 1499 2014 1527 alius
2025 1505 2164 1533 raptorum
2177 1499 2358 1532 ingenuorum

193 1540 284 1574 pita-ris
302 1546 328 1565 et
341 1538 463 1574 Iupitris,
484 1544 511 1564 vt
531 1538 662 1564 Caesellio
681 1535 791 1563 Vindici
810 1537 910 1571 placet,
928 1535 1021 1562 debuit
1039 1535 1177 1562 declinari.
1214 1536 1246 1560 Et
1304 1543 1506 1571 corruptorem,
1520 1544 1545 1563 et
1558 1543 1734 1571 cognatorum
1748 1536 1873 1572 quidem:
1893 1535 1961 1562 alius
1975 1534 2150 1569 parricidam,
2163 1540 2188 1560 et
2201 1533 2279 1568 regni
2296 1532 2359 1558 alie-

185 1575 227 1610 fic
242 1575 339 1608 Hygin.
352 1575 424 1601 l'o'et.
440 1573 543 1600 Astron.
560 1582 585 1606 2,
602 1582 625 1605 13
639 1573 710 1599 editt.
724 1575 842 1608 antiquae
860 1573 936 1605 Quae
957 1571 1045 1606 postea
1058 1571 1168 1606 Iupitris
1182 1571 1246 1596 fuis-
1303 1573 1333 1599 ni
1346 1573 1504 1606 paternique
1517 1579 1736 1607 expugnatorem.
1772 1572 1878 1612 Quibus
1890 1571 1959 1597 nihil
1973 1569 2046 1598 aliud
2065 1569 2153 1597 aelum
2166 1569 2220 1601 est,
2238 1577 2318 1603 quam
2328 1572 2359 1595 vt

193 1611 219 1642 se
240 1611 328 1636 nutrix
354 1625 399 1629 --
421 1609 622 1636 demonstratur.
660 1608 706 1635 Sed
719 1608 823 1635 Munak.
841 1618 869 1634 rx
886 1609 961 1635 MSS.
977 1608 1060 1634 Iouis.
1105 1608 1246 1634 Cauillntur
1304 1608 1393 1643 pudor
1405 1608 1562 1635 hommibus
1576 1608 1703 1643 peccandi
1716 1608 1883 1641 demeretur,
1901 1606 1920 1634 fi
1934 1607 1997 1634 tales
2011 1607 2081 1633 Deos
2095 1603 2273 1639 gredjdiffenn

193 1645 294 1673 Probus
308 1644 413 1671 Cathol.
430 1654 454 1678 p.
471 1647 519 1677 416
531 1652 596 1671 extr.
623 1645 679 1678 Qii
705 1643 818 1670 declinat
842 1643 886 1670 hic
913 1643 1034 1678 luppiter
1057 1642 1137 1669 huius
1162 1643 1245 1673 Iouis,
1255 1660 1290 1683 40

193 1682 277 1716 potest
292 1688 316 1707 et
331 1680 375 1706 hic
387 1679 508 1706 Phoebus
528 1679 606 1705 huius
620 1680 752 1713 Apollinis
770 1680 919 1712 declinare,
938 1687 964 1705 et
983 1679 1046 1705 haec
1058 1680 1182 1705 Minerua
1199 1677 1246 1703 hu-
1693 1672 1707 1702 Ῑ
1805 1670 1836 1701 V
1932 1670 1962 1701 R
2337 1682 2339 1685 ·

193 1718 234 1743 ius
248 1716 407 1747 Palladis,et
422 1715 465 1741 hic
480 1715 606 1741 Hercules
626 1714 705 1741 huius
719 1715 835 1740 Alcidae.
871 1715 1028 1746 Cauillarur,
1041 1717 1156 1749 inquam:
1181 1713 1248 1748 quod
1343 1724 1353 1743 1
1365 1723 1386 1742 ν
1398 1724 1417 1744 R
1428 1724 1462 1749 Α,
1482 1725 1521 1743 ae.
1541 1726 1579 1744 m.
1615 1716 1773 1752 [Ἰερασσδς]
1810 1717 1889 1743 Mons
1907 1715 1943 1742 est
1957 1714 2077 1747 Galliae,
2090 1714 2225 1749 Sequanos
2242 1711 2276 1740 ab
2295 1710 2361 1740 Hel.

192 1751 314 1780 Phoebus
328 1751 430 1777 Phoebi
445 1749 537 1784 poffiem
550 1750 642 1779 dicere,
657 1749 765 1784 Iupitris
783 1759 831 1775 non
845 1752 902 1775 item
918 1756 964 1774 etc.
999 1750 1125 1775 Caeterum
1139 1749 1208 1774 Gell.
1224 1757 1248 1781 ς,
1306 1753 1388 1779 vetii,
1404 1751 1542 1779 diflidens:
1577 1752 1678 1780 Αμξῖόν
1690 1753 1786 1779 Caesar
1801 1753 1830 1779 Β,
1846 1752 1878 1778 G,
1894 1761 1905 1779 1
1919 1758 1965 1787 Pr,
2075 1770 2086 1781 ,

194 1796 223 1814 12
236 1787 369 1822 superiora
380 1785 471 1821 firmat
480 1805 488 1817 ,
505 1785 585 1817 Qiod
605 1785 642 1810 est
662 1784 731 1810 elisis
749 1790 794 1810 aut
814 1784 963 1810 immutatis
982 1783 1140 1818 quibusdam
1161 1784 1247 1809 literis
1344 1794 1353 1812 1
1366 1794 1413 1812 VR
1423 1795 1445 1813 A
1454 1795 1479 1813 M
1488 1795 1505 1814 E
1515 1794 1539 1813 N
1550 1794 1573 1814 'r
1585 1795 1606 1813 v
1617 1794 1643 1814 M
1654 1808 1664 1820 ,
1692 1795 1701 1813 1
1712 1795 1732 1813 V
1741 1795 1760 1814 R
1770 1795 1822 1814 A'r
1831 1795 1851 1814 ν
1860 1795 1872 1814 s
1881 1807 1889 1819 ,
1921 1786 1975 1813 vid.
2008 1793 2076 1813 IvR
2085 1792 2113 1813 ο.

191 1822 328 1857 luppiter,
348 1821 375 1847 id
391 1820 497 1854 plenum
517 1827 596 1853 atque
617 1820 751 1852 integrum
772 1820 809 1844 est
823 1820 970 1853 Ioui-[pater.
1008 1820 1049 1845 Sic
1064 1824 1089 1845 et
1105 1821 1247 1853 Neptunus-
1259 1832 1289 1857 45
1345 1828 1354 1846 1
1367 1829 1387 1847 v
1398 1828 1416 1847 R
1426 1828 1445 1847 G
1455 1828 1490 1852 ο,
1509 1826 1561 1848 fise.
1597 1822 1707 1854 [yaxf'Q
1726 1822 1813 1857 ἐθίζω]
1850 1824 1888 1849 Ex
1900 1823 1962 1849 Iure
1974 1828 1998 1848 et
2011 1823 2084 1856 Ago;
2108 1819 2176 1856 quasi
2189 1821 2227 1847 De
2244 1821 2300 1846 iure
2312 1825 2361 1854 ago

185 1865 263 1895 pater
284 1856 425 1883 (οῐὶἱυηὲἲθ
439 1855 526 1882 ἃίἆῖυδ
540 1855 590 1885 est,
605 1861 631 1881 et
651 1853 861 1888 Satur-nuspatem
872 1860 898 1878 et
911 1853 1077 1888 Ianuspater‚
1090 1860 1116 1880 et
1130 1853 1248 1888 Marspa·
1305 1863 1329 1882 et
1343 1856 1471 1882 contendo.
1509 1857 1625 1884 Seruauit
1644 1857 1719 1883 Non.
1734 1865 1756 1889 ς,
1772 1866 1805 1890 34
1823 1858 1901 1883 Iocum
1922 1867 1933 1883 e
1947 1856 2086 1883 Ciceronis
2107 1858 2139 1882 de
2157 1864 2210 1889 rep.
2225 1863 2244 1887 4
2271 1853 2363 1880 Admi-

191 1901 241 1926 τεν,
255 1893 305 1919 hoc
320 1893 392 1921 enim
404 1891 440 1917 est
453 1890 610 1926 Marspiter,
625 1890 744 1924 itemque
757 1890 833 1916 Iouis
849 1888 982 1924 Diespater
995 1888 1153 1922 appellatuS,
1167 1888 1193 1913 id
1210 1887 1246 1913 est
1304 1900 1352 1917 ror
1364 1899 1413 1916 nec
1427 1899 1517 1916 rerum
1532 1891 1633 1920 solum,
1649 1891 1693 1916 sed
1713 1891 1860 1918 verborum
1877 1893 1959 1917 etiam
1978 1891 2136 1925 elegantiam
2156 1889 2207 1924 (de
2221 1891 2281 1916 XII
2293 1888 2362 1915 tabu·

192 1928 248 1955 diei
261 1934 286 1954 et
300 1928 362 1954 lucis
372 1933 455 1962 pater.
491 1926 592 1960 Iupiter
600 1925 732 1960 accufivuli
745 1924 807 1961 jcafic
821 1926 914 1951 Iouem
929 1929 1029 1958 patrem
1044 1922 1104 1949 Liu.
1117 1932 1140 1954 ε,
1154 1931 1195 1955 43,
1211 1931 1246 1953 ιι.
1304 1927 1337 1951 lis
1347 1944 1354 1956 ,
1363 1931 1440 1958 puto,
1452 1923 1595 1959 loquebatur
1609 1924 1716 1957 Cicero)
1749 1931 1781 1950 sl
1809 1932 1818 1950 1
1827 1932 1848 1950 v
1859 1932 1877 1951 R
1889 1931 1910 1950 G
1919 1932 1942 1952 A
1952 1932 1974 1950 N
1983 1931 2005 1951 'r
2014 1945 2022 1957 ‚
2041 1926 2143 1959 inquit:
2164 1924 2362 1951 beneuolorum

191 1966 231 1992 De
249 1964 294 1990 hoc
307 1966 388 1999 igitur
400 1964 465 1988 Ioue
481 1968 554 1995 patre
573 1965 623 1988 iam
637 1971 685 1987 non
707 1962 826 1994 historias
845 1959 986 1991 mucimus,
995 1958 1043 1995 fid
1056 1958 1199 1993 formulas,
1218 1966 1247 1983 αδ
1306 1959 1484 1990 concertatio,
1499 1968 1554 1985 non
1566 1958 1598 1984 lis
1613 1958 1804 1990 inimicorum,
1820 1959 1938 1994 iurgium
1951 1959 2059 1987 dicitur.
2079 1975 2126 1981 —-
2150 1960 2258 1994 Iurgare
2278 1959 2365 1993 igitur-

191 2001 307 2026 nomina:
329 2004 352 2024 et
366 2007 394 2023 ne
406 1997 465 2023 haec
478 1997 576 2031 quidem
594 2001 676 2023 onmia
686 2017 693 2028 ,
707 1996 900 2031 quandoquidem
915 1995 987 2021 Iouis
1000 1996 1092 2020 omnia
1106 1993 1180 2027 plena
1190 2013 1197 2024 ,
1217 1999 1246 2019 vt
1258 2008 1290 2029 50
1302 1996 1349 2021 ,lex
1364 2001 1437 2029 putat
1458 1995 1529 2021 inter
1546 1995 1572 2020 sc
1584 1994 1688 2020 vicinos
1703 2003 1758 2020 non
1777 1994 1893 2030 litigare,
1948 1995 2024 2022 Cedo
2035 2016 2043 2028 5
2057 1995 2123 2030 quid
2142 1994 2261 2029 iurgabit
2273 2001 2364 2020 tecum,

192 2044 221 2061 ex
236 2036 317 2060 Arato
337 2033 413 2066 Virg.
434 2032 487 2057 Ecl.
507 2040 530 2063 3,
548 2034 593 2057 60.
664 2033 686 2056 A
704 2032 792 2058 Po'etis
812 2034 915 2067 (inquit
927 2030 985 2057 Cic.
1001 2030 1033 2056 de
1047 2029 1083 2056 N.
1096 2030 1129 2055 D.
1151 2038 1176 2060 2,
1191 2032 1245 2067 94.)
1305 2031 1375 2057 Ter.
1391 2030 1473 2056 Andr.
1491 2039 1512 2062 2,
1526 2038 1549 2062 3,
1561 2038 1597 2062 ις.
1653 2031 1686 2056 Et
1701 2029 1785 2056 Andr.
1801 2040 1822 2063 s,
1839 2040 1859 2063 1,
1873 2039 1901 2064 19
1927 2032 1997 2058 Cmn
2013 2031 2090 2057 Dauo
2108 2029 2222 2065 egomet'
2234 2028 2292 2056 vidi
2307 2030 2362 2056 iur-

190 2070 291 2097 dicitur
303 2068 404 2095 Diuum
419 2073 499 2101 atque
511 2066 653 2092 hominum
667 2071 754 2099 pater:
774 2074 788 2092 a
801 2065 950 2092 maioribus
962 2071 1051 2091 autem
1066 2065 1161 2091 nostris
1169 2065 1246 2098 Opti·
1304 2073 1409 2101 gantem
1422 2066 1555 2092 ancillam.
1610 2065 1673 2092 Liu.
1688 2074 1727 2097 10,
1740 2073 1767 2098 33
1786 2067 1857 2093 Haec
1872 2067 1990 2102 iurganti
2003 2067 2205 2102 increpantique
2221 2065 2363 2100 respondeg

191 2115 251 2132 mus
265 2105 404 2131 maximus.
462 2102 535 2129 Idem
549 2109 597 2135 pro
611 2101 699 2126 Domo
715 2110 764 2133 144
791 2101 925 2134 Quocirca
944 2107 968 2126 te
983 2101 1152 2134 Capitoline,
1167 2108 1247 2133 quem
1305 2103 1385 2132 bant,
1405 2101 1542 2128 confeGIm
1562 2102 1587 2127 se
1607 2109 1695 2135 pugna
1716 2101 1836 2128 hesterna
1855 2103 1913 2129 esse.
1984 2103 2029 2130 Ne
2047 2104 2139 2129 saeuus
2153 2103 2270 2137 iurgares
2293 2102 2364 2127 Hor.

192 2148 302 2177 propter
321 2139 450 2166 beneficia
468 2138 584 2172 Populus
605 2137 683 2166 Rom.
703 2135 862 2170 Optimum,
883 2143 993 2170 propter
1013 2134 1071 2161 vim
1096 2135 1247 2172 Maximum
1306 2137 1386 2171 Epist,
1402 2147 1426 2169 2,
1439 2146 1460 2167 2,
1472 2145 1511 2164 21.
1547 2137 1621 2172 C⁰⁷²f·
1641 2138 1717 2164 Van--
1733 2137 1766 2164 de
1778 2137 1808 2164 L,
1823 2138 1854 2164 L,
1873 2140 1900 2171 6³
1915 2145 1937 2171 ς,
2117 2137 2138 2175 q
2161 2147 2174 2164 2
2209 2139 2274 2173 ΒΨ,
2292 2137 2363 2166 Hor,

193 2176 354 2203 nominauit.
416 2174 471 2201 Cic.
485 2174 517 2199 de
532 2173 567 2199 N.
583 2173 615 2199 D.
627 2181 650 2204 3,
663 2180 696 2204 42
718 2181 739 2197 c.
753 2173 782 2197 16
812 2172 890 2197 Ioues
916 2178 1025 2209 quoque
1044 2169 1193 2202 complures
1218 2177 1247 2193 in
1264 2180 1292 2201 55
1308 2173 1392 2197 germ,
1408 2181 1433 2202 2,
1447 2181 1473 2202 2,
1488 2181 1535 2198 100
1557 2172 1635 2205 Iure,
1647 2173 1752 2207 inquit,
1765 2173 1878 2200 Tmfius
1891 2173 1947 2200 istis
1966 2174 2091 2209 fingatur
2104 2173 2204 2201 verbis,

193 2213 359 2239 Graecorum
372 2210 457 2236 literis
473 2208 634 2235 inuenimus.
670 2208 701 2233 Et
714 2215 741 2239 53
754 2215 776 2232 c.
792 2215 819 2232 21
848 2206 984 2239 Principio
998 2206 1075 2230 Ioues
1091 2210 1144 2229 tres
1156 2211 1248 2228 nume·
1346 2213 1355 2230 1
1365 2213 1385 2230 v
1398 2213 1415 2230 R
1426 2212 1494 2231 G1v
1507 2212 1532 2231 M
1543 2225 1551 2237 ‚
1573 2207 1591 2232 i,
1611 2217 1638 2233 n,
1673 2207 1758 2240 [Qum
1770 2208 1923 2243 ἅψιμαχία,
1936 2209 2137 2243 vt’MCDWsstſtrnmf,
2151 2208 2363 2245 πραπηλακωμὸς,

193 2254 252 2275 rant
267 2247 355 2280 ii‚qui
369 2245 492 2279 theologi
506 2244 696 2276 nominantur,
715 2250 746 2268 ex
761 2242 859 2277 quibus
873 2241 991 2275 primum
1003 2245 1031 2266 et
1049 2237 1191 2265 secundum
1205 2245 1249 2263 na-
1306 2238 1435 2272 ἀντιλογία
1448 2240 1528 2265 610Πῖ
1543 2240 1600 2266 Lat.
1616 2240 1684 2274 Gr.]
1718 2245 1857 2272 contentio,
1894 2246 1949 2272 Cic.
1969 2245 2002 2271 de
2020 2246 2129 2272 Amicit,
2149 2251 2181 2276 80
2206 2244 2363 2272 cauendum

193 2290 234 2310 tos
249 2283 277 2308 in
290 2282 418 2308 Arcadia:
438 2281 551 2307 alterum
565 2286 637 2313 patre
651 2278 781 2311 Aethere,
796 2285 840 2304 etc.
877 2277 998 2303 Alterum
1014 2281 1086 2310 patre
1102 2273 1194 2305 Caelo,
1203 2279 1248 2299 ete.
1307 2284 1384 2306 vero,
1398 2284 1431 2301 ne
1445 2275 1525 2301 etiam
1538 2275 1566 2300 in
1576 2283 1668 2309 graues
1683 2275 1838 2303 inimicitias
1852 2286 2010 2308 conuertant
2026 2282 2051 2307 se
2063 2281 2216 2313 amicitiae,
2235 2289 2250 2306 e
2264 2280 2364 2315 quibus

194 2319 325 2345 Tertium
343 2318 511 2348 Cretensem,
535 2315 641 2341 Saturni
659 2314 761 2344 filium,
786 2313 861 2339 cuius
881 2314 910 2338 in
931 2312 977 2338 illa
996 2310 1081 2337 insula
1099 2309 1247 2343 sepulcrum
1308 2311 1413 2345 iurgia,
1428 2309 1584 2343 maledifh,
1598 2310 1776 2337 contumeliae
1792 2311 1946 2345 gignuntur.
2028 2317 2072 2340 Ne
2089 2317 2151 2349 quis
2169 2317 2199 2341 in
2216 2316 2366 2344 certamine

195 2353 351 2383 ostenditur.
387 2354 431 2380 Ille
446 2353 513 2378 velut
526 2349 656 2383 hillericus
673 2351 786 2384 Iupiter:
806 2350 933 2374 naturalis
948 2349 1040 2374 caelum
1052 2344 1086 2379 est
1099 2349 1156 2376 aer,
1170 2351 1194 2370 et
1206 2347 1248 2369 vis
1259 2348 1294 2374 60
1309 2347 1434 2380 iurgioue
1453 2361 1499 2366 -—-
1520 2346 1703 2373 commilitoni
1724 2346 1873 2373 obietftaret
1891 2348 1984 2374 Tacit.
1996 2349 2065 2375 Hist.
2087 2358 2116 2382 4,
2136 2357 2176 2381 72,
2194 2358 2220 2382 9.
2292 2351 2362 2376 Aere

195 2399 222 2416 ea
236 2397 341 2415 mouens.
378 2389 447 2414 Hinc
464 2388 531 2413 Hor.
547 2387 635 2412 Carm.
652 2394 672 2417 1,
686 2394 706 2417 1,
718 2392 750 2417 23
779 2384 870 2410 Manet
890 2384 936 2409 sub
953 2384 1018 2409 Ioue
1039 2381 1142 2416 frigido
1162 2381 1248 2405 Vena·
1308 2383 1427 2416 iurgium
1442 2381 1517 2408 Idem
1533 2381 1600 2408 ibid.
1614 2391 1641 2415 4,
1653 2384 1679 2408 6.
1710 2382 1768 2409 Vici.
1789 2390 1811 2409 Α
1822 2389 1838 2409 C
1850 2390 1903 2409 ER.
1976 2383 2088 2409 Inimica
2106 2385 2194 2410 Senec.
2207 2384 2320 2416 Thyest.
2334 2392 2362 2419 7.

194 2431 255 2457 tor,
270 2431 373 2450 tenerae
386 2423 507 2456 coniugis
527 2423 679 2448 immemor.
732 2419 852 2446 quenal.
866 2419 916 2446 Sat.
932 2427 955 2450 ς,
968 2427 998 2450 79
1022 2419 1158 2444 Fremeret
1173 2416 1249 2441 saeua
1308 2419 1400 2444 Infima
1413 2417 1496 2444 Ouid·
1510 2417 1576 2444 Fdst·
1591 2427 1611 2450 1,
1623 2425 1669 2452 74-
1723 2418 1854 2445 Notabile
1864 2419 1932 2444 T30-
1947 2418 2017 2445 Hist-
2037 2427 2060 2451 2,
2080 2427 2116 2451 33-
2170 2418 2256 2445 Eun!
2269 2419 2361 2453 iurgio

196 2470 278 2495 quum
296 2459 424 2493 grandine
438 2467 534 2484 vernus
554 2457 681 2491 luppiter.
723 2455 794 2482 Vnde
813 2461 837 2481 et
850 2454 902 2480 Sub
917 2454 963 2480 dio
977 2453 1099 2485 dicimus,
1113 2460 1183 2487 quum
1200 2451 1248 2475 Δία
1307 2453 1413 2479 tandem
1427 2462 1540 2479 uxorem
1552 2453 1630 2487 abegi
1648 2462 1663 2479 a
1682 2453 1760 2480 ianua
1779 2454 1860 2480 phut·
1874 2455 1948 2480 Men,
1968 2463 1989 2486 1,
2003 2463 2029 2486 2,
2043 2460 2077 2485 13,
2150 2454 2289 2481 Abstinere
2308 2455 2366 2481 iur-

195 2498 290 2523 Iouem
303 2503 386 2521 vot-ert
405 2496 508 2526 Graeci,
524 2503 590 2527 quem
604 2495 686 2518 omnia
700 2490 744 2525 effe
761 2492 901 2517 uoluerunt.
951 2490 985 2517 Vt
1000 2489 1122 2515 Valerius
1135 2487 1248 2513 Soranus
1309 2489 1376 2522 giis,
1419 2488 1533 2513 Auferre
1556 2488 1692 2521 iurgium,
1734 2491 1913 2516 committere
1935 2490 2039 2524 iurgia,
2083 2489 2251 2517 Contendere
2271 2489 2362 2524 iurgio

195 2532 263 2567 apud
276 2530 413 2563 Augustini.
428 2529 459 2555 de
475 2529 504 2555 C.
518 2529 550 2555 D.
566 2536 592 2562 7,
604 2538 619 2560 9
632 2538 660 2554 ex
680 2528 791 2554 Vas-rone
801 2546 809 2558 ,
829 2526 949 2560 Iuppiter
965 2525 1137 2557 omnipotens
1155 2530 1248 2556 regum
1264 2526 1294 2555 65
1309 2532 1369 2549 cum
1382 2522 1490 2557 aliquo,
1509 2522 1563 2548 vid.
1578 2523 1621 2549 hh.
1637 2532 1680 2549 υυ.
1754 2524 1873 2550 Gliscunt
1887 2525 1974 2557 iurgia
1995 2526 2098 2552 Lucret.
2111 2534 2134 2557 3,
2149 2533 2212 2560 479.
2267 2525 2364 2553 *Irrita

196 2576 358 2601 rerumque,
373 2564 504 2598 deumque
532 2564 704 2597 Progenitor,
719 2562 889 2597 geniti-'utque
907 2559 987 2587 defun
999 2580 1008 2593 ,
1034 2560 1105 2586 Deus
1129 2567 1196 2584 vnus
1223 2562 1249 2582 et
1309 2559 1397 2593 iurgia
1411 2558 1491 2585 iafflas
1504 2558 1579 2592 Virg.
1595 2559 1658 2584 Aen.
1675 2567 1713 2590 10,
1727 2566 1767 2591 95.
1838 2559 1957 2586 NeEIere
1977 2560 2064 2594 iurgia
2084 2569 2144 2586 cum
2165 2562 2257 2596 aliquo
2278 2560 2362 2588 Ouid.

197 2611 297 2631 omncs.
334 2602 406 2628 Alibi
420 2609 470 2635 pro
489 2602 582 2626 Anima
603 2599 702 2628 mundi,
718 2599 780 2625 alibi
793 2605 842 2633 pro
861 2599 961 2624 Pluuia.
1018 2596 1094 2629 Virg.
1107 2594 1206 2627 Georg.
1226 2601 1252 2623 2,
1310 2596 1402 2621 Amor.
1419 2603 1445 2627 2,
1459 2603 1484 2626 2,
1499 2600 1537 2626 33.
1609 2593 1724 2620 Rabiosa
1737 2594 1824 2628 iurgia
1836 2594 1952 2621 vendere
1970 2595 2058 2622 Senec.
2070 2596 2149 2622 Herc.
2163 2597 2215 2624 fur.
2229 2605 2242 2629 3
2262 2596 2292 2622 de
2307 2606 2365 2623 cau.

197 2648 246 2671 419
265 2639 297 2664 Et
311 2637 366 2663 iam
378 2636 488 2662 maturis
502 2635 655 2661 metuendus
669 2635 770 2668 Iupiter
783 2634 852 2660 vuis.
890 2631 930 2665 Est
945 2639 967 2658 et
981 2632 1083 2666 Iupiter
1096 2629 1251 2669 ⁷zomen351el-
1301 2630 1403 2665 fidia-is.
1476 2630 1573 2656 Lucan.
1589 2629 1621 2656 ad
1635 2630 1721 2655 Pison.
1738 2637 1775 2664 74
1799 2629 1928 2657 Turbida
1945 2631 2055 2664 prolatis
2074 2638 2211 2658 tacuerunt
2224 2632 2312 2666 iurgia
2325 2640 2364 2659 re-

198 2675 235 2700 [ΠΕ
249 2675 318 2700 illl-us
331 2673 470 2708 figuram-s,
486 2679 545 2706 quae
557 2673 584 2696 i„
600 2670 684 2696 ordine
697 2669 807 2705 flemnla
820 2668 862 2701 est.
898 2669 965 2694 Plin.
981 2677 1006 2700 2,
1021 2672 1046 2697 18
1072 2667 1139 2693 Suus
1153 2672 1250 2699 cuique
1311 2666 1368 2693 bus.
1440 2665 1563 2699 Iurgium
1576 2672 1600 2691 et
1615 2664 1743 2691 Lis.hane
1757 2664 1855 2692 habent
1867 2665 2034 2698 distantiam,
2048 2667 2120 2701 quod
2134 2668 2254 2702 Iurgium
2273 2668 2364 2695 leuior

198 2709 290 2740 eolor;
318 2709 430 2735 gammo
450 2705 591 2738 mndid-ds,
612 2705 673 2731 101st
693 2705 793 2737 clarus,
807 2704 889 2730 Marti
909 2704 1011 2738 igneus.
1085 2703 1108 2728 A
1128 2709 1204 2735 capra
1226 2705 1251 2725 et
1264 2710 1296 2734 70
1311 2711 1351 2729 res
1372 2701 1423 2732 est3
1448 2701 1465 2727 si
1482 2700 1590 2735 quidem
1608 2701 1681 2727 Inter
1699 2701 1840 2728 beniuolos
1852 2707 1897 2728 aut
1917 2702 2083 2736 propinquos
2103 2703 2224 2732 dissensio
2236 2703 2279 2731 vel
2301 2712 2364 2730 con-

200 2744 292 2778 apibus
311 2744 443 2770 nutritum
464 2742 539 2769 fuisse
559 2742 744 2776 praedicarunt
766 2740 876 2767 Graeci:
905 2739 959 2766 uid.
981 2738 1102 2765 Laetam.
1125 2745 1146 2777 1,
1165 2744 1201 2763 21.
1228 2742 1252 2761 et
1312 2737 1440 2769 certatio,
1457 2737 1576 2771 Iurgium
1596 2736 1710 2763 dicitur:
1737 2738 1810 2763 Inter
1832 2737 1959 2764 inimicos
1983 2737 2120 2771 dissensio,
2141 2739 2187 2765 Lis
2207 2739 2364 2774 appellatur.

201 2780 279 2807 Ouid.
295 2780 359 2806 Fast.
374 2788 396 2812 3,
412 2788 443 2813 43
458 2785 481 2804 et
495 2777 564 2804 alibi.
598 2777 654 2803 ls'itl.
675 2783 873 2802 AMALTHEA.
907 2775 1064 2809 Sepulcrum
1082 2774 1156 2800 Iouis
1176 2770 1253 2804 (217671-
1311 2775 1381 2800 Haec
1396 2773 1469 2800 Non.
1485 2780 1508 2805 ς,
1521 2781 1555 2805 34
1573 2779 1596 2799 et
1604 2775 1682 2808 ponit
1693 2773 1771 2800 locum
1778 2774 1915 2805 Ciceronis,
1925 2774 1993 2808 qu'em
2007 2773 2076 2800 modo
2088 2777 2116 2800 in
2126 2781 2232 2802 IVRGO
2245 2775 2364 2802 dedimus.

201 2816 262 2842 dunt
275 2816 407 2851 Creten-[bs.
443 2813 501 2841 Via.
517 2812 635 2839 Laetam.
650 2821 669 2842 1,
683 2820 714 2844 11,
729 2814 765 2844 46
785 2821 813 2837 rx
826 2813 914 2837 Ennio.
958 2811 1036 2836 Plane
1054 2808 1208 2835 Lac‘iantius
1223 2806 1252 2833 de
1327 2838 1329 2840 ¹
1349 2817 1359 2835 1
1369 2817 1389 2835 v
1399 2816 1418 2835 R
1429 2809 1521 2835 (2168
1531 2814 1587 2839 Vs,
1607 2817 1637 2839 a,
1657 2817 1711 2834 um.
1737 2808 1796 2835 Adi.
1833 2807 2040 2843 [φιλωνεικώδης]
2075 2810 2247 2846 Contentiofiis
2268 2817 2292 2837 et
2311 2811 2366 2837 liti-

201 2853 258 2878 Ioue
277 2851 411 2883 videndus,
420 2849 570 2885 Praejjbrtim
590 2857 610 2880 1,
625 2856 662 2873 10.
682 2850 713 2873 it.
734 2855 765 2873 11.
780 2856 814 2873 21.
828 2855 861 2873 22
875 2853 921 2873 etc.
1100 2841 1121 2880 q
1141 2853 1157 2870 2
1195 2845 1253 2878 Epi·
1309 2845 1404 2882 giosus.
1441 2843 1509 2870 Gell.
1524 2852 1545 2876 1,
1558 2851 1587 2878 17
1607 2844 1709 2871 Mulier
1720 2845 1826 2871 morosa
1842 2844 1985 2872 admodum
1998 2844 2074 2872 fuisse
2086 2845 2223 2879 fertur,'et
2235 2845 2362 2882 iurgiosa.

202 2887 270 2912 theta
290 2888 372 2913 Iouis:
410 2885 560 2912 Altitonans
577 2883 694 2918 Iupiter,
710 2882 764 2908 uid.
785 2883 810 2909 h.
829 2891 855 2908 υ.
934 2882 1105 2916 Aequoreus,
1121 2881 1252 2914 Neptunus
1267 2886 1295 2907 75
1309 2883 1348 2909 De
1362 2880 1507 2916 Xanthippe
1522 2880 1635 2906 Socratis
1647 2889 1732 2907 uxore.

203 2922 294 2949 Claud.
308 2922 339 2949 de
353 2922 431 2948 Cons.
447 2920 520 2947 Mall.
535 2924 591 2949 282.
661 2918 810 2947 Altisonus,
830 2917 882 2943 vid.
902 2917 1038 2949 Altisonus
1058 2919 1085 2942 in
1109 2922 1128 2941 Α
1138 2923 1155 2942 L
1165 2922 1186 2942 T
1196 2923 1217 2941 v
1227 2922 1250 2941 s.
1348 2923 1412 2942 1vn
1423 2922 1520 2943 GATl
1530 2921 1566 2948 ο,
1588 2916 1654 2942 onis.
1681 2916 1701 2943 f.
1740 2915 1836 2942 Festus.

203 2958 309 2991 Aequus
329 2958 398 2984 Hor.
417 2957 506 2983 carm.
527 2964 547 2988 1,
567 2959 606 2984 23.
627 2962 665 2986 29.
755 2953 831 2979 Altus
852 2953 934 2979 Ouid.
954 2952 986 2979 de
1005 2954 1069 2979 Arte
1089 2952 1148 2978 Am.
1170 2960 1193 2981 2,
1214 2956 1251 2983 38.
1348 2958 1388 2979 ιν
1401 2953 1586 2985 ΗΟᾹΤΟΚ,
1603 2951 1668 2978 oris.
1688 2961 1723 2978 m.
1760 2952 1841 2978 Mart.
1857 2950 1957 2985 Capell.
1995 2971 2001 2978 .
2039 2971 2046 2978 .

204 2994 333 3024 Ammon,
354 2992 440 3027 vid.s.
454 2993 471 3018 l.
544 2991 711 3019 Arbitrator,
730 2988 783 3014 vid.
797 2988 822 3014 h.
837 2998 862 3014 υ.
934 2989 1040 3015 Arduus
1054 2987 1144 3014 Valer.
1153 2988 1252 3022 Argon.
1349 2995 1358 3013 1
1368 2995 1390 3014 v
1400 2995 1417 3014 R
1428 2994 1447 3014 G
1458 2995 1480 3014 Α
1492 2993 1514 3013 T
1525 2993 1544 3013 R
1555 2994 1563 3012 1
1573 2995 1609 3019 x,
1628 2987 1684 3014 icis.
1704 2988 1725 3014 f.
1762 2988 1877 3014 Hieron.
1892 2986 1972 3022 Epist.
1986 2994 2031 3022 47.

205 3037 227 3061 5,
243 3037 302 3060 304·
372 3028 498 3054 Barbatus
511 3033 533 3052 et
547 3025 679 3052 Imberbis
695 3025 760 3050 Min.
775 3023 828 3050 Fel.
841 3032 878 3055 21,
893 3032 926 3056 ις.
1000 3023 1169 3058 Capitolinus
1183 3022 1252 3056 gerit
1346 3030 1356 3049 1
1367 3029 1387 3048 v
1397 3030 1416 3050 R
1426 3030 1446 3050 G
1458 3029 1480 3050 A
1490 3030 1512 3049 Τ
1524 3028 1544 3049 0
1555 3029 1574 3048 R
1583 3030 1592 3049 1
1601 3029 1622 3048 v
1632 3030 1661 3054 s,
1679 3032 1708 3056 a,
1728 3032 1784 3049 um.
1810 3022 1872 3050 Adi.
1909 3023 2042 3049 Ammian.
2058 3027 2102 3056 27,
2114 3029 2134 3047 1.

206 3063 317 3089 fulmina
344 3063 417 3090 Idem
437 3071 481 3094 21,
507 3070 541 3093 ις.
633 3061 723 3087 Celsus
748 3059 838 3086 Valet.
856 3060 955 3092 Argon.
972 3069 1005 3093 4,
1022 3067 1063 3093 73.
1155 3058 1251 3085 Corni-
1265 3066 1298 3089 80
1347 3066 1357 3085 1
1367 3066 1387 3085 v
1397 3066 1415 3085 R
1425 3066 1433 3084 1
1444 3065 1462 3085 Ι)
1473 3065 1481 3084 ι
1492 3065 1578 3091 cvs,
1605 3065 1614 3083 1
1625 3065 1646 3084 v
1656 3066 1675 3085 R
1685 3067 1694 3086 1
1705 3066 1717 3086 s
1727 3066 1764 3086 Di
1774 3064 1791 3084 c
1801 3066 1839 3086 TI
1853 3065 1873 3085 o
1883 3079 1892 3091 ,
1922 3058 1976 3085 vid.
2005 3062 2077 3085 IVS.

206 3107 269 3131 gero
283 3098 313 3124 de
327 3100 390 3125 Ioue
404 3105 493 3129 natus;
512 3100 550 3124 De
567 3099 622 3124 Ioue
638 3098 773 3123 Hammone
786 3094 869 3122 Ouid.
890 3095 919 3120 in
936 3095 996 3121 Ibin
1016 3100 1071 3126 298.
1149 3095 1250 3120 Dextro
1348 3102 1388 3122 lv
1398 3102 1417 3121 R
1428 3101 1446 3120 0
1456 3115 1463 3125 ‚
1484 3094 1527 3120 aui
1539 3101 1562 3120 ct
1575 3097 1630 3120 atus
1642 3095 1716 3129 sum,
1740 3099 1792 3120 ire.
1830 3093 1945 3127 [ὀμνύω,
1958 3092 2067 3126 ὄμνυμι,
2081 3089 2166 3124 dudm]
2201 3089 2231 3116 A
2241 3090 2359 3128 Iurefit:

206 3134 271 3160 Ioue
284 3134 352 3161 liber
364 3135 399 3160 est
419 3136 486 3161 Pers.
501 3142 523 3166 ς,
538 3142 588 3166 114.
648 3132 746 3159 Elicius
766 3131 827 3157 Liu.
843 3139 862 3161 1,
877 3138 918 3157 20.
978 3131 1077 3156 Auson.
1093 3129 1162 3164 Epit.
1176 3138 1202 3162 33
1223 3133 1250 3155 in
1310 3140 1367 3156 nam
1383 3131 1474 3157 Iurare
1483 3132 1586 3165 proprie
1597 3128 1646 3162 esz‘,
1659 3134 1727 3161 iure,
1740 3131 1807 3166 lege,
1821 3127 1990 3166 sollemniter,
2002 3126 2126 3163 affirmare
2143 3126 2256 3160 alz'qmd,
2270 3136 2360 3163 negare

206 3169 349 3202 Glauciam,
376 3171 427 3197 Aut
447 3170 520 3196 Iouis
538 3168 617 3201 Elysii
638 3173 668 3194 tu
683 3167 829 3194 Catamitus
850 3166 919 3198 eris,
939 3168 957 3191 i.
980 3167 1080 3192 Plutoni
1098 3169 1164 3196 eris,
1189 3164 1254 3200 quod
1311 3167 1352 3192 vel
1365 3169 1530 3200 promittere,
1544 3164 1665 3192 adhibitis·
1683 3165 1794 3199 testibus.
1830 3168 1881 3192 Deo
1899 3165 1951 3201 ipso
1970 3168 2042 3191 etiam
2060 3165 2172 3187 inuocato
2196 3168 2225 3187 vt
2243 3161 2301 3195 teste
2319 3164 2361 3190 vel

206 3205 357 3238 Ganymedes
366 3207 429 3232 Ioui.
466 3204 676 3237 Feretriusffisd.
691 3204 752 3230 ὴν.
790 3201 964 3228 Fulminantis
976 3209 1069 3234 magna
1082 3210 1173 3227 manus
1181 3201 1253 3226 louis
1312 3202 1420 3228 vindice.
1459 3203 1550 3228 lutare
1571 3201 1610 3227 tui
1631 3201 1703 3228 ciues
1721 3201 1895 3228 Xenocratem
1916 3199 2096 3228 testimonium
2117 3195 2247 3223 dicentem
2267 3198 2360 3232 prohi-

207 3240 275 3266 Hor.
283 3241 369 3267 Carni.
383 3250 403 3273 3,
419 3250 441 3273 3,
455 3243 481 3267 6.
517 3239 627 3267 Gelidus
636 3239 730 3266 Claud.
745 3237 947 3265 inCons.Prob.
963 3235 1119 3269 etOlyb.37.
1155 3236 1252 3269 Hospi-
1268 3242 1297 3271 85
1313 3237 1427 3264 buerunt
1442 3237 1498 3264 Cic.
1513 3238 1568 3264 Att.
1584 3245 1603 3269 1,
1618 3239 1655 3263 16.
1729 3237 1821 3264 Decies
1840 3237 1949 3268 iurasti,
1966 3234 2018 3261 vid.
2038 3238 2161 3260 DECEM.
2234 3233 2299 3265 Aras
2317 3234 2358 3260 iu.

209 3275 268 3301 talis
283 3276 334 3310 eujl
349 3278 365 3302 l.
402 3275 534 3302 Humidus
548 3276 624 3310 Virg.
638 3277 735 3309 Georg.
750 3283 771 3307 1,
783 3279 839 3307 418.
877 3272 1074 3299 Hibernilouis
1087 3271 1178 3305 fragor
1190 3272 1253 3301 Stat,
1311 3282 1385 3303 rare,
1411 3274 1508 3300 poetice
1527 3272 1595 3300 dixit
1606 3273 1702 3300 Horat.
1711 3279 1761 3308 pro
1772 3275 1836 3300 Aris
1854 3271 1933 3298 raetis
1947 3269 2024 3305 Epist.
2044 3278 2067 3297 2.
2087 3276 2105 3300 ι,
2121 3270 2149 3293 16
2178 3267 2358 3304 Iurandasque

208 3309 298 3336 Theb.
313 3319 334 3343 3,
350 3313 390 3337 26.
426 3311 569 3343 Imber-big
584 3311 637 3337 vid.
654 3316 833 3337 EARBATVS.
872 3309 1021 3343 Imperator
1030 3308 1088 3334 Liu.
1098 3309 1173 3340 6‚29.
1194 3307 1252 3333 Cic.
1310 3315 1387 3335 tuum
1401 3318 1446 3344 per
1461 3317 1558 3335 nomen
1570 3303 1775 3343 poninss15A1-215‚
1841 3308 1946 3335 Bellum
1956 3307 2046 3339 ingens
2067 3305 2172 3330 iuratur
2186 3304 2247 3330 Stat.
2262 3304 2360 3331 Achill.

210 3346 287 3371 Verr.
299 3355 318 3378 4
330 3356 351 3372 c.
365 3353 401 3379 38.
443 3349 569 3382 Templum
588 3350 639 3373 cius
652 3348 743 3374 Romae
761 3349 788 3371 in
801 3345 896 3371 offiaua
910 3343 983 3370 vrbis
1003 3344 1114 3377 regione
1126 3342 1193 3378 apud
1205 3343 1253 3368 Vi·
1314 3353 1334 3376 1,
1349 3352 1405 3377 453.
1479 3344 1571 3371 Fidem
1590 3345 1675 3373 iurata
1696 3344 1796 3371 fefellit
1822 3343 1903 3370 Ouid.
1919 3343 2010 3369 Amor.
2022 3350 2046 3373 3,
2059 3348 2081 3371 3,
2096 3348 2115 3366 1.
2187 3340 2279 3366 Iouem
2294 3340 2358 3375 lapi.

210 3379 318 3406 ctorem.
348 3382 415 3408 Add.
429 3383 493 3409 Plin.
508 3384 598 3417 paneg.
614 3391 634 3415 ς,
647 3391 674 3416 4.
730 3380 834 3414 Indiges
847 3382 943 3407 Aeneas
963 3379 1024 3406 Liu.
1039 3388 1059 3411 1,
1074 3387 1098 3405 2.
1151 3377 1252 3405 Inuicti
1313 3380 1389 3411 dem,
1409 3379 1462 3405 vid.
1483 3387 1491 3405 1
1505 3387 1524 3406 v
1536 3388 1551 3407 Ρ
1561 3386 1625 3406 ITE
1636 3386 1665 3407 R.
1738 3379 1935 3406 Iusiurandum,
1950 3376 2021 3411 quod
2040 3377 2174 3402 iuraretur
2193 3375 2261 3401 Gell.
2282 3384 2303 3408 ς,
2319 3385 2357 3409 19.

211 3415 282 3453 IPHIS
295 3425 361 3444 vxor
379 3419 446 3444 Hor-
461 3419 548 3444 Carul-
564 3427 584 3449 3,
600 3428 636 3451 Ξῖ,
650 3426 691 3453 73.
748 3416 862 3443 Latiaris
880 3416 948 3443 Min.
964 3415 1017 3441 Fet.
1032 3423 1067 3445 ει,
1083 3421 1116 3447 ις.
1171 3414 1252 3439 Luce-
1266 3427 1299 3452 90
1313 3415 1393 3448 Quod
1412 3415 1448 3441 ita
1469 3415 1585 3442 iuratum
1605 3414 1657 3448 est,
1677 3421 1706 3442 vt
1720 3425 1793 3442 meus
1808 3414 1957 3447 conciperet
1976 3411 2034 3438 sieri
2053 3416 2193 3445 oportere,
2205 3410 2233 3437 id
2253 3411 2357 3443 seruan-

212 3455 264 3477 tius
276 3452 359 3477 Nacu.
376 3453 441 3487 apud
457 3454 523 3480 Gell.
538 3462 560 3487 ς,
576 3463 609 3480 12.
662 3453 797 3480 Maximus
816 3452 882 3478 Hor.
896 3451 978 3477 Serui.
994 3460 1011 3483 r,
1025 3459 1050 3482 2,
1066 3457 1103 3484 17.
1159 3448 1253 3484 Magni
1314 3450 1378 3476 dum
1399 3451 1434 3476 est
1456 3452 1510 3479 Cic.
1525 3451 1577 3478 Off.
1593 3460 1604 3483 3
1625 3460 1645 3477 c.
1662 3460 1704 3484 29.
1776 3452 1879 3477 Iuratur
1892 3448 2031 3474 Honorius
2051 3447 2142 3473 absens
2167 3446 2260 3473 Claud.
2276 3447 2356 3474 Cous.

212 3484 286 3525 Iouis
302 3489 407 3514 nuntius
423 3488 496 3515 Idem
516 3491 603 3516 Carni.
624 3498 643 3521 1,
663 3498 701 3522 10,
717 3497 738 3522 ς.
796 3488 883 3514 Malus
897 3488 1012 3521 Iupiter,
1025 3495 1080 3512 cum
1100 3483 1254 3520 tempestates
1313 3487 1384 3512 Hon.
1401 3495 1427 3520 4,
1439 3495 1505 3522 447.
1541 3486 1610 3514 Add.
1622 3487 1685 3513 Stat.
1693 3486 1784 3514 Theb.
1798 3493 1823 3520 7,
1837 3492 1887 3515 ¹03-
1923 3484 2020 3510 Lucan·
2035 3484 2122 3516 5‚396·
2193 3483 2279 3508 Μὸΐίἃ
2288 3483 2356 3517 aspe-

211 3527 261 3546 ctet
273 3523 333 3547 bssat.
345 3523 432 3550 'I'heb.
449 3534 483 3557 4ο,
495 3528 540 3556 368
559 3525 599 3551 Sic
612 3524 658 3551 vbi
672 3525 833 3551 noehirnum
846 3523 948 3549 tonitru
964 3522 1046 3548 malus
1062 3520 1168 3548 aethera
1183 3520 1253 3546 fran-
1312 3531 1342 3548 ra
1360 3522 1422 3548 iuro
1443 3524 1518 3556 Virg.
1534 3524 1598 3549 Aen.
1612 3524 1638 3555 6,
1650 3531 1699 3555 351.
1770 3518 1860 3548 sancte
1877 3519 1945 3546 Ter.
1962 3520 2026 3546 Hec.
2045 3527 2064 3549 ι,
2084 3527 2104 3550 1,
2120 3525 2142 3549 3.
2213 3517 2354 3544 Tellurem

212 3555 250 3588 git
273 3556 386 3590 Iupiter,
398 3559 506 3586 assiliunt
525 3563 624 3594 (potius
639 3559 788 3591 Abfiliunt)
803 3559 902 3591 nubes,
916 3564 941 3584 et
961 3558 1067 3592 fulgure
1088 3556 1160 3583 claro
1178 3555 1252 3582 Astra
1313 3557 1379 3584 hanc
1394 3558 1455 3584 iuro
1468 3559 1514 3585 Sil.
1531 3564 1554 3591 8,
1570 3566 1621 3592 105.
1642 3558 1716 3594 Conf.
1729 3557 1753 3584 h.
1766 3555 1922 3583 horula-nh.
1993 3553 2090 3581 Verbis
2103 3553 2237 3587 conceptis
2256 3553 2356 3585 hiran-e,

212 3598 299 3622 patent
313 3599 358 3631 etc.
396 3594 447 3628 Ipse
460 3596 524 3622 Hor,
542 3595 592 3622 Od,
610 3604 630 3627 1,
643 3604 685 3628 22,
701 3605 728 3629 ¹9
754 3595 834 3628 Quod
847 3594 913 3621 latus
926 3594 1017 3620 muudi
1031 3593 1143 3619 nebulae
1155 3591 1252 3618 Malus·
1263 3603 1295 3629 95
1311 3596 1330 3619 i.
1352 3592 1467 3620 Distatis
1485 3604 1499 3619 a
1521 3594 1646 3630 deferente
1663 3596 1839 3622 iuramentum,
1858 3598 1881 3616 ct
1902 3601 1931 3616 cx
1948 3590 2056 3616 arbitrio
2075 3589 2233 3619 adiurantis,
2259 3589 2303 3615 hoc
2322 3589 2356 3621 es}

212 3634 263 3659 que
277 3627 377 3660 Iupiter
390 3636 487 3661 vrgent.
542 3631 687 3664 Minianus,
701 3631 754 3658 uid.
767 3631 815 3666 Jub
835 3637 972 3657 M1N1VM.
1028 3628 1110 3662 Nigri
1125 3628 1199 3654 Iouis
1213 3636 1253 3653 re·
1303 3628 1438 3665 -adigentis
1453 3629 1487 3655 aas
1498 3628 1680 3661 iusiurandum,
1689 3633 1844 3664 pernoram:
1859 3626 2038 3652 Plinnrseud.
2054 3634 2071 3653 1.
2086 3633 2108 3657 3,
2125 3632 2173 3655 1¹9-
2208 3623 2280 3650 Idem
2290 3624 2354 3651 Cist.

214 3669 278 3693 ἕως
300 3664 411 3701 Plus-onis
425 3663 676 3697 Sen.Herc.Oet.13.
721 3667 890 3701 Olympicus.
905 3665 957 3692 vid.
971 3670 1132 3692 OLYMPVS.
1176 3663 1252 3698 Opti·
1315 3673 1334 3697 1,
1351 3674 1369 3694 1,
1384 3674 1430 3691 100
1450 3666 1483 3691 At
1498 3666 1542 3691 ille
1557 3665 1699 3699 conceptis,
1708 3659 1810 3690 'iurauit
1823 3661 1912 3688 verbis
1923 3661 1990 3696 apud
2004 3668 2115 3687 matrem
2130 3668 2226 3691 meam,
2235 3668 2278 3685 me
2290 3669 2354 3685 vxo-

213 3704 270 3721 iuus
285 3697 413 3723 Maximus
432 3699 488 3725 Cic.
502 3701 532 3725 de
544 3702 606 3729 Nat.
620 3703 699 3729 Deor.
720 3711 746 3734 2,
760 3704 796 3734 64
815 3711 835 3727 c.
850 3710 886 3734 25.
907 3708 930 3727 et
948 3709 997 3735 pro
1015 3700 1104 3726 Domo
1124 3708 1147 3726 c.
1167 3706 1199 3731 57
1210 3705 1250 3733 pr.
1312 3709 1369 3726 rem
1389 3700 1532 3727 duelurum
1549 3702 1605 3727 esse.
1641 3699 1715 3734 Conf.
1735 3697 1792 3724 Liu.
1812 3706 1855 3730 43,
1871 3699 1900 3724 16
1917 3705 1982 3723 extr.
2053 3695 2221 3723 Calumniam
2233 3695 2305 3721 Cael.
2321 3695 2353 3721 ad

214 3731 588 3802 fgssiiss³1⁴ciissiffle()kpii¹tll.fist&
604 3747 661 3771 394,
718 3738 840 3770 pinufius,
859 3747 883 3764 υ,
899 3738 922 3763 χ),
937 3746 962 3762 υ,
976 3735 1024 3771 sub
1039 3741 1128 3762 QVO,
1182 3735 1251 3761 salu,
1314 3735 1371 3762 εἰς.
1385 3736 1455 3762 Fam,
1470 3742 1492 3767 3,
1507 3741 1529 3766 3,
1565 3736 1626 3762 ΠΗ,
1641 3744 1676 3768 33,
1691 3740 1742 3773 473
1756 3737 1773 3759 i.
1787 3734 1816 3769 [ε
1836 3743 1883 3758 nau
1903 3734 2061 3760 calumniari.
2133 3730 2199 3756 Plin.
2214 3730 2241 3755 in
2261 3731 2355 3765 Paneg.

216 3800 301 3826 smm-
322 3801 371 3826 Im
404 3811 430 3828 η
465 3814 491 3830 m
536 3809 552 3832 6
646 3774 737 3800 Seueri
759 3774 829 3799 louis
849 3772 936 3799 vultus
961 3773 1022 3798 Stat.
1038 3770 1131 3797 Theb.
1150 3778 1177 3803 9,
1196 3776 1305 3802 839·100
1313 3781 1334 3798 e.
1350 3774 1382 3801 68
1407 3772 1460 3798 Scis
1478 3771 1530 3798 tibi
1548 3771 1649 3805 vbique
1661 3770 1759 3801 iurari,
1772 3777 1854 3803 quum
1871 3769 1926 3802 ipse
1943 3768 2075 3794 iuraueris
2087 3765 2227 3795 omnibus,
2244 3767 2261 3791 i.
2275 3766 2353 3800 fidem

336 3821 342 3826 ¹
376 3821 381 3826 ·
438 3823 445 3835 a
495 3826 501 3837 ‚
522 3816 532 3837 ἠ’
554 3827 560 3833 .

361 3835 369 3841 ,
613 3808 733 3841 Stygius,
748 3810 818 3835 Pluto
840 3809 914 3842 Virg.
936 3808 999 3833 Aen.
1020 3816 1046 3840 4,
1066 3809 1120 3839 638.
1176 3806 1249 3832 Sum-
1307 3806 1489 3842 poHicitussts.
1559 3807 1622 3833 Per:
1641 3804 1696 3830 Cic.
1710 3814 1758 3838 pro
1772 3804 1863 3831 Rabir.
1878 3803 1945 3830 Post.
1964 3805 1996 3835 36
2020 3802 2073 3832 Vbi
2090 3800 2168 3828 semel
2183 3801 2241 3834 quis
2255 3802 2353 3835 peiera-

217 3843 288 3874 111115ἶ
301 3837 340 3861 vel
357 3837 493 3876 bupremus
510 3842 579 3867 Idem
599 3844 662 3868 Aen.
684 3852 702 3874 ι,
724 3853 773 3875 123.
810 3844 878 3870 Hor.
892 3845 980 3870 Carm.
1003 3851 1022 3873 1,
1040 3851 1074 3873 32,
1097 3851 1136 3874 ¹4-
1190 3842 1250 3868 To·
1311 3843 1395 3873 verit,
1416 3844 1441 3869 ei
1463 3841 1534 3869 credi
1553 3840 1656 3875 postea,
1674 3840 1789 3866 etiamsi
1810 3849 1855 3874 per
1873 3839 1961 3874 plures
1982 3838 2044 3864 deos
2063 3837 2148 3867 iuret,
2164 3844 2217 3861 non
2236 3842 2351 3870 oportet.

217 3877 302 3908 nantis
319 3880 399 3912 annus
412 3871 535 3900 lnbernus
548 3878 618 3903 louis
631 3879 697 3904 Hor.
712 3879 793 3912 Epod.
808 3888 833 3910 2,
848 3885 884 3909 28.
935 3877 1085 3905 Tremeudi
1102 3877 1195 3903 solium
1210 3878 1251 3903 10-
1313 3879 1360 3904 Per
1374 3885 1450 3912 caput
1463 3877 1512 3903 hoc
1525 3876 1586 3901 iuro
1599 3875 1673 3910 Virg.
1688 3877 1754 3903 Aen.
1768 3884 1794 3908 9,
1807 3884 1866 3907 300.
1937 3875 1986 3901 Per
1999 3874 2069 3900 Deos
2083 3872 2138 3899 Cic.
2151 3869 2229 3897 Acad.
2245 3881 2263 3904 4
2276 3881 2295 3898 c.
2311 3881 2349 3898 ρο.

219 3913 274 3943 vis,
289 3907 399 3931 Plutones
415 3908 499 3933 Valer.
515 3910 611 3943 Argon.
629 3921 648 3943 ς,
662 3920 712 3945 35³5.
768 3914 863 3940 Victor
880 3914 938 3940 Liu.
954 3923 989 3943 10,
1006 3922 1047 3946 29.
1110 3912 1250 3938 Vimiueus
1312 3914 1361 3940 Per
1380 3913 1448 3939 mala
1459 3912 1522 3949 sua,
1537 3920 1583 3945 per
1603 3920 1707 3938 manes:
1730 3911 1783 3938 vid.
1803 3910 1934 3944 anffll.
1948 3912 1966 3937 6
1983 3917 2102 3943 prooem.
2122 3907 2202 3941 ibique
2216 3908 2353 3933 But-manu.

217 3939 317 3974 Iul'stc‘
337 3942 412 3967 Vfl‘s·
424 3942 453 3967 L·
469 3944 497 3968 L·
509 3952 537 3976 4,
550 3950 562 3974 8
575 3955 606 3979 ,μ
623 3954 656 3980 15,
675 3956 707 3981 34
732 3958 747 3974 α
764 3957 809 3984 quo
828 3949 920 3976 ditium
933 3949 1077 3986 suspicatur
1091 3948 1249 3976 viminalem
1257 3954 1299 3980 105
1305 3956 1335 3985 p.
1347 3958 1404 3984 495.
1476 3948 1525 3975 Per
1543 3946 1624 3979 sidera
1644 3947 1718 3983 Virg.
1733 3947 1798 3974 Aen.
1812 3949 1837 3979 6,
1850 3951 1907 3980 458·
1976 3946 2009 3974 In
2025 3944 2141 3980 aliquem
2155 3942 2259 3975 iurare,
2279 3946 2298 3984 ι’..
2321 3944 2353 3969 In

2215 3985 2353 4014 pernicicm
