2479 4225
10 191 12 224 ,³
59 191 124 231 273
239 237 241 242 ¹
412 167 416 173 Ι
433 177 470 218 D
552 179 584 219 R
674 182 710 222 Y
1007 171 1011 173 .
1530 191 1567 232 D
1655 195 1693 235 V
1781 198 1808 237 B
2122 217 2196 256 274

62 285 65 288 .
95 271 201 293 1>va
208 271 294 299 ΔΕΑ,
313 274 352 294 ae.
372 266 393 293 f.
430 266 584 303 [Δρύμοιιοι]
620 260 719 306 Regio,
741 271 828 305 postca
845 270 938 298 Daulis
956 273 1098 307 appellata,
1160 278 1238 304 Mons
1251 283 1306 306 erat
1326 279 1429 307 ascensu
1449 281 1562 316 dubius,
1582 283 1701 319 festoque
1721 286 1847 313 remiss'us.
1919 291 1976 319 Cic,
1991 301 2039 327 pro
2051 292 2140 319 Domo
2154 294 2197 320 sua

51 299 116 335 teste
136 300 200 328 Ptin.
212 311 240 335 4,
254 310 275 334 3.
298 302 340 328 vbi
360 302 389 328 de
400 303 488 329 Locris
508 308 571 340 agit.
1162 322 1183 339 ιι
1206 316 1254 340 Res
1267 322 1322 341 crat
1333 324 1387 341 non
1401 317 1427 341 in
1441 319 1575 351 Opinione
1587 318 1677 352 dubia,
1698 321 1739 346 sed
1754 321 1780 346 in
1795 323 1935 356 praesentia
1945 346 1951 357 ‚
1971 334 2048 361 atque
2062 334 2121 355 ante
2134 337 2195 356 ocu.

95 342 114 363 n
125 341 144 362 R
157 342 176 363 Υ
186 343 211 363 Μ
220 344 300 368 vsA,
320 346 359 364 ae.
380 338 400 364 f.
436 338 593 375 [Δρύμκσα]
628 341 700 368 Asiae
712 340 813 374 insula,
834 341 912 368 Sarno
930 348 957 369 et
969 343 1055 371 Lesbo
1068 345 1096 372 fi·
1160 348 1199 373 lo-
1208 369 1215 381 ,
1234 351 1366 384 propoiito
1379 353 1507 385 periculo.
1564 356 1648 382 Pauor
1665 356 1757 382 Claud.
1771 358 1848 383 Cons-
1864 359 1939 387 l’rob.
1953 363 2031 394 Olyb.
2049 372 2080 390 ιι.
2126 366 2197 392 Peri-

58 370 162 404 nitima,
175 378 204 398 vt
215 372 296 412 refert
319 373 384 399 Plin.
398 380 421 406 ς,
434 382 469 406 31.
1161 387 1216 409 cun.
1240 386 1342 412 Luci-et.
1357 394 1378 418 3,
1392 394 1427 418 55.
1507 390 1552 416 Pes
1577 390 1657 417 Ouid.
1671 400 1702 418 ex
1715 392 1799 418 Ponto
1812 403 1839 426 4,
1853 402 1874 425 3,
1889 403 1925 426 32-
1995 399 2055 424 Liu.
2071 407 2107 432 35,
2145 420 2151 426 .

94 412 221 434 DRYOP
231 412 252 433 Η
263 414 283 435 o
295 413 316 433 Ν
327 414 347 435 ο
357 414 396 441 Ν,
417 409 435 435 i.
461 418 487 435 n.
526 411 615 437 Herba.
648 410 715 437 Plin.
729 418 772 445 27,
785 419 809 443 9.
851 411 910 439 Vici.
924 413 1000 440 Ruell.
1009 424 1034 447 2,
1048 424 1096 447 135.
1121 431 1134 456 ς
1164 420 1333 453 Aliquamdiu
1348 421 1459 449 dubium
1468 424 1598 452 Praclium
1615 427 1676 452 fuit.
1747 428 1828 454 Ouid.
1843 428 1874 454 de
1889 432 1952 456 Arte
1961 432 2018 458 Am.
2034 444 2055 465 ε,
2070 444 2117 467 4¹4
2138 421 2196 462 Nee

93 446 112 467 D
121 447 139 467 R
151 447 170 467 Y
181 447 200 468 O
209 448 254 469 ΡΗ
266 450 285 469 Υ
296 449 317 470 Τ
326 451 343 470 Ε
352 451 364 470 s
373 463 381 476 ,
398 452 438 470 ae.
458 454 492 470 m.
523 445 651 473 Secundum
668 445 744 471 libros
758 445 874 481 quosdam
886 457 962 483 genus
975 459 1094 476 ranarum
1161 455 1260 489 semper
1273 456 1366 483 dubias
1384 457 1491 485 adiuuat
1513 469 1575 487 aura
1589 463 1674 488 Rates.
1744 461 1826 490 Plaut.
1839 464 1912 499 Epid.
1931 474 1951 497 ι,
1966 475 1987 498 2,
2000 476 2027 493 ιο
2060 471 2081 495 ls
2096 472 2195 497 amicus

58 475 248 537 afiudPlinium
261 486 302 511 32,
318 486 335 513 7
347 479 365 506 s.
378 487 422 512 24.
443 487 492 514 pro
504 490 549 516 quo
560 481 669 507 meliores
688 486 707 506 D
718 487 725 505 1
738 487 757 506 Ο
769 488 839 508 Ph'T
849 489 902 514 Es,
923 493 947 510 υ.
966 494 992 511 v.
1010 486 1092 518 Dryo-
1160 490 1194 515 cst
1204 509 1210 520 ,
1231 492 1276 525 qui
1294 492 1320 518 in
1334 500 1361 518 rc
1374 493 1474 525 dubia,
1496 504 1523 520 rc
1538 497 1626 528 iuuat,
1645 497 1692 524 vbi
1703 507 1731 525 re
1745 499 1781 525 est
1797 508 1873 533 opuS.
1943 501 1998 528 Cic.
2015 505 2066 529 Att.
2083 514 2119 538 10,
2154 526 2160 532 .
2187 527 2193 532 .

56 520 75 546 P

93 516 156 543 yton
170 513 389 549 alioquinfuerit,
409 516 474 549 quod
485 519 511 542 in
527 524 615 552 quercu
627 514 747 555 nascitur.
766 551 771 556 ι
893 553 897 557 η
1158 528 1245 559 Quem
1260 528 1347 554 dubiis
1361 528 1438 554 rebus
1450 529 1552 556 laedere
1568 533 1687 560 noluisti.
1757 535 1807 561 Res
1820 541 1920 569 apertas
1933 545 1947 563 a
1961 536 2049 563 dubiis
2064 541 2196 568 secernere

93 551 140 573 DR
152 554 170 573 Υ
182 546 281 576 01)Τέ
292 555 309 575 R
320 557 330 575 1
340 556 370 580 s,
396 551 455 577 idis.
486 551 506 577 t'.
539 550 615 577 Filici
634 550 742 583 flmilis,
763 560 791 577 in
809 551 951 580 arboribus
971 556 1094 588 nascitur,
1158 561 1263 588 Luci-et.
1275 572 1303 595 4,
1318 565 1380 596 460.
1453 565 1524 598 virg.
1539 567 1602 593 Aen.
1616 571 1641 599 6,
1657 571 1703 600 196
1721 569 1821 604 Tuque
1835 570 1853 598 ό
1867 570 1955 598 dubiis
1966 581 2000 598 ne
2013 573 2094 600 defice
2107 577 2194 604 rebus.

56 583 132 608 tenui
151 582 282 610 foliorum
296 584 463 612 subdulcium
479 586 589 612 incisura
596 604 605 617 ,
624 586 711 612 radice
725 586 824 614 hirsuta
841 588 905 615 Plin.
920 598 960 624 27,
974 600 998 622 9.
1114 607 1142 624 10
1158 598 1205 622 Pru
1221 602 1264 623 noc
1281 602 1353 624 ctiam
1382 598 1463 625 dubia
1479 602 1574 627 [neutro
1583 605 1650 637 plur.
1664 611 1756 638 ponere
1769 608 1859 642 Jolegt.
1942 608 2047 635 Coniux
2067 613 2197 645 prosperis

67 635 69 637 .
94 622 167 644 DRY
178 625 275 646 OSHY
287 625 302 645 P
315 626 335 646 Η
346 628 361 647 Ε
372 628 392 647 Α
402 628 431 654 R,
444 622 502 648 aris.
515 629 540 646 n.
560 618 637 655 [δρυᾶς
651 619 740 656 timeae]
760 623 847 650 Genus
861 625 925 651 visci
940 626 990 658 est,
1004 627 1092 659 copio-
1157 632 1299 667 dubiisque
1314 634 1384 660 socia
1403 635 1470 660 Tac.
1486 636 1552 661 Aun.
1569 646 1605 669 12,
1621 647 1641 669 ς,
1653 648 1672 671 5.
1744 642 1862 668 Pessimus
1875 642 1903 669 in
1914 642 2002 670 dubiis
2015 652 2099 678 augur
2114 647 2196 673 rimor

56 650 148 679 fiffime
160 653 188 680 in
203 663 300 689 quercu
314 657 433 688 nascens,
451 654 518 682 vnde
535 661 561 681 et
572 664 669 682 nomen
683 658 790 692 accepit.
815 660 856 685 Est
865 667 952 686 autem
964 662 1002 686 sui
1019 672 1092 695 gcnc-
1156 667 1216 693 Stat.
1232 668 1323 695 Theb.
1337 678 1358 701 3,
1371 672 1396 695 6.
1453 671 1582 698 Rumores
1603 674 1666 699 Plin.
1682 675 1759 709 Epist.
1774 685 1827 708 190.
1880 679 1935 705 Cic.
1951 680 2022 706 Fam.
2036 682 2062 713 6,
2078 689 2106 713 ¹4
2123 682 2196 708 Hanc

55 687 94 714 ris
115 689 203 716 Planta
216 689 357 724 fruticosa,
378 689 572 726 sesquipedalis,
590 691 676 724 lenta,
693 693 794 727 semper
806 695 911 727 virens,
930 697 1017 730 grauis
1029 698 1092 723 Odo—
1156 703 1184 728 in
1199 703 1354 736 opinionem
1369 704 1478 736 discefli,
1498 713 1525 733 vt
1541 708 1608 734 mihi
1623 716 1665 735 tua
1680 711 1751 737 Salus
1764 712 1843 739 dubia
1856 722 1910 739 non
1926 716 1993 741 cili-t.
2065 715 2197 744 Sententia

54 723 109 755 ris,
129 723 193 751 buxi
206 725 293 758 folio,
312 726 396 754 baccis
409 726 522 760 exiguis,
539 725 592 752 fine
606 727 688 760 flore,
704 728 802 756 (ὂᾶἲυιῐῐ
817 731 942 766 sequens,
958 740 1093 767 nunquam
1157 738 1238 764 Ouid.
1253 747 1284 765 ex
1299 741 1383 765 Ponto
1404 748 1426 772 3,
1445 749 1472 773 4,
1493 747 1533 776 87.
1605 745 1694 772 Sidera
1719 748 1808 774 quen.
1823 749 1871 775 Sat.
1886 757 1908 782 ς,
1922 758 1962 776 22.
1979 749 2127 778 aduentante
2140 753 2197 778 Cre-

54 757 85 784 in
97 764 167 785 terra
181 761 294 787 nascens.
337 762 392 788 Vid.
405 761 469 788 Piin.
485 763 514 787 16
527 770 548 787 c.
563 762 610 788 vlt.
1113 780 1137 806 ¹5
1152 774 1262 834 ‚pu-(culo.
1299 775 1394 809 Qubus
1409 783 1563 810 opponuntur
1575 780 1662 808 Certa.
1715 783 1781 809 Hor.
1792 784 1880 810 Carm.
1893 794 1916 815 2,
1926 788 1990 819 ¹⁶24
2019 786 2114 821 Neque
2127 794 2198 815 certa

91 798 136 819 ΒΚ
149 801 168 820 Υ
181 801 197 821 P
207 803 223 822 Ε
233 803 253 823 T
262 804 316 830 fis,
336 806 387 824 um.
408 795 427 822 f.
462 793 618 832 [δρυπετεῖς]
653 798 748 826 Oliuae
763 801 820 826 sunt
833 806 966 835 maturae,
984 809 1009 829 ct
1022 803 1093 830 adul-
1155 809 1184 834 fu
1197 815 1258 843 gent
1294 810 1383 836 Sidera
1396 812 1490 838 nautis.
1532 815 1590 841 Vid.
1605 816 1728 843 Drakenh.
1741 819 1774 844 ad
1787 819 1831 845 Sil.
1845 828 1867 851 2,
1881 825 1920 852 98.
1968 822 2026 856 Spes
2039 831 2092 848 non
2105 822 2197 856 dubia,

52 832 108 854 tae:
127 829 164 856 ita
178 830 279 862 dictae,
297 832 366 867 quali
383 831 433 858 iam
449 839 480 857 ex
493 831 589 859 arbore
602 833 750 861 decidentes
769 837 835 862 Plin.
851 845 886 869 ις,
898 846 917 863 ι.
1154 844 1206 870 uid.
1227 851 1249 870 N
1259 851 1318 870 ΟΝ.
1373 846 1511 881 Tempora
1525 849 1605 876 dubia
1619 857 1643 877 et
1657 852 1764 878 secunda
1786 855 1851 880 l-lor.
1861 856 1947 883 Carni.
1961 867 1988 889 4,
2004 866 2029 889 9,
2039 861 2076 888 36.
2113 859 2197 886 Tem-

87 869 200 899 DRYS,
225 876 281 898 yos,
299 869 319 894 f,
353 868 469 901 Qercus.
506 869 540 894 lt.
554 868 629 895 herba
641 871 706 896 alias
723 872 884 906 chamaedrys
897 871 983 906 dista,
997 882 1057 909 quae
1070 882 1094 901 ee
1156 888 1220 914 pora
1233 879 1307 913 Reip.
1323 879 1403 907 dubia
1432 883 1488 909 Cic.
1504 893 1553 918 pro
1568 886 1643 912 Font.
1660 895 1702 919 34.
1772 889 1900 916 Timores
1920 892 1981 918 Stat.
1996 893 2088 920 Theb.
2104 902 2126 927 ς,
2142 902 2194 927 319.

52 897 170 932 dryfites.
208 901 285 937 Apul.
298 902 330 929 de
342 900 425 928 Herb.
445 911 467 928 c.
482 910 527 935 24.
1155 915 1206 941 Via
1231 915 1313 942 Ouid.
1335 916 1412 949 Epist.
1434 923 1468 950 18,
1489 927 1542 953 154.
1623 923 1701 948 Vires
1727 922 1799 949 Idem
1820 925 1885 951 Met.
1906 934 1933 959 7,
1958 933 2012 959 508.
2095 930 2196 956 Volun-

88 940 136 962 DR
149 943 166 962 γ
179 944 262 970 νςΑ,
274 946 312 964 ae.
326 937 345 963 f.
380 936 518 972 [Aeniam]
553 939 649 973 Insula,
661 949 741 975 quam
755 941 864 970 eandem
881 943 929 970 else
944 943 1050 978 Samon,
1064 955 1092 972 ex
1101 959 1136 979 20
1156 956 1192 976 tas
1226 951 1317 977 Tacit.
1339 952 1406 978 Hist.
1438 963 1473 987 4,
1495 958 1520 981 6.
1600 957 1684 983 Vrbes
1717 957 1814 985 Lucan.
1847 969 1875 993 2,
1895 970 1959 995 447.
2031 963 2131 991 Sallust.
2166 966 2196 992 in

51 969 186 1003 Aristotele
197 973 279 1000 tradet
294 971 358 1000 Ptin.
369 980 395 1006 5,
407 981 443 1005 31·
1154 985 1275 1020 Iugurth.
1296 995 1317 1012 c.
1339 995 1375 1021 94
1416 989 1492 1021 Qxae
1510 990 1591 1017 dubia
1609 992 1680 1018 nisui
1699 993 1873 1027 videbantur,
1904 997 2061 1029 potissimum
2085 1006 2192 1028 tentare.

1154 1021 1213 1048 Nec
1229 1022 1284 1048 sum
1299 1022 1382 1048 animi
1396 1022 1492 1050 dubius
1510 1027 1585 1061 Virg.
1599 1027 1696 1062 Georg.
1711 1037 1732 1060 3,
1744 1034 1801 1060 289.
1870 1030 1928 1056 Sen.
1944 1032 1974 1057 de
1987 1033 2076 1060 Benef.
2098 1055 2104 1061 .
2143 1056 2149 1062 .
2186 1057 2193 1063 .

427 1034 457 1066 D
567 1036 597 1067 V
705 1037 733 1068 A
1152 1057 1198 1083 Me
1214 1057 1348 1091 tempestas
1361 1061 1518 1094 occupauit,
1536 1067 1627 1096 portus
1641 1071 1669 1088 ac
1684 1063 1803 1097 praefidii
1817 1063 1937 1091 dubium.
2011 1070 2087 1095 Vitae
2099 1071 2194 1098 dubius

88 1084 176 1107 DVA.
211 1077 284 1114 [δύο]
306 1080 355 1106 Pro
368 1081 424 1106 Duo
437 1080 505 1115 apud
521 1082 628 1109 Veteres.
664 1082 720 1109 Cic.
733 1083 762 1109 in
773 1084 849 1111 Orat.
865 1087 909 1118 156
920 1095 942 1112 e.
951 1090 987 1121 46
1002 1089 1090 1117 Video
1153 1091 1235 1118 Ouid.
1248 1092 1335 1119 Trist.
1348 1102 1371 1125 3,
1384 1102 1406 1126 3,
1420 1103 1459 1127 25.
1641 1096 1662 1134 Ἴ
1685 1107 1704 1132 4
1742 1101 1773 1126 In
1787 1100 1873 1127 Mstis
1883 1101 2071 1137 confunduntur
2090 1106 2196 1133 Medius

50 1114 186 1149 sepulchra
198 1116 246 1142 dua
258 1115 372 1141 duorum
387 1124 538 1150 corporum.
581 1119 618 1144 Ex
637 1117 727 1144 Accio.
799 1121 890 1147 Pondo
903 1121 953 1149 dua
971 1124 1089 1152 Sci-ibon.
1105 1136 1137 1162 25
1153 1134 1176 1154 et
1189 1127 1309 1161 Dubius,
1335 1129 1387 1154 vid.
1413 1136 1543 1157 MEDivs.

50 1159 145 1185 pastun.
163 1161 189 1177 υ.
210 1160 234 1187 g.
254 1152 303 1176 262
331 1151 426 1177 Baccae
443 1152 511 1178 lauri
526 1152 615 1179 aridae
628 1154 717 1187 pondo
733 1153 793 1181 dua.
852 1157 883 1182 It.
898 1160 946 1184 266
966 1160 1048 1186 Cei-ae
1063 1162 1089 1187 P.
1187 1169 1235 1189 Dv
1246 1170 1279 1190 131
1291 1170 1316 1190 Ε.
1353 1163 1420 1204 ‘³5¹¹'-
1456 1164 1628 1199 [κ’μφιέῗόλως
1640 1167 1660 1207 J.
1699 1168 1755 1195 Cic.
1769 1168 1801 1195 de
1814 1169 1906 1196 Diuin.
1928 1180 1949 1204 1,
1963 1180 2044 1213 124'c.
2059 1182 2086 1207 ςς
2111 1176 2196 1203 Potest

50 1186 115 1212 dua:
138 1186 235 1212 refluae
250 1185 344 1212 frietae
364 1188 389 1212 P.
410 1187 469 1213 dua.
526 1190 566 1215 8ιί-
577 1192 650 1214 etiam
664 1195 706 1222 258
737 1191 823 1217 Postea
837 1200 911 1218 cerae
931 1194 955 1219 P.
970 1195 1021 1221 dua
1035 1196 1088 1223 bes.
1152 1198 1280 1231 accidere,
1293 1204 1322 1226 vt
1346 1200 1454 1234 aliquod
1474 1201 1573 1235 lienum
1597 1202 1679 1229 dubie
1699 1204 1803 1237 datum,
1830 1215 1879 1240 pro
1904 1213 1976 1234 certo
2000 1211 2031 1235 iit
2053 1218 2195 1245 acceptum.

48 1221 82 1248 It.
95 1224 146 1247 206
161 1220 267 1247 Refinae
280 1221 465 1256 colophoniae
479 1224 503 1249 P.
518 1232 574 1250 1111.
597 1224 665 1257 (vid.
676 1226 741 1261 leg.)
761 1234 804 1252 ιιι.
824 1227 865 1253 vel
880 1228 931 1254 dua
946 1236 970 1256 et
983 1230 1086 1258 beffem.
1152 1233 1212 1260 Liu.
1226 1243 1252 1266 2,
1264 1243 1293 1267 23
1305 1234 1308 1235 ⁷
1319 1236 1376 1262 Nec
1391 1236 1470 1263 dubie
1486 1237 1605 1263 ludibrio
1620 1239 1668 1264 eise
1680 1240 1799 1267 miserias
1814 1242 1877 1268 silas.
1947 1244 2025 1270 Haud
2039 1245 2120 1273 dubie
2138 1248 2195 1274 Cic.

48 1257 97 1283 Sed
114 1256 241 1290 Qiinc'til.
257 1265 277 1288 1,
291 1265 313 1289 ς,
328 1266 352 1289 15
384 1258 455 1284 Nam
468 1258 516 1286 dua
528 1265 554 1285 et
567 1266 605 1285 tre
615 1261 696 1294 pondo
709 1261 874 1288 diuersorum
888 1273 1013 1297 generum
1029 1268 1087 1294 sunt
1152 1269 1224 1296 Fam.
1240 1278 1274 1303 ις,
1287 1279 1306 1297 ι.
1343 1272 1556 1308 [ἰυ.]αερζζ1ἕιηε.
1595 1273 1659 1300 Non
1679 1275 1777 1308 dubie,
1801 1277 1854 1304 vid.
1882 1284 1903 1304 N
1914 1283 1980 1311 ΟΝ,
1997 1282 2028 1306 is.
2064 1283 2152 1317 Papin.
2166 1284 2195 1310 in

47 1290 220 1318 barbarismi:
252 1298 278 1318 at
291 1295 348 1318 Dua
367 1294 449 1328 pondo
463 1300 489 1320 et
509 1296 628 1329 trepondo
648 1306 729 1331 vsque
748 1297 780 1323 ad
801 1298 914 1325 nostram
930 1307 1040 1328 aet-atem
1053 1303 1085 1329 ab
1103 1317 1135 1341 30
1150 1304 1167 1331 l.
1180 1314 1239 1331 cum
1253 1312 1326 1340 pater
1346 1305 1370 1343 ᾗ.
1386 1316 1394 1333 ι
1416 1308 1448 1334 D.
1462 1308 1493 1333 de
1508 1308 1556 1342 leg.
1571 1317 1596 1335 2.

46 1326 170 1353 omnibus
184 1327 283 1353 dictum
296 1328 348 1361 est,
362 1335 388 1356 et
401 1329 472 1356 reete
484 1329 537 1356 dici
551 1332 653 1358 Meliala
665 1332 812 1359 confirmat.
849 1335 923 1369 Cous.
938 1337 1044 1364 Gronau.
1059 1338 1087 1364 de
1185 1347 1204 1367 D
1214 1348 1274 1368 νΒι
1283 1349 1299 1368 Ε
1310 1348 1332 1368 Τ
1343 1350 1365 1368 Α
1375 1350 1386 1369 s
1396 1364 1403 1375 ‚
1418 1345 1476 1369 atis.
1496 1343 1516 1369 f.
1554 1343 1693 1371 Dubitaeio.
1709 1345 1775 1380 apud
1787 1347 1894 1382 Eutrop.
1909 1351 1935 1382 6,
1950 1352 1987 1383 16,
1999 1359 2024 1378 2.
2060 1353 2194 1389 Ammian.

45 1363 101 1389 Pec.
122 1363 175 1389 Vct.
188 1371 208 1395 1,
221 1370 238 1397 7
251 1372 274 1397 p.
287 1366 319 1395 36
341 1367 384 1399 qui
395 1367 461 1391 inter
479 1372 575 1392 retatur
590 1366 653 1393 duas
668 1368 755 1401 pondo
769 1369 858 1395 libras.
882 1371 933 1397 ind.
960 1379 1084 1400 PONDO.
1146 1384 1188 1409 20,
1200 1379 1225 1403 6.
1241 1384 1265 1403 et
1277 1377 1414 1413 fiquiorem
1428 1386 1540 1405 aetatem.

80 1399 242 1430 nvAIms,
271 1407 294 1425 e.
338 1399 397 1426 Adi.
435 1374 536 1433 [ῗυῑκός
555 1401 632 1429 Gloff.
652 1404 698 1430 Gr.
719 1405 800 1438 Lan]
836 1407 941 1432 Seruius
960 1408 988 1434 in
1011 1409 1084 1443 virg.
1183 1414 1323 1440 nvmos
1334 1421 1381 1446 vs,
1395 1423 1418 1445 a,
1432 1423 1485 1440 um.
1501 1414 1561 1440 Adi.
1587 1414 1844 1453 [ἐμφισέῗητήσιμος]
1866 1419 1932 1445 Gell.
1952 1428 1976 1453 3,
1991 1429 2013 1453 3.
2034 1421 2107 1450 Idem
2120 1432 2143 1457 ς,
2156 1433 2185 1452 ιο

0 1443 2 1459 ι
44 1431 109 1459 Aen.
123 1441 148 1466 2,
161 1441 171 1459 1
191 1433 351 1464 Conticuere
365 1444 472 1469 omnes,
492 1438 661 1465 Conticuere.
671 1440 798 1475 (inquit)
820 1449 867 1474 pro
883 1443 1085 1472 Conticuerunt.
1149 1447 1297 1474 Dubiosuni
1319 1449 1384 1482 hoc,
1402 1450 1650 1485 inexplicabileque.

0 1463 5 1495 i
42 1466 101 1493 Nec
109 1467 197 1500 est,vt
211 1469 318 1503 quidam
330 1471 524 1503 dicunt,dualis
536 1482 673 1501 numerus:
689 1477 736 1509 qui
751 1475 820 1510 apud
836 1477 942 1505 Latinos
957 1489 1084 1513 nusquam
1103 1493 1132 1519 35·
1186 1489 1233 1509 Dv
1245 1490 1260 1510 Β
1270 1483 1279 1509 i
1289 1491 1310 1511 ‘r
1321 1491 1340 1510 0
1352 1504 1360 1517 ,
1386 1489 1438 1511 Ere.
1475 1485 1598 1520 [nizrosSQ
1620 1485 1746 1526 ὢαπορέφ,
1766 1485 1887 1523 ἒνδσιοῖζω,
1907 1489 2071 1528 ἐμφιέητέω]
2107 1496 2135 1521 A
2151 1505 2194 1522 no-

0 1503 1 1506 ’
40 1502 145 1536 penitus
158 1503 302 1532 inuenitur.
345 1506 402 1533 Vid.
416 1507 547 1541 Quinctil.
561 1518 580 1540 1,
594 1517 616 1542 ς,
628 1518 661 1543 42
681 1511 725 1537 vbi
737 1519 788 1538 eam
798 1513 948 1548 finientium
955 1521 1088 1552 proponit,
1148 1520 1213 1544 mine
1227 1518 1389 1548 Dubiusmel
1400 1521 1429 1546 ab
1442 1524 1544 1556 antiquo
1561 1521 1625 1547 Beto
1637 1523 1677 1547 vel
1689 1522 1759 1554 Bito,
1772 1532 1812 1549 eo:
1834 1525 1898 1551 vnde
1911 1533 1934 1551 et
1942 1527 2049 1555 Adbito.
2086 1529 2195 1558 CunHa-

0 1510 9 1574 i⁴
39 1544 65 1564 et
76 1539 169 1574 copiose
179 1541 282 1575 refellit.
1148 1556 1238 1580 tionem
1252 1562 1274 1580 et
1286 1555 1443 1588 hatfitamem
1456 1566 1562 1581 annuum
1576 1566 1629 1582 cum
1643 1559 1669 1582 in
1677 1560 1806 1592 sententia
1822 1565 1873 1585 tum
1888 1563 1914 1586 in
1922 1562 2042 1596 faciendo
2053 1563 2194 1601 fignificat.

75 1580 96 1600 D
105 1581 155 1601 vA
165 1581 182 1600 L
191 1583 201 1601 1
211 1582 232 1601 Τ
241 1583 257 1602 ιε
268 1582 298 1602 R.
326 1576 395 1603 Adu.
409 1578 476 1613 apud
488 1579 676 1607 Grammaticos.
1150 1589 1243 1614 quen.
1262 1590 1312 1616 Sat.
1328 1595 1351 1622 8,
1364 1599 1407 1616 212
1441 1592 1508 1624 Qus
1521 1598 1574 1617 tam
1613 1591 1748 1625 PerdituS,
1767 1600 1796 1619 vt
1809 1593 1913 1621 dubitet
1926 1597 2047 1624 Senecam
2061 1601 2195 1632 praeferi-e

75 1615 123 1636 nv
135 1616 157 1636 A
166 1617 181 1636 P
190 1617 210 1637 o
220 1618 242 1638 N
251 1618 270 1638 D
279 1618 315 1644 o,
335 1619 397 1649 inp.
411 1624 435 1640 a.
450 1617 477 1640 in
497 1621 517 1641 D
527 1620 547 1640 v
557 1621 589 1641 A.
1150 1623 1274 1650 Neroni?
1315 1626 1369 1652 Cic.
1384 1626 1464 1652 Acad.
1479 1636 1505 1660 4,
1521 1635 1548 1659 52
1570 1626 1613 1652 Ne
1630 1627 1763 1653 vinolenti
1777 1628 1885 1662 quidem
1898 1639 1964 1664 quae
1978 1632 2089 1666 faciunt,
2102 1635 2195 1662 eadem

63 1654 65 1656 ’
1104 1668 1141 1693 40
1149 1659 1342 1693 approbatione
1354 1662 1454 1688 faciunt
1469 1670 1519 1695 qua
1535 1662 1632 1687 sobrii:
1658 1661 1797 1694 dubitant,
1817 1663 1957 1697 haefitant,
1977 1676 2102 1695 reuocant
2115 1671 2140 1696 se
2154 1671 2194 1697 ιιι·

429 1686 461 1718 D
558 1687 589 1717 V
680 1688 704 1719 B
1149 1694 1269 1728 terdum,
1288 1703 1334 1721 etc.
1371 1696 1482 1722 Dubitat
1494 1696 1600 1722 dicere?
1620 1696 1701 1722 Plani.
1715 1697 1793 1736 ¹Epid.
1808 1706 1830 1737 ξ,
1842 1707 1869 1730 2,
1883 1706 1923 1733 73.
1944 1704 1962 1727 i.
1981 1703 2084 1730 Timet?
2127 1706 2192 1733 Non

405 1736 409 1739 ι
1147 1728 1251 1755 dubitat
1263 1731 1387 1757 mandare
1401 1731 1542 1757 Lentulum
1554 1730 1669 1757 vinculis
1689 1732 1743 1757 Cic.
1758 1732 1837 1758 Catil.
1852 1743 1870 1767 4
1889 1743 1911 1760 c.
1925 1742 1946 1767 5.
2005 1738 2043 1764 Id.
2065 1739 2097 1766 de
2118 1742 2192 1768 Ami-

77 1754 277 1785 DVBENVS,
295 1753 314 1780 i.
335 1762 370 1781 m.
405 1752 557 1790 [δεσπότης]
594 1757 726 1783 Dominus
739 1757 856 1792 antiquis
869 1759 1021 1791 dicebatur,
1041 1761 1085 1786 Pa·
1148 1763 1192 1788 cit.
1216 1767 1233 1789 6
1268 1765 1327 1791 Nec
1349 1765 1473 1792 dubitare
1495 1766 1572 1791 illum
1596 1766 1624 1791 in
1647 1767 1722 1806 omni
1744 1767 1864 1807 sermone
1886 1771 2017 1804 appellare
2040 1774 2192 1809 sapientem.

41 1791 101 1812 cuu.
128 1786 204 1812 Tum
226 1787 344 1815 dubenus
362 1791 452 1816 seruos
470 1791 571 1823 legatos
584 1791 686 1823 pessime
700 1792 830 1818 verberat.
868 1795 904 1818 Ex
919 1793 1002 1818 Festo.
1040 1794 1087 1820 Sed
1147 1796 1220 1822 Idem
1229 1798 1259 1823 de
1271 1800 1372 1826 Sene&
1387 1805 1415 1827 16
1439 1802 1503 1828 Non
1516 1799 1651 1827 dubitauit
1664 1801 1752 1828 dlcere
1763 1803 1809 1829 illa
1823 1813 1890 1838 quac
1905 1807 2021 1835 versibus
2035 1812 2191 1847 prersequu-

37 1819 221 1854 Iocussortaffi
234 1824 347 1857 vitiosus.
375 1824 433 1849 isid.
448 1826 539 1858 Scalig.
580 1826 653 1849 Fauet
666 1832 748 1849 tamen
762 1828 876 1859 vulgatae
888 1825 991 1853 lec‘honi
1005 1828 1084 1854 Gloff.
1098 1842 1131 1866 43
1147 1836 1187 1856 tus
1204 1832 1239 1857 est
1251 1834 1361 1860 Ennius.
1433 1838 1465 1862 Et
1491 1855 1498 1862 .
1526 1855 1533 1862 .
1560 1855 1566 1862 .
1598 1836 1706 1863 Tamen
1718 1846 1800 1872 vsque
1814 1849 1847 1866 co
1860 1842 1949 1874 timui,
1969 1852 2001 1869 ne
2015 1845 2074 1878 quis
2088 1847 2119 1872 de
2133 1857 2191 1875 mea

37 1852 135 1878 dubius
149 1852 275 1885 δεσπότης,
292 1863 436 1890 corruptum
445 1858 521 1891 sorte
534 1867 563 1882 ex
578 1857 693 1883 dubinus
709 1860 748 1884 vtl
759 1858 887 1886 dubenus.
1145 1865 1197 1892 fide
1214 1874 1293 1902 atque
1306 1869 1456 1903 integritate
1470 1870 1620 1904 dubitaret,
1637 1879 1682 1898 ete.
1756 1874 1813 1900 Cic.
1828 1876 1899 1901 Fam.
1915 1885 1948 1908 13,
1962 1881 1999 1910 46
2017 1879 2086 1906 Nam
2100 1883 2131 1908 de
2145 1890 2191 1911 tua

72 1892 122 1913 DV
132 1893 242 1921 ΒιΑΤ,
261 1899 309 1923 pro
323 1891 448 1923 DQbitat‚
468 1891 634 1918 obsoletum.
672 1893 768 1920 Festus.
1146 1910 1207 1935 erga
1219 1912 1262 1930 me
1276 1904 1413 1932 voluntate
1425 1915 1479 1932 non
1494 1906 1624 1933 dubitant.
1696 1907 1770 1934 Idem
1786 1910 1864 1935 Acad-
1880 1920 1908 1943 4,
1923 1920 1953 1943 32
1973 1914 2048 1941 Tum
2064 1926 2129 1944 vero
2144 1919 2190 1946 du-

70 1927 90 1948 D
100 1928 121 1946 v
131 1929 226 1950 13le
236 1932 258 1951 s.
295 1923 389 1957 [δια-ἂς
402 1927 481 1952 Gloff.
497 1928 577 1962 Vct]
612 1928 759 1963 corruptum
773 1929 840 1955 haud
851 1930 922 1957 dubie
934 1941 963 1957 ex
977 1932 1082 1966 duinus,
1146 1936 1251 1971 bitabit,
1260 1940 1325 1973 quid
1338 1940 1367 1966 fit
1382 1948 1540 1968 extremum.
1597 1943 1637 1968 De
1649 1943 1757 1969 auclore
1769 1943 1887 1972 dubitari
1902 1956 1956 1973 non
1969 1950 2053 1982 potest
2080 1953 2190 1986 Qun&

33 1962 66 1983 vt
76 1956 191 1992 duenus,
208 1958 306 1993 benus,
325 1961 423 1988 bonus:
442 1961 576 1996 duiginti,
599 1962 721 1996 higinus
731 1965 846 1998 viginti,
867 1973 914 1992 etc.
1144 1979 1171 2005 7,
1186 1981 1206 2004 3.
1263 1975 1320 2001 Cic.
1334 1984 1382 2009 pro
1395 1977 1466 2003 Sulla
1478 1985 1508 2009 52
1538 1976 1587 2002 Sed
1607 1978 1734 2011 quoniam
1753 1979 1895 2006 Cornelius
1909 1982 1962 2016 ipse
1981 1986 2060 2012 etiam
2075 1997 2143 2015 nunc
2157 1990 2190 2017 de

71 2000 145 2021 DVB
157 2001 166 2020 1
181 2001 201 2020 N
213 2001 260 2022 GE
270 2003 291 2021 Ν
303 2004 313 2022 1
324 2002 344 2022 o
354 2004 396 2024 sv
406 2005 429 2024 s.
466 1997 563 2032 [οἰφυῆς
578 1998 656 2025 ΟΙΟΙΓ.
671 2000 728 2026 Lat.
743 2001 808 2035 Gn]
845 2004 888 2028 An
902 2011 932 2027 ex
951 2001 1028 2028 dubii
1043 2003 1082 2029 in·
1092 2015 1123 2040 30
1144 2007 1286 2036 indicando
1301 2010 1420 2043 dubitat,
1441 2018 1468 2037 vt
1482 2011 1578 2043 dicitis,
1599 2013 1728 2039 informat
1740 2014 1772 2040 ad
1786 2014 1837 2042 hoc
1850 2016 2036 2046 adumbratum
2048 2022 2188 2058 iudicium,

34 2028 108 2063 genii
122 2030 217 2056 homine
225 2030 384 2066 produHum.
1144 2043 1238 2070 filium.
1311 2045 1355 2072 Ne
1373 2046 1466 2073 dubita
1499 2048 1575 2081 Virg.
1590 2051 1654 2074 Aen.
1671 2057 1695 2081 3,
1712 2050 1765 2080 316-
1837 2051 1901 2077 Non
1921 2053 2016 2081 dubito
2032 2060 2097 2091 quin
2117 2061 2186 2088 Ter,

72 2071 231 2098 Dv131VS‚
250 2075 275 2100 a,
293 2076 347 2093 um.
368 2066 427 2094 Adi.
463 2066 580 2104 [Simeon
600 2069 757 2105 οἷπορητικός,
777 2069 1010 2105 ἐμφισέητήσιμος,
1029 2072 1081 2106 οἷμ-
1143 2078 1224 2105 Andr.
1239 2088 1262 2110 2,
1276 2089 1304 2113 4,
1319 2090 1341 2107 2.
1413 2083 1468 2109 Cic.
1481 2081 1514 2108 de
1528 2083 1626 2109 Seneel.
1662 2103 1668 2109 .
1706 2102 1713 2108 .
1748 2083 1828 2117 Quod
1842 2085 1858 2112 si
1873 2088 2013 2122 acciderit,
2038 2102 2092 2120 non
2111 2095 2189 2123 dubi-

33 2097 152 2134 φίἑῗολος]
189 2101 240 2137 Qu*
253 2111 324 2137 quum
338 2102 402 2129 duas
413 2105 470 2129 vias
481 2104 584 2135 habeat,
604 2112 687 2131 utram
700 2108 786 2141 eligat,
802 2107 887 2142 nescit.
926 2108 986 2134 Liu.
1000 2118 1029 2140 4,
1043 2118 1080 2142 40
1140 2119 1185 2144 tat,
1195 2116 1261 2148 quin
1275 2115 1352 2142 breui
1365 2117 1454 2143 Troia
1468 2117 1497 2143 fit
1509 2119 1634 2151 peritura.
1669 2118 1736 2144 Add-
1748 2120 1786 2146 Id·
1801 2122 1832 2147 ad
1846 2122 1896 2149 Att.
1913 2125 1928 2149 Ε
1932 2134 1956 2159 p.
1970 2125 2016 2153 vlt.
2045 2131 2095 2156 Pro
2109 2133 2188 2166 (mm,

34 2135 125 2168 Qum
144 2137 246 2171 equites
259 2138 351 2172 procul
370 2137 418 2165 vifi
436 2147 489 2164 non
510 2139 563 2166 fine
577 2146 682 2167 terrore
702 2141 734 2166 ab
754 2141 842 2168 dubiis
862 2143 971 2176 quinam
990 2145 1078 2176 essent,
1141 2149 1221 2175 Corn.
1236 2150 1305 2184 Nep.
1319 2152 1414 2186 infinit.
1425 2151 1572 2188 substituit,
1592 2153 1618 2178 in
1634 2153 1717 2180 Praef.
1734 2163 1787 2181 non
1805 2157 1899 2184 dubito
1913 2159 1972 2187 fore
1985 2157 2187 2200 plerosqueTAt-

33 2178 99 2197 mox
117 2173 231 2205 cogniti,
250 2180 295 2199 etc.
364 2174 420 2200 Cic.
436 2173 468 2200 de
481 2174 571 2201 Diuin.
591 2184 617 2208 2,
633 2179 678 2202 10(-
710 2176 832 2203 Tantum
847 2178 883 2204 sat
901 2178 935 2204 cst
950 2178 1077 2213 intelligi,
1095 2188 1122 2213 55
1141 2184 1201 2210 tice,
1243 2186 1301 2211 Via,
1317 2188 1427 2213 Lambm.
1446 2188 1510 2213 Plin.
1527 2188 1604 2222 Epist.
1619 2191 1646 2220 6,
1659 2197 1696 2215 21-
1717 2192 1743 2222 6,
1757 2199 1800 2225 27.
1855 2194 1980 2224 Trebon.
1994 2198 2026 2224 ad
2040 2200 2096 2228 Cic.
2112 2203 2184 2231 Fam.

16 2219 19 2220 ⁷
33 2204 64 2232 id
78 2206 180 2233 sumere
192 2207 253 2234 istos
266 2217 315 2243 pro
327 2216 415 2241 certo,
433 2210 504 2244 quod
523 2210 635 2237 dubium
650 2213 905 2247 controuersumque
920 2213 958 2239 fit·
1003 2214 1075 2240 Idem
1142 2228 1178 2251 12,
1193 2221 1221 2246 16
1236 2228 1299 2247 extr.
1317 2222 1387 2248 Illud
1400 2232 1453 2249 non
1467 2223 1578 2255 dubito,
1600 2225 1682 2258 quin,
1701 2225 1718 2251 fi
1738 2226 1803 2260 quid
1817 2227 1849 2254 de
1870 2229 1979 2259 interitu
1993 2235 2110 2263 Caesaris
2123 2239 2184 2266 scri-

33 2240 68 2267 de
80 2242 154 2268 0¹¹³?-
175 2251 195 2274 ¹2
210 2251 245 2275 92
275 2245 347 2271 Haec
359 2251 446 2271 autem
460 2246 567 2279 omnia,
583 2257 651 2281 quae
669 2247 846 2274 traetarentur
860 2248 893 2274 ab
907 2250 1076 2282 Oratoribus,
1139 2254 1200 2287 bas,
1218 2265 1271 2282 non
1285 2258 1393 2291 patiaris
1407 2256 1448 2284 nie
1461 2259 1599 2286 minimam
1613 2266 1713 2294 partem
1727 2268 1753 2288 et
1765 2263 1805 2289 rei
1821 2270 1847 2290 et
1860 2268 1959 2293 amoris
1971 2270 2010 2295 tui
2024 2271 2110 2305 ferre,
2128 2278 2145 2300 i.
2161 2282 2186 2301 te

31 2275 114 2302 dubia
127 2278 177 2304 effe
191 2285 216 2304 et
228 2279 336 2306 incerta.
408 2281 511 2308 Lucret.
523 2292 552 2316 4,
561 2290 615 2317 479
636 2284 667 2310 Et
679 2282 792 2310 dubium
807 2292 879 2310 certo
892 2294 958 2319 quae
972 2295 1011 2311 res
1025 2286 1075 2312 dis·
1128 2294 1185 2316 ‘non
1197 2290 1330 2325 paffiirum,
1401 2295 1432 2320 Et
1446 2295 1567 2329 quisnam
1581 2294 1731 2329 dubitabit,
1751 2299 1816 2332 quin
1829 2299 1891 2327 huic
1904 2308 2005 2330 tantum
2019 2306 2118 2335 bellum
2132 2309 2184 2337 hoc

29 2311 103 2338 ferre
115 2313 243 2347 probarit.
313 2315 455 2343 Contraria.
475 2317 531 2344 Cic.
546 2318 578 2344 de
586 2318 644 2345 Fin.
653 2328 681 2352 4,
699 2339 705 2345 .
728 2339 734 2345 .
762 2319 855 2346 Vtrum
870 2321 953 2355 igitur
969 2322 1075 2348 tandem
1137 2328 1369 2354 transmittendum
1385 2329 1416 2356 sit
1435 2331 1491 2356 Cic.
1504 2339 1553 2365 pro
1568 2331 1677 2358 L.Man.
1691 2341 1712 2358 c.
1728 2341 1762 2366 ις.
1819 2336 1890 2363 Haec
1905 2338 1967 2366 dum
1982 2340 2097 2376 dubitas,
2110 2354 2183 2373 men.

30 2348 208 2382 perspicuisne
222 2349 302 2376 dubia
315 2352 479 2385 aperiuntur,
493 2362 525 2379 an
535 2353 623 2380 dubiis
629 2354 764 2390 perspicua
776 2355 923 2383 tolluntur?
979 2358 1074 2384 Facere
1094 2362 1128 2382 60
1138 2362 1176 2388 ses
1190 2362 1313 2389 abierunt
1325 2363 1414 2391 decem
1433 2366 1501 2392 Ter.
1513 2366 1589 2393 Adel.
1602 2377 1631 2401 4,
1639 2374 1660 2400 ς,
1669 2375 1709 2402 57.
1766 2370 1894 2398 Dubitare
1907 2382 1939 2400 an
1952 2382 1976 2401 et
1989 2383 2077 2405 virum
2098 2381 2180 2408 Plaut.

30 2382 133 2417 aliquid
149 2383 259 2412 dubium
286 2387 417 2419 Quinetil.
433 2397 453 2420 ι,
467 2397 505 2414 ιο.
702 2389 723 2426 ἢ
744 2399 761 2417 2
796 2390 949 2424 substantiae
968 2399 1074 2419 vtuntur
1138 2398 1213 2432 Capt.
1228 2406 1251 2430 2,
1265 2407 1286 2431 3,
1299 2408 1340 2433 95.
1412 2401 1469 2427 Cic.
1484 2402 1563 2428 Verr.
1577 2410 1589 2434 3
1603 2411 1624 2428 c.
1640 2408 1671 2435 89
1696 2404 1814 2433 Desinite
1827 2406 1968 2443 dubitare,
1987 2418 2074 2440 vtrum
2090 2415 2119 2441 fit
2130 2417 2181 2443 vti„

30 2420 136 2451 Neutro,
158 2427 184 2446 ut
202 2420 294 2447 Dubio
307 2423 400 2456 procul
420 2424 525 2450 Lucret.
546 2432 565 2455 1,
584 2430 637 2455 812.
662 2453 665 2454 ⁷
709 2427 802 2452 Procul
818 2427 902 2453 dubio
922 2428 992 2454 Suet.
1006 2429 1073 2456 Ner.
1137 2433 1203 2464 lius,
1225 2440 1333 2468 propter
1345 2435 1442 2462 multos
1457 2437 1595 2471 improbos
1608 2439 1654 2464 vni
1667 2447 1787 2474 parcere,
1805 2451 1853 2474 an,
1872 2451 1917 2470 etc.
1968 2447 2038 2473 Idem
2053 2449 2103 2475 Off.
2111 2458 2180 2487 3‚77

29 2451 53 2481 εἰ
65 2462 87 2487 3.
139 2456 170 2481 In
185 2455 269 2482 dubio
288 2466 403 2490 ponere,
425 2459 477 2484 vid.
504 2466 555 2485 1N.
626 2460 702 2487 Num
721 2460 833 2488 dubium
853 2462 905 2494 cst,
932 2464 996 2498 quin
1012 2463 1030 2489 fi
1043 2464 1072 2490 in
1135 2469 1195 2494 Hoc
1209 2477 1263 2495 non
1277 2476 1355 2505 turpe
1368 2471 1404 2497 cst
1425 2472 1549 2499 dubitare
1562 2473 1752 2508 philosophos,
1771 2478 1842 2510 quod
1856 2488 1889 2504 ne
1907 2480 1997 2507 rustici
2011 2484 2118 2516 quidem
2131 2486 2179 2513 du-

29 2498 60 2518 re
73 2490 128 2523 ipsa
146 2490 231 2522 nihil,
250 2498 295 2517 etc.
323 2493 379 2519 Cic.
394 2493 425 2519 de
440 2494 496 2520 Fin.
517 2503 545 2527 4,
563 2495 607 2528 67.
676 2497 718 2522 An
739 2496 850 2523 dubium
872 2498 924 2531 cst,
942 2498 1071 2526 habitare
1136 2503 1238 2531 bitem?
1292 2506 1424 2539 Qiinffll.
1443 2516 1476 2539 12,
1491 2517 1500 2534 1
1514 2517 1539 2542 p.
1554 2516 1612 2541 1055
1632 2510 1667 2535 At
1679 2509 1730 2535 hoc
1744 2520 1823 2537 nemo
1840 2512 1981 2541 dubitabit.
2004 2518 2047 2543 vbi
2058 2520 2178 2549 Burman,

6 2534 8 2546 ι
30 2524 110 2550 deum
121 2525 170 2551 sub
183 2526 289 2559 peclore
305 2528 395 2554 nostro
416 2529 508 2555 Manil.
522 2538 549 2562 4,
564 2535 621 2563 884.
675 2532 748 2568 Conf.
764 2532 802 2558 Id.
818 2542 867 2567 pro
882 2534 905 2560 S.
920 2535 995 2561 Rosc.
1011 2536 1069 2562 Am.
1082 2540 1114 2571 6,-
1127 2541 1206 2573 plura
1218 2541 1271 2566 loca
1285 2540 1422 2568 AuHorum
1434 2544 1558 2579 congqffit.
1595 2544 1673 2569 Stella
1687 2543 1732 2570 die
1745 2545 1888 2574 dubitanda
1902 2549 1971 2576 nihil
1995 2552 2087 2580 Claud.
2097 2557 2177 2584 Cons.

6 2554 8 2587 l
30 2567 54 2585 c.
67 2566 107 2601 37.
160 2560 226 2587 Ter.
240 2562 305 2590 Eun.
326 2572 346 2596 1,
365 2572 392 2596 2,
406 2573 442 2597 49
465 2565 509 2591 Ne
523 2565 573 2591 hoc
587 2566 695 2601 quidem
710 2568 806 2594 tacebit
821 2570 959 2596 Parmeno.
981 2578 1006 2597 P.
1023 2571 1069 2603 oh,
1132 2576 1203 2601 Hon,
1218 2584 1246 2608 4,
1261 2581 1314 2608 ¹84·
1510 2576 1531 2615 q
1552 2586 1568 2603 z
1604 2580 1653 2604 Pro
1668 2578 1804 2618 'deliberare
1819 2589 1844 2608 et
1861 2587 1971 2619 cogitare
1989 2588 2046 2615 adeo
2060 2595 2176 2625 ponitur,

7 2592 8 2626 3
30 2593 174 2622 dubiumne
195 2596 222 2623 id
234 2597 287 2624 est?
356 2600 450 2633 Haud,
469 2602 508 2626 vel
519 2601 583 2627 Non
599 2602 712 2629 dubium
725 2604 761 2630 est
775 2605 842 2638 quin
862 2605 931 2632 Ter.
949 2605 1030 2632 Andr.
1046 2615 1070 2638 3,
1125 2610 1151 2645 s.
1167 2610 1301 2649 diffutfzre.
1337 2611 1411 2644 Virg.
1425 2612 1489 2637 Aen.
1503 2621 1528 2645 9,
1544 2620 1583 2644 19¹
1603 2613 1709 2648 Perclpe
1721 2624 1803 2649 porro
1840 2619 1912 2658 Quid
1924 2620 2054 2656 dubitem,
2069 2632 2094 2652 et
2107 2637 2175 2662 quae

29 2637 57 2662 2,
71 2638 115 2664 49.
168 2632 239 2658 Idem
254 2633 320 2660 Eun.
335 2643 359 2667 ς,
371 2637 398 2667 6,
411 2643 442 2669 27
474 2636 538 2662 Non
551 2637 664 2664 dubium
678 2638 723 2670 est,
739 2640 805 2673 quin
819 2639 887 2666 mihi
899 2650 1024 2675 magnum
1038 2650 1070 2667 ex
1130 2653 1199 2670 nunc
1213 2653 1303 2670 animo
1315 2645 1442 2671 sententia
1456 2647 1550 2681 surgat.
1569 2650 1587 2674 i.
1602 2649 1733 2682 Cogitem.
1804 2652 1899 2680 Omnis
1912 2657 1982 2683 enim
2001 2661 2128 2694 cogitatio
2144 2665 2174 2691 in

6 2657 8 2690 Ῑ
29 2664 77 2691 hac
94 2674 124 2692 re
140 2665 170 2693 fit
186 2668 294 2694 malurn.
365 2670 419 2696 Cic.
434 2671 486 2696 Att.
508 2676 531 2702 8,
550 2680 585 2697 20
614 2673 734 2699 Dubium
755 2675 857 2700 nemini
870 2675 906 2700 est
919 2677 984 2709 quin
994 2695 1002 2707 ,
1020 2682 1066 2701 etc.
1131 2678 1295 2705 dubitatione
1309 2679 1344 2705 est
1357 2687 1416 2706 ante
1432 2682 1595 2709 sententiam.
1631 2684 1747 2712 Seruius.
1818 2689 1876 2715 Cic.
1891 2699 1939 2724 pro
1953 2693 2028 2720 Rosc.
2044 2698 2132 2725 Anier.
2146 2705 2172 2730 13

6 2714 8 2725 ι
26 2700 102 2726 Idem
115 2702 166 2728 Att.
187 2707 210 2735 8,
232 2711 256 2735 ις
283 2704 314 2729 Et
327 2712 397 2729 nunc
410 2704 489 2730 credo
505 2706 553 2731 effe
572 2705 700 2739 dubium,
711 2709 776 2741 quin
791 2714 819 2734 tu
839 2708 867 2734 id
885 2710 1067 2736 commissurus
1080 2719 1116 2747 70
1131 2714 1350 2747 Restat,1udices,
1370 2722 1398 2742 vt
1414 2716 1462 2743 hoc
1474 2716 1641 2752 dubitemus,
1665 2728 1724 2747 vter
1739 2722 1827 2755 potius
1843 2724 1911 2752 Sext.
1925 2728 2049 2757 Roscium
2069 2735 2172 2761 occide.

6 2742 9 2766 2
26 2744 81 2761 non
96 2736 188 2763 fueris.
223 2738 296 2774 Conf.
309 2739 347 2765 Id.
363 2739 394 2765 de
402 2740 474 2766 Orat.
488 2747 500 2771 3
512 2748 533 2765 c.
547 2744 568 2769 8.
603 2741 671 2768 Ter.
686 2742 767 2769 Andr.
783 2751 803 2775 1,
817 2752 842 2775 2,
857 2752 875 2770 1.
944 2745 1004 2771 Sine
1019 2744 1066 2771 du-
1129 2749 1173 2775 rit.
1193 2752 1211 2776 i.
1233 2751 1386 2786 Cogitemus,
1406 2752 1588 2785 coifideremur.
1641 2755 1700 2782 ‚Diu
1721 2755 1870 2793 dubitauit,
1896 2762 2038 2797 imperium
2058 2768 2170 2804 depone.

12 2769 74 2797 .bio
93 2771 166 2798 Idem
181 2773 245 2799 Eun·
261 2782 283 2806 5,
296 2782 323 2806 9,
338 2782 376 2807 14·
448 2774 504 2801 Cic,
523 2776 556 2808 Q
572 2775 642 2803 Frat,
657 2785 681 2807 2,
693 2786 709 2803 2
740 2778 800 2804 Sine
813 2777 896 2805 dubio
911 2788 951 2806 res
971 2789 985 2806 a
999 2782 1065 2807 Len-
1127 2790 1182 2815 ret,
1204 2794 1236 2811 an
1258 2785 1329 2812 bello
1350 2786 1477 2814 refisteret
1504 2789 1595 2815 Iustin-
1611 2798 1646 2822 21,
1660 2799 1684 2822 2,
1699 2801 1726 2825 4·
1796 2795 1939 2824 Dubitauit
1951 2799 2078 2830 adhibitis
2098 2806 2169 2839 prin.

0 2769 9 2833 i
24 2805 84 2833 tulo
97 2814 200 2833 remota
214 2808 320 2835 videtur
333 2810 389 2836 effe.
435 2809 505 2836 Add.
518 2810 622 2837 Lucret.
635 2820 659 2841 2,
673 2815 728 2839 261.
800 2814 855 2840 Cic.
874 2815 927 2841 Att.
943 2824 975 2848 11,
989 2819 1006 2842 6
1025 2817 1064 2842 De
1126 2819 1246 2853 cipibus,
1265 2829 1298 2846 an
1313 2821 1508 2856 obtemperaret
1528 2825 1596 2851 Suet.
1613 2826 1704 2853 Claud.
1718 2837 1740 2854 c.
1753 2837 1790 2861 33.
1861 2833 1907 2859 Sed
1918 2834 1983 2862 Tac.
1999 2838 2086 2872 Agric.
2101 2851 2140 2875 41,
2155 2851 2170 2868 2

24 2842 146 2877 Pompeii
164 2844 237 2869 exitu
260 2844 328 2870 mihi
349 2844 459 2871 dubium
480 2854 614 2879 nunquam
635 2847 697 2874 ruit.
769 2849 833 2874 Plin.
848 2850 875 2875 in
889 2850 980 2884 Paneg.
1003 2856 1026 2883 8,
1047 2854 1065 2877 6
1127 2855 1184 2881 Nec
1199 2856 1251 2881 iam
1265 2856 1297 2882 de
1311 2856 1397 2883 limite
1406 2858 1514 2892 imperii
1528 2866 1553 2887 et
1568 2861 1635 2895 ripa,
1652 2861 1697 2888 sed
1710 2863 1742 2890 de
1755 2864 1875 2894 hibernis
1888 2869 2024 2903 legionum
2038 2881 2064 2900 et
2077 2878 2168 2909 pofl‘es-

24 2878 66 2905 Διι
79 2877 193 2905 dubium
212 2878 262 2909 est,
273 2885 302 2905 vt
316 2879 378 2907 dare
399 2882 478 2915 posset
496 2881 656 2914 imperator,
675 2883 722 2918 qui
739 2885 914 2911 reuerentiam
933 2887 1064 2919 amiserat,
1080 2898 1112 2926 75
1127 2890 1197 2917 sione
1210 2891 1368 2924 dubitatum,
1381 2897 1400 2920 j,
1413 2894 1573 2930 dfieptatum
1587 2900 1675 2930 maij,
1694 2899 1769 2926 dubia
1782 2901 1892 2930 „istoria
1910 2913 1940 2931 vt
1958 2908 2166 2946 iflwmssmfflsoq.

0 2911 1 2914 ’
23 2912 180 2941 auctoritate
191 2914 247 2941 eius
260 2914 382 2941 effec'kum
396 2917 455 2949 effe,
471 2917 513 2942 cui
521 2916 647 2944 dabatur}
716 2919 785 2945 Ter.
794 2920 874 2946 Andr.
889 2929 909 2953 1,
921 2929 943 2954 ς,
957 2931 969 2954 3
992 2923 1062 2948 Dum
1126 2923 1146 2963 fl
1166 2935 1178 2958 3
1214 2927 1373 2959 nubimus,
1391 2932 1488 2966 imperf
1510 2931 1523 2964 [
1532 2929 1694 2968 s'rdozdg'erm]
1714 2935 1778 2962 Plin.
1793 2946 1826 2970 ιι,
1841 2947 1869 2973 17
1891 2940 1930 2967 De
1945 2941 1984 2968 his
1998 2945 2078 2972 video
2091 2948 2167 2975 dubi.

0 2956 1 2971 3
23 2950 54 2976 in
66 2949 148 2976 dubio
164 2949 200 2976 est
213 2951 333 2983 animus,
352 2952 440 2985 paullo
454 2959 590 2979 momento
603 2952 653 2979 huc
665 2953 728 2979 illuc
741 2955 895 2990 impellitur.
966 2957 1062 2985 Anima
1124 2963 1184 2988 tari.
1241 2964 1297 2990 Cic.
1311 2965 1388 2990 Verr.
1409 2973 1433 2998 ε,
1469 2986 1475 2992 .
1513 2986 1519 2992 .
1555 2968 1708 2996 Praesertim
1721 2971 1836 3000 aliorum
1857 2976 2014 3005 auctoritate
2026 2982 2165 3010 contii-ma-

24 2985 111 3013 nostra
125 2986 152 3012 in
165 2985 249 3012 dubio
262 2985 298 3012 est
315 2986 413 3013 Sallust.
423 2987 576 3020 Catil.c.32.
593 2991 610 3015 i.
624 2992 651 3014 in
663 2992 895 3026 uncipnipericulo,
909 2992 1060 3020 dicrimine.
1123 3002 1179 3024 tum
1193 2997 1377 3026 dubitabitur?
1447 3001 1520 3028 Idem
1534 3012 1582 3037 pro
1596 3005 1672 3030 Caeci
1695 3026 1701 3032 .
1715 3012 1743 3038 38
1756 3016 1775 3033 c.
1790 3017 1813 3041 ¹3
1833 3010 1862 3036 In
1876 3020 1929 3045 quo
1943 3014 2045 3042 iudicio
2061 3026 2113 3044 110„
2130 3019 2163 3046 de

25 3021 104 3048 Ouid.
116 3021 181 3048 Fast.
196 3030 217 3054 3,
233 3026 278 3054 839
305 3022 433 3048 Nominis
446 3023 475 3049 iu
488 3023 572 3051 dubio
586 3025 661 3051 causa
676 3024 727 3057 est,
745 3027 854 3060 capitale
865 3036 990 3055 vocamus
1019 3030 1060 3056 In·
1122 3033 1201 3059 armis
1214 3033 1380 3066 dubitatum,
1398 3036 1442 3062 sed
1456 3036 1488 3063 de
1500 3038 1590 3065 verbis
1603 3049 1671 3074 quae
1682 3048 1748 3067 itum
1762 3045 1809 3070 esl'e
1823 3046 1933 3073 dicatur.

29 3056 132 3089 genium
150 3057 247 3088 solers,
273 3057 409 3092 ingeniosa
428 3058 475 3085 dea
494 3058 539 3085 est.
611 3060 675 3086 Non
690 3060 725 3087 est
739 3061 766 3087 in
779 3062 862 3090 dubio
893 3063 958 3090 Plin.
978 3072 1017 3097 23,
1039 3073 1060 3098 ς.
1074 3072 1106 3098 80
1157 3068 1384 3103 DvBsTANs,
1411 3072 1441 3098 is.
1478 3074 1571 3101 Partic.
1607 3075 1784 3112 [ἀμφιδοξῶν]
1820 3081 1875 3107 Cic.
1891 3091 1939 3116 pro
1953 3083 2041 3111 Domo
2057 3087 2097 3113 sua
2113 3097 2160 3122 ¹40

27 3090 123 3117 Venire
135 3092 163 3118 in
176 3092 302 3125 dubium,
326 3093 391 3129 quod
402 3100 426 3120 et
441 3095 540 3121 Venire
554 3094 582 3121 in
596 3095 735 3123 discrimen
749 3097 812 3124 dicit
834 3098 889 3125 Cic.
903 3108 951 3133 pro
964 3101 1058 3133 Quint.
1120 3103 1268 3131 Identidem
1290 3106 1316 3132 se
1330 3106 1384 3140 ipse
1397 3109 1549 3136 reuocando
1568 3109 1707 3144 dubitans,
1724 3114 1834 3146 timens,
1853 3115 1994 3151 haefitans,
2010 3123 2097 3147 omnia
2113 3124 2161 3150 ali.

29 3126 73 3159 67.
105 3126 171 3154 Ter.
183 3127 255 3155 Adel.
274 3137 298 3161 3,
316 3137 342 3161 2-,
362 3138 392 3162 4¹
427 3130 489 3156 Tua
501 3131 572 3157 fama
585 3137 611 3157 et
631 3137 723 3166 gnatae
737 3133 792 3160 vita
805 3134 833 3160 in
852 3134 964 3161 dubium
976 3138 1059 3164 venit.
1120 3145 1161 3166 ter
1174 3149 1202 3166 ac
1216 3149 1262 3167 vos
1276 3141 1303 3167 in
1316 3143 1488 3170 monimentis
1500 3145 1613 3179 habetis,
1631 3153 1657 3173 et
1668 3151 1849 3182 pronuntiarit
1862 3159 1887 3178 ct
1900 3153 2003 3181 fecerit.
2075 3158 2160 3185 Dubi-

33 3159 92 3187 Vid.
111 3168 182 3189 VEN
192 3171 202 3190 1
212 3170 242 3190 o.
313 3164 382 3191 Ter.
396 3165 469 3192 Adel.
482 3174 508 3198 2,
522 3175 547 3198 2,
562 3175 589 3199 35
608 3168 660 3193 Hei
673 3167 751 3199 mihi,
765 3169 846 3196 etiam
860 3170 892 3197 de
907 3171 977 3197 sorte
988 3181 1058 3200 nunc
1119 3175 1187 3201 tanti
1200 3176 1276 3202 vestis
1291 3177 1395 3205 ademta
1408 3179 1444 3205 est
1459 3180 1539 3207 Ouix.
1553 3183 1618 3208 Met.
1633 3191 1656 3214 2,
1669 3186 1725 3217 461.
1746 3188 1762 3210 i.
1777 3190 1896 3213 renuenti.
1968 3191 2113 3219 Perterritiv:
2129 3203 2157 3221 ac

28 3194 107 3227 venio
119 3197 146 3223 in
157 3197 266 3225 dubium
279 3200 366 3227 miser.
440 3203 489 3227 Pro
503 3201 616 3228 dubitari
643 3203 703 3230 Liu.
725 3213 747 3236 3,
769 3213 802 3237 ¹3.
864 3206 922 3232 Cic.
935 3205 968 3233 de
981 3209 1056 3235 Orat.
1118 3210 1303 3243 dubitantibus
1322 3215 1431 3240 caeteris
1451 3215 1511 3242 Sall.
1526 3217 1604 3244 Catil.
1619 3223 1666 3247 28(
1691 3219 1758 3245 Add.
1776 3221 1835 3256 Nep
1858 3231 1877 3254 ι,
1889 3231 1912 3256 3,
1926 3226 1951 3250 6.
1989 3228 2090 3254 Pulchrs
2112 3230 2157 3257 Sil,

28 3238 55 3263 2,
69 3238 116 3264 145*
124 3240 189 3266 c.-34
213 3235 243 3260 In
258 3243 381 3269 generum
399 3236 478 3263 caufis
491 3243 570 3272 atque
588 3240 688 3265 naturis
701 3241 790 3267 onmia
804 3240 850 3268 sita
861 3242 926 3274 effe,
943 3252 1011 3277 quae
1027 3244 1055 3270 in
1072 3248 1101 3277 85
1118 3255 1155 3278 ιο,
1165 3255 1208 3280 ις4
1229 3248 1384 3276 Dubitantia
1397 3249 1499 3278 lumina
1513 3252 1617 3285 condit,
1638 3256 1656 3280 i.
1675 3257 1742 3281 inter
1756 3260 1835 3283 vitam
1847 3265 1871 3283 et
1883 3261 2155 3295 mortemszuffiuamja„

29 3265 140 3292 dubium
150 3276 312 3297 vocarentur.
382 3272 444 3298 Suas
463 3273 583 3299 fortunas
603 3274 631 3300 in
650 3274 763 3302 dubium
778 3276 954 3304 deuocaturus
981 3279 1054 3306 Caes.
1154 3289 1172 3308 D
1183 3289 1202 3307 v
1212 3289 1228 3309 Β
1238 3285 1308 3310 ιΤᾹ
1318 3291 1339 3311 Τ
1351 3292 1407 3318 vs,
1429 3295 1453 3316 a,
1473 3296 1526 3314 um.
1562 3289 1655 3314 Partic.
1690 3288 1877 3327 [δικπορηθείς]
1913 3295 1993 3321 Ouid.
2006 3298 2069 3324 Met.
2085 3308 2109 3331 2,
2124 3310 2156 3328 20

0 3319 3 3322 -
26 3301 56 3328 Β.
70 3301 102 3326 G·
115 3303 141 3333 6,
154 3309 180 3336 7.
228 3305 368 3334 Contraria.
389 3308 444 3334 Cic.
459 3308 490 3334 de
503 3309 605 3336 Inuent.
621 3318 641 3342 1,
655 3312 690 3345 67
709 3312 806 3338 Eorum
821 3313 904 3346 igitur
916 3322 983 3347 quae
996 3324 1057 3341 con-
1117 3317 1212 3349 Venit,
1231 3324 1257 3345 et
1270 3320 1381 3348 intrauit
1394 3321 1508 3349 dubitati
1530 3323 1597 3350 tecta
1610 3326 1734 3358 parentis.
1803 3328 1877 3355 Idem
1889 3329 1922 3356 ad
1935 3331 1995 3357 Liu.
2009 3338 2041 3366 84
2071 3335 2156 3364 Dubi-

26 3336 109 3368 stant,
127 3338 240 3371 exempla
252 3349 388 3374 ponemus:
409 3343 505 3370 horum
517 3354 586 3379 quae
598 3345 680 3373 dubia
693 3346 761 3379 sunt,
776 3349 892 3375 rationes
906 3348 1055 3383 afferemus,
1099 3373 1101 3376 .
1115 3358 1182 3380 tatus
1196 3363 1280 3381 amor.

25 3371 98 3398 Idem
113 3380 161 3406 pro
173 3372 239 3406 Lege
251 3376 340 3403 Manil.
359 3385 394 3412 27
423 3380 499 3412 Qiae
520 3389 561 3407 res
578 3380 614 3407 est
633 3391 699 3416 quae
719 3383 871 3418 cuiusquam
891 3385 1010 3412 animum
1028 3387 1056 3414 in
1154 3395 1400 3424 Dv131TA'r10,
1427 3392 1494 3418 onis.
1526 3393 1545 3419 f.
1581 3394 1703 3430 μωρία,
1727 3394 1873 3431 ἔνδσιασμδς,
1900 3397 2037 3437 ‹22.-madi]
2074 3406 2103 3432 [η
2123 3416 2153 3434 ea

25 3406 74 3434 hac
87 3407 160 3433 causa
177 3407 283 3436 dubium
295 3412 386 3439 Facere
398 3414 488 3448 potiit?
558 3417 641 3443 Feror
653 3416 750 3444 dubius
776 3419 874 3445 Lucan.
889 3419 921 3446 ad
935 3421 1019 3448 Pison.
1035 3431 1056 3448 2.
1067 3428 1103 3454 90
1117 3426 1190 3451 causa
1203 3424 1337 3452 dubitatio
1349 3427 1422 3453 nulla
1435 3428 1470 3454 est
1484 3429 1540 3455 Cic.
1555 3438 1604 3463 pro
1618 3431 1722 3458 Cluent.
1737 3441 1757 3458 c.
1772 3441 1796 3467 7.
1868 3434 2008 3463 Dubitatio
2022 3439 2055 3465 de
2068 3450 2096 3467 re
2105 3443 2152 3469 ali.

25 3440 46 3480 ff
66 3450 79 3474 3
115 3439 284 3475 Substantiua:
304 3447 413 3479 Affefi'tus
427 3450 502 3477 dubii
522 3451 604 3478 Ouid.
613 3453 677 3479 Met.
691 3458 714 3485 8,
728 3462 787 3488 473.
849 3455 993 3490 Argentum
1008 3457 1054 3485 du-
1117 3469 1167 3494 qua
1181 3461 1253 3487 Idem
1267 3462 1319 3489 Off.
1333 3470 1356 3494 3,
1370 3467 1404 3493 18.
1475 3465 1504 3490 Et
1522 3464 1554 3490 de
1567 3466 1642 3492 Orat.
1656 3475 1677 3497 2,
1690 3476 1738 3493 202
1759 3468 1813 3502 Qii
1833 3469 1932 3496 timor?
1961 3482 2028 3507 quae
2048 3475 2152 3505 dubita.

24 3477 118 3511 bium,
142 3478 166 3504 h.
180 3487 198 3504 e.
214 3479 324 3510 Pecunia,
336 3483 363 3509 du
373 3488 440 3511 cuius
449 3486 556 3520 pondere
573 3489 613 3514 vel
627 3488 736 3515 bonitate
748 3489 860 3517 dubitari
869 3490 950 3526 potest
970 3493 1053 3521 Plaut.
1115 3496 1174 3522 tio?
1194 3503 1290 3530 quanta
1305 3497 1441 3525 haesitatio
1454 3499 1605 3535 traditisque
1620 3502 1782 3529 verborum?
1802 3504 1874 3540 Conf.
1890 3506 2057 3537 Dubitanter.
2095 3514 2149 3541 Cic,

0 3544 2 3546 v
23 3513 98 3548 Epid.
113 3523 136 3547 ς,
149 3522 170 3546 1,
185 3522 230 3553 403
299 3515 353 3542 Cit-
366 3527 413 3552 pro
422 3521 526 3548 Cluent.
538 3528 566 3556 58
587 3524 718 3558 Respicite
731 3524 833 3552 Iudices
846 3525 986 3555 hominum
1000 3530 1054 3555 for·
1114 3540 1163 3564 pro
1179 3532 1281 3559 Cluent.
1297 3541 1327 3568 73
1353 3534 1384 3560 In
1398 3543 1427 3561 ea
1440 3534 1601 3563 obscuritate
1613 3544 1692 3572 atque
1704 3537 1870 3566 dubitatione
1887 3543 2017 3577 omnium,
2031 3554 2075 3573 etc.
2098 3551 2151 3583 pla.

0 3555 1 3558 ’
23 3554 114 3580 tunas,
136 3549 256 3583 respicsse
274 3547 366 3577 dubios
382 3556 522 3592 variosque
543 3559 639 3591 Casus,
663 3562 680 3585 i.
701 3563 816 3587 incertos.
892 3563 938 3589 Sil.
954 3573 992 3597 10,
1006 3570 1053 3597 458
1113 3567 1168 3592 cuit
1187 3574 1294 3602 repente
1308 3568 1408 3596 Iudices
1427 3572 1608 3605 pronuntiare.
1678 3573 1752 3600 Idem
1771 3583 1821 3608 pro
1843 3575 1945 3604 Cluent.
1961 3583 1996 3613 76
2027 3582 2078 3609 Hic
2092 3591 2149 3612 tum

23 3584 129 3619 Oraque
151 3585 209 3611 nisu
233 3584 365 3618 Languida
382 3589 425 3616 vix
442 3597 531 3626 aegro‘
543 3599 569 3620 et
592 3594 674 3621 dubia
695 3597 808 3623 Cei-uice
827 3596 946 3632 leuabat,
962 3600 1052 3632 dubia,
1067 3609 1100 3634 9,-
1114 3601 1228 3629 inithus
1242 3604 1278 3630 est
1292 3604 1445 3631 hominibus
1464 3607 1598 3641 scrupulus
1610 3614 1636 3633 et
1649 3607 1774 3641 quaedam
1788 3609 1934 3646 dubitatio,
1949 3615 2075 3649 quidnam
2088 3622 2149 3649 ciset

21 3622 40 3646 ι’.
56 3618 213 3655 flacianum,
240 3629 299 3655 quae⁸
321 3624 384 3647 nunc
404 3627 507 3661 rigeret,
531 3639 586 3656 mox
599 3630 766 3666 flacctsteret.
841 3634 950 3661 Caelum
977 3636 1051 3669 Virg.
1115 3637 1213 3665 actum.
1284 3640 1345 3666 Sine
1359 3641 1539 3674 dubitatione,
1560 3642 1675 3669 ladiucae
1688 3643 1762 3670 foliis
1775 3644 1865 3673 fimilis
1882 3649 1947 3675 Plin.
1961 3659 2003 3685 27,
2019 3658 2039 3682 g.
2074 3652 2077 3654 '
2106 3657 2146 3688 Ῑη,

23 3655 118 3689 Georg.
134 3664 154 3687 1,
168 3664 222 3687 232.
290 3655 358 3695 Ter·
372 3656 473 3688 Phorm.
490 3671 512 3693 2,
525 3673 548 3696 2,
561 3670 591 3695 28
614 3666 691 3692 Prior
704 3666 778 3693 bibas
787 3687 795 3700 ,
812 3669 890 3702 prior=
901 3669 1051 3703 decumbas,
1114 3672 1192 3706 digna
1206 3673 1315 3701 homine
1328 3675 1475 3708 dubitatio,
1495 3678 1547 3703 vid.
1566 3684 1735 3706 iNDIGNVS.
1805 3682 1909 3710 Accidit
1923 3685 2056 3715 dubitatio
2065 3710 2072 3722 ‚
2094 3692 2145 3718 vid.

22 3690 112 3717 Coena
129 3690 210 3724 dubia
222 3698 373 3724 apponitur.
423 3701 512 3732 'Gi-:¹12
539 3719 546 3726 .
565 3720 572 3726 .
594 3701 667 3735 Qiid
680 3702 743 3728 istuc
757 3703 834 3730 verbi
846 3704 902 3731 est?
932 3712 981 3731 ri-i.
1002 3705 1049 3732 vbi
1113 3714 1246 3736 Accmo.
1317 3711 1420 3738 Addere
1445 3712 1652 3745 dubitationem,
1673 3714 1727 3740 vid.
1753 3721 1866 3744 ADDo.
1937 3722 1993 3748 Cic.
2012 3724 2082 3751 Fam,
2098 3736 2118 3758 3,
2132 3735 2146 3760 ς

21 3730 51 3752 tu
63 3725 180 3757 dubites,
200 3727 264 3761 quid
278 3727 360 3753 sumas
375 3729 538 3761 ponssimum.
574 3736 653 3769 Dies,
673 3737 724 3764 uid.
747 3745 825 3766 DIES.
884 3741 952 3767 Hor.
965 3741 1046 3768 Serm.
1112 3743 1193 3777 Quod
1212 3745 1338 3772 itinerum
1351 3756 1471 3774 meorum
1490 3748 1558 3773 ratio
1572 3754 1597 3774 te
1610 3750 1765 3777 nonnullam
1783 3751 1810 3778 in
1830 3753 2023 3785 dubitationem
2039 3761 2146 3789 videtur

21 3768 43 3791 Ω,
56 3769 80 3793 2,
94 3768 129 3795 77
149 3762 259 3796 Surgere
273 3761 304 3788 de
313 3763 502 3805 Coena-dubia·
568 3770 647 3798 Fama
672 3772 753 3799 Ouid.
766 3773 798 3800 de
811 3775 875 3801 Arte
888 3776 946 3802 Am.
960 3785 981 3808 3,
995 3778 1241 3811 453-tooadducere
1266 3781 1404 3809 visurusne
1426 3792 1467 3808 me
1485 3782 1515 3807 {is
1535 3782 1562 3808 in
1581 3784 1734 3817 prouincia:
1753 3795 1782 3814 ea
1801 3797 1841 3815 res
1861 3790 1893 3816 fic
1914 3791 2000 3820 habet.
2070 3797 2143 3823 Idem

9 3794 87 3828 ,Ten
100 3797 128 3822 in
142 3797 207 3831 prol.
222 3798 284 3823 Hec.
299 3800 328 3824 16
357 3800 426 3838 Q!¹‘³
440 3800 551 3829 sciebam
568 3804 676 3834 dubiam
689 3809 832 3836 Fortunam
852 3811 900 3836 effe
914 3812 1050 3840 scenicam.
1112 3815 1184 3841 Fam.
1200 3825 1228 3849 4,
1242 3823 1259 3850 7
1279 3817 1320 3843 Sic
1334 3818 1405 3843 enim
1418 3817 1544 3849 intellexi,
1558 3818 1627 3845 nihil
1641 3821 1714 3847 aliud
1727 3823 1774 3849 effe
1790 3826 1861 3858 quod
1875 3825 2066 3855 dubitationem
2081 3831 2142 3857 affe.

10 3829 133 3858 Maniai.
151 3841 177 3865 2,
197 3835 224 3859 61
249 3834 340 3867 Quum
352 3835 403 3860 tibi
417 3843 555 3864 vernarent
566 3839 645 3868 dubia
658 3844 793 3879 Lanugine
804 3845 898 3879 malae,
914 3857 974 3883 quae
988 3859 1048 3875 non-
1110 3856 1151 3877 ret
1164 3851 1206 3883 ei,
1228 3861 1305 3885 penes
1320 3862 1397 3887 quem
1417 3853 1452 3878 est
1467 3853 1586 3887 potestas,
1606 3862 1650 3882 etc.
1720 3859 1751 3884 Et
1764 3858 1796 3885 de
1815 3860 1850 3886 N·
1867 3862 1898 3890 D·
1912 3871 1937 3895 2,
1951 3870 1990 3895 138
2018 3865 2054 3890 Ni
2070 3867 2142 3892 forte

20 3863 77 3904 duim
89 3873 154 3893 certa
167 3868 240 3895 barba
253 3869 316 3902 effivt.
386 3870 459 3903 Lux,
477 3874 496 3897 i.
509 3872 673 3909 Crepusculum
696 3880 752 3907 Sen.
768 3881 878 3915 Hippol.
893 3891 911 3909 1.
974 3885 1045 3911 Mars
1109 3891 1179 3912 tanta
1193 3885 1297 3913 vbertas
1310 3895 1335 3913 et
1348 3888 1458 3914 varietas
1477 3897 1632 3924 pomorum,
1652 3900 1800 3928 eorumque
1820 3897 1946 3923 iucundus
1962 3908 2012 3924 non
2026 3901 2140 3933 gustatus

20 3900 92 3934 Virg.
107 3901 201 3937 Georg.
219 3912 241 3936 2,
257 3909 310 3936 283.
340 3908 450 3931 incertus
463 3909 613 3942 praeliorum
630 3920 733 3941 euentus.
803 3917 875 3943 Idem
890 3920 954 3946 Aen.
973 3929 1001 3952 4,
1018 3928 1046 3953 5,-
1109 3921 1209 3954 solum,
1228 3921 1270 3948 sed
1291 3922 1417 3949 odoratus
1431 3924 1510 3950 etiam
1523 3931 1547 3950 et
1555 3925 1706 3960 adspectus,
1725 3929 1917 3958 dubitationem
1926 3933 2082 3968 affert,quin
2094 3935 2140 3962 ho·

10 3934 145 3972 *Spemque
157 3937 227 3965 dedit
239 3938 437 4003 dulbliae4Menti
445 3961 453 3974 ‚
474 3943 605 3979 soluitque
616 3946 751 3980 pudorem.
815 3953 932 3989 Propert.
944 3964 973 3988 4,
980 3964 1008 3989 4,
1017 3961 1044 3989 83
1054 3963 1097 3991 105
1107 3957 1223 3984 minibus
1241 3956 1304 4020 saliis
1319 3966 1349 3984 ea
1366 3964 1458 3985 natura
1473 3958 1623 3989 donauerit.
1656 3964 1725 3991 Add.
1738 3965 1775 3992 Id.
1791 3966 1842 3993 Off.
1859 3975 1868 3993 ι
1882 3977 1903 3993 c.
1916 3976 1954 4001 4ι.
2025 3970 2095 3996 Caes.
2109 3971 2140 3999 Β.

10 3976 11 3979 ’
167 3980 248 4002 VOL.
300 3996 307 4004 .
1307 4002 1334 4019 m
2034 4005 2139 4039 G¹=¹4=
