2912 4368
544 192 807 261 Exc

136 207 214 281 469
248 214 255 246 ⁷

1092 307 1122 333 M
1125 306 1164 333 ira

139 308 300 346 Excogitauit
311 307 518 343 aliquid,eadeni
530 307 595 335 dicit
610 317 676 344 quae
690 309 771 337 Stoici
789 309 844 337 Cic.
857 308 936 336 Acad.
951 316 979 341 4,
992 308 1033 340 69.

628 345 630 347 '
880 343 953 370 Idem
966 344 1020 370 Ait.
1033 350 1060 375 9,
1077 343 1094 368 6
1112 342 1164 368 Ad-

6 372 11 381 Ι
26 373 49 390 ω
61 378 62 385 ¹
138 346 261 382 quaedam
274 352 368 378 genera
381 343 488 369 furandi
515 345 570 371 Cic.
583 345 659 371 Vcrr.
674 353 700 377 2,
713 354 765 378 ¹34-

65 393 67 399 ⁴
141 382 203 412 haec
215 380 310 415 igitur,
330 379 431 412 cogita,
449 379 487 405 nii
500 379 601 412 Attice,
618 380 659 407 vel
677 382 764 414 potius
777 378 904 414 excogita.
1051 411 1055 416 ⁵

163 415 472 444 viixcocii'rsirvs,
501 423 531 447 a,
562 424 616 441 um.
787 414 989 449 [immoratum]
1025 412 1081 438 Cic.
1117 419 1166 446 pro

878 447 982 474 Malitia
1005 445 1122 473 Tei-tull.
1137 446 1170 472 de
1195 453 1208 480 5

94 450 108 485 ’“,
141 451 241 480 cluent.
253 451 284 482 36
295 458 317 475 c.
332 457 356 481 13
377 448 455 475 Ratio
467 450 612 484 excogitata
625 416 774 477 Laiiiliilgit.

406 485 499 520 Superl.
535 486 640 512 Sueton.
655 487 683 512 in
696 487 780 520 Calig.
794 492 854 510 c-22
872 483 1020 516 Templum
1034 483 1113 509 etiam
1122 491 1169 507 nu-

106 546 107 549 ,
141 520 207 563 mini
231 519 282 560 Asuo
308 519 445 554 proprium
454 539 463 552 ‚
502 526 528 547 et
559 521 719 554 sacerdotes,
758 526 784 548 et
820 517 1043 552 excogitatiffimas
1073 517 1171 544 hostias

141 556 276 618 lmizl'iiugo
285 595 306 616 G
315 595 324 614 1
333 594 412 616 TAT
423 595 464 617 vs
473 610 482 623 ,
501 589 539 617 fis.
559 601 595 618 m.
630 591 696 619 Geli.
709 598 738 624 ς,
752 599 780 617 ιο
806 589 945 623 Captionis
964 589 1082 615 versutae
1095 596 1172 614 exco-

138 626 221 663 gitatu
235 624 371 661 frustratus
384 625 444 651 fuit.

81 479 83 482 Α
96 495 107 529 'ss
140 486 221 522 Spect.
236 494 256 511 c.
270 493 292 510 2.

1628 212 1663 255 E
1750 212 1904 253 XC
2193 223 2272 260 470

1265 313 1283 334 E
1294 313 1314 333 x
1325 310 1342 334 c
1353 312 1425 334 ons
1435 311 1456 332 v
1468 305 1540 332 ιᾸκ
1551 311 1561 331 i
1573 312 1601 337 s,
1621 313 1644 331 e.
1667 303 1726 330 Adi.
1768 300 1923 336 [ὑπατικὸς]
1959 303 1989 329 In
2004 303 2022 329 1.
2043 311 2056 335 3
2075 302 2106 329 C.
2127 301 2158 328 de
2176 300 2268 335 proxi.

1230 342 1280 369 mis
1293 344 1424 369 sacrorum
1438 340 1594 367 scriniorum
1604 360 1612 372 ,
1633 338 1770 366 Consulari
1785 337 1887 364 honore
1907 336 1970 363 sulti
1990 338 2058 364 inter
2076 336 2173 364 electos
2189 336 2267 362 habe-

1231 384 1317 411 antur,
1332 378 1452 412 huncque
1465 375 1594 402 honorem
1608 374 1743 409 dignitatis
1754 378 1869 404 teneant,
1878 372 1924 406 qui
1936 372 2153 400 Exconl'ularibus
2167 370 2268 398 deferri

1233 413 1408 440 consueuerit.
1463 411 1585 447 Qaedam
1611 412 1759 446 exemplaria
1783 410 1883 445 legunt,
1903 407 1940 433 Ex
1965 407 2163 434 Consularibus.
2198 405 2267 434 Add.

1235 449 1365 475 Ammian.
1380 457 1396 475 2
1443 455 1462 474 ι.

1270 490 1287 510 E
1299 490 1316 510 Χ
1327 490 1343 511 C
1353 482 1371 510 ὁ
1384 457 1427 519 ἐῦ
1438 489 1457 509 0
1466 501 1474 514 ,
1504 481 1533 508 xi
1541 499 1548 511 ‚
1578 480 1648 506 &um
1656 500 1664 513 ,
1695 481 1748 507 ere.
1785 477 1898 512 [ἔξέφω]
1933 472 2113 512 Perfefiioncm
2125 476 2270 513 significare

1235 519 1349 552 videtur,
1369 527 1463 553 nemque
1477 514 1590 552 Perfcfie
1603 524 1707 551 coquere.
1744 514 1812 541 Ter.
1827 512 1902 540 Adel.
1918 520 1941 545 5,
1955 520 1976 544 3,
1989 513 2020 544 63
2049 511 2120 538 Tam
2134 512 2269 539 excoctam

1235 554 1343 581 reddam
1356 559 1434 588 atque
1446 557 1545 584 atram,
1564 559 1643 585 quam
1656 550 1734 576 carbo
1748 550 1792 576 est.
1864 547 1995 575 Columel.
2030 564 2038 572 .
2075 566 2082 572 .
2119 547 2165 572 Vis
2186 547 2269 580 frigo.

1235 590 1272 616 ris
1286 590 1411 624 excoquit
1426 594 1532 614 terram.
1603 585 1765 611 Ci‘iiditateiii
1776 592 1922 619 excoquere
1936 581 2089 613 Laconicis,
2109 581 2162 607 vid.
2174 582 2270 607 Crudi-

1189 632 1218 650 10
1237 631 1289 656 tas,
1308 627 1336 651 in
1355 630 1488 650 cxvnvs.
1560 621 1630 655 Ignis
1643 621 1766 654 excoquit
1780 620 1876 646 vitium
1891 618 1990 645 metalli
2009 616 2088 644 Ouid.
2103 616 2269 656 Fast.4,783.

176 666 472 692 EXCOGiTATlo,
493 660 560 688 onis.
593 661 613 688 f.
647 658 794 695 [ἓπινόησις]
830 658 888 685 Cic.
911 659 994 685 Tuse.
1018 667 1037 690 i,
1060 660 1076 684 6
1099 667 1120 684 c.
1144 664 1172 690 ες

93 706 96 712 ·
142 695 214 730 Qiid
229 695 275 721 illa
289 695 345 727 vis,
364 704 430 730 quae
444 695 547 722 tandem
560 696 611 729 est,
628 704 694 730 quae
707 693 845 728 inuestigat
861 694 977 725 occulta,
1000 702 1066 728 quae
1078 693 1171 719 inuen-

677 730 732 757 Cic.
745 729 777 755 de
791 730 865 756 Orat.
880 738 903 764 2,
917 738 960 756 120
979 730 1053 761 Qiae
1067 728 1099 754 ab
1107 729 1172 754 Ora-

81 767 98 793 97.
132 772 200 794 ,tore
213 767 362 801 pariimtur,
381 768 601 801 excogitationem
612 773 667 791 non
680 765 776 791 habent
796 763 949 798 difficilem,
969 763 1173 798 explicationem

131 802 224 836 'magis
238 801 380 834 illustrem,
401 803 606 837 perpolitamque
623 799 776 827 desiderant.

140 732 182 759 tio
193 737 270 766 atque
283 731 442 765 excogitatio
455 731 551 759 dicitur
563 733 572 757 Ξ

1236 660 1340 686 Vitium
1358 659 1505 694 perignem
1520 655 1678 690 excoquitur
1708 655 1784 689 Virg.
1803 656 1900 688 Georg.
1922 663 1946 686 i,
1966 658 2004 684 88.
2109 652 2272 685 Excoquitur

1236 695 1348 721 flammis
1384 693 1502 728 scopulus
1541 691 1586 718 Sil.
1618 699 1639 722 3.
1711 690 1755 719 Sol
1777 696 1872 717 terrarii
1894 688 2020 724 excoquit
2056 687 2161 714 Lucret.
2175 688 2200 718 6,
2212 689 2272 719 962.

1236 730 1377 757 Vrbanitas
1391 728 1483 756 aulicis
1494 726 1602 753 ‘excofila
1614 725 1766 753 fornacibus
1788 725 1886 751 Ennod.
1899 733 1928 758 4,
1942 733 1977 757 33.
2049 723 2201 758 Excoquere
2218 730 2272 747 ma-

1237 766 1291 792 lum
1305 765 1386 791 alicui
1404 765 1485 790 Plaut.
1498 763 1563 789 Pers.
1580 770 1598 793 i,
1613 770 1632 795 i,
1647 769 1683 793 53.
1702 763 1721 787 i.
1746 762 1908 797 Excogitare,
1927 766 1950 787 et
1962 758 1995 787 ad
2006 765 2100 795 tempus
2110 764 2273 794 praeparare.

1189 809 1216 835 15
1235 800 1304 828 Add.
1318 799 1355 827 Id.
1370 799 1429 826 Mil.
1442 807 1465 831 2,
1478 807 1502 829 2,
1517 805 1553 830 33.

181 843 247 864 iixc
256 843 275 863 0
285 843 306 863 G
315 844 324 864 1
332 844 354 864 Τ
362 845 383 864 Α
392 845 413 864 Τ
424 844 444 864 Ο
453 845 472 865 R
481 858 490 870 ‚
512 840 575 863 6518.
600 844 635 862 m.
672 834 825 870 [ἔπινοητὴς]
861 833 991 869 QiinEtil.
1010 833 1082 860 Decl.
1105 841 1143 865 10,
1156 840 1174 868 7

145 871 187 899 Sic
199 879 303 906 magum
316 873 453 907 protinus,
472 871 555 899 nescia
573 877 674 903 matre,
693 871 874 905 excogitator,
894 871 936 897 hic
956 870 1049 896 mortis
1066 869 1175 895 alterius

367 908 516 936 Verborum
529 907 693 940 excogitator
704 913 729 932 et
743 907 882 933 nominum
907 904 1007 932 Arnob.
1021 914 1034 937 3
1047 914 1071 939 p.
1088 913 1137 937 119.

179 949 224 969 Ex
234 948 252 970 c
264 949 282 969 o
292 948 357 976 Go,
374 946 428 970 ere.
462 942 629 969 Innocentius
635 942 798 977 agrimensor
813 951 836 976 p.
849 949 900 976 227
925 940 992 977 Goes.
1027 940 1175 966 Terminos

608 985 632 1011 p.
652 985 694 1003 222
715 984 778 1004 extr.
803 978 831 1004 Si
843 977 872 1003 in
884 981 974 1003 monte
987 975 1070 1001 fuerit
1081 976 1173 1001 consti·
1188 989 1222 1007 20

97 1024 102 1030 ·
141 1017 229 1046 tutus,
244 1014 395 1048 excoginius
426 1013 504 1039 finem
528 1011 635 1039 habere.
677 1016 696 1040 i.
722 1013 780 1039 inde
811 1012 961 1048 colligimus,
987 1011 1028 1038 vel
1057 1013 1174 1047 cogimus,

98 1063 102 1070 ·
140 1056 349 1085 argumentamur.
915 1052 920 1054 “

180 1090 197 1110 Ε
207 1091 226 1111 Χ
234 1091 250 1111 C
259 1085 278 1112 ὁ
288 1090 304 1110 1.
313 1091 348 1118 o,
366 1088 416 1109 are.
452 1081 562 1109 Adieeia
574 1082 668 1118 squilla
679 1089 780 1109 acetum
792 1081 946 1118 diligentius
960 1079 1094 1108 excolahis
1120 1081 1176 1108 Pal-

360 1117 426 1146 Add.
446 1117 523 1152 Vulg.
539 1117 633 1144 Matth.
648 1127 684 1151 23,
697 1127 736 1151 24.

144 906 261 935 aduocat.

143 978 294 1011 excogimus
307 977 486 1013 requirendos.

81 1122 102 1146 P·
144 1117 195 1146 lad.
209 1119 256 1146 Iul.
271 1124 293 1149 8.

1272 843 1288 863 Ε
1299 841 1318 862 Χ
1328 842 1344 862 C
1353 841 1372 861 ο
1380 841 1397 862 c
1406 840 1428 860 'r
1436 843 1446 860 ι
1454 840 1489 866 0,
1514 833 1580 859 onis.
1597 832 1618 859 f.
1653 830 1780 858 Bucellati
1792 830 1859 857 Cod.
1870 839 1895 857 ia
1906 835 1926 857 t.
1940 838 1971 864 39
1983 829 2002 856 l.
2015 837 2038 858 2.
2106 826 2191 855 Calcis
2208 825 2275 862 ibid.

1237 877 1256 899 t.
1272 870 1330 898 161.
1344 879 1364 902 3.
1437 868 1511 895 Panis
1532 867 1597 894 ibid.
1611 873 1630 893 t.
1643 875 1673 898 39
1688 867 1705 893 l.
1721 876 1739 893 1.

1274 913 1291 933 E
1302 913 1321 933 x
1333 911 1350 932 c
1362 910 1382 931 ο
1391 910 1411 930 R
1420 912 1430 930 1
1440 910 1460 930 ο
1470 923 1479 936 ,
1500 908 1552 930 are.
1587 901 1706 938 [οἷσι-οδέρω
1720 902 1799 928 Gloss.
1813 901 1859 927 Gr.
1874 901 1951 935 Lau]
1986 900 2038 934 Ap.
2048 898 2188 935 scriptores
2201 896 2277 924 medie

1237 945 1292 968 aeui
1296 939 1442 978 fignificat,
1456 942 1540 975 virgis
1550 938 1646 965 caedere
1660 948 1667 962 :
1702 938 1755 963 vid.
1771 935 1843 969 Gla-[II
1855 937 1896 963 Du
1911 937 2007 962 fresne.

1275 984 1320 1004 ΕΧ
1331 982 1492 1005 CORNIS,
1512 983 1535 1000 e.
1565 973 1626 1007 Adi.
1660 972 1744 999 Bestia
1765 972 1894 1005 exunguis
1917 977 1943 997 et
1964 969 2085 996 excornin
2106 967 2225 996 Tei-tull.
2243 965 2285 994 de-

1238 1013 1301 1040 Pall.
1314 1021 1335 1039 c.
1349 1019 1372 1044 5.
1390 1012 1408 1036 i.
1421 1009 1535 1036 cornibus
1548 1008 1673 1041 destituta.

1273 1055 1290 1074 E
1303 1053 1321 1074 x
1331 1054 1348 1074 c
1356 1053 1375 1073 o
1383 1053 1402 1072 R
1411 1053 1425 1072 i>
1434 1052 1453 1072 o
1461 1052 1480 1072 R
1489 1052 1507 1071 ο
1516 1065 1524 1077 ,
1544 1049 1597 1071 are.
1635 1045 1700 1079 Opp.
1735 1043 1909 1076 incorporare
1917 1059 1926 1072 ,
1944 1046 1985 1074 ap.
2001 1040 2078 1066 Vinc.
2098 1038 2184 1065 Lirin.
2196 1038 2277 1064 Coni-

1239 1083 1335 1110 monit.
1349 1091 1365 1108 2
1378 1090 1402 1116 p.
1416 1082 1466 1113 364
1483 1081 1571 1107 Baluz.
2013 1107 2018 1112 .

1275 1125 1293 1145 Ε
1304 1125 1323 1144 Χ
1334 1123 1351 1143 c
1360 1124 1379 1144 ο
1388 1124 1407 1143 R
1415 1123 1434 1142 R
1443 1123 1459 1142 E
1470 1121 1487 1142 c
1498 1123 1519 1142 Τ
1529 1122 1547 1142 o
1557 1123 1574 1142 R
1583 1135 1591 1149 ,
1611 1114 1675 1141 oris.
1694 1122 1729 1139 m.
1766 1113 1818 1147 Qu·
1835 1107 1961 1137 corrector
1980 1107 2023 1141 effi
2040 1108 2151 1142 deflerat.
2193 1107 2279 1143 Vrsat.

180 1160 222 1180 Ex
233 1152 343 1187 (ἓόιο,
372 1152 458 1183 colui,
482 1153 598 1185 cultum,
626 1156 678 1180 ere.
716 1152 908 1193 [ἒξςργοέζομαῃ
924 1151 1075 1185 ἔπικοσμέω]
1109 1153 1177 1178 Dili-
1193 1167 1222 1193 ,5
1241 1153 1270 1180 de
1290 1155 1351 1179 Not.
1365 1153 1434 1178 Rom.
1451 1151 1524 1186 Thes.
1539 1154 1601 1178 Ant.
1616 1151 1684 1176 Rom.
1699 1150 1787 1174 Graeu.
1808 1146 1840 1173 T.
1854 1155 1877 1171 ιι
1888 1152 1914 1180 p.
1926 1153 1969 1180 703
1984 1145 2011 1169 E.

73 1195 96 1219 ις’
143 1196 229 1226 genter
241 1189 337 1221 Colere,
357 1189 469 1220 emme,
492 1189 616 1223 Expolire.
651 1189 715 1217 Plin.
725 1188 802 1223 Epist.
811 1197 837 1221 9,
851 1196 891 1221 39,
905 1197 917 1220 3
945 1189 1021 1214 Enias
1038 1196 1178 1219 marmora,

82 1230 97 1253 ·i
144 1223 240 1259 quibus
253 1224 351 1256 solum,
370 1224 465 1258 quibus
479 1225 590 1258 parietes
602 1224 762 1251 excolantur.

877 1224 946 1250 Dare
958 1224 984 1249 se
996 1222 1179 1257 philosophiae

145 1258 317 1286 excolendum
343 1259 399 1285 Cic.
415 1259 497 1285 Tusc.
512 1270 539 1293 4,
554 1265 596 1292 84.

700 1259 738 1285 Id.
753 1259 785 1285 de
798 1258 893 1293 Legib.
908 1267 934 1291 z,
948 1261 979 1290 36
991 1268 1012 1284 c.
1028 1267 1063 1291 24
1098 1258 1178 1286 Nihil

145 1294 238 1331 melius
245 1294 299 1320 illis
307 1294 446 1326 mysteriis,
455 1295 551 1329 quibus
559 1304 590 1321 ex
600 1293 692 1329 agresti
700 1295 864 1328 immanique
871 1295 925 1321 vita
933 1294 1031 1320 exculti
1045 1293 1077 1320 ad
1088 1293 1177 1320 hunia-

146 1330 253 1358 nitatem
260 1335 285 1356 et
291 1329 405 1364 mitigata⁴
413 1330 508 1356 sumus.

1279 1194 1295 1214 Ε
1307 1194 1326 1214 Χ
1336 1194 1379 1215 co
1388 1194 1406 1214 R
1416 1194 1444 1218 s,
1464 1186 1560 1213 cordis.
1588 1183 1648 1211 Adi.
1685 1183 1815 1217 [ἔκφρων]
1851 1182 1902 1216 Qi
1925 1181 2005 1206 veluti
2028 1177 2102 1204 corde
2119 1184 2144 1203 et
2157 1180 2238 1203 animo
2250 1184 2282 1202 ae

1236 1224 1284 1261 sen
1296 1233 1312 1250 u
1323 1225 1460 1254 communi,
1474 1221 1499 1248 h.
1512 1231 1531 1248 e.
1546 1219 1670 1248 intellectu
1684 1225 1760 1245 caret.
1816 1216 1916 1243 Veteres
1936 1217 1999 1240 enim
2007 1213 2158 1248 sapientiam
2172 1215 2198 1238 in
2210 1210 2281 1250 :orcle

1241 1224 1408 1290 colliculum,
1427 1267 1499 1293 quam
1522 1266 1585 1283 nunc
1606 1258 1634 1282 in
1657 1254 1754 1281 cerebro
1770 1254 1895 1288 ponimus.
1930 1250 1985 1290 Cic.
2009 1249 2093 1276 Tusc.
2121 1257 2141 1280 1,
2156 1256 2177 1274 ιι
2190 1245 2282 1286 ⁴§Qud

1243 1303 1325 1330 porro
1337 1294 1391 1328 ipse
1404 1293 1522 1325 animus,
1541 1297 1586 1319 aut
1598 1291 1661 1322 vbi,
1678 1295 1723 1317 aut
1735 1288 1818 1319 vnde,
1838 1294 1932 1321 magna
1945 1284 2064 1312 diss‘enfio
2077 1284 2112 1310 est
2125 1294 2131 1309 :
2161 1282 2221 1309 aliis
2236 1289 2282 1310 coi·

575 1329 745 1357 cic.deC1ar.
753 1331 866 1362 Orat.9;
885 1330 1017 1369 Caiusqiie
1024 1329 1177 1355 Tuditanus
1196 1345 1227 1369 30
1244 1331 1329 1365 ipsum
1343 1330 1445 1356 animus
1458 1327 1581 1361 videtur,
1599 1335 1630 1353 ex
1645 1335 1698 1361 quo
1711 1322 1850 1355 excordes,
1870 1320 2012 1353 vecordes,
2029 1318 2226 1352 concordesque
2245 1314 2284 1343 di-

149 1374 208 1394 cum
219 1365 293 1392 omni»
302 1365 356 1392 vita
370 1371 449 1400 atque
462 1365 535 1392 victu
544 1366 659 1392 excultus
666 1372 744 1400 atque
759 1365 899 1399 expolitus,
906 1371 962 1391 tum
969 1373 1026 1391 eius
1034 1365 1134 1399 elegans
1142 1365 1178 1391 est

229 1435 234 1441 ι
657 1401 870 1433 Cit.Tusc.i‚62
889 1400 1178 1434 Oiiinesmagni,etiam

151 1436 308 1470 superiores,
326 1436 372 1471 qui
390 1437 494 1470 fruges,
515 1438 564 1471 qui
582 1437 722 1469 vestitum,
742 1436 790 1471 qui
808 1436 889 1467 tecta,
915 1436 962 1471 qui
980 1436 1080 1462 cultum
1099 1436 1180 1468 vitae,

153 1471 202 1508 qui
212 1470 334 1506 praesidia
346 1476 438 1498 contra
447 1471 515 1499 feras
528 1472 704 1504 inuenerunt,
714 1481 728 1498 a
742 1471 839 1506 quibus
850 1471 1022 1498 mansuefaffl
1036 1479 1061 1498 et
1073 1471 1182 1503 exculti,

152 1515 173 1534 a·
186 1507 325 1537 necessiiriis
343 1506 462 1533 artificiis
481 1508 642 1541 elegantiora
662 1507 829 1534 defluximus.

149 1399 267 1428 habitum
272 1401 350 1428 etiam
359 1400 488 1427 orationis
496 1410 585 1436 geniis.

3 1469 34 1497 σεο
40 1468 88 1499 quotis
93 1469 104 1496 li

7 1498 33 1525 luti
37 1501 84 1530 Atheni
90 1512 104 1531 ti

1244 1371 1348 1392 cuntur.
1418 1364 1492 1391 Idem
1511 1363 1542 1389 de
1556 1362 1662 1389 Amicit.
1676 1369 1710 1394 99
1742 1361 1838 1394 Aperte
1858 1356 2007 1384 adulantem
2026 1363 2105 1382 nemo
2119 1363 2173 1380 non
2193 1352 2283 1384 videt,

1244 1401 1294 1428 nifi
1308 1400 1355 1436 qui
1366 1399 1509 1426 admodum
1522 1398 1558 1425 est
1571 1406 1670 1424 excors.
1741 1397 1772 1422 Et
1791 1403 1839 1434 pro
1851 1393 1935 1419 Plane.
1962 1412 1968 1418 .
2000 1411 2007 1418 .
2036 1410 2043 1417 .
2079 1391 2110 1417 Et
2124 1396 2284 1429 quemquam

1246 1443 1321 1472 putas
1334 1436 1409 1462 fuisse
1422 1441 1476 1461 tam
1492 1433 1648 1465 excordem,
1668 1431 1716 1466 qui
1729 1430 1799 1457 viuis
1812 1429 1868 1461 his,
1888 1429 1969 1454 stante
1984 1426 2065 1466 vrbe,
2089 1431 2115 1452 et
2134 1433 2223 1456 curia,
2244 1431 2285 1449 re-

1246 1473 1366 1499 diturum
1380 1480 1439 1503 me,
1460 1470 1478 1497 si
1492 1471 1627 1501 viuerem,
1647 1476 1701 1493 non
1719 1470 1820 1502 putaret
1833 1465 1842 1490 ἰ
1904 1464 1997 1489 Horat.
2013 1461 2088 1497 Epist.
2106 1470 2126 1493 i,
2140 1469 2164 1491 2,
2176 1467 2206 1492 25
2232 1458 2285 1485 Sub

908 1509 978 1542 Ager
990 1506 1126 1534 excolatur
1140 1516 1183 1532 ex·
1198 1518 1226 1544 35
1246 1508 1356 1535 domina
1368 1506 1508 1533 meretrice
1520 1505 1605 1531 fuitset
1621 1503 1721 1538 turpis,
1741 1508 1767 1528 et
1783 1508 1875 1527 excors
1909 1498 2020 1525 Vixisset
2037 1497 2108 1523 canis
2126 1493 2287 1524 immundus,

138 1540 261 1576 'stirpatis
274 1541 413 1569 arboribus
433 1543 495 1570 Pall.
509 1543 573 1570 Mai.
587 1551 608 1575 3,
624 1552 649 1570 2.

147 1576 266 1617 minutii,
288 1577 485 1605 Atheniensium
510 1578 642 1605 Beneficio
666 1578 753 1604 excoli
770 1578 873 1612 potuit,
897 1579 985 1604 oratio
1001 1587 1057 1604 non
1076 1578 1182 1613 potuit3

146 1611 298 1639 Excolimur
311 1614 396 1640 teneri
416 1613 498 1640 Ouid.
513 1613 597 1645 Trist.
611 1624 638 1648 4,
652 1622 690 1646 io,
705 1621 740 1646 ις.

148 1645 220 1674 luitse
231 1656 309 1682 genas
328 1648 444 1675 Martial.
458 1652 482 1679 6,
492 1657 531 1676 υ..
550 1649 578 1674 de
590 1649 694 1685 tonsore.

147 1682 227 1709 Arch.
241 1692 269 1710 ια,
280 1693 301 1710 c.
315 1686 340 1710 6.

742 1543 798 1570 Cic.
811 1543 839 1568 in
852 1543 925 1569 Orat.
940 1552 965 1575 31
985 1544 1026 1569 An
1039 1543 1124 1569 victus
1135 1542 1182 1569 ho-

828 1613 927 1639 Dot‘ltus
940 1620 966 1639 et
979 1613 1183 1639 hirsutusexco-

802 1648 929 1674 Doufhina
943 1649 1044 1674 animos
1064 1649 1119 1675 Cic.
1133 1658 1183 1683 pro

1246 1543 1291 1571 vel
1304 1543 1388 1572 amica
1402 1542 1459 1568 luto
1473 1542 1523 1568 sus.
1615 1540 1670 1566 Cic.
1685 1546 1733 1572 pro
1745 1537 1834 1563 Domo
1847 1535 1891 1561 sua
1907 1539 1940 1568 48
1961 1534 2055 1567 Neque
2069 1538 2097 1559 tu
2109 1540 2165 1558 eras
2178 1537 2230 1557 tam
2244 1538 2287 1555 ex·

1247 1588 1320 1609 cors,
1336 1583 1442 1612 tamque
1458 1576 1579 1607 demens,
1598 1580 1626 1601 vt
1642 1574 1753 1600 nescires
1771 1571 1840 1598 hune
1854 1569 1978 1596 Clodium
1993 1569 2057 1600 effe,
2076 1568 2123 1602 qui
2140 1572 2231 1593 contra
2250 1565 2287 1591 le-

1247 1623 1290 1649 ges
1303 1614 1410 1640 faceret.
1465 1613 1524 1638 Hoc
1537 1611 1586 1646 qui
1599 1619 1653 1636 non
1665 1608 1753 1639 videt,
1773 1615 1864 1633 excors
1884 1605 1938 1632 Cic.
1951 1604 2063 1639 Philipp.
2076 1611 2089 1636 5
2111 1612 2132 1629 c.
2147 1611 2172 1642 οἵ.
2219 1601 2288 1626 Hor.

1247 1651 1330 1676 Serm.
1346 1657 1368 1680 2,
1383 1657 1406 1680 3,
1424 1649 1459 1682 67
1486 1648 1534 1674 Tu
1555 1655 1596 1672 me
1617 1642 1809 1674 Insanuscris,
1829 1641 1847 1667 si
1861 1640 2014 1674 acceperis?
2044 1647 2078 1665 an
2096 1644 2179 1671 magis
2197 1642 2290 1662 excorc

406 1683 444 1710 Id.
459 1683 492 1710 ad
505 1685 544 1717 Q
555 1685 625 1716 Fm,
635 1692 655 1715 i,
670 1693 683 1710 2
713 1684 748 1713 Ea
761 1688 848 1710 autem
861 1684 981 1711 adhibita
994 1683 1122 1710 Doctrina
1135 1684 1181 1715 est,
1191 1694 1228 1720 40
1249 1684 1356 1711 Reiecia
1369 1683 1479 1718 praeda,
1496 1691 1575 1717 quam
1593 1681 1712 1715 praesens
1726 1677 1873 1704 Mercurius
1892 1675 1943 1701 fert
1957 1675 1966 1700 Ξ

22 1714 91 1750 &situ

12 1758 86 1785 enaim

10 1785 97 1813 omilim&
109 1799 119 1816 ς,

4 1827 35 1847 (πει.
63 1822 117 1857 liiCt',

3 1856 106 1884 titiimtttonmn

3 1891 107 1933 dmirfficlig.

3 1927 106 1955 dcmtmtrestl·

5 1970 35 1994 iiis,
42 1963 106 1997 iiiiii:

0 2007 13 2029 a.
18 2007 31 2024 ii
37 2006 61 2030 tx,
70 1999 106 2031 iiiut.

0 2041 31 2059 iiiii
39 2034 105 2061 titium

147 1726 216 1752 quae
228 1718 271 1744 vel
282 1718 470 1745 vitiosissimam
484 1724 603 1746 naturam
617 1720 737 1745 excolere
751 1718 834 1752 pollit.

451 1754 611 1781 Medicinam
637 1755 703 1781 Cels.
719 1763 728 1780 ι
743 1754 824 1788 praef.

149 1796 235 1822 eoque
247 1788 392 1815 excolendo
403 1788 448 1815 fita
459 1790 530 1816 vitae
543 1789 579 1816 est
592 1788 710 1816 honestas
724 1789 826 1821 omnis,
845 1794 871 1815 et
883 1789 912 1815 in
924 1789 1082 1823 negligendo
1101 1790 1185 1822 turpi-

956 1824 1085 1850 Oratione
1098 1823 1185 1848 excoli

1099 1858 1185 1882 Scien-
1197 1866 1231 1892 45

916 1719 1066 1753 Disciplinis
1084 1719 1183 1746 liberos

149 1752 279 1780 Columel.
292 1763 322 1787 4,
336 1762 357 1785 3.
931 1754 988 1781 Cic.
1003 1754 1054 1781 Off.
1071 1763 1090 1786 i,
1107 1763 1130 1786 13
1154 1755 1185 1780 In

151 1823 226 1850 iudo.

149 1859 206 1884 Cic.
219 1859 306 1885 Parad.
324 1867 343 1887 1.

149 1893 215 1919 tiam
239 1893 304 1919 Cels.
317 1893 399 1952 praceilz

267 1825 371 1860 Legitur
389 1833 419 1851 ex
442 1823 534 1858 vetusta
553 1827 701 1860 exemplari,
721 1824 849 1850 Colendo.

435 1860 506 1886 Rura
520 1860 639 1886 excolere
656 1858 747 1884 Claud.
763 1859 791 1883 in
803 1859 910 1890 Eutrop.
923 1866 949 1888 2,
966 1865 1020 1890 ¹97-

505 1895 595 1919 Vitam
606 1893 745 1918 excoluere
759 1899 805 1924 per
818 1891 936 1916 inuentae
949 1896 1017 1915 artes
1039 1890 1110 1923 Virg.
1119 1891 1183 1915 Aen.

423 1928 458 1958 Q
469 1928 537 1952 Frat.
549 1935 575 1958 2,
589 1934 615 1959 15
633 1928 740 1959 Itaque,
757 1930 786 1950 vt
801 1924 854 1950 tibi
868 1924 952 1958 placet
964 1924 1054 1950 damus
1065 1933 1184 1958 operam,

148 1970 183 1989 ne
203 1961 275 1987 cuius
293 1960 411 1986 animum
431 1960 605 1991 offendamus,
623 1966 717 1995 atque,
736 1965 764 1985 vt
782 1959 863 1985 etiam
881 1959 914 1985 ab
939 1959 972 1985 iis
986 1959 1055 1993 iplis,
1071 1961 1118 1994 qui
1136 1969 1184 1986 nos

150 2005 210 2024 eum
230 1995 337 2022 Caesare
354 2001 406 2021 tam
423 1995 576 2022 coniiindms
595 1995 700 2028 dolent,
721 1994 880 2029 diligamur,
899 1994 932 2021 ab
951 1994 1041 2029 aequis
1062 2004 1126 2022 vei-o
1140 2001 1185 2021 aut

152 2032 231 2060 etiam
254 2040 268 2058 a
292 2030 425 2065 propensis
446 2030 476 2058 in
498 2030 564 2057 hanc
580 2037 681 2066 partem
697 2030 867 2058 vehementer
880 2030 1040 2057 excolamur.

148 1929 176 1960 6,
189 1929 246 1958 663.

1284 1726 1300 1746 Ε
1310 1728 1329 1747 Χ
1337 1726 1353 1746 c
1362 1727 1381 1746 ο
1390 1725 1408 1745 R
1419 1725 1437 1745 D
1448 1724 1467 1744 o
1478 1725 1497 1744 R
1505 1737 1513 1750 ,
1530 1717 1578 1743 ari.
1615 1714 1770 1742 Excordaris
1784 1712 1877 1742 homo,
1897 1709 1915 1735 fi
1929 1714 2011 1743 putas,
2031 1713 2077 1733 etc.
2104 1703 2291 1731 Commodian-

1247 1755 1324 1782 Instr.
1339 1763 1372 1781 21.
1401 1757 1419 1779 i.
1433 1753 1537 1788 insanis.
2151 1777 2156 1781 1
2248 1775 2252 1780 ,

1286 1796 1303 1815 Ε
1313 1797 1330 1815 x
1340 1796 1356 1815 c
1365 1795 1384 1814 ο
1394 1795 1413 1814 R
1421 1794 1442 1813 'r
1451 1795 1461 1813 1
1472 1793 1490 1813 c
1501 1793 1520 1813 o
1532 1806 1541 1818 ‚
1572 1788 1626 1811 are.
1669 1782 1833 1809 Excorticat‚
1851 1777 1942 1811 λιπίζιι
1950 1797 1958 1808 ,
1978 1775 2058 1802 Gloss'.
2095 1775 2198 1814 [fg-itur
2217 1779 2293 1799 etiam

1251 1823 1318 1858 apud
1331 1822 1452 1848 Frontin.
1466 1821 1497 1846 de
1511 1819 1628 1854 Aquaed.
1640 1818 1688 1854 sub
1694 1817 1745 1852 fiii.
1784 1814 1830 1842 Sed
1843 1812 1909 1840 reHe
1920 1812 2002 1839 Palen.
2019 1809 2213 1841 excudit-entur,
2224 1817 2251 1835 v.
2264 1817 2291 1834 v.

1285 1862 1609 1886 EXCREMENTvivi‚
1637 1852 1690 1879 uid.
1711 1854 1909 1880 ExCERNO‚
1928 1854 1951 1873 et
1972 1850 2189 1873 EXCRESCO.
2205 1878 2212 1884 .

1284 1897 1301 1916 E
1310 1898 1327 1916 x
1336 1896 1353 1916 c
1362 1896 1381 1915 R
1389 1896 1406 1916 Ε
1416 1896 1440 1914 Μ
1452 1894 1471 1914 0
1481 1909 1489 1921 ,
1508 1893 1561 1915 are.
1599 1888 1783 1921 Quodcunque
1797 1882 1935 1911 immundo
1951 1881 2056 1917 spiritui
2069 1886 2213 1907 excremari
2227 1877 2293 1904 solet

1250 1924 1371 1951 Tertull.
1390 1923 1421 1950 de
1435 1925 1516 1950 Cultu
1530 1925 1601 1950 Fem.
1621 1933 1643 1950 c.
1658 1925 1683 1949 6.
1706 1926 1725 1948 i.
1738 1923 1858 1951 cremari,
1875 1919 1976 1945 adoleri.
2019 1918 2101 1943 Etiam
2120 1913 2153 1941 ad
2173 1914 2293 1940 nationes

1250 1969 1272 1987 c.
1289 1969 1317 1987 io
1337 1959 1440 1986 odores
1457 1959 1625 1991 excreiiiatis,
1644 1960 1678 1985 cil.
1697 1956 1826 1984 crematis.

1288 2002 1305 2022 E
1314 2003 1334 2021 x
1344 2001 1361 2021 C
1372 2002 1390 2021 R
1400 2001 1416 2021 Ε
1426 2001 1459 2026 Ο,
1480 1995 1534 2028 Jiue
1558 2001 1574 2020 E
1583 2002 1622 2021 xs
1631 2001 1647 2020 C
1656 2001 1675 2019 R
1685 1999 1702 2019 E
1711 1999 1747 2025 O,
1773 1996 1825 2017 are.
1862 1988 2069 2029 [ἓκχςιὲμκτομαι
2077 2003 2086 2016 ,
2104 1983 2217 2017 ἔκπτᾶω]
2258 1984 2294 2011 Vt

1112 2031 1186 2066 Cons-
1203 2043 1234 2069 50
1251 2030 1355 2066 quadam
1368 2030 1496 2070 exspuere,
1517 2036 1540 2055 et
1551 2039 1604 2055 cum
1617 2035 1681 2054 motu
1694 2029 1809 2066 Iaryfzgis
1827 2026 1867 2051 vel
1881 2024 1947 2059 tuffr.
1983 2022 2063 2048 Flaui.
2078 2020 2173 2054 Amph.
2186 2019 2293 2059 Suppes.

151 2068 239 2096 Burm.
255 2065 286 2093 ad
308 2066 416 2099 Qiin&
430 2066 502 2093 Decl.
518 2071 576 2101 8,12
589 2076 614 2102 p.
628 2072 681 2097 128.

183 2109 234 2130 etas
246 2102 314 2129 Deos
334 2101 443 2128 Phaedr.
458 2110 486 2134 4,
502 2110 540 2132 io,
554 2110 592 2128 10.

180 2138 239 2172 Qii
251 2137 365 2164 alienum
383 2138 421 2166 D.
433 2136 465 2163 de
484 2136 572 2164 donat.

153 2173 268 2207 hominis
280 2173 406 2200 excolunt
433 2173 497 2199 Plin.
512 2178 535 2206 8,
549 2180 587 2208 47
593 2178 637 2208 pr.
657 2175 676 2199 i.
683 2172 731 2208 suo
743 2173 754 2198 1
783 2181 823 2198 ore
830 2172 980 2207 producunt.

158 2209 234 2249 iti-li.
244 2217 268 2242 1,
278 2216 319 2244 27,
331 2217 344 2240 3
363 2209 500 2235 Autumno
515 2208 661 2235 vindemias
679 2213 706 2234 et
723 2207 798 2234 ssluas
811 2207 898 2234 excoli
933 2209 979 2227 -'—
1015 2213 1076 2234 tunc
1090 2208 1189 2242 praeci·
1206 2212 1234 2240 55

148 2240 298 2273 'diirbores
308 2249 433 2279 oportere
469 2258 514 2264 —
549 2243 651 2271 radices
670 2248 758 2270 autem
777 2247 806 2270 vt
820 2242 988 2270 effodiantur.

159 2279 315 2316 locust-fauere
326 2282 420 2306 nomini
426 2279 578 2312 Excultrix,
594 2289 619 2306 v.
633 2288 660 2306 v.

181 2321 237 2342 -ΕΧ
245 2322 261 2342 c
269 2322 288 2342 v
297 2321 312 2341 L
321 2321 344 2342 'r
353 2322 374 2342 v
383 2322 395 2341 s
404 2334 412 2346 ‚
431 2324 456 2348 a,
475 2324 529 2342 um.
549 2315 643 2342 Partic.
679 2314 692 2348 [
699 2314 894 2350 ἒξειργασμένος]
930 2313 1052 2340 Excultus
1066 2312 1189 2342 doctrina

158 2349 211 2377 cic.
224 2350 302 2377 Tusc.
316 2358 337 2383 i,
348 2360 367 2385 4
380 2359 400 2376 c.
415 2359 438 2377 2.

788 2066 836 2092 Per
850 2074 930 2101 quem
944 2065 1074 2093 verendos
1086 2067 1187 2093 excolit

658 2100 780 2129 Fundum
792 2101 910 2127 alienum
923 2101 1044 2128 excolere
1063 2102 1143 2128 Caius
1157 2102 1186 2127 in

972 2137 1057 2163 Boues
1085 2137 1188 2164 vietum

7 2103 100 2144 Qimiiili

4 2148 10 2166 i
17 2147 96 2175 impium

104 2187 110 2203 t

12 2211 38 2238 Cic.
43 2212 99 2247 pxissul.
104 2219 125 2240 ..i

15 2257 24 2281 s,
33 2255 54 2274 itt.
77 2248 122 2273 liiii·

11 2285 30 2311 ndi
35 2284 60 2310 [im
65 2283 104 2309 nili·

9 2318 105 2354 mpsesuliben'i

11 2361 80 2389 usnempe
84 2354 105 2380 Co
114 2352 123 2361 ‘

824 2145 841 2163 ²
878 2137 936 2172 Obs.
1052 2172 1099 2200 Sed
1111 2174 1189 2200 Varr.

1029 2243 1135 2270 Videtur
1146 2243 1189 2271 hic

540 2350 578 2377 Id.
591 2351 622 2377 de
637 2349 729 2384 Legib.
744 2359 760 2377 2
773 2359 795 2376 c.
810 2359 840 2384 14
877 2350 954 2376 Tum
967 2348 1035 2376 nihil
1048 2349 1143 2376 melius
1157 2350 1190 2376 il-

1253 2075 1283 2099 14
1303 2065 1329 2091 Si
1342 2064 1491 2092 minusculo
1505 2064 1591 2098 digito
1604 2064 1784 2098 increpuerint
1798 2061 1883 2091 fores,
1897 2059 1946 2087 hac
1959 2057 2042 2092 tegula
2056 2062 2131 2082 tuum
2145 2055 2296 2095 diminuam

1252 2106 1345 2135 caput,
1364 2106 1393 2126 vt
1406 2109 1466 2126 cuin
1481 2099 1605 2126 dentibus
1619 2099 1735 2133 linguam
1752 2097 1874 2123 exscrees.
1957 2093 2126 2130 Spumantem
2140 2092 2296 2124 sanguinem

1253 2137 1386 2163 exscreare
1401 2135 1466 2162 Cels.
1485 2144 1511 2167 2,
1525 2143 1551 2170 7.
1586 2134 1654 2161 Add.
1670 2133 1743 2159 idem
1755 2141 1778 2164 3,
1791 2140 1824 2158 22.
1843 2137 1888 2156 etc.
1924 2130 2080 2167 Amator-ium
2090 2127 2225 2162 Jymbolum
2238 2127 2297 2152 olim

1249 2172 1316 2208 fuit.
1353 2170 1435 2198 Ouid.
1449 2171 1528 2205 Epist.
1541 2179 1578 2204 21,
1591 2178 1626 2202 24
1645 2170 1780 2200 Exta-eat,
1801 2172 1826 2192 et
1841 2165 1902 2192 fl&a
1916 2165 1959 2191 dat
1972 2163 2040 2190 mihi
2053 2161 2122 2196 signa
2135 2167 2205 2187 nota.

1291 2212 1538 2238 ExciiEATio,
1557 2205 1584 2241 s.
1600 2208 1873 2233 ExscRizATio,
1892 2200 1959 2227 onis.
1996 2200 2016 2226 f.
2052 2197 2200 2238 [tum-0035]
2236 2195 2298 2235 San-

1255 2242 1343 2277 guinis
1356 2242 1547 2268 exscreationes
1564 2240 1629 2267 Plin.
1644 2248 1688 2272 24,
1702 2247 1739 2272 14.
1809 2236 2002 2264 Exscreationes
2015 2233 2104 2261 faciles
2118 2233 2181 2258 facit
2194 2239 2223 2257 in
2235 2230 2298 2257 cibo

1255 2279 1370 2305 sumtum
1383 2277 1464 2312 finapi
1477 2277 1614 2307 1d.20‚22.
1650 2273 1845 2302 Exscreationes
1857 2272 1969 2307 pectoris
1982 2275 2073 2310 purgat
2086 2268 2221 2308 Idzzo’.²²·
2256 2265 2297 2292 Ad

1254 2318 1373 2340 cruentas
1380 2313 1568 2340 exscreationes
1579 2311 1675 2338 teritur
1687 2311 1715 2336 iii
1722 2308 1822 2342 cyathis
1831 2307 1934 2334 duobus
1941 2312 2010 2333 aceti
2020 2310 2045 2331 et
2052 2304 2138 2330 mellis
2146 2303 2211 2329 Plin.
2219 2310 2298 2333 20‚22.

1290 2356 1307 2375 E
1317 2356 1334 2375 x
1344 2356 1356 2375 s
1365 2354 1382 2375 C
1392 2356 1411 2375 R
1419 2354 1435 2374 E
1444 2355 1467 2375 A
1476 2355 1497 2375 T
1505 2355 1525 2374 ν
1534 2355 1547 2374 s
1557 2367 1565 2380 ‚
1588 2345 1626 2374 sis.
1663 2356 1699 2372 ni.
1734 2345 1808 2371 Cael.
1822 2342 1912 2370 Aiirel.
1920 2341 2006 2369 Tard.
2022 2348 2045 2372 2,
2059 2348 2091 2365 11.

155 2383 190 2412 lis
199 2384 342 2418 mysteriis,
360 2386 456 2420 quibus
475 2395 508 2413 ex
528 2386 622 2421 agresti
642 2386 804 2421 immanique
817 2386 872 2412 vita
885 2385 983 2412 exculti
997 2385 1029 2410 ad
1042 2384 1189 2412 humanita-
1203 2387 1238 2412 60
1291 2392 1310 2411 Ε
1319 2392 1337 2411 Χ
1347 2390 1365 2410 C
1377 2390 1396 2410 R
1405 2390 1476 2410 ΕΑΒ
1485 2382 1495 2409 ῑ
1504 2391 1520 2410 L
1530 2389 1561 2409 is
1570 2403 1578 2415 ,
1593 2392 1615 2409 e.
1643 2382 1703 2409 Adi.
1728 2378 1881 2412 [ἔκπτντός]
1916 2376 1988 2413 de
1999 2377 2111 2403 excreari
2119 2371 2209 2410 potest.
2229 2371 2297 2399 Plin.

18 2389 99 2416 cicizfin.

13 2424 114 2458 xiiluffityffiti

13 2460 104 2494 imaus

69 2495 86 2520 sai
98 2494 123 2531 i

7 2554 10 2560 Α
26 2531 86 2562 Plautia
100 2536 113 2559 v
134 2542 135 2547 ¹

5 2567 69 2596 iussffirnus.

155 2424 225 2453 Μ’,
242 2426 267 2447 et
281 2420 395 2455 mitigati
406 2423 501 2450 sumus.
594 2421 693 2448 Studiis
706 2422 825 2448 excultus
849 2420 932 2447 Ouid.
953 2429 985 2447 ex
1004 2421 1078 2446 Pont.
1091 2430 1120 2454 4,
1134 2426 1157 2452 8,
1171 2430 1190 2447 i.

155 2457 211 2484 Cic.
225 2455 308 2483 Ture.
324 2465 346 2488 ς,
360 2465 389 2490 59
410 2457 460 2483 Hic
479 2458 562 2492 igitur
578 2456 596 2483 fi
618 2456 654 2484 est
671 2457 805 2489 excultus,
823 2462 849 2483 et
869 2456 887 2483 fi
902 2456 958 2482 eius
970 2456 1037 2482 acies
1049 2456 1086 2482 ita
1099 2462 1189 2483 curata

156 2491 241 2524 est,fvt
252 2501 285 2518 ne
298 2498 417 2518 caecetur
429 2492 565 2519 erroribus
574 2511 583 2524 ‚
599 2492 628 2518 fit
643 2492 759 2526 perfecta
771 2500 843 2518 niens
851 2511 860 2524 ‚
877 2491 906 2518 id
924 2491 960 2517 est
972 2490 1091 2517 absoluta
1110 2491 1191 2525 ratio,

534 2526 602 2553 ¹Add.
617 2526 654 2552 Id.
669 2527 720 2552 Att.
737 2536 773 2559 12,
787 2529 822 2560 46
837 2533 902 2553 exer.

105 2391 130 2494 ἰδ-ιθ

155 2526 227 2562 quod
239 2527 275 2554 est
286 2527 358 2553 idem
371 2527 464 2553 virtus.
1005 2527 1062 2552 Cic.
1074 2527 1103 2552 in
1115 2527 1190 2554 Orat.

1256 2428 1297 2453 29,
1311 2428 1341 2452 14
1361 2420 1519 2446 Pulmonuin
1533 2419 1599 2444 vitia
1611 2416 1769 2443 excreabilia
1782 2415 1854 2441 facit.
2128 2447 2133 2451 ¹

1293 2461 1309 2481 E
1319 2462 1337 2482 x
1348 2460 1365 2481 C
1376 2462 1394 2481 R
1403 2462 1420 2482 E
1430 2461 1442 2480 s
1453 2461 1470 2481 c
1482 2461 1500 2481 o
1509 2474 1518 2487 ,
1538 2453 1599 2485 eui,
1616 2457 1702 2483 ctum,
1721 2454 1774 2478 ere.
1809 2448 1964 2483 [ἓξαυξοένω]
2002 2445 2110 2485 Crescere
2122 2453 2149 2470 m
2161 2445 2251 2474 altum,
2272 2447 2297 2468 et

1257 2494 1306 2517 cito
1320 2496 1392 2526 atque
1405 2496 1496 2525 aperte.
1539 2490 1632 2522 Qium
1649 2488 1682 2515 ad
1695 2486 1853 2521 semipedem
1869 2481 2112 2522 exercuerint—Plin.
2127 2488 2164 2511 19,
2178 2484 2192 2508 8
2211 2478 2249 2513 fi·
2262 2478 2299 2504 la-

1257 2525 1350 2552 erucae.
1420 2525 1553 2552 Columel.
1573 2533 1595 2557 ς,
1632 2544 1638 2550 .
1676 2543 1683 2550 .
1718 2523 1745 2549 Si
1760 2522 1820 2548 satis
1833 2524 2012 2549 exercuerint,
2033 2524 2095 2549 iugo
2109 2515 2298 2547 supponantur.

103 2577 108 2602 ι,
121 2573 123 2579 ·
154 2568 189 2596 48
203 2571 225 2596 c,
240 2570 264 2594 15
289 2561 367 2588 Nihil
385 2561 458 2587 enim
470 2561 507 2588 est
519 2561 634 2588 feracius
654 2562 785 2595 Ingmiis,
806 2561 839 2588 iis
854 2562 1016 2596 praesertim,
1028 2571 1095 2596 quae
1116 2562 1192 2589 disci·
1208 2569 1240 2600 65
1257 2561 1322 2588 Plin.
1337 2568 1378 2595 37,
1392 2569 1408 2587 2
1428 2561 1608 2595 Excrescitque
1622 2560 1651 2586 in
1665 2559 1719 2585 dies
1732 2558 1788 2584 eius
1802 2557 1842 2583 rei
1855 2556 1941 2581 luxus.
2012 2552 2109 2577 Lucan.
2124 2559 2158 2582 4,
2173 2557 2195 2574 ii
2221 2547 2298 2573 Colle

174 2597 235 2624 linis
248 2596 347 2622 exculta
359 2596 426 2621 sunt.

177 2631 297 2661 ominum
308 2630 369 2657 Vita
385 2630 439 2657 Cic.
447 2630 498 2658 Off.
512 2640 533 2662 2.
546 2639 568 2665 5.

195 2672 292 2693 13va
302 2672 414 2706 L'ijvs,
430 2664 469 2693 i‘is.
507 2676 542 2693 m.
579 2667 679 2699 Festus,
696 2668 824 2695 Conitum
840 2668 966 2696 Afranius
983 2678 1033 2704 pro
1052 2674 1147 2696 ornatu
1165 2674 1192 2696 et

155 2701 261 2729 excultu
277 2701 370 2736 posuit.

192 2743 210 2764 E
218 2743 262 2764 xc
271 2743 292 2762 v
300 2743 317 2763 L
325 2743 346 2763 'r
357 2742 376 2763 Ο
385 2743 405 2762 R
413 2757 422 2769 ,
439 2736 503 2763 oris.
523 2746 559 2763 m.
594 2737 715 2764 Tei-tull.
726 2737 758 2764 de
769 2739 879 2772 Monog.
900 2746 922 2764 c.
937 2740 974 2764 16.

191 2779 209 2800 E
218 2779 262 2799 XC
271 2779 292 2798 v
303 2778 319 2798 1.
331 2778 380 2798 ΤΚ
389 2779 398 2797 1
407 2780 426 2798 x
447 2772 582 2798 Vitiorum
596 2771 764 2805 philosophia
784 2775 831 2808 leg.
844 2776 871 2798 in
884 2773 941 2799 MS.
975 2772 1032 2798 Cic.
1045 2772 1127 2798 Tusc.
1142 2779 1165 2804 5,
1178 2779 1192 2804 5

109 2826 110 2829 ,
156 2816 179 2835 e.
192 2816 209 2835 2
221 2807 264 2834 vbi
276 2808 350 2843 vulgo
362 2806 492 2842 expultrix
508 2817 514 2832 :
549 2805 600 2834 vid.
614 2806 638 2834 h.
651 2807 670 2833 Ι.
685 2808 784 2834 Gruter.
820 2807 867 2836 Sed
879 2807 1018 2841 Expultrix
1033 2806 1099 2834 νεὲἵε
1112 2813 1195 2834 tuetur

323 2843 380 2869 Vid.
394 2848 514 2870 excom
531 2850 557 2867 n.
571 2849 597 2868 2.

150 2883 436 2940 -..1=.xt1:01.invs,
470 2886 501 2910 a,
529 2886 585 2904 um.
622 2876 684 2904 Adi.
719 2878 789 2912 Ager
827 2877 907 2905 Auci.
938 2877 972 2905 de
1002 2876 1095 2904 Limit.
1131 2878 1194 2913 Agr.

150 2916 177 2942 i.
193 2915 251 2940 ineu
261 2919 311 2940 tus.

161 2962 168 2974 ι
194 2955 212 2976 Ε
220 2956 263 2976 xc
271 2955 290 2975 o
299 2954 349 2975 ΜΕ
358 2954 420 2980 DO,
439 2949 493 2975 ere.
528 2947 688 2975 Excomedet
700 2947 866 2982 putredinem
885 2947 964 2983 Apul.
978 2947 1011 2973 de
1023 2946 1106 2974 Herb.
1119 2956 1142 2974 c.
1151 2952 1173 2977 8.

531 2983 665 3010 Ammian.
701 2992 731 3018 14
741 3003 750 3016 ,
783 2990 801 3018 7
835 2985 879 3020 qui
900 2984 960 3021 fuit
989 2992 1075 3010 comes.

531 2597 600 2630 Opes
616 2597 733 2631 Propert.
745 2606 772 2631 4,
787 2605 808 2630 1,
821 2605 871 2629 130.
968 2597 1077 2624 Artibus
1089 2598 1192 2625 exculta

156 2841 281 2877 Dauifinr.

193 2991 212 3011 E
228 2992 248 3012 X
265 2991 283 3011 C
300 2990 320 3011 O
336 2990 362 3010 M
379 2990 390 3009 1
407 2989 430 3009 T
452 2990 479 3010 E.

161 3025 335 3048 ExcoNsvi..

197 3060 242 3082 Ex
249 3061 266 3082 c
273 3061 294 3090 Q
301 3060 325 3080 Μ
333 3061 358 3081 Μ
365 3060 388 3080 v
395 3059 419 3079 Ν
427 3061 438 3081 ι
447 3059 465 3081 c
476 3059 495 3080 ο
504 3073 514 3087 ,
545 3057 599 3081 are.
636 3054 766 3087 synodus,
783 3062 799 3081 a
816 3062 868 3089 qua
883 3054 1124 3082 excommunicatus
1157 3054 1195 3081 est

20 3096 131 3132 mittimini*
162 3088 343 3126 Hieron-adu.
358 3089 445 3116 Rufin.
463 3097 489 3122 2,
503 3097 525 3123 5.
562 3090 631 3116 Hinc

197 3126 587 3162 SXCOM-MVNICAT10‚
605 3126 675 3152 onis.
691 3124 713 3152 f.
746 3125 845 3161 vulgati
859 3125 925 3162 vfias.

199 3163 270 3186 Bxc
281 3166 357 3186 OND
367 3168 404 3193 o,
421 3162 474 3188 ere.
511 3161 611 3188 Verum
622 3170 697 3191 eum,
716 3165 744 3187 et
761 3161 896 3189 visibilem
913 3161 1039 3189 excondis
1055 3161 1194 3196 praeliato-

115 3199 122 3226 Α
166 3197 224 3220 rem
236 3194 350 3222 Tei-tun.
364 3196 424 3223 adii.
435 3197 516 3224 Marc.
532 3204 556 3229 5,
566 3201 601 3227 18.
627 3199 646 3223 i.
666 3196 776 3232 detegis,
793 3206 856 3233 agno
868 3201 914 3231 cis.

204 3234 221 3255 E
230 3236 248 3256 Χ
256 3235 300 3270 ορ
309 3237 331 3256 N
339 3237 378 3257 SV
386 3239 414 3264 L,
431 3232 491 3258 tilis.
504 3241 541 3259 m.
574 3233 626 3267 Qui
637 3232 767 3267 Consulatu
773 3232 826 3268 fun
855 3242 885 3259 us
897 3230 939 3266 esi.
975 3231 1195 3259 1ustinian.inl.2

112 3273 124 3298 fl·
167 3262 194 3304 ς..
206 3264 263 3290 Nos
271 3271 362 3305 „itaque
378 3267 409 3293 C.
428 3266 460 3293 de
477 3267 570 3294 Veteri
587 3268 644 3294 iure
661 3268 839 3300 enucleando,
858 3269 943 3295 Omne
963 3268 1078 3294 studium
1092 3266 1196 3294 Tribo—
1205 3276 1234 3304 35

166 3307 248 3340 niano
259 3308 320 3327 vtro
331 3301 439 3335 excelso,
446 3303 568 3337 magistro
580 3301 732 3330 officiorum
740 3325 749 3337 ‚
767 3304 937 3339 Exquaestori
951 3304 1017 3331 sacri
1030 3303 1113 3330 nostri
1126 3303 1195 3337 pala-

166 3340 203 3362 tii
216 3340 242 3361 et
255 3335 392 3362 Exconsuli
405 3336 577 3370 credidimus,
594 3346 640 3366 etc.
673 3346 698 3365 et
704 3339 776 3374 fiiepe
788 3342 815 3365 in
829 3339 907 3366 eadem
918 3341 978 3376 Iege.

167 3369 201 3397 lis
215 3377 303 3431 §itatem
324 3375 416 3414 nomine
435 3381 507 3409 neque
524 3384 568 3400 con
581 3375 672 3401 ulatum
691 3375 848 3401 honorarium
865 3381 908 3401 aut
926 3374 1104 3406 codicillarem,
1123 3383 1196 3409 neque

167 3414 213 3432 con
232 3415 239 3430 ι
254 3414 330 3432 ionem
341 3415 390 3432 uiri
402 3416 415 3432 c

107 3451 119 3477 ii
163 3439 307 3477 rrimifast

1134 2982 1194 3011 Vid-

9 3072 40 3097 lan.
52 3075 57 3093 ι
74 3058 118 3100 ΜΨ

11 3124 129 3175 'iiigtnltssffli

1066 3339 1197 3365 Exconsu-

415 3416 445 3434 on
457 3410 546 3441 alaris,
557 3373 604 3446 [sed
617 3413 797 3437 eminentiorem
808 3412 915 3447 aliquam
927 3411 1074 3446 dignitatem
1088 3409 1198 3436 indicari
1963 3435 1968 3440 .

303 3479 306 3482 Ι
464 3480 468 3484 1
586 3445 612 3482 s
729 3444 755 3479 fl
866 3449 920 3472 viri
932 3444 999 3472 doaz·
1007 3464 1015 3477 ,
1036 3446 1198 3472 Schwarzius
1211 3460 1247 3483 90
1263 3454 1295 3471 ne
1309 3445 1340 3471 fis
1354 3445 1382 3471 in
1395 3443 1587 3478 exspectatione
1603 3453 1608 3468 :
1634 3451 1667 3467 ne
1681 3440 1764 3467 animi
1776 3439 1847 3466 illam
1867 3444 2006 3463 excrucies.

167 3476 248 3505 Schol.
258 3476 347 3511 philol.
361 3476 398 3502 ad
407 3476 488 3519 Insht.
497 3486 524 3514 p.
537 3490 576 3514 4⁰·
610 3487 634 3507 et
640 3482 733 3507 Ritter.
746 3481 779 3507 ad
791 3482 833 3508 lib.
845 3482 961 3508 nouellar.
973 3481 1065 3507 Theod.
1073 3491 1093 3511 r,
1100 3487 1197 3516 1P-712·

140 3519 141 3522 ¹
168 3512 257 3552 'Itaque
275 3521 322 3537 non
339 3510 485 3552 simpliciter
502 3514 666 3542 admittendus
679 3516 769 3543 Isidor.
783 3526 809 3550 9,
822 3524 834 3549 3
855 3517 1010 3543 Exeonsnles
1023 3516 1104 3549 dicii,
1123 3515 1195 3551 quod

168 3546 385 3574 iamaconsulatu
392 3553 511 3580 exierint,
520 3549 572 3576 siue
578 3550 744 3584 discesserint,
757 3552 833 3586 pacto
847 3553 915 3588 (leg.
924 3551 1042 3586 peracto)
1054 3553 1122 3578 vicis
1136 3552 1197 3578 suae

151 3590 247 3614 ranno.
284 3583 387 3617 Legitur
400 3585 471 3608 eciam
484 3583 548 3617 qucfi
561 3589 655 3613 nomine
669 3588 839 3614 indeclinabili

309 3443 357 3477 igii'
368 3444 428 3468 mini
464 3445 575 3471 iso-ibai
606 3447 703 3476 alitam,
722 3455 735 3472 o
759 3446 849 3472 endunt

1258 2602 1342 2625 tumet
1359 2596 1466 2623 modico
1479 2596 1587 2630 lenique
1604 2594 1721 2621 excreuit
1734 2594 1764 2619 In
1777 2592 1858 2618 altuni
1893 2589 1992 2621 Pingue
2004 2586 2088 2625 solum
2100 2583 2212 2623 tumulo.
2229 2618 2234 2623 Π
2267 2583 2300 2608 In

1257 2638 1335 2666 caput
1358 2633 1505 2659 excrescere
1537 2629 1668 2664 Qiinciii.
1691 2637 1709 2661 4
1720 2647 1730 2660 ,
1761 2635 1780 2652 1.
1875 2623 2027 2650 Excrescere
2051 2629 2080 2646 in
2104 2617 2299 2653 longitudinem

1257 2668 1324 2695 Plin.
1345 2669 1382 2697 16,
1417 2676 1442 2692 0.

1293 2709 1337 2728 Ex
1347 2675 1436 2727 cxgs
1446 2705 1464 2727 c
1476 2706 1493 2725 Ε
1503 2707 1546 2726 Ns
1574 2707 1634 2725 caro
1655 2696 1774 2724 Scribon.
1793 2702 1838 2730 37,
1857 2700 1917 2729 227.
1986 2691 2052 2718 Non
2073 2689 2220 2716 excrescens
2243 2692 2301 2718 228.

1206 2753 1242 2780 70
1257 2736 1332 2771 Conf.
1345 2735 1409 2761 Plin.
1425 2743 1462 2767 32,
1476 2742 1502 2769 7.
1539 2741 1562 2760 et
1580 2742 1622 2766 34,
1636 2739 1660 2763 i8
1680 2733 1697 2759 s.
1713 2740 1752 2765 50.
2230 2759 2236 2764 ⁶
2272 2759 2277 2764 .

1295 2778 1312 2797 E
1321 2778 1339 2797 Χ
1349 2776 1366 2797 c
1380 2776 1399 2797 R
1412 2771 1456 2797 ivr
1465 2777 1485 2796 v
1494 2777 1507 2796 s
1517 2789 1525 2802 ‚
1544 2778 1573 2802 a,
1596 2778 1650 2795 iim.
1686 2767 1779 2794 Partic.
1815 2762 1966 2798 [αὗξηὲεῐς]
2003 2761 2060 2801 Huc
2078 2759 2190 2796 refertur
2202 2758 2301 2793 Virgil-

1259 2807 1358 2840 Georg.
1372 2815 1394 2838 3,
1408 2814 1457 2840 397
1481 2805 1562 2832 Multi
1577 2805 1629 2831 iam
1645 2811 1761 2829 excretos
1774 2799 1918 2835 prohibent
1939 2806 1953 2824 a
1971 2795 2099 2823 matribus
2119 2795 2216 2822 haedos
2252 2795 2301 2820 Ex-

1260 2847 1345 2873 cretos
1354 2861 1362 2873 ‚
1385 2844 1403 2866 i.
1417 2840 1567 2871 validiores,
1587 2839 1701 2866 Seruius.
1738 2836 1784 2864 Sed
1795 2834 1888 2862 restius
1897 2836 2002 2869 ponitur
2007 2832 2056 2868 sub
2065 2836 2230 2871 ἘΧΕΕΚΝΟ,
2239 2839 2300 2870 'iz-v.

1297 2884 1314 2904 E
1322 2885 1341 2904 Χ
1351 2883 1367 2902 C
1376 2883 1395 2902 R
1403 2883 1419 2903 E
1427 2883 1439 2903 s
1449 2882 1467 2903 C
1476 2883 1493 2903 E
1501 2882 1524 2902 N
1533 2882 1554 2901 T
1564 2882 1574 2901 1
1584 2883 1606 2901 A
1615 2894 1623 2906 ‚
1643 2882 1681 2900 ae.
1707 2872 1728 2899 f.
1762 2872 1900 2898 Visceruni
1914 2869 2089 2896 excrescentia
2105 2866 2221 2893 laudatur
2235 2864 2304 2892 le.

1209 2924 1241 2954 75
1260 2921 1292 2946 34
1299 2932 1318 2974 ,s
1330 2917 1355 2942 18
1383 2912 1401 2938 s.
1421 2919 1461 2944 50.
1516 2910 1565 2939 Sed
1586 2908 1620 2944 est
1640 2909 1677 2936 ibi
1695 2909 1861 2944 Participium
1884 2907 1996 2932 neutrius
2015 2905 2128 2940 generis,
2148 2907 2240 2928 contra
2259 2909 2304 2928 ex-

1259 2957 1301 2975 cre
1315 2947 1408 2974 centia.
1914 2972 1917 2974 Α

1294 2985 1507 3010 EXCREMEN
1519 2988 1572 3009 TA
1601 2980 1631 3008 ab
1652 2977 1808 3015 excrescendo
1826 2976 1894 3003 dixit
1911 2974 2002 3015 Sidon:
2023 2982 2058 3006 2,
2080 2982 2091 3000 ι
2121 2973 2218 2999 Aream
2232 2970 2301 2999 dorii

1258 3018 1388 3046 humilior
1400 3019 1470 3045 inter
1480 3022 1644 3047 excrementa
1656 3015 1786 3041 costarum
1799 3012 1872 3048 spina
1884 3011 2054 3038 discriminat.

1296 3060 1484 3085 EXCRIBO,
1519 3052 1572 3080 vid.
1598 3056 1803 3079 EXSCRIBO.

1213 3096 1245 3122 80
1296 3097 1313 3117 E
1323 3098 1341 3117 X
1350 3095 1366 3115 C
1376 3097 1395 3116 R
1405 3096 1425 3115 v
1436 3093 1454 3115 C
1466 3095 1504 3115 10
1514 3108 1522 3120 ,
1541 3093 1592 3114 are.
1630 3085 1766 3120 [ἓξοινωίω]
1808 3082 1885 3110 Valde
1897 3084 2017 3109 cruciare.
2053 3077 2121 3106 Ter.
2130 3076 2194 3103 Eun.
2208 3083 2231 3109 ς,
2244 3085 2267 3109 3,
2278 3084 2301 3102 it

1261 3126 1343 3160 Spero
1355 3133 1397 3150 nie
1410 3123 1522 3155 habere,
1539 3123 1586 3158 qui
1598 3122 1668 3149 hunc
1682 3130 1742 3148 meo
1756 3120 1904 3146 excruciem
1917 3116 2007 3143 modo.
2083 3112 2157 3152 Idem
2170 3112 2265 3151 Heaut.
2279 3119 2302 3143 ι,

1261 3170 1285 3193 2,
1298 3169 1316 3194 4
1337 3159 1417 3186 Proin
1430 3165 1458 3186 tu
1471 3159 1667 3186 solicitudinem
1687 3156 1761 3183 istam
1774 3155 1879 3186 falsam,
1900 3161 1966 3187 quae
1981 3157 2005 3177 te
2018 3152 2165 3187 excruciat,
2184 3153 2301 3186 omittas.

1261 3197 1317 3223 Cic.
1332 3197 1408 3222 Verr.
1426 3204 1445 3227 i,
1459 3202 1491 3228 45
1510 3204 1531 3221 c.
1547 3204 1554 3221 i
1594 3194 1700 3221 Socium
1715 3198 1793 3226 atque
1807 3191 1921 3217 amicum
1941 3188 2016 3213 fumo
2034 3188 2208 3224 exenteratum
2218 3182 2300 3222 *semi-

1262 3232 1358 3258 viuum
1370 3230 1490 3265 reliquit.
1558 3202 1599 3257 id.
1614 3238 1663 3264 pro
1675 3229 1704 3254 L.
1713 3227 1805 3254 Manil.
1823 3234 1844 3252 ii
1879 3222 1961 3263 Omni
1975 3221 2102 3256 supplicio
2121 3223 2300 3258 excruciatum

1260 3267 1372 3294 necauit.
1420 3265 1488 3292 Add.
1503 3266 1609 3292 Sueton.
1622 3264 1694 3291 Caes.
1713 3273 1734 3289 c.
1750 3265 1786 3290 16.
1841 3260 1932 3299 Tacit.
1948 3267 1972 3288 2,
1989 3266 2024 3290 31,
2038 3265 2062 3282 2.
2143 3253 2210 3293 .C¹5'
2226 3253 2298 3279 Fam.

1263 3312 1303 3336 14,
1318 3311 1330 3335 3
1350 3300 1487 3329 Conficior
1498 3302 1570 3328 enini
1581 3308 1704 3327 moerore
1719 3307 1776 3325 mea
1789 3297 1919 3324 Terentia
1933 3304 1939 3320 :
1963 3301 2011 3319 nec
2025 3298 2097 3333 meae
2113 3289 2234 3315 miseriae
2244 3296 2299 3328 ina-

1261 3339 1301 3374 gis
1321 3338 1488 3369 excruciant,
1511 3346 1590 3372 quam
1612 3342 1671 3363 tuac
1695 3334 1854 3367 vestraeque.
1949 3330 2032 3369 Omni
2050 3323 2131 3366 modo
2148 3331 2299 3363 excruciare

1261 3374 1377 3408 aliquem
1395 3373 1480 3400 Catul.
1495 3375 1538 3405 96,
1551 3375 1586 3399 iz.
1657 3369 1792 3396 Excruciat
1805 3367 1922 3394 animum
1936 3363 2022 3390 libido
2040 3363 2096 3402 Cic.
2110 3359 2142 3385 de
2155 3360 2212 3385 Fm.
2226 3366 2298 3398 ¹250·

1262 3410 1354 3443 Frigus
1368 3407 1533 3435 excruciabat
1545 3407 1630 3434 nudos
1642 3407 1745 3439 Luc-ret.
1760 3412 1782 3437 ς,
1797 3410 1865 3437 1425.
1934 3400 2014 3426 Plaut.
2025 3397 2081 3424 Mil.
2089 3403 2154 3455 afdae„
2162 3397 2205 3455 76E
2218 3393 2299 3461 Χίῐᾶἀξ,

2147 3439 2172 3454 ¹¹¹
2207 3439 2222 3463 Ρ
2255 3450 2260 3455 ·
2289 3448 2300 3461 ‚

1263 3490 1285 3513 3,
1301 3486 1314 3510 8
1334 3480 1383 3506 Vel
1396 3479 1466 3514 qiiafi
1479 3485 1600 3514 egomet,
1617 3478 1663 3511 qui
1678 3476 1727 3502 tilii
1741 3475 1815 3502 causa
1831 3480 1968 3506 coeperam
1987 3476 2029 3495 ine
2042 3473 2192 3506 excruciare
2205 3472 2297 3490 animi.

1263 3517 1331 3543 Ter.
1345 3515 1450 3542 Phorm.
1463 3524 1483 3548 1,
1497 3524 1524 3548 4,
1539 3524 1568 3541 ιο
1590 3511 1675 3539 Eheu!
1697 3520 1740 3537 nie
1758 3511 1883 3537 miserum
1898 3517 1903 3532 ι
1933 3513 2014 3540 quum
2026 3501 2103 3542 'mihi
2121 3509 2221 3534 pauco,
2238 3504 2301 3527 tum

1263 3561 1306 3577 nie
1331 3551 1448 3586 Antipho
1472 3550 1604 3577 excruciat
1629 3548 1721 3574 animi.
1816 3542 1985 3570 Excruciatur
2005 3546 2091 3564 vicem
2110 3544 2197 3561 meam
2216 3535 2300 3562 Plaut.

1263 3587 1342 3614 Most.
1355 3595 1377 3619 3,
1393 3595 1414 3619 i,
1427 3592 1448 3616 8.
1473 3589 1491 3612 i.
1504 3586 1568 3613 dolet
1583 3584 1752 3621 infortunium
1767 3589 1850 3607 meum.
1943 3570 2107 3602 Excruciatus
2120 3570 2228 3606 inopia,
2246 3570 2300 3598 uid.

207 3623 460 3649 EXCONSVLE,
478 3625 501 3642 et
522 3624 831 3657 EXQVAESTORE:
866 3622 1022 3650 Iustinianus
1040 3622 1068 3648 in
1089 3621 1198 3648 secunda
1212 3629 1244 3656 93
1265 3628 1508 3649 OPVLENTIA.

111 3668 114 3672 '
131 3678 135 3683 ·
174 3651 279 3693 ‘Rist‘fla
292 3652 425 3679 pandefffl
439 3651 565 3693 praefixa?
581 3656 629 3682 Pei·
639 3658 840 3685 Tribonianiim
853 3659 942 3685 virum
954 3658 1131 3692 magnificum,
1145 3666 1198 3683 ina-

110 3701 128 3725 η
172 3687 278 3723 gistrum
284 3694 309 3715 et
315 3688 489 3729 Exquaestore
498 3689 561 3715 sacri
568 3690 665 3725 palatii,
671 3700 696 3719 et
703 3694 855 3721 Exconsule.
891 3694 957 3721 Idem
965 3697 991 3720 in
999 3693 1106 3728 epistola
1112 3693 1199 3725 tertia,

111 3737 126 3761 24
144 3738 145 3742 ¹
173 3723 247 3756 Qlae
253 3732 342 3750 Omma
351 3733 396 3758 per
404 3732 492 3750 Virum
500 3722 636 3765 excelsum,
648 3734 694 3754 nec
701 3738 754 3756 nor.
762 3729 984 3764 prudentissimum
992 3729 1142 3764 magistrum
1151 3729 1199 3754 Ex-

105 3768 114 3790 ?
136 3771 141 3781 ⁴
172 3759 306 3792 quaestore
319 3765 344 3786 et
357 3759 497 3785 EXCOnsule
509 3758 706 3789 Tribonlanum
719 3765 834 3799 pei-sedin
856 3766 924 3791 sunt.
961 3764 1086 3800 Loquendi
1098 3764 1198 3799 forma,

1302 3664 1319 3684 E
1327 3665 1346 3684 x
1354 3663 1371 3683 c
1381 3665 1399 3684 R
1409 3663 1429 3683 v
1437 3664 1454 3684 e
1463 3665 1472 3683 1
1480 3664 1502 3684 Α
1510 3662 1526 3684 Β
1536 3654 1549 3683 ἴ
1558 3662 1573 3681 L
1581 3663 1591 3682 1
1601 3663 1613 3682 s
1621 3675 1629 3687 ‚
1646 3663 1670 3680 e.
1700 3652 1760 3680 Adi.
1797 3648 1809 3682 [
1816 3645 1927 3679 dumis]
1963 3645 2072 3684 Dignus,
2086 3645 2128 3679 qui
2138 3644 2301 3682 excrucietur.

1264 3693 1346 3719 Plaut.
1359 3692 1422 3719 Cist.
1435 3702 1463 3726 4,
1479 3700 1498 3725 i,
1513 3701 1523 3718 1
1543 3691 1651 3718 Nullam
1665 3698 1714 3723 ego
1728 3696 1769 3713 me
1784 3684 1875 3711 vidisse
1889 3680 1967 3722 credo
1981 3688 2063 3714 magis
2076 3686 2155 3705 anum
2170 3685 2303 3704 excrucia-

1264 3727 1360 3758 bilem,
1381 3736 1459 3762 quam
1472 3728 1547 3754 illaec
1559 3726 1609 3758 est,
1627 3732 1673 3752 etc.
1713 3721 1762 3750 Sed
1780 3722 1853 3746 aliter
1870 3718 1986 3744 Exitium
2004 3713 2126 3742 Prudent.
2139 3714 2238 3746 Hymn.
2251 3713 2303 3739 Eu-

1264 3763 1341 3789 laliae
1364 3772 1390 3789 v.
1410 3771 1461 3795 114.

173 3797 253 3829 :nquit
265 3795 416 3827 Haloander,
430 3797 452 3820 ei
476 3795 555 3821 aeculo
562 3793 719 3832 familiaris,
734 3808 781 3834 pro
795 3799 937 3835 Questorio
951 3807 974 3825 et
987 3800 1116 3834 Covifiilari
1132 3802 1198 3831 υῖνο,
1208 3804 1254 3822 ιοο
1301 3805 1318 3824 E
1326 3806 1344 3824 x
1354 3803 1398 3824 CR
1408 3805 1428 3824 v
1438 3804 1455 3824 c
1466 3805 1476 3824 1
1485 3806 1506 3826 A
1517 3804 1539 3824 T
1550 3804 1570 3823 v
1580 3804 1593 3823 s
1603 3816 1611 3828 ‚
1630 3793 1669 3820 fis.
1703 3800 1738 3817 m.
1775 3787 1897 3816 Prudent.
1914 3787 1973 3814 Patr.
1987 3785 2113 3821 Agnetis,
2132 3793 2158 3812 v.
2172 3792 2209 3817 19.

206 3838 219 3859 o
238 3830 305 3856 modo
326 3837 421 3857 veteres
441 3831 528 3856 Latini
549 3830 702 3857 Proconsule

109 3817 124 3833 0,-

98 3846 125 3877 vi(
153 3845 154 3849 ¹
176 3835 207 3889 zl-

709 3852 718 3865 ,
736 3842 758 3861 et
778 3836 912 3862 Sallustius
934 3834 1085 3865 Promilite.
1104 3842 1127 3860 et
1141 3833 1199 3862 Cic.

215 3900 219 3905 .
240 3865 354 3892 uaestore
367 3875 415 3892 vno
427 3865 499 3892 verbo
508 3872 555 3900 per
567 3874 647 3891 omnes
658 3867 728 3901 casus
739 3875 761 3894 et
772 3880 882 3897 numeros
894 3871 1018 3897 dixerunt.

177 3895 262 3926 Gauii.
274 3901 302 3926 de
317 3903 380 3928 Hem.
393 3901 488 3944 pisi-ip.
510 3910 535 3927 10
548 3910 578 3943 ⁴c.
595 3901 688 3943 penult.
722 3909 744 3928 et
763 3906 886 3932 Alciatum
905 3904 1122 3942 Dispumslionum'
1132 3916 1158 3940 4,

176 3931 293 3962 Caeterum
302 3936 336 3963 ad
346 3937 487 3979 hodiernam
499 3942 618 3978 rationem
631 3937 716 3962 melius
729 3938 826 3965 videtur
839 3941 1020 3979 diuifimscri'bi
1027 3942 1063 3969 Ex
1072 3941 1198 3968 Consule.

450 3971 596 4012 Videmm
615 3977 829 4001 rnocousvrx.

1060 3870 1117 3897 Vid.
1131 3872 1200 3897 Petr-

180 3967 235 3995 Vid.
247 3975 284 3998 Ex
307 3981 333 3999 ii.
349 3974 376 3999 6.

1300 3840 1317 3859 Ε
1326 3841 1343 3860 Χ
1353 3840 1370 3860 C
1381 3839 1401 3858 V
1412 3839 1427 3860 B
1439 3839 1449 3858 1
1462 3840 1479 3860 c
1492 3841 1512 3860 v
1522 3840 1537 3859 L
1546 3839 1567 3859 A
1579 3839 1598 3858 R
1607 3838 1616 3856 i
1628 3838 1653 3860 1,
1673 3835 1760 3853 orum.
1793 3833 1829 3851 m.
1866 3825 1917 3859 Qu·
1935 3823 2081 3849 cubicularii
2099 3829 2195 3860 munere
2209 3813 2303 3857 func'it

1259 3868 1329 3906 sunt.
1372 3870 1453 3902 Impp.
1470 3869 1487 3895 l.
1504 3877 1528 3900 13
1553 3867 1585 3893 de
1599 3863 1683 3891 excus.
1698 3861 1786 3888 libert.
1801 3869 1830 3887 10
1855 3860 1884 3886 C.
1898 3859 2075 3885 Maximarum
2087 3856 2202 3896 culmina
2216 3853 2301 3891 digni-

1265 3909 1364 3935 tatum,
1386 3903 1575 3931 Confistoriani
1589 3909 1643 3935 quo
1664 3907 1696 3924 uc
1713 3897 1836 3926 comites,
1857 3895 1955 3921 notarii
1973 3895 2052 3919 etiam
2072 3891 2171 3932 nostri,
2191 3895 2216 3914 et
2230 3886 2302 3926 cubi-

1265 3939 1358 3965 ciilarii
1372 3947 1477 3973 omncs,
1496 3945 1573 3973 atque
1592 3944 1656 3962 excu
1677 3932 1797 3964 icularii,
1817 3930 1851 3958 ab
1870 3930 1997 3957 omnibus
2016 3927 2130 3954 sordidis
2149 3921 2303 3951 muneribus

1212 3983 1255 4010 ¹05
1264 3974 1440 4002 vindicentur.

1570 4004 1599 4034 N
1619 4013 1637 4033 n
1654 4012 1672 4032 n
1708 4012 1721 4030 a
2247 3995 2300 4018 ΕΚ·

2762 12 2777 30 έὲ

2829 0 2836 11 ι

2680 746 2697 814 ‚.,.-...‘'
2679 630 2696 756 Lis-sm?
2687 578 2695 627 fr,-
2690 471 2691 474 „
2687 441 2692 449 ι

2718 1096 2720 1102 ⁷
2717 1072 2720 1079 .
2714 973 2720 1065 ,q-oe
2711 786 2719 967 *an—m.
