2479 4225
33 204 99 248 ¹89
414 192 452 233 D
541 192 559 231 I
642 193 673 232 R
864 200 867 203 ’
1545 188 1582 228 D
1671 186 1688 228 Ι
1774 189 1805 229 R
2099 204 2167 241 190

34 286 67 313 D.
81 285 112 311 de
124 283 254 310 extraord.
267 281 372 309 crimin.
415 280 488 316 Cons.
503 280 570 307 modo
582 280 651 308 dista
664 283 691 307 in
707 284 828 307 niRIGo
844 287 870 304 n.
885 286 909 304 2.
930 279 960 303 ie.
976 283 1067 304 DIAE-
1130 284 1174 305 tur
1190 277 1250 304 Stat.
1263 277 1355 304 Theb.
1373 287 1401 310 4,
1414 280 1466 308 816.
1539 278 1622 312 Dapes
1635 277 1751 312 diripere
1777 278 1851 312 Virg.
1867 280 1930 305 Aen.
1944 287 1966 312 3,
1982 286 2041 314 227.
2113 280 2167 305 Do.

39 327 135 347 'rimu
155 319 235 345 sures.
271 317 344 353 Conf.
357 318 439 343 Cuiac.
454 315 518 349 Ol3s71
533 319 570 349 16,
584 325 618 351 27
631 323 654 344 et
667 323 706 347 34.
1131 323 1203 340 mum
1217 313 1332 348 diripere
1362 314 1416 339 Cic.
1431 313 1485 348 post
1501 313 1556 340 red.
1576 314 1602 339 in
1617 312 1701 339 Senat.
1726 320 1754 346 17
1767 322 1788 338 c.
1804 320 1828 346 7.
1906 316 1996 341 Ensem
2020 315 2113 348 vagina
2128 315 2166 341 di-

71 361 89 381 D
100 361 215 381 iREcT
225 360 314 385 vRA,
326 361 364 379 ac.
383 352 403 378 f.
440 353 508 379 Vitr.
522 360 569 387 7‚3
590 354 626 379 Ex
639 354 746 378 arc-nato
754 347 938 380 direc‘hira‚vt
945 348 1066 375 Direffio
1131 350 1217 383 ripere
1233 358 1264 375 cx
1286 348 1366 375 Ouid.
1381 350 1442 375 Met.
1458 358 1489 381 13,
1502 351 1556 382 386.
1578 347 1694 382 affertur.
1731 347 1778 375 Sed
1792 348 1885 381 arripit
1898 352 1933 375 ibi
1945 352 2091 384 Bur-ruffine
2103 361 2167 376 men-

35 399 60 419 n.
75 399 99 418 2.
135 389 222 416 AuEtt.
235 389 276 415 rei
290 392 380 422 Agrar.
394 397 418 422 p.
433 395 495 421 244.
888 413 899 418 -
1131 391 1196 410 tione
1209 386 1312 411 alterins
1331 382 1454 410 lebbona.
1526 384 1606 411 Ouid.
1622 383 1687 410 Fast.
1700 391 1723 416 5,
1738 391 1779 415 3¹0
1807 383 1950 417 Hippolyte
1970 385 2063 412 inst-[jx
2087 386 2167 413 vesse,

71 433 89 452 D
100 431 111 451 1
121 431 139 451 R
149 429 302 451 EC'1·1AN
312 431 331 450 G
341 431 361 449 V
372 430 388 449 L
398 431 417 449 v
427 430 439 450 s
450 443 456 453 ,
476 432 499 455 a,
520 431 572 448 um.
603 419 662 446 Adi.
699 419 778 445 Mart.
794 418 899 452 Capella
915 418 931 444 l.
945 420 970 444 6.
1091 435 1105 462 5
1133 420 1237 446 coluiss'e
1255 420 1375 450 Dionen,
1397 420 1485 451 Quuu
1499 419 1667 446 consternatis
1680 418 1732 445 diri
1752 418 1929 452 ererisEquis.
1974 421 2079 447 fretum
2093 422 2167 448 venti

73 467 92 487 D
102 467 112 486 1
122 466 165 486 RE
174 465 191 485 C
200 467 221 486 Τ
234 467 243 486 1
257 467 273 486 1.
284 466 296 487 1
307 466 353 486 NE
363 465 383 483 V
394 465 406 484 s
415 478 422 489 ‚
446 467 468 489 a,
489 467 541 484 um.
560 454 619 482 Adi.
655 454 734 480 Mart.
747 453 853 487 Capella
867 454 884 479 l.
897 456 914 479 6
927 463 950 488 p.
964 463 1023 486 229.
1132 455 1247 481 dscnniur
1260 455 1384 488 diripere.
1402 456 1461 479 Stat.
1471 454 1561 481 Theb.
1570 463 1589 487 3.
1600 456 1656 486 366.
1668 457 1685 480 i.
1701 427 1844 487 dairahere.
1859 453 1939 479 Ouid.
1954 454 2037 483 Trist.
2054 466 2074 488 3,
2090 465 2125 487 10,
2139 462 2167 489 53

71 501 91 521 D
102 502 110 521 1
122 502 140 522 R
150 493 195 521 1⁰M
205 502 239 525 o,
259 497 322 527 61111,
348 500 456 525 emtum,
483 496 535 520 ere.
570 487 764 524 [ὢαλαμζοίγω,
790 486 895 528 ἐξείργοι]
932 491 967 515 Ex
982 490 1016 516 Di
1029 489 1071 515 vel
1132 489 1488 525 Diffugiuntalii,millisque
1502 491 1636 516 tuentibus
1648 499 1724 524 agros
1737 489 1910 516 incustoditae
1918 489 2080 523 diripiuntur
2088 494 2166 526 Opes.

37 531 99 563 Dis,
121 537 144 556 et
160 531 225 556 Emo
239 531 302 566 einis
316 529 468 564 compofitum
478 539 488 558 ,·
512 524 640 561 fignificat
654 525 771 559 separare
783 525 836 558 ιΙιιω
850 524 977 556 Diusdcrc,
996 533 1067 559 eoque
1132 527 1244 552 Patriam
1256 525 1432 560 diripiendam
1451 531 1476 550 ct
1493 525 1704 552 inllanuuandam
1717 525 1890 559 relinquimus
1903 525 1958 551 Cic.
1972 526 2054 556 Att.8,
2068 536 2090 552 2.
2127 528 2165 554 ld.

33 565 88 601 ipfiz
102 568 197 592 ratione
209 568 310 592 irritum
318 565 413 599 facere,
427 565 572 591 interimere.
608 560 689 585 Plaut.
705 558 801 594 Amph.
816 568 835 592 1,
850 568 914 599 ¹’.99
934 559 1069 599 Scrdhprae-
1133 561 1164 587 de
1172 563 1244 587 Orat.
1254 569 1295 593 3,3
1316 560 1459 595 Tanquam
1469 559 1500 586 ab
1509 561 1598 594 aliquo
1612 561 1716 587 nefario
1730 560 1860 595 praedone
1874 559 2168 594 diripereturPatriiuo.

36 600 104 627 lium
121 600 149 627 id
168 600 271 627 tandem
292 600 400 627 diremit
419 607 470 626 nox
488 597 637 623 interuentu
657 595 713 621 suo.
791 596 924 621 Praelium
944 595 1069 621 dirimere
1091 610 1118 628 10
1133 597 1208 622 nium
1220 596 1365 630 dignitatis.
1437 597 1468 622 Et
1482 595 1513 621 ad
1529 597 1566 628 Q
1579 596 1620 621 Fr.
1635 605 1653 628 1,
1666 605 1681 623 2
1713 596 1852 629 Direptum
1867 602 1892 621 te
1906 596 1940 622 iri
1956 604 1970 621 a
1983 596 2050 628 tuis,
2069 597 2131 623 dum
2146 600 2168 624 is

35 636 109 662 Caes.
130 637 158 662 B.
173 637 202 664 C.
222 645 240 662 1.
278 656 284 662 .
322 656 327 662 .
385 635 454 661 Hirt.
468 633 494 659 Β.
510 630 583 657 Alex.
607 639 628 656 c.
642 632 685 662 46.
760 630 815 656 Cic.
834 630 866 656 de
886 631 921 657 Ν.
942 631 973 656 D.
995 640 1017 663 3,
1037 639 1070 663 29
1133 632 1242 663 abeffet,
1263 631 1433 667 1'.sp011'otam.
1469 631 1605 657 Tunicam
1618 630 1717 666 diripui
1738 631 1816 658 Ouid.
1831 632 1922 657 Amor.
1939 639 1959 662 1,
1973 639 1993 663 5,
2008 639 2040 662 13.
2076 633 2168 658 Melius

37 672 139 706 Corpus
156 676 240 698 autem
263 671 410 697 immortale
428 667 528 695 nullum
550 666 611 700 else,
642 674 674 691 ne
691 665 861 692 indiuiduum
880 665 1002 700 quidem,
1024 675 1069 692 nec
1134 667 1245 701 Deripui
1259 668 1348 693 Burin.
1390 665 1447 692 Vid.
1470 672 1639 692 DER1P10.
1695 666 1842 693 Vieioriam
1859 666 1991 700 diripere,
2005 673 2053 701 pro
2070 669 2169 702 h‘riperu

39 707 112 741 quod
125 706 217 733 dirimi
238 706 380 733 distrahiue
391 712 443 731 non
455 701 536 737 poffit.
572 701 692 736 Plin.Ep.
706 710 733 734 4,
747 711 772 734 9,
786 710 803 734 9
821 701 960 727 [Stilionem
975 710 1069 734 meam,
1133 703 1220 729 Valer.
1233 703 1303 728 Max.
1318 710 1340 734 3,
1353 709 1366 727 2
1378 708 1443 727 extr.
1456 709 1484 734 4.
1560 701 1662 728 Vestem
1675 710 1689 727 a
1702 701 1808 736 pectore
1822 701 1937 735 diripere
1969 701 2049 728 Ouid.
2064 703 2128 728 Met.
2143 712 2170 735 9,

37 748 67 769 vt
82 742 179 776 praelia
201 742 280 774 solet,
304 750 355 768 nox
373 738 487 766 diremit.
507 739 525 763 i.
542 738 697 771 Interrupit,
718 742 741 762 et
760 740 786 762 in
807 738 882 763 alium
901 736 963 762 aliem
984 740 1070 763 reiecit
1133 741 1186 770 635.
1234 739 1313 763 Etiam
1324 738 1365 762 hic
1380 735 1508 770 Deripere
1522 734 1586 762 refle
1605 738 1688 763 Burm.
1761 738 1801 764 Sic
1814 738 1869 763 Cic.
1885 737 1917 763 de
1929 737 2050 763 Prouinc.
2062 738 2169 765 Consul.

36 780 88 804 eius
100 780 198 804 exitum.
271 772 559 803 AffinitateinClaudius
572 772 679 798 diremit
699 772 863 799 Tacit.Ann.
878 780 911 803 13,
925 780 962 803 23.
1019 773 1070 798 Lu·
1090 782 1114 808 ¹5
1134 781 1157 806 ¹3
1172 782 1193 799 c.
1208 774 1224 798 6
1245 773 1300 798 Hos
1315 771 1347 798 de
1361 771 1507 805 prouinciis
1522 770 1539 797 fi
1553 781 1606 798 non
1620 772 1760 806 aliquando
1774 772 1917 799 deducendi
1930 773 2016 802 elli-nt,
2036 773 2170 808 Diripien-

37 821 93 839 can.
108 821 128 845 1,
143 821 191 847 104
223 812 263 839 Sic
277 812 322 839 vbi
335 811 407 837 saeua
443 808 523 834 Arma
543 807 639 834 ducum
658 807 786 834 dirimens
807 807 956 833 miserando
976 807 1070 834 sunere
1135 809 1182 834 dos
1194 816 1248 834 non
1261 807 1403 841 putaretis}
1429 804 1494 833 reeh
1509 807 1591 833 Gron.
1606 808 1772 841 Deripiencli.
1845 809 1876 834 Et
1887 816 1936 842 pro
1948 808 2016 834 Sulla
2033 817 2049 834 2
2074 808 2120 835 Sed
2141 815 2170 836 vt

38 848 147 875 Craffiis.
218 847 336 882 Auspicia
354 844 445 871 dirimi
463 843 595 875 dicuntur,
620 852 693 878 quum
711 844 777 869 Rata
797 841 839 875 cfli·
858 849 993 878 nequeunt,
1013 843 1038 869 h.
1050 853 1070 870 e.
1134 844 1180 870 ille
1199 842 1317 874 Iudices,
1344 848 1471 876 quantum
1492 841 1523 868 dc
1541 852 1598 869 inea
1622 842 1778 869 aiieioritate
1796 843 1958 877 diripuiss'ct‚
1981 848 2082 870 tantum
2100 846 2125 871 se
2137 844 2171 871 de

36 882 382 920 Irritafiunt,dissoluant-103
391 879 567 915 discutiuntur,
576 877 753 911 disturbantur.
791 878 855 904 Plin.
865 883 927 909 &82
947 878 1017 904 Nam
1031 879 1069 904 so·
1134 879 1212 906 huius
1228 877 1362 912 praesidiis
1378 877 1570 904 diminuturum
1589 878 1710 913 sperauit.
1759 877 1860 903 Remus
1882 879 2031 912 deripiiiffet
2045 880 2086 905 hic
2098 883 2173 906 eiiam

36 919 123 946 ricuni
141 925 248 945 occentu
261 918 350 944 dirimi
364 915 494 946 auspicia,
511 914 615 940 annales
634 914 747 940 refertos
766 912 902 940 habemus.
944 914 1002 940 isid.
1016 923 1069 940 mox
1134 916 1210 941 Gron.
1247 911 1287 946 Est
1302 920 1324 938 et
1339 913 1475 948 Dii-ipere,
1495 913 1585 948 Cupide
1598 922 1681 940 emere.
1718 913 1798 938 Vetus
1812 913 1903 939 auelor
1920 915 1989 940 vitae
2001 915 2090 947 Persii,
2102 925 2171 950 quem

38 954 105 980 Rem
120 955 258 989 susceptam
274 951 374 979 dirimi.
432 950 533 976 Bellum
555 951 679 984 sanguine
697 948 789 975 dirimi
810 950 884 983 Virg.
900 949 964 975 Aen.
979 958 1013 981 ιε,
1027 957 1070 984 79.
1080 962 1114 980 20
1134 947 1202 976 do&
1214 948 1482 983 Suetoniuniputant:
1511 949 1616 975 Editum
1637 948 1736 974 librum
1756 948 1885 974 continuo
1904 949 1997 975 mirari
2011 949 2132 977 homines
2145 956 2171 977 et

38 989 268 1021 Ouid.Met.5,314
286 985 414 1013 Cedemus
422 984 803 1019 siluis,dirimantCertainina
812 984 960 1018 Nymphae.
997 986 1070 1011 Cari-
1134 985 1250 1019 diripere
1270 990 1420 1018 coeperunt.
1477 985 1569 1019 Nempe
1579 983 1619 1017 fic
1631 982 1746 1009 Diffi-ahi
1766 991 1855 1018 quoque
1869 992 1908 1009 res
1922 984 2052 1015 dicuntur,
2071 991 2125 1012 rum
2141 987 2172 1012 ab

37 1030 118 1051 tatem
132 1025 269 1055 dirimere,
289 1029 313 1048 et
324 1021 458 1047 Dirimere
471 1028 588 1047 veterem
602 1019 817 1046 coniunctionem
832 1029 891 1045 cum
904 1020 996 1054 aliquo
1015 1021 1070 1047 Cic.
1132 1030 1180 1047 vno
1194 1019 1321 1046 venditore
1335 1019 1368 1045 ad
1381 1021 1467 1054 plures
1479 1026 1580 1045 emtores
1599 1027 1718 1053 nouosque
1730 1017 1788 1043 adeo
1804 1016 1944 1052 poslbffiires
1957 1023 2068 1046 vendunt.
2103 1023 2173 1057 Qun

38 1060 71 1086 de
88 1059 192 1086 Amicit.
210 1065 252 1092 27.
321 1056 394 1083 Idem
413 1057 484 1083 Fam.
505 1065 527 1089 3,
549 1065 577 1082 io
608 1057 661 1089 Ego
681 1061 769 1081 autem
784 1055 862 1081 citius
881 1065 940 1081 cuni
954 1065 1000 1088 co,
1023 1057 1071 1090 qui
1134 1055 1220 1091 cupide
1234 1054 1412 1081 distrahuntur
1425 1065 1453 1081 oc
1465 1055 1591 1086 celeriter,
1604 1054 1692 1088 quidni
1707 1053 1823 1078 dicantur
1837 1053 1941 1087 Diripi?

38 1102 95 1122 tuas
109 1094 257 1122 inimicitias
270 1093 428 1127 suscepisset,
447 1097 565 1118 veterem
578 1090 800 1117 ConinnCtionein
815 1090 977 1123 diriiiiiffmn,
991 1101 1071 1126 quam
1170 1097 1256 1117 DIRE
1265 1098 1279 1117 Ρ
1289 1096 1310 1115 Τ
1320 1097 1360 1117 vs
1369 1110 1377 1122 ,
1407 1099 1431 1122 a,
1457 1098 1510 1116 um.
1547 1090 1640 1116 Partic.
1676 1085 1881 1123 [διηρπασμένα]
1918 1088 1974 1114 Cic.
1988 1088 2019 1114 de
2034 1091 2092 1116 Fin.
2106 1100 2126 1123 1,
2139 1101 2172 1124 43

37 1139 135 1157 nouam
149 1128 328 1156 conciliaffcm.
398 1127 571 1162 Colloquium
584 1126 710 1152 dirimere
732 1126 803 1152 Caes.
818 1127 844 1152 B.
859 1127 890 1152 G.
907 1135 926 1156 1,
938 1130 983 1160 46.
1019 1147 1025 1153 .
1062 1146 1069 1154 .
1087 1136 1118 1163 23
1135 1124 1156 1153 ἐ.
1173 1135 1196 1158 13
1217 1125 1347 1152 Omnium
1361 1126 1485 1152 falsarum
1499 1125 1658 1159 opinionum
1666 1124 1814 1150 temeritate
1823 1123 1932 1157 direpta.
1970 1124 2081 1158 Derepta
2090 1127 2173 1153 Gron.

38 1167 93 1193 Cic.
107 1165 157 1193 Off.
169 1173 191 1197 3,
205 1172 232 1196 23
263 1164 322 1189 Hoc
336 1163 407 1189 enim
420 1163 534 1197 speciant
550 1162 634 1196 lcges,
656 1162 705 1188 hoc
719 1161 828 1193 volunt,
847 1161 1007 1188 incolumem
1022 1163 1071 1189 esse
1134 1163 1236 1189 Domus
1250 1160 1351 1196 direpta
1368 1162 1443 1195 Virg.
1458 1161 1523 1187 Aen.
1537 1169 1560 1192 2,
1575 1161 1627 1193 563.
1681 1159 1803 1186 Membra
1816 1159 1937 1185 manibus
1950 1159 2070 1186 nefandis
2090 1162 2173 1190 Ouid.

37 1201 136 1228 ciuium
154 1198 392 1226 Coniunctionem:
419 1207 498 1234 quam
521 1198 568 1232 qui
586 1197 731 1229 dirimunt,
765 1205 826 1229 eOS,
849 1204 950 1231 morte,
976 1198 1070 1231 exilio,
1136 1198 1200 1224 Met.
1219 1206 1240 1229 3,
1255 1204 1314 1229 540.
1383 1196 1490 1223 Moenia
1521 1196 1618 1222 Lucan.
1637 1197 1664 1228 6,
1677 1202 1712 1227 35.
1783 1195 1853 1228 Opes
1883 1194 1975 1221 Claud.
1988 1195 2016 1221 in
2030 1196 2139 1230 Eutrop.
2153 1206 2174 1229 1,

7 1254 9 1256 -
36 1236 164 1268 vinculis,
180 1233 274 1261 damno
287 1237 417 1261 coercent.
434 1258 437 1260 ,
506 1232 677 1259 Connubium
691 1233 817 1259 dirimere
837 1233 896 1259 Liu.
912 1242 940 1266 4,
976 1254 981 1260 .
1019 1254 1026 1260 .
1064 1253 1070 1260 .
1136 1235 1188 1263 168.
1244 1232 1322 1258 Pellis
1351 1231 1432 1258 Ouid.
1446 1233 1509 1258 Met.
1529 1240 1550 1264 3,
1561 1239 1598 1264 52.
1670 1231 1720 1256 Res
1735 1238 1766 1256 ex
1780 1235 1835 1263 tota
1853 1229 1912 1257 Alia
1928 1229 2042 1265 direptas
2057 1232 2085 1258 in
2098 1233 2173 1259 suum

37 1271 133 1298 Sallust.
146 1271 174 1298 111
195 1270 272 1297 Catil.
287 1279 308 1296 c.
322 1277 346 1299 18
360 1277 424 1300 extr,
445 1269 516 1302 Qiia
530 1268 648 1295 nondum
664 1269 815 1303 frequentes
828 1269 923 1295 armati
942 1277 1071 1295 conuene-
1133 1277 1244 1303 regnum
1261 1276 1402 1301 congerere
1428 1267 1484 1293 Cic.
1499 1275 1548 1301 pro
1561 1267 1591 1293 L.
1603 1266 1673 1293 Maii.
1686 1275 1707 1291 c.
1721 1274 1746 1298 9.

37 1313 110 1340 rant,
130 1300 160 1334 ea
170 1314 211 1332 res
226 1305 371 1332 Consilium
391 1305 508 1331 diremit.
581 1304 795 1330 Controuersiaui
814 1303 956 1335 dirimere3
975 1303 1008 1338 cst
1024 1306 1071 1331 Di·
1087 1319 1119 1343 30
1172 1311 1190 1330 D
1201 1311 1210 1330 1
1221 1310 1240 1329 R
1252 1310 1269 1329 Ε
1279 1310 1293 1329 P
1305 1310 1326 1329 T
1336 1309 1376 1329 Vs
1387 1323 1395 1335 ,
1422 1300 1460 1328 sis.
1486 1312 1522 1329 ru.
1559 1303 1641 1328 Cicero
1652 1308 1700 1337 pro
1713 1298 1885 1333 Destruffione
1903 1310 1932 1327 ac
1939 1300 2063 1336 solutione
2074 1305 2175 1329 coniun-

35 1342 159 1374 iudicare,
178 1341 223 1377 stu
241 1342 323 1367 finem
341 1344 462 1376 imponere
479 1339 655 1373 controuersiae
681 1338 761 1366 Ouid.
778 1339 842 1366 Fast.
862 1342 889 1372 6,
902 1345 942 1372 98.
1013 1340 1069 1367 Cic.
1136 1337 1230 1366 storum
1244 1338 1343 1374 posuit,
1364 1339 1512 1372 Tusc.1,71
1527 1347 1548 1363 c.
1562 1346 1593 1371 29
1619 1336 1660 1364 Est
1675 1337 1798 1363 interitus
1813 1336 1883 1370 quali
1898 1336 2033 1370 discessus,
2054 1344 2079 1364 et
2094 1339 2175 1365 secre-

8 1394 14 1401 ·»
36 1377 88 1405 Off.
101 1385 174 1410 3,119
187 1374 268 1403 csvlt.
289 1377 350 1409 Qio
363 1376 445 1410 inagis
458 1375 686 1410 reprehendendos
706 1375 893 1409 Calliphonem
907 1381 931 1401 ct
945 1375 1071 1402 Dinoina-
1135 1376 1174 1401 tio
1187 1383 1216 1401 ac
1228 1374 1344 1409 direptus
1359 1382 1449 1400 earum
1463 1374 1576 1407 partium
1585 1393 1593 1405 ‚
1619 1381 1686 1407 quae
1708 1377 1767 1398 ante
1785 1372 1921 1398 interitum
1934 1372 2071 1399 vinfrione
2084 1374 2175 1408 aliqua

34 1411 113 1439 chum
128 1411 245 1444 iudicio,
261 1412 308 1446 qui
327 1413 352 1438 se
372 1411 534 1439 diremturos
553 1410 760 1437 controuersiam
778 1417 953 1445 putauerunt,
972 1410 989 1437 si
1010 1420 1070 1437 cuin
1134 1410 1298 1437 tenebantur.
1352 1409 1479 1444 Spartian.
1493 1409 1585 1435 Seueri
1596 1407 1650 1435 vitai
1667 1417 1687 1434 c.
1701 1416 1728 1442 19
1752 1408 1801 1434 Res
1818 1408 1935 1434 Romana
1947 1408 2122 1442 praedonibus
2137 1409 2176 1436 di-

34 1447 167 1474 honestate
189 1447 369 1482 voluptatem,
382 1453 506 1482 tanquam
525 1456 584 1472 cuin
604 1445 712 1473 homine
726 1446 859 1481 pecudem,
874 1447 1070 1481 copulauisscnt.
1133 1446 1221 1480 reptui
1239 1446 1299 1472 fuit.

31 1485 52 1508 i.
64 1482 110 1510 Ad
121 1483 274 1509 concordiam
288 1485 355 1509 intcr
368 1483 398 1519 fi
411 1482 580 1509 contendentes
593 1482 752 1518 philosophos
768 1481 930 1508 adduc'i‘uroin
1002 1483 1071 1509 Con·
1088 1492 1116 1519 33
1172 1488 1207 1507 Di
1220 1488 1239 1508 R
1248 1488 1286 1508 Ee
1296 1487 1317 1507 T
1328 1488 1337 1506 1
1349 1485 1368 1506 0
1378 1497 1387 1509 ‚
1406 1479 1474 1506 onis.
1494 1479 1514 1505 f·
1549 1477 1707 1513 [cltxenayri]
1744 1477 1858 1504 Cic-Off-
1871 1486 1897 1510 2,
1912 1486 1946 1514 79
1962 1479 2052 1505 Tanta
2067 1479 2175 1507 sublatis

31 1518 158 1545 'trouerfia
169 1518 273 1545 dirimit
287 1519 378 1545 onmia
389 1518 463 1545 Idem
478 1517 510 1543 de
525 1517 616 1551 Legib.
629 1525 704 1550 2,54.
774 1519 828 1544 iras
842 1524 866 1544 et
881 1517 1071 1544 Altereationes
1135 1517 1236 1551 legibus
1256 1523 1281 1543 et
1294 1515 1401 1542 iudiciis
1419 1515 1562 1549 expilatio,
1589 1514 1758 1548 direptioque
1770 1513 1919 1546 sociorum,
1937 1519 1965 1540 vt
1983 1514 2176 1548 imbecillitate,

33 1552 161 1580 dirimere
181 1554 241 1581 Liu.
257 1563 277 1586 1,
295 1563 327 1586 13.
398 1554 484 1580 Lirem
498 1553 624 1579 dirimere
649 1552 730 1579 Ouid.
742 1554 806 1579 Met.
824 1562 844 1584 1,
858 1562 894 1579 21.
965 1554 1021 1580 Cic.
1035 1555 1074 1588 Q
1134 1560 1180 1579 etc.
1239 1553 1280 1579 Sic
1292 1553 1320 1578 in
1334 1550 1413 1577 Catil.
1425 1559 1446 1581 1,
1462 1555 1486 1579 18
1517 1549 1640 1583 Direptio
1653 1555 1678 1574 et
1691 1548 1797 1575 vexatio
1815 1549 1957 1576 sociorum.
2029 1550 2084 1576 Cic.
2102 1551 2174 1577 Fam.

34 1589 104 1615 Frat.
118 1597 140 1622 2,
154 1597 178 1622 ¹3
199 1589 295 1615 Aelum
309 1589 344 1616 est
357 1598 389 1615 eo
402 1590 446 1616 die
458 1588 545 1620 nihil,
563 1597 614 1615 nox
627 1588 743 1615 diremit.
780 1589 852 1622 Conf.
868 1588 939 1614 Hirr.
955 1589 982 1615 Β.
997 1588 1071 1615 Alex.
1136 1598 1164 1621 4,
1179 1596 1202 1619 13
1222 1588 1371 1620 Versorque
1386 1585 1413 1610 in
1428 1594 1521 1611 eorum
1534 1584 1679 1618 naufragiis
1692 1591 1717 1610 et
1731 1584 1867 1610 Bonorum
1881 1583 2084 1618 direptionibus.
2128 1586 2176 1612 Di-

34 1633 57 1651 c.
69 1626 114 1658 46.
185 1625 240 1651 Cic.
255 1633 303 1659 pro
316 1625 408 1651 Caelio
422 1633 456 1658 34
483 1624 580 1651 ldeone
593 1632 641 1657 ego
655 1625 745 1649 Pacem
759 1624 852 1655 Pyrrhi
870 1624 983 1656 diremi,
1001 1631 1030 1650 vt
1042 1629 1070 1649 tu
1136 1623 1252 1656 reptioni
1265 1628 1290 1648 et
1304 1620 1432 1647 incendiis
1444 1619 1537 1646 rendra
1549 1619 1611 1646 vrbs
1636 1619 1692 1645 Cic.
1707 1619 1778 1644 Fam.
1792 1627 1820 1650 4,
1837 1627 1856 1643 1.
1888 1652 1894 1657 ο
1911 1652 1916 1657 ι

33 1668 154 1686 amorum
173 1660 381 1695 turpissimorum
402 1659 524 1695 quotidie
545 1658 636 1685 federa
656 1659 767 1684 ferires?
838 1658 937 1684 Praelia
957 1667 1020 1685 voce
1035 1658 1073 1684 di·
1089 1667 1126 1692 40
1173 1665 1190 1684 D
1201 1665 1207 1682 1
1220 1664 1237 1683 R
1247 1663 1287 1684 ΕΡ
1297 1663 1372 1683 TOR
1382 1675 1390 1688 ‚
1407 1656 1471 1682 bris.
1488 1665 1523 1680 m.
1560 1653 1747 1688 [διαρπακτῆρ]
1783 1653 1840 1679 Cic.
1848 1651 1961 1686 Philipp.
1975 1660 1999 1685 3,
2011 1660 2045 1687 27
2064 1654 2088 1680 O
2103 1662 2176 1688 prae-

34 1695 115 1721 remit
147 1696 224 1730 Virg.
237 1699 301 1722 Aen.
318 1704 339 1728 5,
353 1697 416 1730 467.
487 1695 537 1721 Res
557 1693 705 1720 dirimenda
719 1694 830 1720 alicuius
844 1694 958 1720 arbitrio
989 1693 1071 1720 Ouid.
1137 1693 1236 1718 clarum
1251 1692 1383 1718 custodem
1405 1691 1497 1716 ouium
1522 1692 1567 1720 (vt
1578 1689 1669 1719 aiunt)
1689 1688 1798 1721 lupum,
1816 1687 1934 1713 custosne
1953 1687 2044 1720 vrbis,
2063 1698 2096 1715 an
2108 1689 2177 1716 dire-

35 1729 101 1756 fast.
121 1731 148 1762 6,
160 1736 200 1763 98.
260 1731 337 1757 ’Rem
350 1732 492 1764 susceptam
507 1729 649 1761 dirimere,
673 1736 722 1763 pro
737 1730 911 1764 Interpellare,
936 1729 1073 1757 obturbare,
1134 1736 1194 1760 pror
1214 1733 1239 1752 et
1260 1732 1370 1753 vexator
1381 1726 1441 1752 esset
1455 1724 1602 1751 Antonius?
1673 1722 1745 1749 Idem
1760 1723 1787 1748 in
1796 1722 1873 1748 Catil.
1882 1731 1907 1754 2,
1920 1731 1954 1749 20
1966 1732 1987 1749 c.
2001 1732 2018 1755 9
2037 1725 2111 1757 Qios
2125 1734 2176 1760 ego

35 1763 169 1797 diffolurre.
205 1765 261 1792 Cic.
276 1765 308 1791 de
322 1766 413 1800 Legib.
429 1774 454 1798 2,
470 1774 480 1791 1
500 1765 573 1797 Quid
588 1766 658 1789 enim
672 1764 756 1789 maius
770 1763 820 1794 est,
844 1763 861 1788 si
875 1763 907 1787 de
922 1763 979 1788 iure
994 1771 1073 1795 quae·
1135 1768 1260 1795 Vtrosque
1275 1762 1411 1794 QiiriteS,
1431 1761 1460 1786 in
1472 1759 1565 1785 eodem
1579 1766 1674 1793 genere
1686 1757 1882 1791 praedatorum,
1896 1757 2115 1795 direptorumque
2130 1770 2176 1795 po-

33 1799 133 1831 rimus,
151 1809 229 1833 quam
242 1801 310 1834 poss'e
323 1810 338 1826 a
352 1801 460 1826 summis
472 1799 604 1831 imperiis,
623 1804 649 1823 et
661 1797 767 1823 su'mmis
781 1796 951 1829 potestatibus
965 1796 1072 1822 comita·
1135 1804 1178 1821 no.
1216 1796 1284 1822 Add.
1299 1797 1366 1822 Tac.
1380 1797 1414 1822 H.
1428 1804 1451 1828 3,
1463 1803 1499 1828 33,
1512 1803 1534 1826 3.

33 1839 90 1862 tus‚
109 1839 135 1858 et
149 1834 261 1859 concilia
273 1835 316 1859 vel
336 1834 455 1859 instituta
469 1832 619 1862 dimittere,
645 1831 688 1856 vel
707 1830 797 1856 habita
815 1830 980 1856 rescindere?
1007 1831 1072 1865 quid
1086 1839 1120 1865 45
1170 1837 1188 1856 D
1198 1837 1207 1855 1
1217 1836 1235 1855 R
1246 1837 1256 1855 1
1269 1838 1298 1862 s,
1332 1831 1409 1856 Mons
1430 1830 1466 1857 est
1479 1829 1670 1861 Mauritaniae,
1695 1837 1772 1863 quem
1785 1834 1893 1863 propter
1906 1828 2082 1862 altitudinem,
2102 1831 2176 1858 Caeli

31 1867 138 1902 grauius
151 1876 228 1901 quam
236 1868 302 1893 Rem
315 1868 457 1901 susceptam
467 1866 570 1898 dirimi,
584 1866 602 1891 fi
616 1873 683 1891 viius
698 1866 790 1899 Augur
809 1872 831 1891 Α
840 1872 855 1891 L
866 1873 903 1892 iv
912 1872 936 1891 M
957 1864 1073 1892 dixerit?
1133 1866 1286 1891 columnam
1300 1871 1470 1893 vocauerunt.
1526 1866 1644 1892 Meminit
1669 1864 1735 1891 Plin.
1748 1873 1771 1899 5,
1788 1873 1797 1890 1
1819 1865 1861 1890 vbi
1874 1864 1953 1895 Dyris
1966 1864 2091 1899 scribitur
2097 1872 2146 1902 per
2159 1876 2176 1899 y

35 1901 96 1929 Vid.
110 1902 232 1937 Auspicia
246 1902 372 1929 dirimere
381 1921 387 1932 ‚
406 1908 430 1928 et
443 1901 575 1936 Tempus.
628 1901 724 1927 Rixaiii
737 1900 865 1927 dirimere
881 1901 962 1927 Plaut.
977 1901 1072 1936 Amph.
1134 1902 1262 1927 Graecum.

33 1946 55 1970 1,
69 1946 89 1970 1,
102 1946 145 1971 99.
214 1937 279 1963 Plin.
291 1937 368 1972 Epist.
385 1942 408 1970 8,
424 1946 462 1971 14,
477 1945 505 1970 19
536 1935 608 1970 Quid
623 1936 681 1963 lex?
708 1945 763 1962 non
783 1944 871 1971 aperte
890 1937 966 1963 docet
979 1936 1072 1963 dirimi
1172 1943 1190 1963 D
1201 1943 1256 1962 1R1
1268 1942 1333 1969 vo,
1356 1940 1411 1964 are.
1446 1937 1539 1964 Scmen
1552 1944 1583 1962 ex
1596 1935 1694 1962 dextris
1708 1940 1734 1961 et
1747 1933 1828 1961 laeuis
1842 1934 1960 1968 partibus
1973 1934 2087 1961 diriuari
2108 1937 2176 1962 Cen.

30 1972 129 2005 debere
143 1973 287 2000 Sententias
300 1972 442 1999 occidentis
459 1979 485 1999 et
496 1972 653 2007 relegemus,
673 1980 757 2007 quum
769 1972 807 2000 ita
821 1972 998 1999 discessionem
1012 1972 1073 1999 fieri
1136 1971 1216 1998 sorin.
1230 1980 1252 1998 c.
1265 1979 1286 2005 5.
1339 1972 1459 1999 Alicuius
1475 1972 1651 1998 intentionem
1665 1970 1782 1997 diriuare
1794 1971 1821 1996 in
1835 1969 1918 1995 alium
1931 1970 2079 1996 sermonem
2097 1972 2176 2005 Apul.

12 2008 21 2012 “
32 2008 125 2036 iubet?
196 2008 344 2035 Simultates
356 2008 483 2035 dirimere
503 2008 564 2034 Liu.
579 2012 602 2039 8,
640 2026 647 2033 ·
684 2027 690 2033 -
764 2008 819 2035 Cic.
836 2008 887 2035 Off.
903 2018 924 2041 3,
952 2029 958 2035 .
996 2028 1002 2035 .
1034 2009 1073 2035 Hi
1082 2022 1113 2047 ,Ὃ
1135 2007 1198 2034 Met.
1214 2017 1221 2033 1
1236 2017 1259 2042 p.
1274 2016 1325 2040 110,
1338 2015 1364 2042 7.
1418 2008 1554 2033 Heumann.
1567 2007 1601 2032 ad
1613 2006 1745 2032 Carol.M.
1760 2005 1792 2031 de
1806 2005 1879 2030 cultu
1891 2005 1971 2038 Imag.
1986 2014 2010 2039 p.
2018 2008 2069 2039 463
2087 2014 2177 2040 monet,

34 2043 165 2071 dirimunt
176 2053 342 2070 communem
356 2043 465 2070 humani
479 2043 581 2078 generis
594 2042 759 2070 Societatem.
780 2044 805 2070 h.
819 2053 839 2070 ε.
856 2044 1005 2078 Diffiiluimt,
1025 2044 1075 2081 dis·
1134 2054 1163 2069 nc
1176 2044 1235 2079 quid
1253 2050 1359 2070 mutetur
1376 2046 1402 2069 in
1417 2043 1473 2075 illo,
1493 2043 1584 2068 Amnis
1604 2040 1768 2075 quadrifluus
1790 2039 1823 2066 ab
1842 2048 1896 2066 vno
1917 2039 2049 2067 ineffabili
2062 2041 2176 2070 Paradisi

26 2079 136 2117 chiant.
206 2079 300 2106 Idem2
320 2079 351 2105 de
359 2079 515 2113 Philippu,
532 2078 639 2105 Vtinam
653 2079 701 2104 Cn.
717 2080 836 2113 Pompeii
850 2089 910 2106 cum
925 2081 954 2106 C.
964 2081 1073 2107 Caesare
1134 2079 1210 2105 fonte
1224 2079 1382 2113 progressus,
1403 2085 1428 2105 et
1447 2078 1475 2104 in
1489 2083 1603 2112 quatuor
1617 2084 1705 2102 amnes
1720 2074 1858 2109 insigniter
1872 2075 2012 2102 diriuatus.

34 2115 190 2142 Societatem
206 2120 250 2142 aut
262 2123 397 2149 nunquam
410 2114 515 2146 coisses,
539 2120 583 2139 aut
597 2123 732 2148 nunquam
755 2115 905 2141 dii-emines.
979 2117 1010 2142 Et
1023 2124 1072 2150 pro
1172 2121 1190 2140 D
1200 2122 1208 2140 1
1219 2122 1237 2140 R
1247 2121 1299 2140 VM
1310 2122 1324 2140 p
1334 2121 1352 2140 o
1363 2134 1372 2146 ,
1393 2113 1449 2148 sipi,
1464 2119 1567 2147 uptum‚
1587 2113 1640 2138 ere·
1675 2108 1864 2146 [διαῤῥὴγννμι]
1902 2111 2039 2147 Frangere,
2052 2112 2177 2147 scindere.

35 2150 104 2177 Sulla
117 2152 133 2176 6
152 2151 217 2177 Non
235 2151 306 2177 enini
320 2151 373 2177 iam
386 2150 411 2176 se
425 2149 481 2175 vllo
500 2147 590 2175 officio
604 2158 663 2175 cum
678 2149 726 2176 illo
739 2151 909 2177 coniunctum
927 2151 1072 2177 arbitraba·
1137 2149 1219 2176 Plaut.
1233 2149 1340 2175 Curcul.
1361 2157 1386 2179 2,
1401 2157 1421 2181 1,
1436 2155 1452 2182 7
1486 2148 1614 2173 Geminos
1633 2147 1663 2173 in
1672 2154 1765 2173 ventre
1780 2146 1875 2173 videor
1891 2145 1989 2173 habere
2004 2147 2088 2174 filios:
2107 2149 2178 2176 nihil

36 2192 95 2218 tur,
119 2194 200 2220 quum
218 2185 264 2213 ille
279 2192 353 2212 tanto
372 2185 466 2212 scelere
479 2184 630 2217 commisso,
651 2186 773 2212 omnium
792 2184 946 2213 officiorum
960 2187 1072 2213 Societa-
1089 2195 1118 2222 ες
1137 2191 1237 2217 metuo,
1249 2184 1298 2210 nifi
1312 2184 1414 2210 medius
1434 2183 1570 2217 dirumpat
1589 2183 1677 2209 miser.
1749 2182 1908 2216 Dirumpere
1926 2182 2035 2216 luduin,
2054 2185 2176 2219 [inpedire

35 2226 90 2253 tem
102 2221 251 2248 diremiffet.
321 2221 454 2249 Dii-iniere
473 2219 594 2256 suffragia
608 2220 708 2248 videtur
721 2220 764 2255 effi
778 2221 928 2258 1‘dem‚quod
937 2222 1074 2258 discernere
1090 2216 1100 2222 ‘
1137 2230 1165 2246 ne
1172 2220 1321 2256 perficiatur
1341 2220 1423 2246 Plaut.
1438 2220 1518 2245 Poen.
1533 2228 1553 2251 i,
1567 2227 1587 2251 1,
1600 2226 1626 2254 7.
1664 2217 1789 2252 Dirumpi
1804 2216 1838 2243 ad
1851 2217 1956 2244 dolorem
1970 2227 1999 2244 ex
2010 2219 2122 2252 inuidia,
2140 2221 2181 2247 vel

34 2255 138 2292 confufiz
154 2259 182 2283 in
196 2266 270 2284 vnam
280 2255 378 2291 situlam
397 2267 426 2284 ac
438 2256 609 2290 dinumerare,
628 2264 657 2283 vt
670 2264 805 2292 appareat,
826 2262 881 2293 quis
888 2260 965 2293 plura
978 2260 1073 2285 tulerit.
1137 2266 1165 2283 cx
1181 2259 1259 2281 nimia
1272 2258 1425 2282 contentione
1440 2255 1561 2289 refertur.
1632 2253 1688 2280 Cic.
1703 2254 1774 2279 Fam.
1790 2261 1827 2285 12,
1841 2261 1856 2279 2
1880 2254 1972 2288 Itaque
1989 2254 2043 2280 iam
2062 2264 2115 2283 non
2127 2255 2179 2283 stu*-

33 2291 130 2318 Lucan.
145 2299 168 2325 5,
179 2300 224 2325 393
245 2293 272 2319 de
276 2291 387 2328 fift'iciis
398 2293 510 2329 Caesaris
523 2294 645 2327 Comitiir,
653 2293 743 2327 Fingit
755 2293 895 2320 sollemnia
907 2303 1022 2328 campus,
1041 2294 1072 2320 Et
1138 2291 1227 2318 diosus
1248 2291 1389 2324 ludorum,
1415 2290 1575 2324 infinitoque
1592 2289 1682 2316 fratris
1704 2289 1744 2315 tui
1757 2289 1849 2315 Plausu
1864 2288 2034 2323 diruiupitur.
2105 2290 2180 2318 Idem

33 2335 89 2354 non
109 2326 231 2355 admissae
250 2328 355 2355 dirimit
373 2328 494 2363 suffragia
515 2328 616 2363 plebis,
644 2329 822 2364 Decantatque
840 2329 941 2362 tribus,
961 2337 987 2356 et
1006 2338 1073 2356 vana
1138 2328 1209 2354 Fam.
1225 2335 1251 2361 7,
1267 2336 1275 2353 1
1296 2327 1394 2361 Dirupi
1407 2334 1537 2360 inepaene
1549 2325 1579 2351 in
1593 2324 1889 2351 iudicioGalliCaninii
1901 2325 2041 2352 familiaris
2055 2326 2102 2352 tui.
2139 2328 2180 2354 Sic

33 2363 120 2390 versat
130 2363 159 2389 in
170 2373 252 2397 vrna,
272 2371 317 2391 etc.
388 2366 463 2392 Varr.
477 2364 509 2391 de
517 2365 587 2391 R.R.
600 2373 623 2397 3,
636 2373 652 2391 2
672 2368 699 2390 in
714 2364 766 2401 ipfh
779 2368 870 2398 initio,
892 2365 952 2396 Vis,
972 2366 1073 2400 inquit,
1092 2366 1127 2391 60
1138 2363 1215 2398 Apul.
1231 2362 1311 2402 Apol.
1322 2372 1346 2396 p.
1359 2367 1410 2392 281,
1425 2366 1453 2394 38
1473 2361 1512 2387 De
1519 2369 1575 2396 quo
1590 2369 1639 2395 pro
1655 2360 1695 2386 rei
1709 2360 1846 2386 atrocitate
1861 2369 1942 2394 paene
1955 2360 2074 2395 diruptus
2089 2362 2179 2391 estPu-

36 2397 99 2425 dum
116 2398 275 2435 dirimentur
288 2399 425 2434 Suffragia,
438 2400 526 2435 potius
538 2400 618 2427 villae
632 2400 753 2435 publicae
765 2406 869 2427 vtaniur
879 2400 982 2433 vmbra,
994 2410 1074 2435 quam
1137 2398 1199 2425 dens
1209 2418 1217 2430 ,
1237 2398 1371 2424 clamitans
1380 2417 1388 2430 ,
1407 2404 1453 2423 ecc.
1544 2396 1700 2422 Societatem
1720 2396 1878 2429 Dirnmpere
1886 2416 1895 2428 ,
1923 2397 1972 2427 (al.
1992 2397 2180 2431 Disrumpere)

33 2434 134 2469 priuati
145 2435 276 2462 candidati
288 2435 398 2462 tabella?
418 2439 437 2462 i.
449 2438 515 2462 Dum
529 2445 557 2462 ex
564 2436 670 2471 summis
676 2435 860 2472 suffragiorum
873 2434 998 2469 colleflis,
1016 2446 1073 2463 con-
1138 2435 1193 2461 Cic.
1212 2433 1264 2460 Off.
1279 2441 1302 2465 3,
1315 2442 1342 2460 21
1362 2442 1383 2459 c.
1397 2440 1419 2466 5.
1489 2433 1521 2459 Et
1540 2431 1608 2466 apud
1624 2431 1703 2458 Eund.
1736 2431 1765 2457 de
1784 2431 1891 2470 ¹Amicit.
1912 2436 1943 2465 87
1963 2441 1984 2456 c.
2006 2440 2033 2457 22
2072 2432 2179 2458 Dirum-

31 2467 156 2501 Rittium·³
169 2474 225 2506 quis
232 2485 235 2490 =
237 2472 348 2505 plurima
358 2468 561 2505 punblatulerit.
614 2472 647 2498 In
665 2470 838 2504 vetustioribus
851 2479 931 2498 tamen
951 2471 1075 2498 codicibus
1137 2478 1199 2504 pere
1222 2468 1358 2495 amicitias·
1430 2467 1486 2494 Cit-
1502 2469 1536 2501 Q
1551 2468 1620 2494 Frat·
1633 2475 1656 2499 3,
1671 2475 1690 2499 4
1726 2468 1750 2492 Is
1763 2465 1877 2500 dlruptis
1891 2465 2012 2491 Tabellis
2032 2465 2064 2492 de
2078 2467 2179 2494 circulo

33 2505 125 2540 legitur
138 2505 303 2532 Diribentur.
344 2506 401 2532 Vid.
430 2512 494 2533 DIR
504 2514 513 2533 1
523 2513 564 2533 BE
576 2512 607 2532 Ο.
680 2507 802 2541 Tempus
815 2506 958 2539 dirimere,
975 2514 998 2533 ct
1012 2508 1073 2534 Pro·
1136 2506 1160 2531 se
1176 2504 1308 2531 subduxit.
1365 2503 1411 2531 Sed
1423 2505 1489 2530 locus
1501 2503 1602 2529 dubius:
1625 2501 1736 2535 direptis
1758 2503 1819 2532 alii,
1836 2501 1882 2526 alii
1900 2499 2036 2533 ditemus,
2060 2502 2180 2529 diribitis

35 2539 106 2566 ferre
121 2538 208 2571 diem,
225 2547 332 2577 cognata
339 2542 401 2577 fiant
413 2542 495 2568 verba.
517 2554 519 2557 ·
533 2542 588 2569 Cic.
601 2541 633 2568 de
646 2542 737 2568 Diuin.
751 2551 771 2576 1,
787 2548 816 2576 85
828 2552 850 2569 c.
864 2551 895 2575 39
914 2543 988 2576 Qid
1002 2543 1073 2569 enini
1085 2542 1117 2575 6,-
1135 2542 1182 2568 alii
1196 2542 1288 2576 legunt.
1360 2539 1485 2572 Dirumpi
1498 2538 1592 2576 dolore
1617 2536 1690 2575 Idem
1703 2537 1755 2561 Att.
1771 2542 1844 2575 7212.
1903 2535 1971 2575 Ter.
1986 2536 2060 2575 Adel.
2073 2546 2096 2569 3,
2110 2547 2133 2570 3,
2148 2547 2179 2572 14

36 2573 116 2601 habet
135 2577 260 2610 aruspex,
280 2586 330 2603 'cur
348 2577 440 2611 pulmo
459 2577 554 2604 incisus
569 2577 648 2604 etiam
666 2578 695 2604 in
707 2577 785 2604 bonis
806 2578 872 2604 extis
889 2578 996 2605 dirimat
1010 2584 1075 2606 tem-
1136 2575 1306 2603 Collaudauit
1320 2574 1422 2600 filium:
1441 2572 1510 2598 milii
1525 2580 1572 2606 qui
1584 2570 1708 2597 dedissem
1721 2570 1874 2602 consilium,
1895 2577 1948 2605 egit
1960 2578 2065 2605 gratias.
2088 2580 2115 2600 D.
2133 2574 2179 2601 Di-

35 2618 98 2644 pus‚
120 2617 147 2638 et
159 2611 276 2646 proferat
289 2612 376 2639 diem?
397 2616 415 2639 i.
432 2614 462 2640 In
477 2614 553 2640 alixem
568 2614 630 2639 diem
643 2613 673 2639 id
682 2613 747 2649 quod
764 2614 882 2649 agendum
896 2613 1019 2646 instabat,
1039 2623 1076 2640 rc·
1137 2619 1255 2644 rumpor.
1276 2609 1332 2635 Cic·
1346 2609 1401 2634 Att·
1413 2616 1442 2640 4,
1455 2609 1494 2637 86-
1625 2641 1630 2646 ,

34 2646 129 2671 iiciat.·
174 2647 232 2674 Vid.
253 2654 278 2682 p.
291 2657 313 2673 α.
328 2648 463 2674 Dirimere
479 2648 611 2682 Auspicia.
626 2652 656 2674 it.
679 2655 697 2674 D
708 2657 717 2675 1
727 2656 743 2675 r
753 2656 787 2675 Fl
798 2656 818 2674 N
829 2655 848 2674 D
858 2655 886 2675 o.
924 2650 1000 2681 Qiae
1020 2654 1073 2674 tam
1174 2653 1192 2672 D
1202 2654 1210 2671 1
1221 2652 1267 2671 RV
1277 2651 1291 2670 Ρ
1303 2650 1325 2669 T
1337 2651 1356 2669 v
1368 2648 1396 2674 s,
1422 2651 1446 2674 a,
1473 2651 1527 2681 ΠΨ·
1562 2642 1656 2668 Ρδῐΐῐτ-
1692 2637 1898 2680 [διοξρόηγμὲνος]
1935 2641 1992 2668 Cic.
2011 2642 2123 2678 Philipp.
2143 2653 2177 2676 13,

37 2680 118 2714 longo
129 2680 270 2708 interuallo
283 2688 375 2708 natura
388 2683 495 2716 videtur
508 2683 639 2708 diremisse
656 2684 731 2710 Curt.
744 2691 771 2717 7,
785 2691 812 2717 7,
827 2691 865 2715 14.
938 2684 1075 2709 Dii-imun-
1139 2682 1173 2706 26
1185 2690 1205 2705 c.
1224 2688 1250 2705 12
1277 2677 1423 2705 Fraudator
1444 2676 1608 2704 creditorum
1620 2675 1800 2708 Trebellius,
1819 2682 1844 2702 et
1858 2675 1940 2703 homo
1954 2678 2089 2713 diruptus,
2107 2680 2179 2706 diru-

34 2720 79 2742 tur
93 2716 191 2750 oppida
205 2717 282 2743 vnius
296 2716 349 2742 diei
362 2717 472 2743 itinere:
492 2719 509 2743 i.
523 2716 627 2749 Distant
640 2720 707 2743 inter
714 2717 743 2753 je
758 2721 831 2744 unius
845 2717 895 2743 diei
906 2721 1008 2749 itincre,
1021 2717 1074 2751 siue
1088 2722 1123 2748 70
1138 2722 1231 2749 rusque
1245 2714 1359 2747 Quintus
1372 2713 1490 2739 Caclius.
1512 2715 1529 2738 i.
1549 2713 1613 2738 Tum
1624 2711 1768 2746 herniosus,
1787 2717 1838 2737 tum
1852 2710 1965 2747 diffipato
1972 2717 2126 2748 patrimonio
2139 2725 2177 2741 ex-

31 2750 120 2786 absunt
133 2755 200 2778 inter
208 2752 237 2787 se
254 2751 320 2778 Plin.
334 2751 412 2786 Epist.
425 2753 449 2783 6,
485 2771 493 2778 .
530 2771 536 2777 .
573 2771 579 2778 .
679 2760 682 2761 ⁷
1130 2753 1276 2786 peculatus,
1299 2755 1371 2784 atque
1383 2751 1448 2774 omni
1462 2757 1516 2786 aere
1532 2745 1671 2779 exhaustus.
1706 2746 1776 2780 Lifit
1794 2749 1856 2773 enim
1871 2748 1966 2775 Cicero
1975 2756 2022 2783 per
2031 2756 2179 2785 paronoma.

71 2792 159 2812 DIRE
169 2793 192 2812 Μ
203 2793 275 2814 Tvs
285 2807 293 2819 ,
322 2796 346 2819 a,
373 2797 425 2813 um.
462 2786 556 2813 Partic.
591 2784 794 2821 [δὶιηλημμένσς]
831 2788 934 2814 Lucret.
950 2796 971 2820 1,
987 2795 1025 2820 115
1046 2788 1075 2814 de
1129 2785 1194 2820 fiam
1210 2784 1333 2818 Dirupti,
1353 2786 1372 2810 i.
1388 2784 1515 2816 Herniost,
1536 2789 1560 2808 ct
1573 2781 1662 2808 diruti.
1735 2782 1862 2816 Diruptac
1874 2792 1968 2818 rupes,
1984 2791 2033 2819 pro
2046 2786 2177 2821 Abrupris.

12 2848 15 2854 .
32 2821 126 2849 Anima
139 2819 250 2857 quaerit,
269 2823 309 2848 An
324 2822 398 2848 simul
412 2822 523 2848 intereat
537 2821 674 2848 nobiscum
688 2828 774 2849 morte
789 2823 910 2849 direnita.
965 2823 1031 2849 Plin.
1046 2823 1074 2849 in
1135 2821 1196 2847 Liu.
1210 2825 1251 2851 28,
1287 2839 1294 2845 ·
1331 2839 1338 2845 ·
1373 2819 1433 2845 Pars
1447 2819 1562 2845 maxissm
1576 2818 1689 2844 inermes
1702 2826 1747 2851 per
1761 2817 1834 2844 inuia
1848 2824 1873 2845 et
1886 2828 1962 2853 rupes
1977 2820 2093 2854 diruptas
2106 2831 2178 2855 prae-

32 2857 173 2890 Paneg.32,
188 2865 197 2883 1
218 2857 274 2891 Qi'i
286 2857 426 2884 dii-emtam
437 2857 504 2885 mari
518 2863 620 2891 gentem
635 2864 662 2883 vt
673 2865 774 2891 partem
785 2858 900 2892 aliquam
914 2858 1005 2892 populi
1020 2858 1072 2892 ple-
1136 2857 1271 2890 cipitantes
1288 2855 1422 2889 fugerunt.
1479 2855 1520 2881 Sic
1532 2853 1665 2880 Ainniian.
1679 2861 1723 2885 29,
1739 2861 1751 2886 5
1769 2863 1793 2888 p.
1807 2855 1858 2887 624
1883 2856 1959 2881 Gran.
1986 2856 2090 2882 Montes
2104 2858 2177 2884 diru-

33 2889 129 2927 bisque
138 2892 272 2926 Romanae
286 2893 368 2918 aleret
380 2903 408 2919 ae
420 2899 548 2919 tueretur.
569 2895 586 2918 i.
602 2894 758 2927 Separatam,
778 2899 801 2919 et
814 2890 974 2919 damnatam.
1012 2893 1072 2919 Liu.
1088 2900 1119 2928 75
1135 2892 1186 2926 ptis
1199 2889 1310 2925 rupibus
1325 2889 1449 2916 inacceffi.
1682 2887 1702 2925 'ff
1723 2897 1740 2916 α.
1776 2890 1889 2924 Metapa«.
1910 2891 2086 2925 implacabilis
2100 2900 2124 2919 et
2139 2894 2178 2920 di-

33 2934 75 2960 25,
111 2947 118 2953 .
155 2947 161 2953 .
197 2929 254 2954 Vna
272 2928 386 2961 profe6H
405 2929 484 2954 ambo
503 2928 596 2958 duces,
616 2928 814 2963 exercitusque,
835 2928 977 2955 Celtiberis
999 2938 1072 2962 prae.
1136 2932 1227 2962 ruptus
1248 2925 1287 2952 Id.
1302 2933 1347 2960 27,
1361 2933 1394 2951 11.
1414 2934 1439 2951 υ.
1454 2923 1477 2951 b.
1490 2925 1508 2951 Ι.
1523 2925 1629 2951 Gronou.
1640 2930 1746 2959 etpater
1759 2925 1835 2951 Gran.
1851 2926 1908 2961 obs
1925 2934 1944 2959 1,
1958 2929 1982 2953 6.

35 2960 231 2996 gredientibus,
250 2964 282 3000 ad
300 2963 393 2990 vrbem
408 2965 553 2998 Anitorgin
572 2963 601 2990 in
615 2964 754 2998 conspetiiu
772 2963 904 2997 hostium,
930 2963 1072 2991 dirimente
1172 2969 1190 2989 D
1207 2970 1216 2988 1
1231 2969 1250 2988 R
1266 2968 1288 2987 v
1302 2969 1318 2988 P
1332 2968 1352 2987 T
1368 2969 1378 2987 1
1393 2966 1412 2987 Ο
1427 2980 1437 2993 ,
1466 2960 1532 2987 finis.
1560 2960 1580 2986 f.
1637 2961 1688 2992 Vt,
1715 2961 1867 2995 Corporum
1884 2962 2004 2996 diruptio
2034 2963 2092 2989 Seri.
2114 2963 2175 2990 Nat.

35 3006 126 3029 amne,
148 3005 248 3033 ponunt
260 2999 349 3025 castra.
1135 2998 1242 3031 Qiaest.
1261 3006 1286 3029 2,
1306 3004 1339 3029 15.

71 3039 90 3059 D
100 3032 195 3060 IRE‘M
205 3041 290 3065 TVS,
315 3033 354 3060 t'is.
380 3044 415 3060 m.
453 3035 466 3068 [
480 3031 590 3063 διοίληψις
604 3035 615 3068 ]
652 3034 788 3069 Separatio.
824 3035 880 3061 Cic.
901 3035 983 3061 Tusc.
1005 3044 1025 3067 1,
1045 3042 1074 3070 71
1174 3040 1193 3060 D
1203 3040 1240 3059 1R
1250 3040 1268 3057 v
1278 3038 1382 3064 Nelo,
1395 3034 1448 3057 are.
1469 3030 1570 3061 Festus,
1590 3030 1765 3063 Dirunciunt,
1780 3031 1933 3066 depurgant.
1952 3032 2006 3058 Aut
2020 3030 2053 3065 ist
2072 3034 2176 3060 Vei-bimi

31 3075 58 3097 vt.
71 3076 101 3101 29
120 3068 161 3096 Est
179 3069 253 3096 enim
272 3070 394 3096 interitus
408 3069 479 3104 quasi
493 3069 610 3095 discessus
625 3075 650 3096 et
672 3070 780 3096 secretio
800 3079 828 3095 ac
842 3070 970 3097 direnitus
983 3079 1075 3097 earum
1090 3073 1121 3100 80
1136 3070 1306 3105 agriculturae
1318 3070 1463 3102 antiquum,
1480 3076 1495 3092 a
1508 3067 1598 3093 Runca
1610 3065 1751 3099 deduflizm,
1771 3067 1835 3101 quod
1853 3065 2039 3099 instrumentum
2053 3071 2124 3094 aiunt
2137 3078 2176 3094 cx-

34 3103 234 3164 ssartiuni,quae
248 3112 306 3132 ante
319 3106 461 3133 interitum
475 3104 613 3131 iunctione
633 3105 721 3140 aliqua
733 3105 900 3132 tenebantur.
935 3108 1039 3142 Legitur
1052 3113 1076 3133 ct
1136 3104 1248 3130 eiciendis
1267 3103 1372 3130 dumetis
1389 3102 1515 3133 idoneum,
1543 3101 1607 3128 vnde
1627 3106 1700 3128 etiam
1717 3102 1816 3128 verbum
1836 3102 1969 3129 Runcare:
1997 3110 2040 3130 aut
2051 3104 2177 3139 legendum

61 3145 166 3173 ireptus.
285 3141 287 3143 ’
1136 3139 1313 3171 Deruncinat,
1332 3147 1359 3164 v.
1371 3147 1396 3164 υ.
1491 3140 1493 3142 ’

75 3180 287 3208 DlREM'rIO,
312 3176 381 3202 onis.
408 3176 428 3202 f.
464 3175 635 3211 [nagida-ocris]
671 3176 792 3203 Celerius
809 3176 844 3203 est
864 3176 917 3203 fine
934 3176 1075 3211 reprehen-
1175 3181 1316 3206 D1RVO,
1343 3174 1383 3206 ui,
1403 3173 1495 3205 i’itum,
1517 3173 1570 3199 ere.
1608 3172 1762 3207 [καθαιρέω,
1790 3170 1963 3205 maedam,
1982 3173 2076 3206 ἐξείπω,
2096 3184 2175 3200 κατα-

41 3206 110 3247 sione
125 3210 301 3245 propinquum
316 3217 445 3244 auertere,
459 3220 538 3246 quam
552 3220 681 3238 amicum:
707 3213 770 3246 quia
783 3213 864 3239 altera
884 3212 1010 3238 diremtio
1024 3213 1075 3238 ini·
1139 3211 1254 3244 σκάπτω]
1289 3212 1412 3236 Disiz'cere
1418 3207 1549 3245 fignificat
1562 3215 1585 3234 et
1597 3210 1710 3234 Eucrtcre
1723 3215 1796 3243 atque
1807 3205 1944 3240 Deliruere.
1982 3208 2047 3234 Ter.
2064 3208 2138 3235 Adel.
2152 3216 2176 3242 5,

42 3244 163 3281 mutatis,
182 3245 261 3273 altera
272 3247 364 3281 vtique
379 3247 494 3273 leuitatis
507 3247 614 3273 crimini
628 3247 744 3274 subiecta
758 3248 794 3274 est
812 3248 869 3274 Val.
879 3249 949 3274 Max.
963 3256 991 3280 4,
1003 3255 1020 3282 7
1030 3255 1073 3282 pr.
1092 3246 1130 3280 85,
1137 3255 1164 3282 7,
1180 3255 1208 3272 10
1232 3247 1306 3272 Hanc
1320 3245 1348 3271 in
1363 3244 1444 3271 horto
1460 3243 1600 3270 maceriem
1614 3243 1677 3271 iube
1691 3243 1770 3270 dirui.
1841 3243 1901 3269 Liu.
1916 3252 1936 3274 1,
1949 3251 1982 3275 29
2011 3244 2065 3268 Iam
2085 3244 2176 3278 fragor

43 3277 157 3318 0101119
169 3280 252 3308 Planc.
267 3291 297 3315 ¹4
316 3282 395 3309 Nihil
412 3283 466 3309 iam
481 3283 517 3308 est
532 3282 603 3317 quod
619 3283 718 3317 populo
732 3283 899 3318 supplicetur,
920 3282 987 3309 nihil
1003 3283 1075 3317 quod
1137 3281 1287 3313 tetiiorum,
1321 3289 1388 3315 quae
1411 3279 1599 3310 diruebantur,
1635 3279 1735 3305 vltimis
1764 3278 1837 3305 vrbis
1866 3279 1981 3313 partibus
2009 3278 2175 3307 audiebatur.

43 3312 182 3351 diremtio,
206 3316 274 3343 nihil
291 3318 363 3352 quod
384 3318 539 3353 supplicatio
557 3318 773 3352 magistratuum,
802 3318 967 3346 renuntiatio
987 3318 1075 3345 suffra-
1138 3317 1204 3344 Plin.
1218 3326 1259 3350 34,
1274 3326 1285 3349 3
1306 3317 1421 3342 Diruere
1433 3315 1604 3342 Corinthum.
1674 3315 1730 3340 Cic.
1746 3323 1794 3349 pro
1810 3315 1898 3340 Domo
1912 3315 1954 3339 sua
1969 3320 2011 3347 137
2030 3314 2126 3341 Euerso
2139 3321 2176 3342 at-

42 3356 149 3387 gioruin
163 3351 326 3386 exspectetur.
397 3353 445 3381 Sed
462 3355 494 3381 al.
508 3353 641 3381 Diribitio
668 3365 694 3381 υ.
714 3364 739 3381 v.
756 3354 804 3391 fich
836 3360 1016 3381 DiRiBEo:
1041 3355 1075 3381 al.
1139 3362 1190 3388 que
1213 3352 1300 3380 eied‘to
1319 3353 1412 3378 Senatu
1431 3350 1562 3382 dii-ueris,
1587 3348 1747 3381 aedificaris,
1772 3357 1816 3376 etc.
1891 3349 1952 3375 Silu.
1968 3356 1990 3380 5,
2010 3368 2016 3374 .
2041 3369 2047 3375 .
2068 3350 2176 3376 Coritlii

40 3383 173 3424 Dlsel‘th-
1138 3398 1206 3415 nunc
1228 3389 1315 3414 diruat
1335 3388 1436 3413 Arcem.
1508 3386 1588 3411 Fores
1603 3384 1708 3411 diruere
1738 3386 1855 3419 Propert.
1876 3392 1904 3416 4,
1926 3392 1964 3416 io,
1985 3392 2023 3416 14.
2093 3385 2175 3412 Ouid.

79 3425 248 3460 D1R1P10‚
274 3423 311 3456 ui,
335 3430 434 3459 eptum‚
461 3426 514 3453 ere.
551 3423 706 3460 [ἔαρι-ἄξω,
726 3422 777 3458 §lym
796 3424 838 3459 ⁷43)
856 3426 934 3460 φέρω,
956 3424 1074 3460 κεραὶξω]
1089 3430 1124 3455 90
1139 3426 1204 3452 Met.
1220 3433 1254 3456 12,
1268 3432 1306 3456 551
1332 3424 1362 3449 Et
1376 3421 1522 3448 immeritas
1534 3420 1628 3453 vrbes,
1647 3420 1775 3455 Elinque,
1794 3420 1935 3453 Pylumque
1971 3419 2070 3446 Diruit.

41 3454 74 3480 In
88 3453 197 3489 dciaersas
205 3459 290 3489 partes
303 3466 402 3494 rapere,
425 3467 455 3486 vt
468 3459 503 3496 fig
516 3463 542 3486 in
556 3461 652 3486 urbium
671 3464 858 3496 expugnatione.
887 3460 996 3489 ,Gellius
1010 3469 1031 3492 3,
1046 3469 1075 3487 10
1175 3467 1193 3486 D
1207 3467 1215 3486 1
1227 3458 1275 3486 RV
1283 3465 1334 3484 TV
1344 3466 1356 3485 s
1367 3478 1375 3490 ,
1395 3467 1419 3490 a,
1438 3466 1492 3484 um.
1528 3457 1620 3483 Partic.
1663 3457 1712 3488 Vt,
1734 3456 1827 3481 Diruta
1841 3454 1952 3480 Arbusta
1969 3455 2043 3489 Virg.
2059 3456 2123 3483 Aen.
2138 3466 2176 3489 10,

41 3489 113 3516 Nam
126 3498 208 3523 quum
221 3491 342 3524 oppidum
355 3495 541 3522 Tholosanum
554 3496 583 3522 in
597 3495 674 3522 Italia
687 3497 723 3529 Q
738 3496 821 3531 Cepio
835 3496 932 3522 Consul
951 3496 1076 3530 diripuis-
1138 3498 1192 3528 363.
1246 3495 1320 3521 Muri
1341 3494 1409 3528 Nep.
1422 3501 1446 3526 9,
1459 3501 1486 3526 4,
1500 3500 1521 3525 5.
1593 3491 1648 3518 Cic.
1662 3492 1700 3525 Q
1712 3492 1781 3517 Frat.
1797 3499 1815 3520 1,
1830 3499 1840 3516 1
1855 3499 1875 3515 c.
1890 3495 1902 3519 8
1921 3489 2019 3517 Multas
2032 3491 2077 3517 abs
2090 3498 2115 3518 te
2128 3492 2177 3519 effe

41 3525 95 3556 set,
113 3524 280 3560 multumque
294 3529 349 3555 auri
360 3530 387 3556 in
398 3531 454 3557 eius
465 3529 558 3566 oppidi
570 3531 675 3565 templis
690 3531 785 3558 fuiffet.
841 3531 896 3558 Cic.
910 3533 982 3558 Fam.
998 3534 1034 3562 16,
1046 3540 1075 3558 12
1139 3532 1261 3557 liberatas
1274 3529 1350 3557 vrbes
1359 3549 1366 3562 ,
1385 3528 1532 3563 complures
1548 3526 1647 3553 dirutas
1660 3535 1688 3553 ac
1703 3535 1783 3560 paene
1797 3525 1917 3552 desertas.
1989 3526 2077 3560 Regna
2089 3527 2178 3555 diruta

41 3559 142 3601 Donios
156 3559 256 3587 nostras
277 3565 419 3602 etvpatriam
433 3566 530 3601 ipsam,
552 3567 595 3594 vel
609 3566 786 3601 diripiendam
805 3567 847 3593 vel
861 3567 1074 3594 inflammandam
1138 3568 1254 3601 Propere.
1267 3574 1293 3597 2,
1307 3571 1342 3598 18,
1357 3572 1397 3599 54.
1468 3563 1593 3590 Dirutum
1606 3570 1664 3589 aere
1676 3561 1790 3587 militem
1803 3560 1925 3587 dicebant
1937 3561 2056 3596 antiqui,
2076 3564 2119 3589 cui
2133 3563 2177 3590 sti-

41 3594 208 3629 rehqfflmus·
260 3597 303 3623 SIC
315 3596 432 3632 Diripere
445 3601 522 3628 vrbes
532 3622 541 3635 ,
573 3603 690 3637 diripere
705 3602 791 3635 bona,
812 3602 930 3636 diripere
951 3602 1073 3637 praedam
1090 3609 1122 3635 95
1138 3601 1263 3636 pendium
1277 3600 1440 3634 ignominiae
1454 3599 1528 3625 causa
1544 3607 1598 3624 non
1611 3602 1665 3623 erat
1677 3596 1781 3623 datum:
1799 3595 1869 3630 quod
1882 3605 1923 3622 aes
1937 3596 2092 3624 diruebatur
2106 3599 2134 3624 iii
2147 3599 2176 3626 fi-

41 3630 113 3671 Caes.
130 3631 158 3671 B.
174 3631 204 3658 C.
218 3639 240 3664 3,
254 3639 288 3663 31.
360 3633 427 3669 Serg.
446 3637 528 3664 Galba
541 3637 685 3672 diripuerat
700 3638 835 3664 Lusitanos
868 3639 936 3673 Nep.
952 3647 996 3670 24,
1010 3646 1033 3670 3,
1047 3647 1074 3670 4.
1138 3639 1224 3669 scum,
1242 3645 1296 3662 non
1309 3637 1338 3662 in
1351 3635 1444 3662 militis
1458 3634 1596 3661 sacculum.
1632 3631 1726 3658 Festus.
1783 3632 1856 3667 Conf.
1865 3633 1943 3658 Varr.
1956 3640 1996 3667 ap.
2010 3633 2080 3659 Non.
2096 3643 2130 3666 12,
2138 3642 2175 3667 53.

42 3667 97 3692 Cic.
109 3666 222 3707 Philipp.
237 3675 270 3706 11,
282 3675 301 3700 4
325 3667 410 3694 Alteri
419 3671 444 3710 se
453 3672 547 3699 Brutus
559 3673 673 3704 obiecit,
692 3673 873 3709 impetumque
889 3674 1016 3704 furentis,
1037 3679 1075 3700 at·
1137 3673 1203 3700 Plin.
1217 3681 1257 3705 34,
1273 3681 1282 3698 1
1292 3671 1480 3706 paliarduini.
1499 3669 1638 3707 CieYerr.
1646 3675 1668 3699 5,
1683 3675 1711 3699 35
1719 3675 1741 3693 c.
1750 3675 1774 3700 13
1782 3667 1901 3703 dequibus
1909 3667 2002 3694 diHum
2010 3672 2037 3694 in
2045 3678 2100 3695 voce
2108 3676 2175 3696 AES-

40 3710 92 3741 que
106 3711 196 3729 omnia
211 3703 343 3729 Diuexare
352 3709 401 3743 ,tet
413 3703 526 3740 diripere
539 3709 667 3743 cupientis
676 3709 748 3736 vitae
761 3710 820 3735 suae
834 3709 955 3743 periculo
969 3708 1075 3742 colliga·
1173 3714 1192 3734 D
1203 3715 1238 3734 1R
1247 3715 1267 3734 v
1277 3714 1298 3733 T
1309 3714 1354 3734 01³
1366 3726 1372 3737 ‚
1393 3707 1457 3732 oris.
1478 3714 1512 3730 in.
1548 3704 1660 3728 Hieron.

40 3743 98 3776 vit,
121 3745 136 3763 a
150 3739 282 3772 progreffii
303 3744 404 3770 arcun,
424 3747 439 3764 a
457 3741 543 3768 reffitu
559 3745 715 3771 κςκῃᾶῃίί..
787 3744 860 3771 Idem
874 3753 922 3778 pro
936 3745 1004 3778 Lege
1018 3744 1075 3769 Ma„
1174 3750 1277 3772 DJRVS,
1291 3751 1320 3774 a,
1333 3751 1388 3768 um.
1404 3741 1462 3767 Adi.
1483 3738 1633 3773 [ἐπώρα-τος,
1647 3740 1810 3770 παλαμναῖος,
1825 3736 1891 3764 damis
1899 3738 1956 3773 GL]
1976 3739 2027 3764 Dei
2040 3739 2080 3765 ira
2093 3746 2175 3771 natur,

41 3772 89 3798 nil.
102 3779 134 3807 57
155 3774 247 3807 Qiuin
258 3774 355 3800 caeteri
367 3773 399 3800 ad
414 3774 567 3808 Expilandos
580 3780 675 3812 socios,
689 3780 903 3815 diripiendasque
917 3779 1074 3814 prouincias,
1083 3791 1129 3809 100
1137 3782 1220 3815 inquit
1232 3778 1329 3806 Festus.
1366 3779 1427 3804 Sunt
1439 3778 1481 3810 qui
1494 3784 1508 3799 a
1522 3773 1571 3798 deo
1588 3772 1676 3799 dirum
1691 3772 1819 3799 drdublum
1833 3771 1984 3806 enfil-mant,
2002 3775 2047 3800 hoc
2058 3774 2100 3806 est,
2122 3783 2174 3800 cru.

43 3815 109 3840 quos
121 3808 278 3842 voluerunt,
297 3810 394 3843 legatos
408 3809 553 3837 eduxerint.
621 3817 652 3841 Et
664 3816 717 3842 Att.
732 3823 755 3848 ς,
768 3824 802 3842 20
832 3815 875 3842 Ibi
887 3815 942 3841 dies
956 3816 1075 3850 quinque
1117 3817 1119 3819 '
1138 3815 1204 3846 dele,
1222 3812 1354 3849 infestum,
1378 3819 1401 3838 et
1414 3809 1479 3846 quasi
1493 3809 1589 3834 deorum
1602 3811 1641 3834 ira
1660 3807 1796 3842 immiffiaem.
1849 3809 1954 3836 Seruius
1968 3809 2001 3834 od
2012 3810 2075 3835 Aen.
2096 3819 2117 3841 3.
2130 3816 2175 3840 235

42 3843 153 3882 morati,
185 3844 295 3879 Direpto
316 3851 341 3871 et
360 3844 459 3871 vastato
478 3847 595 3880 Amano,
628 3849 789 3878 distesshnus,
873 3851 1015 3878 Pentheum
1036 3850 1075 3876 di-
1139 3850 1231 3877 Sabini
1246 3855 1271 3875 et
1284 3848 1395 3879 vmbri,
1419 3854 1484 3879 quae
1504 3853 1551 3870 nos
1565 3843 1647 3874 mala,
1669 3843 1724 3870 dira
1743 3844 1881 3878 appellant.
1954 3845 2027 3877 Virg.
2042 3845 2137 3877 Georg.
2151 3852 2174 3875 3,

42 3878 146 3916 ripuili‘e
159 3879 232 3906 aiunt
244 3880 353 3907 Bacchas
379 3880 462 3907 Plaut.
480 3880 563 3908 Merc.
575 3890 639 3916 2‚,4‚
653 3893 671 3910 1.
686 3889 704 3912 i.
718 3885 874 3922 discerpfiffi‘.
944 3886 984 3913 Ad
997 3893 1022 3912 te
1035 3886 1075 3912 di·
1139 3888 1192 3919 469
1211 3885 1285 3910 Prius
1301 3892 1379 3917 quani
1415 3881 1479 3907 Dira
1493 3888 1538 3913 per
1551 3879 1685 3905 incautum
1699 3880 1800 3920 serpant
1812 3881 1932 3914 contagia
1944 3880 2045 3918 vulgus.
2117 3878 2172 3917 Cic.

41 3912 192 3944 ripiendum
222 3913 260 3941 Id.
272 3917 351 3943 Poen-
372 3924 394 3948 3,
407 3924 430 3948 3,
446 3924 484 3948 32.
564 3919 627 3943 Aras
647 3917 777 3955 diripere,
799 3922 937 3954 Deiicere,
956 3921 1074 3956 dissipare
1139 3922 1169 3947 de
1183 3919 1274 3953 Legib.
1289 3928 1311 3950 a,
1325 3927 1352 3944 21
1366 3927 1387 3943 c.
1400 3921 1413 3945 8
1446 3917 1573 3950 Qaeque
1593 3923 1676 3948 augur
1697 3915 1791 3941 iniusta
1801 3934 1808 3945 ,
1831 3915 1945 3946 nefasta,
1972 3914 2082 3945 Vitiosa,
2107 3913 2173 3943 dira,

42 3947 116 3982 Virg.
129 3948 194 3976 Aen.
204 3958 250 3988 ‘¹²7³
263 3956 318 3984 283.
352 3951 468 3979 Seruius.
538 3952 696 3989 Longusque
708 3956 854 3985 afontibus
867 3957 959 3986 Amnis
971 3957 1074 3994 Diripi-
1084 3964 1128 3992 105
1137 3955 1274 3988 defixerit,
1300 3954 1376 3980 irrita
1386 3951 1542 4014 ginsestaque
1568 3950 1686 3982 (infecta
1703 3952 1754 3983 al.)
1782 3951 1867 3977 sunto.
1936 3948 2010 3975 Idem
2030 3948 2061 3974 de
2081 3948 2174 4016 Diui2n9.

2117 4002 2124 4014 ,
