2479 4225
88 183 134 223 45
433 165 471 206 D
553 162 589 204 Ε
676 163 710 202 F

90 257 180 286 Tacit.
192 256 260 284 Hist.
269 264 297 289 4,
311 263 351 289 34.
387 253 488 281 Afferre
501 253 530 279 in
546 251 737 281 defenfionem,
761 248 813 274 vid.
839 255 861 276 A
869 254 887 288 ι·
897 254 912 274 r
924 254 937 273 L
948 253 967 288 n
978 255 1007 275 o.
1042 248 1121 274 Com.

90 293 192 328 parabit
212 290 387 318 defensionem
404 298 436 315 ex
455 288 685 314 constitutionibus
703 284 736 310 ab
756 283 849 324 aftore
868 283 982 323 induciis
1001 283 1122 310 defensor

91 329 146 355 Cic.
155 328 186 354 de
197 328 333 358 Inucnt.2,
368 345 375 351 .
412 343 419 351 .
456 325 599 350 Contcrcre
611 319 787 349 defensionem
794 318 947 349 oblunonc,
966 319 1020 344 uid.
1034 325 1050 344 c
1060 326 1079 344 0
1089 326 1121 344 Ν.

91 371 113 391 'r
122 370 137 389 Ε
147 370 166 390 R
175 368 207 389 Ο.
278 362 333 387 Cic.
346 369 395 394 pro
408 359 502 386 Milon.
539 379 546 385 .
583 378 590 385 .
626 356 696 382 Nam
710 354 756 388 qui
769 363 823 379 non
835 363 946 388 poenam
960 354 1121 384 confeffioni‚

91 399 136 425 scd
155 396 331 424 defensionem
344 394 440 427 Dedit,
460 395 482 421 is
496 396 597 421 causant
610 390 733 417 interitus
751 389 942 424 quaerendam,
961 399 1015 416 non
1031 390 1122 416 interi·
1145 396 1160 421 5

91 440 147 460 tum
160 433 272 468 putauit.
345 430 470 457 Defistcre
484 439 498 456 a
511 426 656 456 defensione
682 425 759 451 *Caes-
772 425 801 451 -B-
824 425 854 451 C.
871 433 893 455 2,
908 433 943 450 12.
1015 425 1121 452 Habere

92 468 271 495 defensionem
290 467 317 493 in
336 465 437 491 iudicio
466 467 520 493 Cic,
540 464 619 490 Bruto
641 468 677 486 12.
766 460 912 486 Patefacerc
932 460 1121 492 defensionem,

91 503 147 530 vid.
175 509 190 529 P
201 510 220 530 A
231 509 252 529 'r
262 509 278 529 E
286 509 303 529 F
311 508 332 529 A
342 508 358 528 C
367 509 376 527 ι
386 508 416 527 0.
485 499 592 527 Causam
606 495 713 522 dubiam
732 495 818 521 facere
830 495 986 522 defensionis
1005 496 1122 522 solicitu-

90 539 154 566 dine
174 537 332 572 Qiinffila,
343 545 370 562 10
385 546 408 571 p.
418 545 462 569 109
475 536 502 562 B.
573 531 628 557 Cic.
643 539 692 565 pro
704 530 801 556 Milon.
821 550 827 556 .
849 551 855 556 .
883 531 978 565 Neque
989 531 1119 558 auxilium

92 573 173 602 modo
186 572 331 600 defensioni
344 581 431 604 meac,
446 577 537 597 verum
550 567 629 593 ctiam
641 566 772 592 silentium
785 565 953 592 l’ollicentur.
1007 566 1120 592 Probare
1140 579 1168 597 10

91 609 268 636 defensionem
280 608 351 634 suam
363 605 493 641 aliquibus
507 602 582 629 Idem
594 611 642 636 pro
656 601 751 627 Milon.
789 620 796 626 .
832 621 838 627 .
885 602 1019 636 Suscipere
1033 602 1121 628 defen.

92 645 191 672 sionem
203 643 337 677 dignitatis
349 642 470 672 alicuius,
489 639 554 664 etin
567 646 595 664 ea
610 645 763 671 permanere
788 636 827 662 Id.
843 638 914 663 Fam.
928 642 951 666 8.
1002 637 1068 663 Add.
1083 638 1120 664 ib.

116 672 119 677 ’
523 674 618 708 Neque
632 682 699 698 nunc
713 679 765 698 tam
777 672 845 698 milii
860 672 1021 698 istiVerrcm
1033 673 1123 700 defen-

94 689 114 713 1,
126 689 151 713 9.
220 679 275 706 Cic.
290 680 363 705 Verr.
376 686 401 709 2,
436 695 443 702 .
480 693 486 700 ·
1076 708 1120 734 V(

1112 717 1122 734 1

92 716 157 742 dere
172 714 311 746 videntur,
330 720 406 748 quam
419 710 446 736 in
465 710 549 735 Verre
561 707 718 735 defensionis
736 713 836 734 tentare
857 706 1005 734 Rationem.

93 749 243 778 defenfione
255 750 342 784 aliqua
357 747 428 774 Idem
442 745 518 784 Verr.
532 752 551 776 4
563 747 602 775 (ε)
617 752 641 783 c.
652 752 697 783 ¹0⁸.
764 778 768 782 Δ
969 777 974 782 ι
1142 758 1167 784 ι,

129 793 148 812 D
156 791 173 811 Ε
182 792 197 812 F
206 791 222 811 Ε
231 793 251 811 N
261 791 274 811 s
286 792 307 811 Α
315 790 335 810 T
344 789 363 809 R
371 789 381 807 1
389 788 407 808 x
415 800 424 813 ,
454 788 513 806 icis.
543 779 563 805 f.
610 780 667 805 Cic.
689 787 717 804 m
730 778 848 805 Timaeo
869 776 901 804 dc
921 778 1045 805 Vnmers.
1064 775 1122 811 teste

91 821 223 848 Prisciano
244 830 268 855 p.
283 826 336 853 243.
481 849 487 854 ,
789 848 795 853 ⁴
969 848 974 852 ,
1015 848 1020 852 ,

127 863 147 883 D
157 862 172 882 Ε
182 863 197 882 F
207 862 222 881 E
232 864 253 882 N
261 861 302 881 SA
310 859 327 879 C
336 849 357 879 ὅ
365 858 381 877 L
390 856 445 877 VM
453 869 461 882 ‚
478 859 497 877 1.
517 858 543 880 n.
579 848 701 877 Adhelm.
716 848 747 875 de
760 849 836 882 V1rg.
850 857 871 874 c.
886 857 916 881 41
946 847 1023 874 Fidei
1035 848 1123 875 defen-

93 891 180 918 saculo
199 891 288 918 fretus.

128 925 409 953 DfipgNsdmvs,
440 930 465 953 a,
497 929 550 947 um.
587 919 647 946 Adi.
683 918 802 946 Tertull.
821 918 922 945 aducrf.
937 919 1019 946 Marc.
1039 927 1066 955 2,
1085 929 1124 953 14.
1142 928 1177 946 20

92 962 160 989 Add.
174 961 242 988 Vitr.
257 966 341 990 ¹0‚.19·
368 960 395 983 in
408 957 528 982 lemmate.

128 1004 148 1024 D
156 1003 172 1024 E
180 1003 219 1023 PE
229 1001 249 1020 Ν
258 1001 271 1021 s
281 1001 289 1021 1
298 999 319 1018 T
328 999 350 1020 Α
358 998 380 1018 Τ
388 999 398 1018 1
409 997 428 1018 Ο
439 1011 447 1023 ,
471 992 539 1017 bnis.
559 991 579 1017 f.
616 989 753 1026 Augustin.

129 1035 338 1059 varannae,
365 1027 417 1053 vid.
445 1033 659 1054 ncraavro.

127 1073 171 1094 DE
179 1071 245 1092 FER
253 1071 271 1091 O
279 1084 287 1096 ,
307 1064 370 1095 fers,
387 1062 447 1094 tuli,
467 1063 560 1092 latum,
579 1062 658 1088 ferre.
694 1058 890 1094 [κατοικομιξω]
905 1096 909 1100 ν
927 1061 964 1086 De
976 1061 1027 1087 Ioco
1039 1063 1066 1086 in
1078 1062 1137 1087 oli--

94 1111 134 1129 um
146 1101 226 1137 ferre.
261 1100 342 1125 Plaut.
355 1097 448 1132 Amph.
464 1106 489 1130 2,
504 1107 528 1130 2,
542 1100 576 1130 69
607 1095 680 1130 Quia
694 1095 711 1121 si
729 1102 836 1135 etportu
849 1104 924 1121 nauis
937 1095 987 1122 huc
1002 1105 1049 1122 nos
1064 1096 1125 1123 dor·
1142 1103 1173 1129 ις

93 1137 200 1163 micntes
212 1135 320 1161 detulit?
377 1133 559 1160 Deferrinaui
578 1132 611 1159 ad
637 1131 773 1158 vlterions
795 1130 882 1157 Rheni
911 1130 991 1163 litus,
1010 1132 1075 1158 laud.
1095 1141 1124 1157 ex

93 1172 157 1199 Plin.
171 1176 193 1203 8,
206 1179 242 1203 19.
311 1168 422 1196 Deferre
434 1169 521 1196 literas
534 1168 615 1195 alicui
644 1167 717 1193 Idem
730 1166 857 1193 Trinum.
877 1175 904 1199 4,
917 1175 938 1197 2,
954 1174 1009 1201 107.
1047 1168 1078 1193 Et
1092 1166 1124 1193 ad

92 1207 206 1242 aliquem
237 1205 309 1232 Caes.
322 1205 350 1231 Β.
366 1205 397 1231 G.
410 1213 431 1236 ς,
444 1212 485 1237 45.
556 1205 652 1230 Dotem
665 1203 726 1229 viro
744 1201 837 1228 dicitur
849 1210 916 1228 vxor
947 1203 1029 1229 Plaut.
1041 1203 1123 1229 Merc.

91 1251 116 1274 2,
130 1251 148 1271 ι,
167 1249 193 1274 ις
205 1248 228 1267 et
240 1248 278 1275 17.
335 1239 445 1274 Aliquid
457 1239 488 1266 ad
501 1239 617 1274 aliquem
637 1238 711 1265 Idem
724 1237 792 1264 Afin.
806 1245 830 1270 ς,
843 1246 865 1270 2,
881 1245 917 1270 35.

90 1277 119 1304 in
130 1276 345 1311 aliquem-locum
374 1276 430 1301 Cic.
442 1276 495 1301 Att.
509 1284 546 1307 12,
583 1294 590 1301 .
627 1293 633 1300 .

91 1312 122 1340 In
139 1312 278 1346 abruptum
298 1310 450 1337 barathrum
481 1310 566 1337 Catul.
586 1312 627 1337 66.
643 1310 693 1341 (al.
706 1311 757 1343 67)
778 1314 829 1338 108·
865 1322 867 1325 .
902 1308 1033 1341 Qinffil.
1052 1318 1076 1341 1,
1097 1317 1124 1335 12

93 1347 224 1374 Videlicet
241 1352 269 1373 vt
283 1355 393 1381 corpora
412 1346 555 1372 infantium
568 1355 615 1372 nec
631 1346 716 1377 casus,
736 1353 789 1379 quo
803 1345 830 1372 in
846 1349 942 1370 terram
962 1344 1040 1370 toties
1055 1344 1126 1370 defe-

89 1390 198 1415 runtur,
222 1388 275 1408 tam
288 1382 405 1416 grauiter
417 1382 519 1416 affligit.
588 1381 700 1407 Deferat
716 1380 744 1406 in
764 1380 853 1406 vicum
871 1378 1028 1406 vendentem
1046 1386 1087 1406 tus
1100 1385 1126 1406 et

89 1418 185 1445 odores
205 1419 272 1444 Hor.
287 1417 366 1452 Epist.
378 1426 404 1449 2,
419 1426 440 1449 1,
455 1420 512 1450 269.
567 1417 678 1443 Deferre
692 1416 719 1442 de
732 1416 818 1447 rebus,
833 1425 891 1451 quoe
904 1424 989 1441 venum
1005 1423 1125 1451 exponun-

972 1239 1003 1264 Et
1022 1237 1126 1265 deferre

89 1460 142 1480 tur.
175 1453 232 1480 Vid.
249 1455 353 1480 Gronau.
367 1453 401 1478 ad
417 1452 476 1479 Liu.
491 1461 533 1487 34,
547 1461 572 1485 9.
609 1452 647 1479 Id.
662 1450 774 1484 Mantiffi
789 1453 843 1477 Per.
857 1458 906 1477 vet.
924 1460 945 1477 c.
964 1460 988 1485 5.
1025 1451 1126 1486 Salmafi
1142 1456 1171 1482 35

89 1489 123 1515 ad
134 1488 254 1515 Tertull.
269 1488 302 1514 de
315 1488 398 1515 Pallio
412 1498 436 1522 p.
448 1496 509 1521 454.
545 1489 648 1514 Petron.
663 1496 684 1513 c.
700 1495 733 1513 12.
803 1487 878 1520 Virg.
893 1486 945 1512 Ecl.
959 1491 981 1518 8,
995 1495 1025 1519 59
1052 1487 1126 1513 Prae-

89 1533 148 1559 ceps
161 1525 232 1551 aerei
245 1523 347 1558 specula
365 1524 398 1550 de
415 1525 515 1550 montis
531 1523 559 1549 in
577 1523 656 1550 vndas
669 1522 788 1549 Deferar.
857 1523 905 1548 Per
919 1520 1072 1556 praecipitia
1083 1521 1126 1548 de-

90 1560 158 1586 ferri
178 1559 308 1592 Quimstil.
325 1568 346 1591 1,
358 1567 395 1585 10.
432 1580 438 1582 .
467 1559 523 1585 Cic.
538 1559 570 1585 de
584 1560 686 1585 Inuent.
701 1566 727 1589 2,
749 1578 754 1583 .
776 1577 782 1583 .
808 1557 851 1584 Ne
865 1557 934 1583 forte
948 1558 1085 1587 varietate,
1100 1561 1127 1582 et

91 1595 299 1621 diffimilitudine
318 1604 407 1621 rerum
421 1594 547 1621 dedufius
566 1594 677 1620 alicuius
696 1594 798 1619 animus
816 1593 844 1618 in
857 1592 986 1626 quendam
1006 1600 1126 1617 errorem

90 1631 240 1658 Deferatur.
312 1631 374 1657 Liu.
389 1638 411 1662 ς,
447 1650 454 1656 .
491 1649 498 1655 .
886 1662 891 1666 .

91 1666 200 1692 deferri.
254 1666 380 1692 Defertur
392 1665 514 1693 Acheron
527 1665 555 1690 in
569 1664 652 1690 smum
664 1662 833 1688 Ambracium
855 1661 919 1688 le.
934 1670 962 1693 4,
978 1670 996 1687 1.
1051 1661 1126 1687 Idem

92 1708 129 1732 31,
142 1709 151 1725 1
171 1701 202 1725 In
215 1700 313 1726 caelum
327 1701 442 1734 migrare
454 1709 549 1734 aquas,
566 1699 733 1731 animamque
748 1698 827 1722 etiam
840 1696 930 1721 herbis
942 1695 1050 1720 vitalem
1063 1695 1125 1720 inde

92 1735 205 1760 deferre.
400 1733 420 1771 fl
447 1744 464 1761 2
508 1734 669 1766 Metaphoras
681 1735 781 1764 patitur
798 1733 946 1755 innumeras.
983 1729 1023 1755 Ad
1036 1737 1126 1762 quam-

91 1777 194 1802 cunque
207 1767 373 1801 disciplinam
387 1769 456 1801 quasi
469 1767 620 1800 tempestate
633 1765 733 1790 deferri
752 1765 807 1789 Cic.
822 1763 898 1802 Acad.
913 1772 941 1796 4,
979 1784 986 1790 .
1025 1783 1030 1789 .
1075 1764 1126 1790 De-

89 1803 161 1829 ferre
182 1801 296 1827 studium
314 1803 388 1827 suum
410 1808 435 1827 et
447 1801 566 1827 laborem
587 1800 619 1826 ad
633 1800 748 1832 aliquem
763 1818 771 1829 ,
795 1796 829 1830 ψ
848 1799 920 1825 Vltro
939 1798 973 1824 ad
991 1801 1126 1825 amicitiam
1135 1810 1169 1836 45

106 1846 235 1867 rouocare‚
259 1843 282 1862 et
301 1839 438 1862 amicitiam
456 1835 547 1868 ffrre
580 1835 635 1861 Cic.
652 1835 722 1860 Fam.
740 1835 767 1865 (ι,
787 1836 812 1859 6.
882 1833 955 1859 lde'm
969 1834 1040 1860 Fam.
1060 1836 1127 1866 6,ιο

84 1845 251 1899 (lniuersum
272 1870 387 1897 studium
400 1880 490 1897 meum
511 1877 536 1897 et
548 1869 762 1896 beneuolentiam
776 1868 807 1895 ad
821 1873 846 1894 te
860 1868 961 1896 defero.
1033 1871 1125 1896 Artem

89 1908 209 1939 deferre,
229 1911 247 1933 i.
258 1905 374 1942 profiteri
388 1913 412 1933 et
423 1916 438 1933 a
451 1905 599 1942 magistratu
612 1908 704 1941 copiam
720 1907 770 1930 eius
783 1905 928 1931 exercendae
935 1911 1029 1940 petere.
1067 1906 1126 1932 Vid.

90 1943 201 1971 Casaub.
219 1942 251 1969 ad
265 1943 372 1968 Sueten.
392 1951 416 1976 p.
432 1944 477 1968 166
498 1943 525 1968 B.
542 1951 565 1968 2.
637 1940 847 1971 Audioritatcm,
871 1940 996 1974 gratiam,
1027 1941 1126 1974 copias,

91 1988 153 2014 opes
166 1979 198 2005 ad
210 1977 319 2012 aliquod
333 1976 471 2012 negotium
482 1977 674 2004 conficiendum
688 1975 793 2003 deferre
804 1976 883 2002 alicui
910 1976 965 2001 Cic.
980 1984 1029 2009 pro
1043 1976 1124 2002 Flacc.
1136 1988 1167 2013 50

92 2024 130 2048 14.
183 2013 256 2040 Idem
271 2014 347 2039 Verr.
363 2022 384 2045 2,
399 2022 433 2045 29
462 2014 564 2039 Etenim
578 2021 672 2039 reuera
689 2011 776 2037 multo
793 2011 875 2045 magis
889 2011 924 2037 cst
937 2011 1077 2046 petendum
1092 2011 1125 2037 ab

91 2047 261 2080 hominibus,
281 2048 299 2074 fi
318 2048 384 2074 salui
404 2049 453 2074 effe
466 2047 604 2079 volumus,
625 2053 653 2074 vt
672 2053 730 2073 eant
750 2047 885 2073 nobiscum
903 2047 931 2072 in
950 2046 1126 2080 prouinciam,

92 2094 171 2120 quam
183 2084 232 2111 hoc
247 2084 299 2110 illis
312 2084 340 2110 in
355 2083 480 2110 beneficii
492 2083 551 2110 loco
565 2082 747 2109 deferendum.
819 2083 928 2109 Causam
942 2082 973 2108 ad
987 2087 1126 2115 patronum

92 2121 196 2151 deferre
215 2120 309 2146 dicitur
321 2119 450 2153 litigator,
469 2128 539 2155 quum
554 2128 603 2145 eum
619 2117 741 2154 consulit,
761 2124 784 2143 ct
795 2120 817 2143 ei
830 2114 1005 2150 controuersiae
1017 2117 1125 2143 ordinem

92 2161 304 2192 argumentumque
318 2158 431 2189 exponit:
450 2155 505 2181 Cic.
517 2156 591 2181 Verr.
607 2161 628 2187 5,
665 2173 672 2181 .

93 2200 147 2217 non
161 2191 213 2216 iam
227 2196 346 2224 recepta,
367 2189 410 2216 sed
425 2191 525 2217 innata:
545 2199 600 2216 non
614 2188 698 2216 delata
712 2188 743 2214 ad
756 2198 814 2220 me,
835 2188 877 2214 sed
896 2188 923 2214 in
937 2188 1027 2214 animo
1041 2189 1126 2214 sensu-

91 2235 145 2261 que
158 2234 218 2251 meo
231 2224 307 2251 affixa
321 2232 398 2260 atque
413 2225 496 2252 insita.
567 2225 640 2251 Idem
652 2233 701 2259 pro
715 2224 797 2250 Flacc.
810 2233 830 2249 c.
845 2233 878 2250 22
911 2225 986 2257 Qiae
1003 2223 1019 2249 si
1033 2224 1126 2250 ciuitas

92 2271 140 2296 per
160 2261 244 2287 bonos
265 2261 337 2288 viros
357 2270 501 2296 grauesque
519 2261 640 2288 homines
659 2260 778 2295 querelas
798 2260 830 2286 ad
849 2269 896 2285 vos
916 2260 1061 2292 detulisset,
1081 2267 1127 2286 etc.

93 2297 220 2330 Q1erelas
233 2296 265 2322 ad
278 2296 409 2331 aliquem,
425 2304 473 2332 pro
486 2298 564 2332 Qeeri
583 2297 643 2323 Liu.
657 2305 700 2330 29,
735 2315 743 2322 .
780 2315 786 2321 .
831 2296 871 2322 Sic
884 2296 957 2321 Caes.
972 2296 1000 2322 B.
1014 2295 1046 2321 G.
1061 2302 1084 2328 5,
1098 2300 1128 2324 28

93 2333 124 2358 C.
139 2332 279 2366 Arpineius
292 2338 318 2358 et
331 2333 421 2359 Iunius
436 2342 502 2367 quae
515 2332 670 2365 audierant,
691 2330 723 2358 ad
736 2331 834 2365 legatos
847 2331 978 2357 deferunt.

91 2374 182 2394 natum
195 2367 306 2395 Deferre
325 2367 381 2394 Cic.
394 2369 446 2394 Att.
460 2377 480 2401 1,
495 2370 531 2395 16.
602 2367 669 2394 Rem
683 2366 714 2393 ad
727 2367 853 2401 populum
871 2367 967 2393 detulit
988 2365 1062 2392 Idem
1076 2365 1127 2392 Off.

92 2411 105 2436 3
119 2412 139 2429 c.
153 2412 178 2434 31
194 2410 257 2429 extr.
300 2404 343 2430 Al.
355 2403 456 2430 retulit.
529 2403 586 2430 Cic.
603 2405 681 2430 Verr.
701 2413 719 2436 4
731 2412 752 2429 c.
765 2411 796 2434 39
822 2403 929 2436 Sopater
948 2403 1011 2427 flens
1031 2403 1129 2428 iterum

91 2437 125 2464 ad
137 2439 258 2465 Senatum
272 2438 367 2466 defert.
438 2439 510 2465 Idem
525 2440 595 2465 Fam.
615 2447 637 2470 3,
655 2444 668 2468 8
707 2438 755 2465 Tu
767 2447 827 2463 cum
847 2437 978 2464 eiusmodi
995 2438 1128 2463 sermones

93 2473 164 2506 ad‚te
183 2473 215 2500 de
228 2483 270 2499 me
284 2474 364 2500 delati
376 2475 449 2507 sunt,
480 2483 535 2501 non
551 2474 665 2500 debuisti
683 2473 798 2500 credere.
870 2474 944 2507 Virg.
957 2474 1022 2498 Aen.
1034 2481 1062 2505 4,
1076 2480 1128 2505 299

92 2509 188 2535 Eadem
201 2509 281 2542 impia
295 2509 364 2535 fama
379 2509 481 2536 furenti
515 2510 633 2542 Detulit,
653 2510 751 2536 armari
771 2509 887 2540 classem,
907 2509 1064 2542 cursumque
1084 2517 1127 2542 pa·
1141 2509 1172 2540 65

91 2544 156 2571 rari.
211 2545 309 2571 Animo
326 2545 476 2572 amicissimo
494 2544 598 2572 insidias
612 2545 693 2571 alicui
712 2550 812 2579 paratas
832 2545 858 2570 ei
877 2544 981 2570 deferre
1009 2544 1064 2570 Cic.
1079 2552 1127 2577 pro

63 2593 67 2597 —
93 2579 177 2606 Plane.
193 2588 248 2606 100.
282 2611 283 2614 Ἰ
319 2580 435 2607 Consilia
448 2581 479 2607 ad
492 2581 656 2607 aduersarios
683 2580 754 2606 [dem
769 2589 817 2614 pro
828 2580 931 2606 Cluent.
947 2588 997 2611 143.
1054 2579 1127 2605 Caes.

94 2613 124 2639 B.
136 2615 167 2640 C.
181 2623 201 2646 1,
215 2623 231 2646 9
263 2615 331 2641 Petit
347 2616 380 2641 ab
392 2623 521 2650 vtroque,
541 2616 646 2650 quando
666 2616 786 2650 Pompeii
799 2615 922 2641 Mandata
943 2615 974 2640 ad
988 2615 1013 2640 se
1027 2613 1127 2640 detule-

95 2649 164 2681 rint,
184 2658 217 2674 ne
231 2654 372 2682 grauentur
385 2650 428 2674 sua
440 2659 546 2683 quoque
558 2651 590 2676 ad
608 2659 667 2676 eum
683 2650 808 2684 postulata
822 2649 942 2680 deferre,
966 2648 983 2674 fi
998 2657 1079 2682 paruo
1093 2649 1126 2674 la-

93 2682 160 2712 bore
178 2692 282 2716 magnas
296 2684 484 2710 controuersias
503 2684 613 2715 tollere,
639 2691 718 2718 atque
730 2694 837 2710 omnem
854 2684 956 2710 Italiam
975 2689 1046 2709 metu
1060 2683 1126 2710 libe·
1134 2691 1170 2719 70

92 2726 151 2744 tare
168 2720 275 2752 possent.
310 2719 431 2745 Mandata
445 2719 477 2745 ab
492 2719 583 2753 aliquo
607 2719 663 2745 Cic.
678 2728 726 2753 pro
739 2719 809 2745 Sulla
845 2738 852 2745 .
890 2739 896 2744 .
930 2719 1066 2745 Nuntium
1079 2718 1127 2745 ali-

92 2753 136 2779 'cui
156 2753 229 2779 Idem
242 2762 291 2786 pro
305 2755 385 2780 Corn.
401 2753 491 2780 Balbo.
528 2773 535 2779 .
573 2773 579 2780 .
635 2754 675 2780 Ad
687 2754 866 2780 coniectorem
896 2753 934 2778 Id.
949 2752 980 2778 de
994 2753 1084 2778 Diuin.
1099 2761 1126 2784 2,

91 2797 145 2822 134.
204 2789 282 2814 Habet
295 2792 368 2814 etiam
379 2791 455 2816 Iocum
467 2792 494 2815 in
506 2790 590 2815 Censu
603 2789 761 2823 profitendo.
831 2789 890 2822 le.
911 2788 938 2812 in
951 2788 968 2813 l.
983 2788 1077 2813 Forma
1091 2787 1123 2814 D.

92 2823 124 2850 de
138 2823 277 2855 Censibus,
298 2824 392 2850 Forma
406 2824 518 2851 censuali
529 2831 651 2856 cauetur,
671 2830 700 2850 vt
719 2823 776 2858 agri
793 2822 825 2849 sic
842 2823 870 2848 in
888 2823 992 2848 censum
1009 2822 1126 2849 referan-

91 2864 146 2886 tur:
165 2868 262 2885 nomen
276 2859 352 2885 fundi
370 2859 498 2894 cuiusque
510 2866 536 2886 et
556 2860 584 2885 in
596 2868 646 2894 qua
660 2859 782 2891 ciuitate,
803 2864 827 2885 et
841 2859 868 2884 in
888 2867 940 2893 quo
953 2867 1019 2892 pago
1032 2857 1078 2890 fit,
1099 2862 1125 2884 et
1138 2865 1169 2894 75

92 2903 157 2929 quos
169 2894 234 2920 duos
246 2894 349 2920 ‘vicinos
363 2895 498 2928 proximos
509 2893 617 2922 habeat:
643 2901 668 2921 et
680 2904 772 2921 aruum
781 2914 790 2926 ‚
809 2893 880 2929 quod
903 2894 929 2919 in
945 2894 1034 2920 decem
1047 2893 1123 2920 annis

91 2929 218 2964 proximis
232 2931 313 2956 satum
333 2931 400 2962 erit,
426 2936 491 2965 quot
505 2931 626 2965 iugerum
646 2931 693 2956 effe
709 2930 838 2956 videatur.
876 2930 962 2955 Vinea
975 2936 1040 2964 quot
1055 2930 1123 2956 vites

91 2965 199 2991 habeat:
216 2965 346 2992 oliuetum
360 2967 553 3000 quotiugerurn
567 2973 664 3000 etquot
674 2965 782 2992 arbores
795 2965 905 2992 habeat:
923 2972 1036 2999 pratum,
1051 2964 1122 3000 quod

91 3000 161 3028 inter
177 3000 266 3027 decem
281 3009 360 3027 annos
374 3002 509 3035 proximos
522 2999 620 3028 seclum
635 3002 693 3031 erit,
713 3007 777 3036 quot
791 3001 926 3035 iugerum:
945 3001 1045 3035 pascua,
1058 3006 1124 3035 quot

91 3036 211 3070 iugerum
226 3037 274 3062 efl'e
282 3036 434 3063 videantur:
450 3037 515 3063 item
535 3037 614 3064 siluae
626 3036 746 3064 caeduae.
783 3037 933 3071 Omniaque
947 3036 1001 3070 ipse
1016 3037 1064 3070 qui
1078 3036 1122 3063 de·
1143 3042 1175 3068 80

60 3100 66 3103 .
90 3071 159 3103 fert,
177 3071 303 3098 aestimet.
357 3071 413 3099 Vid.
428 3074 526 3099 Census
539 3076 626 3100 ιἠἚΕ
635 3080 656 3100 N
666 3079 678 3098 S
688 3080 703 3099 E
713 3080 742 3099 ο.
813 3072 869 3099 Cic.
883 3081 932 3107 pro
944 3072 1013 3106 Lege
1025 3071 1119 3098 Manil.

90 3108 125 3139 69
138 3115 158 3132 c.
173 3115 205 3140 ²4
228 3107 366 3141 Quidquid
378 3107 552 3141 auctoritate,
573 3108 641 3141 fide,
661 3107 803 3134 constantia
816 3109 930 3143 possum,
949 3107 977 3133 id
995 3117 1073 3134 omne
1086 3107 1120 3133 ad

91 3140 156 3167 hanc
168 3151 224 3168 rem
238 3141 424 3170 conficiendam
437 3144 488 3170 tibi
501 3151 526 3171 et
540 3146 601 3178 Pop.
616 3145 736 3171 Romano
750 3143 879 3178 polliceor
894 3149 919 3169 et
932 3143 1034 3170 defero.
1070 3144 1121 3169 Dc-

93 3184 185 3215 ncgare
203 3184 228 3204 et
245 3178 373 3211 Deferre,
399 3184 526 3207 contraria
557 3181 630 3206 Idem
643 3179 675 3206 de
688 3180 761 3206 Orat.
774 3188 800 3212 2,
836 3199 843 3205 .
881 3199 887 3205 .
947 3180 978 3205 Et
992 3188 1041 3213 pro
1055 3179 1121 3205 Cae-

96 3210 148 3243 lio,
182 3231 189 3238 .
225 3232 232 3238 .
267 3214 302 3239 Ea
321 3222 374 3246 non
393 3216 493 3249 petenti
511 3215 677 3248 detulerunt,
701 3224 766 3250 quae
779 3214 869 3241 multis
881 3214 1031 3249 petentibus
1044 3213 1121 3240 dene-

95 3252 186 3279 garunt
238 3248 305 3275 Add.
324 3250 396 3277 Fam.
416 3259 436 3283 1,
456 3259 477 3283 ς.
549 3251 590 3277 Ad
602 3260 682 3277 vnum
695 3252 786 3277 omnia
799 3250 883 3277 delata
896 3250 954 3276 sunt
979 3250 1033 3276 Cic.
1048 3250 1121 3276 Fam.

95 3289 123 3312 4»
136 3288 164 3319 ι9.
184 3284 201 3307 i.
210 3289 387 3317 peruenmaent,
408 3289 434 3311 in
444 3284 588 3321 potestatem
602 3287 668 3313 illius
681 3292 808 3314 venerunt.
867 3286 944 3312 Vltro
958 3285 1061 3311 deferre
1075 3285 1122 3312 ali-

97 3313 162 3349 qmd
174 3315 250 3356 alicui
268 3319 339 3347 Idem
354 3321 424 3348 Fam.
438 3329 512 3355 4,13.
583 3323 614 3348 Et
631 3331 680 3357 pro
697 3321 793 3348 Archia
824 3341 830 3348 .
873 3341 878 3347 .
918 3320 1121 3347 Testamentum

97 3351 171 3383 saepe
186 3350 246 3377 fecit
256 3355 347 3382 nostris
362 3356 480 3391 legibus,
506 3362 532 3383 et
551 3357 617 3384 adiit
642 3357 799 3384 hereditates
813 3357 913 3383 ciuium
928 3357 1122 3389 Romanorum,

1138 3217 1167 3247 85

96 3392 122 3412 et
135 3385 162 3411 in
176 3385 305 3415 beneficiis
317 3391 349 3417 ad
360 3393 491 3419 aerarium
504 3392 540 3419 est
557 3392 658 3420 delatus
676 3402 689 3419 a
703 3394 732 3419 L.
747 3392 858 3419 Lucullo
878 3392 1000 3418 Praetore
1014 3398 1039 3418 ct
1052 3393 1121 3419 Con·
1136 3396 1172 3421 90

96 3421 160 3462 sule.
196 3421 273 3461 Signa
287 3425 340 3451 sunt
359 3434 384 3453 et
395 3434 561 3462 argumenta,
580 3428 678 3464 quibus
696 3429 754 3455 vult
775 3428 887 3462 probare
907 3428 992 3454 ciuem
1011 3429 1060 3454 ess'e
1073 3429 1121 3454 Ar-

95 3456 199 3489 clnam,
224 3457 285 3482 licet
302 3467 353 3486 non
371 3463 453 3489 fuerit
468 3465 565 3490 census.
642 3464 714 3500 Conf.
729 3465 828 3490 Manut.
843 3463 874 3489 ad
888 3464 944 3489 Cic.
958 3464 1029 3489 Fam.
1043 3471 1065 3495 ς,
1077 3472 1120 3490 20.

94 3493 203 3518 Gronau.
218 3492 246 3517 de
259 3494 313 3532 Pac.
331 3496 381 3523 Ver.
394 3507 415 3530 3,
430 3507 467 3533 17.
537 3501 577 3526 Sic
589 3500 646 3526 Cic.
660 3507 708 3534 pro
721 3499 801 3526 Balbo
814 3502 843 3531 63
856 3509 877 3525 c.
890 3504 920 3528 28
941 3500 971 3525 In
986 3499 1121 3524 consulatu

96 3526 257 3568 pracfe&um
277 3528 378 3570 ”bruni
397 3534 489 3561 detulit
506 3538 553 3561 int.
571 3536 600 3562 in
618 3535 761 3562 beneficiis.
819 3536 848 3561 Et
867 3535 938 3561 Fam.
953 3543 974 3567 ς,
987 3543 1019 3560 20
1041 3534 1121 3567 Q1od

95 3563 188 3590 scr¹b¹⁵
202 3562 234 3589 de
248 3562 395 3595 beneficus.
413 3569 476 3596 scito
489 3579 503 3596 a
517 3579 559 3597 me
577 3577 603 3598 et
616 3571 738 3598 tribunos
756 3570 900 3602 militares,
922 3576 947 3596 et
965 3569 1121 3604 praefee'tos,
1135 3577 1166 3603 95

95 3603 121 3624 et
134 3598 332 3639 contubernales
347 3599 466 3630 duntaxat
484 3614 557 3632 meos
578 3607 676 3633 delatos
690 3607 748 3632 esse.
832 3606 889 3632 Cic.
903 3606 931 3631 in
943 3606 1028 3631 Pison.
1064 3624 1070 3631 .

96 3634 211 3674 ῌοῐῐῑιξὶι
230 3634 277 3660 lile
298 3635 449 3669 HOnorem,
468 3648 521 3666 non
538 3642 643 3675 generi,
661 3641 793 3672 moribus,
811 3650 865 3667 non
880 3640 1026 3667 maioribus
1040 3641 1120 3666 meis:

93 3675 189 3695 Virtuti
202 3669 364 3710 perspectae,
384 3680 437 3697 non
451 3675 550 3703 auditae
564 3678 698 3704 nobilitati
711 3676 854 3703 deferebat.
901 3676 968 3703 Add.
984 3684 1031 3710 pro
1044 3676 1119 3701 Rosc.

80 3706 170 3731 ¹C0m.
184 3713 205 3730 c.
219 3713 244 3738 9.
316 3706 369 3732 Cic.
383 3716 429 3740 pro
442 3707 527 3736 Domo
541 3721 561 3738 c.
577 3721 593 3745 9
623 3714 709 3746 Qiem
722 3712 884 3739 crudelitatis
897 3711 1032 3738 auctorem
1046 3711 1121 3737 fuisse

688 1275 719 1300 In
731 1279 837 1308 portum
869 1273 934 1299 Plin.
956 1281 992 1305 ιι,
1006 1282 1034 1305 19
1048 1275 1066 1300 s.
1081 1282 1126 1308 42.
1138 1284 1171 1307 30

535 1629 674 1663 Ruinaque
686 1634 740 1653 tota
753 1627 870 1661 prolapsa
884 1626 949 1653 acies
963 1627 990 1652 in
1005 1635 1126 1660 praeceps
1134 1636 1170 1660 40
1186 1626 1256 1663 sarit
1272 1628 1402 1652 Hotoman.

708 2173 713 2179 .
752 2153 864 2187 Reliqua
878 2152 913 2179 cst
927 2152 1000 2178 causa
1015 2152 1126 2184 Iudices,
1142 2162 1171 2189 53

1035 2330 1073 2356 Ad
1087 2331 1171 2361 Se-60

1576 160 1848 202 DEF
2174 167 2227 217 46

1188 256 1231 274 eas
1244 253 1300 274 tum
1314 249 1456 284 Pompeio,
1475 259 1557 285 quum
1573 250 1601 277 id
1619 250 1776 278 videbamur
1798 251 1927 285 sapienter
1945 254 2046 286 facere,
2072 254 2224 282 detulimus.

1189 284 1263 310 ldcm
1276 285 1329 311 Att.
1343 294 1372 317 4,
1386 290 1411 314 18
1445 287 1591 313 Hibcrnam
1609 286 1741 321 legionem
1761 286 1875 321 eligendi
1893 290 1977 322 Optio
1997 290 2091 317 delata.
2162 290 2225 317 Liu.

1308 339 1314 345 .
1349 321 1415 354 Ego,
1435 320 1452 345 li
1467 323 1525 355 quis
1537 322 1569 347 de
1583 323 1645 348 Pace
1658 322 1791 354 consulet,
1815 323 1858 348 scu
1871 323 2012 350 deferenda
2027 325 2161 357 hostibus,
2179 327 2225 353 seu

1190 354 1354 388 accipienda,
1386 355 1471 382 habco
1488 358 1551 390 quid
1575 357 1716 383 sententiae
1735 357 1828 384 dicam.
1884 360 1987 395 Legitur
1999 368 2023 386 et
2037 359 2183 387 disiunHim
2195 364 2227 387 iv:

1190 390 1312 424 aliquibus
1324 390 1462 423 codicibus,
1484 392 1521 417 De
1536 394 1651 419 serenda.
1723 393 1777 419 Cic.
1793 395 1825 420 de
1840 393 1913 420 Orat.
1928 402 1949 424 2,
1962 402 2011 429 227
2029 396 2060 422 Et
2078 396 2144 422 illud
2163 396 2223 431 q'ui-

1190 424 1248 464 dem
1262 425 1396 457 admiror,
1423 433 1449 452 te
1467 427 1543 452 nobis
1558 437 1584 453 m
1597 438 1629 454 eo
1646 436 1740 462 genere
1758 428 1877 455 tribuisl'e
1897 434 2013 462 tantum,
2037 436 2062 456 ct
2076 440 2129 457 non
2144 431 2222 458 huius

1188 468 1229 486 ret
1248 470 1356 495 quoquc
1375 461 1505 492 Palmam,
1535 469 1562 488 vt
1580 470 1756 496 caeterarum,
1784 464 1872 490 Crasso
1890 464 2016 491 detulisse.
2086 466 2158 493 Idem
2173 476 2223 501 pro

1189 496 1269 534 Corn.
1284 496 1355 522 Balb.
1381 516 1387 522 .
1413 517 1421 522 .
1445 497 1528 523 Potest
1541 499 1588 523 effi.-
1601 499 1652 524 vlla
1663 499 1779 534 denique
1793 499 1923 531 maiestas,
1942 499 1960 525 si
1976 500 2152 534 impedimurff,
2165 510 2223 536 quo

1189 540 1276 570 nunus
1290 540 1335 565 pcr
1343 532 1403 566 Pop.
1412 533 1487 558 Rom.
1496 532 1682 559 beneficiorum
1691 535 1798 561 virtutis
1811 536 1886 560 causa
1898 533 2103 562 tribuendorum
2110 538 2225 563 Potclia-

1190 567 1455 601 tcmnuperatoribus
1464 568 1557 594 nostris
1565 568 1728 596 deferamus?
1784 571 1814 597 Et
1826 571 1951 602 Att.13,1;
1969 570 2135 605 Ligarianam
2150 581 2222 606 prae-

1189 601 1257 628 clare
1270 602 1425 628 vendidisti:
1445 603 1547 636 posthac
1561 605 1686 638 quicquid
1700 605 1835 639 scripsero,
1849 605 1900 631 tibi
1912 606 2083 632 Praeconium
2096 606 2224 633 deferam.

1189 637 1338 664 Praemium
1357 637 1491 671 dignitatis
1511 639 1591 665 alicui
1617 639 1671 666 Cic.
1684 649 1731 673 pro
1745 641 1825 667 Flacc.
1846 649 1864 667 ι.
1934 641 2033 667 Primas
2053 641 2132 668 alicui
2150 641 2224 668 Idem

1189 672 1241 699 Att.
1255 682 1275 705 1,
1312 692 1318 698 .
1356 693 1363 699 .
1435 675 1464 699 Et
1479 674 1505 699 in
1513 675 1586 700 Orat.
1603 684 1617 706 9
1638 675 1688 701 Cui
1700 676 1803 702 Primae
1814 675 1867 702 fine
1881 676 2059 702 controuersia
2071 676 2227 704 desereban-

1190 713 1241 733 tur.
1312 708 1368 734 Cic.
1382 709 1435 734 Att.
1448 714 1472 741 8,
1488 718 1499 741 3
1520 709 1567 735 sed
1579 709 1617 741 sit,
1631 710 1730 736 deseret
1740 710 1937 745 Triumphum:
1956 720 2011 737 non
2019 712 2170 746 acciperene
2183 721 2228 746 pe-

1193 328 1217 336 w-

1191 337 1227 350 ..3,
1264 339 1270 345 .

1157 756 1167 764 -
1190 742 1333 769 riculosum
1347 744 1392 769 sit?
1412 752 1443 770 an
1456 745 1582 778 accipere,
1597 745 1759 772 inuidiosum
1772 746 1805 772 ad
1817 746 1919 773 bonos?
1952 746 2049 773 Cic.de
2063 747 2170 774 Amicit.
2191 768 2198 774 .
2216 767 2226 774 .

1190 777 1270 810 Qiod
1285 778 1302 806 si
1319 779 1398 804 etiam
1418 779 1490 813 pollis
1503 780 1608 813 quiduis
1622 781 1725 807 deferre
1737 780 1769 806 ad
1784 782 1904 815 alterum,
1922 781 2066 808 videndum
2078 782 2114 809 cst
2126 788 2229 815 tamen,

1190 812 1256 848 quid
1276 812 1320 839 ille
1339 814 1412 848 possit
1430 815 1563 841 sustinere.
1633 816 1704 842 Idem
1720 825 1768 849 pro
1783 817 1887 843 Cluent.
1926 837 1932 844 .
2013 837 2020 844 .
2054 818 2159 845 Etenim
2171 827 2229 846 non

1191 847 1273 874 modo
1285 849 1486 882 amentum,
1507 851 1549 876 sed
1563 851 1641 877 etiam
1653 860 1750 877 nomen
1764 851 1881 877 iudicum
1896 853 2055 885 amittemus,
2075 853 2124 880 nisu
2137 853 2181 880 hic
2193 861 2230 881 ex.

1192 884 1250 918 ipsss
1264 884 1343 910 causis
1356 884 1548 918 iudicabimus,
1568 895 1595 912 ac
1610 887 1643 912 fic
1657 885 1689 912 ad
1703 887 1789 912 causas
1802 886 1899 912 iudicia
1915 887 1966 913 iam
1979 888 2048 915 fafita
2062 888 2143 915 domo
2156 888 2231 915 dese.

1191 928 1287 946 remus.
1357 920 1488 947 Indicium
1501 921 1532 947 ad
1546 923 1680 947 Praetores
1693 921 1753 947 Liu.
1769 930 1810 954 24.
1829 924 1848 947 i.
1865 921 1986 948 indicare.
2042 924 2166 950 Rationes
2182 923 2231 950 de-

1190 955 1262 982 ferre
1279 955 1336 982 Cic.
1350 956 1420 982 Fam.
1436 965 1458 988 ς,
1472 965 1514 983 20.
1585 957 1644 982 Liu.
1662 965 1683 989 1,
1720 976 1726 982 .
1764 976 1771 982 .
1807 956 1906 982 Omnes
1922 957 2026 983 Numae
2040 959 2173 993 Pompilio
2187 968 2230 986 re-

1190 999 1270 1025 gnum
1288 990 1459 1017 deferendum
1474 991 1623 1018 decernunt.
1643 994 1661 1017 i.
1683 990 1842 1024 Offirendum
1854 999 1926 1026 atque
1939 992 2094 1020 tradendum.
2153 996 2230 1021 Sum-

1191 1035 1262 1053 mam
1273 1026 1382 1060 imperii
1394 1027 1475 1052 alicui
1488 1027 1556 1061 Nep.
1570 1035 1606 1059 23,
1619 1035 1642 1058 3,
1658 1035 1677 1053 ι,
1736 1027 1857 1052 Studium
1871 1033 1897 1052 et
1910 1026 2120 1054 beneuolentiam
2135 1029 2167 1055 ad
2181 1030 2231 1056 ali-

1191 1071 1271 1096 quem
1285 1061 1387 1088 deferre
1400 1062 1456 1088 Cic.
1470 1063 1542 1089 Fam.
1557 1065 1583 1094 6,
1598 1071 1635 1088 10.
1707 1062 1878 1088 Voluntatem
1892 1061 2007 1095 suamtad
2020 1063 2135 1097 aliquem
2154 1064 2231 1091 Idem

1192 1098 1262 1123 Fam.
1284 1102 1307 1128 6,
1328 1106 1370 1124 22.
1524 1095 1545 1134 q
1567 1106 1579 1130 3
1617 1097 1726 1123 Defcrre
1742 1097 1875 1131 aliquem,
1888 1103 1938 1132 pro
1955 1098 2094 1133 Acczcjare:
2136 1099 2232 1126 Tacit.

1192 1134 1260 1159 Ann.
1274 1141 1314 1165 14,
1329 1138 1354 1162 18
1384 1133 1525 1160 Maiestatis
1544 1132 1643 1159 delatus
1662 1132 1706 1158 est.
1777 1132 1852 1159 Idem
1866 1134 1933 1158 Ann.
1945 1135 1972 1165 6,
1985 1140 2022 1167 ·47
2053 1134 2120 1160 Dein
2133 1134 2234 1163 uuilto-

1191 1177 1252 1194 rum
1273 1167 1409 1194 amoribus
1430 1169 1529 1194 famosa
1548 1167 1678 1194 Albucilla
1697 1167 1816 1194 defertur
1845 1168 1989 1203 impietatis
2016 1169 2044 1194 in
2073 1170 2232 1204 principem.

1194 1204 1305 1230 Deferre
1319 1204 1427 1230 Nomen
1445 1204 1570 1230 alicuius:
1591 1203 1647 1229 Cic.
1661 1204 1737 1229 Vcrr.
1752 1211 1773 1235 1,
1809 1223 1816 1229 .
1853 1222 1860 1229 .
1897 1205 1991 1238 Longo
2005 1203 2146 1231 interuallo
2160 1210 2235 1231 vete-

1192 1248 1249 1266 rem
1263 1239 1477 1266 consuetudinem
1496 1239 1593 1272 retuli,
1614 1245 1640 1265 et
1653 1244 1746 1273 rogatu
1765 1239 1900 1266 sociorum
1917 1246 1995 1273 atque
2008 1240 2154 1266 amicorum
2168 1241 2233 1275 Pop-

1193 1276 1271 1301 Rom.
1285 1283 1406 1301 meorum
1425 1280 1514 1302 autem
1532 1274 1749 1306 necessariorum,
1769 1283 1867 1301 nomen
1881 1274 1998 1303 hominis
2010 1274 2169 1302 audacissimi
2188 1276 2234 1302 de-

1192 1310 1252 1337 tuli.
1324 1311 1430 1337 Nomen
1443 1310 1523 1337 amici
1539 1310 1594 1338 mei
1605 1310 1639 1335 de
1651 1309 1753 1336 ambitu
1768 1309 1863 1336 detulit
1881 1310 1936 1336 Cic.
1951 1318 1999 1345 pro
2011 1311 2083 1336 Cael.
2098 1314 2131 1344 76
2158 1320 2180 1336 c.
2195 1320 2237 1343 31-

1192 1346 1259 1373 Add.
1279 1345 1346 1373 ibid.
1367 1348 1398 1379 56
1417 1355 1437 1372 c.
1456 1355 1495 1378 23.
1567 1346 1678 1372 Deferre
1696 1353 1792 1371 nomen
1809 1345 1920 1371 alicuius
1940 1345 1971 1371 de
1990 1346 2142 1380 repetundis
2174 1347 2233 1373 Cic.

1194 1383 1269 1408 Verr.
1283 1390 1309 1414 z,
1345 1401 1351 1407 .
1389 1401 1396 1407 .
1468 1381 1580 1408 Deferre
1597 1389 1710 1412 nomen,
1724 1387 1747 1406 et
1765 1381 1906 1413 Accusare,
1924 1380 1952 1406 di
1976 1388 2056 1407 erunt.
2095 1383 2161 1407 Nom
2181 1383 2236 1408 De-

1193 1417 1264 1443 ferre
1276 1425 1373 1443 nomen
1386 1416 1495 1448 dicitur,
1515 1419 1558 1452 qui
1568 1417 1661 1452 legibus
1675 1419 1817 1452 interrogat
1827 1416 1895 1451 apud
1907 1417 2062 1449 Praetorem,
2081 1423 2109 1442 υι
2116 1417 2142 1450 Ji
2154 1420 2236 1443 inter-

1193 1459 1296 1488 rogatus
1311 1459 1380 1489 neget
1388 1472 1396 1484 ,
1417 1455 1470 1478 eius
1482 1461 1567 1478 nomen
1579 1455 1607 1477 in
1619 1459 1673 1477 reos
1685 1451 1828 1486 referatur:
1865 1460 1920 1476 nam
1935 1452 2046 1477 Deferre
2058 1460 2154 1477 nomen
2168 1453 2234 1478 idem

1193 1486 1236 1521 est,
1253 1488 1317 1524 quod
1328 1490 1403 1514 Reum
1414 1488 1512 1522 facere.
1549 1487 1674 1512 Accusare
1688 1494 1761 1516 vero,
1780 1484 1814 1518 est
1826 1487 1907 1521 Agere
1920 1487 2031 1521 causam,
2045 1493 2067 1512 et
2079 1490 2151 1521 suum
2164 1496 2235 1514 reum

1191 1526 1219 1549 in
1235 1523 1351 1549 iudicium
1365 1522 1491 1548 adducere.
1527 1522 1640 1547 Terent.
1653 1521 1670 1546 l.
1686 1528 1714 1546 10
1731 1520 1763 1546 Ι).
1779 1521 1811 1546 de
1825 1521 1876 1546 iur.
1891 1527 1994 1554 patron.
2015 1522 2070 1553 Qi
2082 1530 2178 1547 nomen
2189 1521 2235 1547 de-

1192 1558 1270 1588 tulit,
1284 1557 1404 1583 accusasse
1418 1556 1604 1589 intelligendus
1617 1555 1661 1581 est.
1697 1557 1735 1581 De
1742 1562 1851 1589 patrono
1863 1556 1988 1590 loquitur,
2000 1559 2043 1590 qui
2055 1555 2081 1588 fi
2093 1556 2178 1582 tiberii
2190 1566 2239 1582 no·-

1192 1601 1245 1617 men
1259 1591 1390 1623 detulerit,
1411 1601 1458 1617 non
1470 1594 1551 1617 minus
1563 1600 1579 1616 a
1592 1591 1706 1616 honorum
1716 1588 1855 1624 ptstiffione
1876 1597 2028 1621 remouetur,
2040 1599 2110 1625 quam
2122 1590 2150 1624 fi
2160 1600 2238 1617 accu—

1444 1626 1556 1652 Deferre
1568 1625 1681 1651 crimina
1696 1624 1727 1652 de
1741 1625 1833 1658 aliquo
1847 1624 1880 1650 ad
1893 1624 2015 1650 Senatum
2029 1624 2089 1651 Liu.
2105 1633 2147 1658 39,
2179 1647 2187 1654 .
2219 1635 2237 1652 ’.

1194 1662 1321 1688 Defertur
1342 1661 1387 1687 fur
1410 1660 1443 1687 ad
1463 1661 1586 1693 Senatum
1609 1668 1656 1694 per
1676 1658 1791 1685 iudicem
1824 1659 1930 1685 Sueton.
1948 1659 1976 1685 in
1995 1660 2097 1686 Neron.
2137 1680 2143 1687 .
2223 1680 2233 1687 .

1193 1696 1298 1721 Senatui
1321 1696 1392 1730 Nep.
1405 1705 1442 1728 23,
1455 1705 1491 1728 12,
1504 1704 1529 1722 2.
1581 1695 1586 1699 “
1600 1694 1763 1721 Maleficium
1780 1694 1891 1721 alicuius
1908 1693 1942 1721 ad
1963 1695 2093 1722 iudicium
2112 1696 2168 1722 Cic.
2182 1705 2237 1730 pro

1197 1730 1290 1755 Caelio
1304 1733 1338 1763 76
1353 1740 1375 1756 c.
1389 1740 1422 1762 31.
1491 1731 1566 1757 Idem
1580 1730 1612 1756 de
1625 1730 1694 1765 Lege
1703 1731 1764 1764 Agr.
1778 1739 1801 1762 3,
1838 1750 1844 1756 .
1883 1749 1890 1756 .
1927 1731 2103 1757 Commodius
2116 1732 2236 1758 fecissent

1193 1764 1318 1791 Tribuni
1331 1765 1399 1798 pleb.
1435 1766 1565 1800 Q1irites,
1578 1765 1606 1798 si,
1619 1774 1686 1800 qnae
1697 1765 1767 1800 apud
1781 1774 1829 1792 vos
1842 1763 1875 1792 de
1893 1774 1937 1791 me
1948 1765 2080 1798 deferunt,
2094 1775 2123 1793 ea
2142 1775 2238 1793 coram

1192 1800 1281 1834 potius
1294 1808 1336 1826 me
1349 1802 1482 1835 praesente
1496 1801 1626 1828 dixissent.
1680 1801 1800 1833 Deferre,
1809 1809 1859 1836 pro
1868 1801 1990 1827 Indicium
1996 1801 2095 1836 facere.
2135 1803 2191 1827 Sen.
2203 1802 2236 1828 in.

1193 1835 1271 1869 Epist.
1311 1855 1317 1862 .
1398 1856 1404 1862 .
1442 1836 1592 1869 Videamus,
1606 1836 1658 1863 hoc
1670 1836 1741 1871 quod
1755 1836 1971 1870 concupiscimus,
1984 1837 2076 1895 quanti
2088 1835 2235 1864 deferatur.

1230 1876 1248 1896 D
1258 1877 1298 1897 ΕΙ.
1309 1872 1331 1897 A
1340 1878 1411 1898 Tvs
1420 1891 1428 1903 ,
1448 1881 1477 1904 a,
1497 1882 1552 1899 um.
1587 1872 1680 1898 Partic.
1716 1872 1877 1904 [ἐγκληθείς]
1913 1870 1970 1897 Cic.
2003 1879 2017 1896 e
2030 1872 2133 1897 Inuem.
2148 1880 2174 1904 2,
2196 1891 2202 1898 .
2225 1891 2237 1898 .

1193 1907 1229 1932 Vt
1243 1907 1271 1932 in
1284 1905 1400 1941 quodam
1415 1906 1533 1940 iudicio,
1555 1917 1635 1942 quum
1651 1907 1763 1932 venefici
1772 1905 1907 1932 cuiusdam
1922 1914 2021 1932 nomen
2033 1907 2093 1932 esset
2106 1906 2236 1939 delatum,

1193 1948 1240 1967 etc.
1310 1942 1447 1968 Diuinitus
1465 1943 1497 1969 ad
1511 1950 1559 1970 nos
1579 1942 1677 1968 delatus
1690 1942 1733 1968 vir
1751 1942 1806 1968 Cic.
1827 1941 1860 1967 de
1871 1941 1947 1967 Orat.
1960 1949 1981 1972 1,
2017 1960 2025 1967 .
2125 1942 2235 1968 Delatus

1193 1976 1281 2003 honor
1300 1977 1345 2003 Sil.
1367 1979 1406 2009 16,
1442 1999 1450 2007 ,
1486 1997 1492 2004 .
1564 1977 1594 2004 Id
1613 1977 1798 2010 Carthaginem
1818 1976 1932 2002 delatum
1951 1975 2058 2009 publice
2076 1977 2235 2011 comproba-

1193 2018 1249 2037 tum
1262 2011 1297 2037 est
1314 2012 1383 2046 Nep.
1398 2021 1439 2044 23,
1451 2021 1472 2044 3,
1487 2022 1506 2039 1.
1577 2011 1606 2037 Id
1625 2011 1740 2037 delatum
1758 2011 1875 2045 accipere
1893 2011 1982 2037 noluit
2005 2010 2079 2037 Idem
2102 2019 2137 2044 ις,
2154 2022 2183 2045 4,
2204 2022 2235 2045 4-

1192 2048 1215 2072 A
1228 2046 1331 2072 duobus
1350 2047 1482 2074 indicibus
1505 2047 1605 2073 delatus
1623 2047 1699 2073 Curt.
1712 2053 1739 2080 7,
1759 2055 1780 2079 1,
1793 2048 1817 2072 6.
1887 2046 2021 2073 Indicium
2040 2046 2157 2074 delatum
2175 2049 2237 2082 sup·

1192 2081 1307 2115 primere
1320 2082 1394 2107 Idem
1407 2084 1433 2113 6,
1447 2090 1473 2114 9,
1488 2087 1510 2111 8.
2195 2091 2198 2093 ’

1228 2123 1271 2142 DE
1281 2123 1420 2148 LATIO,
1447 2117 1513 2142 onis.
1543 2117 1563 2143 f.
1600 2117 1755 2151 [3'yn2nflm]
1798 2117 1849 2143 Vix
1864 2117 1939 2143 aliter
1955 2120 2066 2152 reperias
2085 2118 2130 2144 hoc
2147 2127 2237 2144 nomem

1192 2152 1326 2187 usurpari,
1346 2161 1418 2187 quam
1432 2152 1460 2178 de
1480 2153 1595 2178 nominis
1609 2153 1781 2187 criminisque
1796 2152 1864 2188 opud
1875 2153 1980 2179 iudicem
1992 2153 2113 2179 delatione
2126 2153 2151 2189 s
2165 2153 2237 2179 indi-

1191 2190 1304 2219 catione,
1317 2196 1377 2222 quae
1389 2187 1576 2222 accusationem,
1590 2195 1618 2213 vt
1631 2188 1748 2220 vidimus,
1756 2188 1895 2222 praecedit.
1931 2187 1997 2214 Plin.
2006 2197 2045 2222 14,
2059 2197 2076 2221 9
2091 2195 2153 2215 extr.
2171 2189 2235 2215 Hoc

1193 2221 1339 2256 (mulium)
1355 2223 1474 2256 protinus
1488 2223 1611 2249 diffiisum
1624 2222 1722 2257 lagenis
1735 2224 1787 2249 suis
1801 2222 1941 2250 deseruere
1954 2222 2022 2258 palli,
2032 2222 2119 2257 postea
2136 2223 2165 2250 in
2177 2224 2235 2250 sole

1193 2258 1366 2292 quadraginta
1384 2257 1476 2284 diebus
1495 2264 1599 2285 torrent
1616 2259 1717 2285 aestatis
1739 2260 1848 2285 secutae.
1919 2259 1975 2285 Cic.
1990 2260 2067 2285 Verr.
2082 2267 2103 2291 ς,
2117 2266 2144 2291 25
2173 2259 2237 2286 Nu-

1193 2302 1239 2328 per
1257 2303 1338 2327 quum
1359 2294 1386 2320 in
1402 2294 1427 2319 P.
1441 2293 1588 2326 Gabinium
1606 2294 1649 2320 vir
1667 2294 1818 2321 fortislimus
1837 2299 1863 2321 et
1881 2293 2102 2321 innocentissimus
2121 2294 2152 2320 L.
2172 2294 2235 2320 Piso

1193 2329 1355 2356 delationem
1373 2329 1490 2355 nominis
1510 2329 1667 2363 postularet,
1680 2337 1724 2356 etc.
1797 2330 1868 2357 Cael.
1886 2330 2012 2356 Ciceroni
2031 2330 2102 2356 Fam.
2118 2335 2140 2361 8,
2154 2332 2171 2355 6
2197 2329 2235 2355 Il·

1194 2364 1240 2390 lud
1259 2364 1328 2390 mihi
1346 2365 1476 2395 occurrit,
1496 2365 1569 2399 quod
1589 2365 1659 2391 inter
1671 2365 1873 2399 postulationem
1887 2372 1912 2391 et
1928 2365 2044 2392 nominis
2061 2364 2234 2396 delationem,

1193 2408 1261 2426 vxor
1281 2408 1295 2426 a
1315 2399 1453 2426 Dolabella
1472 2399 1587 2427 discessit.
1667 2401 1773 2427 Delatio
1791 2401 1908 2427 nominis
1929 2407 1954 2426 et
1974 2400 2066 2433 capitis
2083 2399 2233 2433 periculum

1194 2436 1250 2462 Cic.
1264 2444 1313 2469 pro
1327 2435 1432 2462 Cluent.
1454 2445 1475 2461 c.
1490 2440 1512 2465 8.
1585 2435 1675 2462 Tacit.
1690 2437 1756 2462 Hist.
1770 2445 1798 2469 4,
1813 2445 1842 2469 41
1880 2435 1987 2461 Crebris
2007 2433 2075 2468 apud
2093 2433 2233 2461 Neronem

1193 2470 1371 2497 delationibus
1384 2471 1507 2498 famosos.
1578 2472 1634 2498 Cic.
1648 2471 1680 2497 de
1692 2472 1782 2498 Diuin.
1796 2472 1870 2496 Verr.
1883 2478 1918 2502 49
1939 2469 2032 2503 Ecquis
2046 2478 2161 2503 vnquam
2176 2475 2233 2496 tam

1193 2507 1278 2542 palam
1292 2506 1324 2531 de
1337 2506 1456 2539 honore,
1477 2512 1529 2532 tam
1544 2507 1713 2533 vehementer
1732 2505 1763 2530 de
1777 2505 1857 2530 salute
1871 2505 1915 2530 sua
1926 2504 2076 2535 contendit,
2090 2513 2168 2538 quam
2185 2504 2233 2531 ille

1193 2549 1271 2577 atque
1286 2542 1357 2567 illius
1372 2542 1466 2572 amici,
1483 2547 1511 2567 vt
1523 2550 1558 2566 ne
1577 2541 1640 2567 haec
1654 2540 1723 2566 mihi
1737 2539 1835 2566 delatio
1849 2539 1941 2565 detur?
2012 2539 2142 2565 Fac'titare
2160 2538 2220 2565 dela

1194 2578 1279 2604 tiones
1290 2577 1380 2603 Tacit.
1394 2577 1460 2602 Hist.
1476 2584 1500 2606 2,
1515 2584 1550 2601 ιο.
1571 2576 1595 2601 h.
1608 2585 1628 2601 e.
1645 2575 1709 2610 quod
1721 2575 1748 2600 in
1759 2575 1842 2600 Bruto
1856 2573 2040 2600 Accusationes
2054 2574 2175 2601 factitare
2185 2574 2234 2602 Ci-

1195 2622 1254 2639 cero
1266 2612 1333 2638 dixit
1346 2620 1397 2643 130.
1466 2610 1560 2637 Subire
1572 2610 1730 2636 delationem
1743 2610 1833 2636 Tacit.
1845 2610 1913 2636 Ann.
1928 2617 1961 2641 11,
1974 2618 2016 2642 29.

1228 2653 1422 2678 DELATVRA,
1440 2654 1479 2672 ae.
1500 2645 1519 2671 f.
1542 2645 1660 2672 Termu.
1673 2644 1733 2671 adu.
1746 2645 1828 2672 Marc.
1842 2652 1865 2677 ς,
1880 2650 1914 2675 18-
1937 2645 2040 2680 Vulgat.
2055 2644 2134 2672 Sirac.
2150 2648 2190 2678 26,
2203 2647 2234 2672 6.

1229 2683 1428 2713 DELKTOR‚
1454 2680 1516 2706 oris.
1543 2689 1579 2706 m.
1615 2679 1739 2707 Verbale.
1773 2681 1785 2712 [
1799 2678 1927 2715 e'vdn'm'nr,
1945 2680 2135 2713 φιλεγκλῆμων,
2156 2692 2233 2714 μηνυ-

1191 2717 1258 2751 τὴς]
1280 2718 1397 2743 Occultus
1415 2715 1542 2751 accusator
1560 2715 1671 2747 dicitur,
1685 2723 1708 2741 et
1721 2717 1893 2742 calumniator.
1930 2716 1995 2742 Plin.
2014 2716 2043 2742 in
2061 2716 2152 2751 Paneg.
2167 2725 2205 2749 35,
2218 2725 2234 2743 t

1193 2752 1347 2778 Delatorum
1366 2750 1443 2777 classis
1457 2750 1574 2784 permissa
1593 2751 1716 2777 omnibus
1734 2751 1828 2778 ventis.
1865 2751 1982 2777 Martial.
1994 2750 2078 2785 Spe&
2100 2760 2126 2784 4.
2196 2753 2231 2779 Et

1192 2786 1294 2813 delator
1315 2785 1393 2813 habet
1411 2785 1483 2821 quod
1503 2786 1580 2812 dabat
1597 2787 1717 2813 exilium.
1743 2787 1800 2813 Vid.
1819 2785 1924 2813 sueton.
1945 2786 1977 2812 de
1999 2786 2146 2813 Domitian.
2168 2796 2188 2813 c.
2200 2795 2232 2819 9.

1192 2822 1328 2849 Delatores
1340 2821 1404 2856 legis
1415 2822 1507 2856 Papiae
1518 2821 1590 2848 Idem
1603 2823 1705 2849 Neron.
1720 2831 1741 2849 c.
1756 2831 1793 2849 10.
1836 2822 1894 2849 Vid.
1913 2822 1978 2849 Plin.
1993 2822 2085 2857 Paneg.
2101 2832 2120 2849 c.
2136 2831 2177 2855 34.
2190 2829 2231 2855 35.

1190 2861 1230 2890 36.
1249 2861 1293 2894 qui
1306 2860 1373 2885 Iocus
1385 2858 1494 2892 clafficus
1507 2856 1549 2890 est.

1228 2899 1446 2925 DELATORIVS,
1454 2902 1477 2924 a,
1486 2901 1539 2919 um.
1553 2891 1613 2919 Adi.
1635 2891 1777 2920 Curiositas
1791 2893 1808 2920 1.
1823 2894 1880 2920 6D.
1893 2891 1925 2919 de
1940 2892 2008 2918 Iuris
2022 2891 2127 2926 etFaCti
2139 2892 2230 2926 ignor.

1227 2935 1441 2960 DEFerEo,
1458 2927 1506 2954 bui
1519 2935 1542 2954 et
1555 2929 1599 2959 vi,
1611 2928 1671 2955 'ei-e.
1691 2927 1823 2963 [ἐποξέω]
1843 2930 1883 2954 uel
1902 2930 2229 2959 DEFERVEsco,ere.

1189 2966 1227 2991 De
1241 2965 1336 3000 summo
1349 2964 1453 3000 feruore
1473 2965 1513 2990 vel
1536 2961 1651 2996 intestino
1671 2965 1727 2996 illo,
1745 2974 1759 2990 α
1773 2974 1818 2999 quo
1831 2964 1992 2992 fermentum
2011 2963 2119 2993 dicitur,
2138 2964 2179 2989 vel
2190 2972 2228 2995 eo,

1188 3003 1232 3035 qui
1249 3000 1279 3026 ab
1290 3003 1347 3036 igne
1365 2999 1459 3025 admoto
1479 2997 1599 3033 efficitur,
1613 3001 1647 3026 ali
1665 2999 1709 3025 uid
1726 3003 1858 3026 remittere.
1895 3000 1932 3025 De
1946 3001 2033 3033 priore
2050 2997 2179 3025 Columel.
2198 3006 2227 3030 9,

1190 3043 1225 3067 ις,
1241 3044 1265 3068 ι3
1287 3037 1357 3062 Dum
1369 3034 1484 3061 musteus
1497 3034 1599 3061 fruGuis
1613 3034 1644 3061 de
1659 3036 1782 3061 erucscat.
1855 3034 2020 3061 Deferuescit
2031 3032 2146 3059 mustum
2160 3032 2226 3058 Scri-

1188 3070 1251 3097 bon.
1264 3075 1323 3103 269.
1343 3072 1381 3097 De
1393 3071 1470 3097 altero
1487 3079 1588 3106 genere,
1602 3070 1645 3096 vbi
1656 3071 1749 3106 feruor
1761 3069 1791 3095 ab
1803 3072 1860 3106 igne
1874 3068 1924 3102 gli,
1940 3070 2006 3095 Cato
2022 3071 2066 3101 96,
2082 3077 2092 3094 ι
2111 3067 2163 3094 Vbi
2184 3067 2225 3093 lu-

1186 3107 1263 3141 pinus
1281 3106 1454 3133 deferbuerit.
1577 3103 1598 3141 ἢ
1618 3114 1633 3132 2
1668 3105 1778 3141 Metoph.
1790 3111 1835 3140 pro
1849 3104 1979 3140 Mitcscere
1991 3110 2015 3130 et
2021 3102 2146 3139 placidum
2157 3100 2225 3136 fieri.

1187 3143 1243 3168 Cic.
1257 3142 1286 3168 in
1298 3143 1372 3169 Orat.
1387 3149 1433 3175 107
1473 3141 1586 3175 Qantis
1599 3141 1646 3167 illa
1658 3140 1817 3168 clamoribus
1836 3139 2026 3166 adolescentuli
2044 3138 2170 3168 diximus,
2190 3137 2224 3164 de

1188 3177 1319 3212 supplicio
1333 3177 1541 3212 parricidarum?
1578 3186 1645 3211 quae
1664 3185 1830 3211 nequaquam
1844 3176 1904 3202 satis
1924 3174 2093 3203 deferbuisse,
2106 3172 2162 3206 post
2176 3173 2224 3199 ali-

1188 3219 1287 3248 quanto
1303 3213 1398 3239 sentire
1411 3213 1553 3247 coepimus.
1593 3213 1755 3238 Translatum
1775 3209 1808 3244 est
1818 3220 1834 3237 a
1852 3215 1911 3237 vino
1931 3214 1958 3236 in
1971 3212 2039 3240 Iam,
2055 3208 2093 3234 uel
2104 3207 2168 3234 dolio
2175 3215 2224 3244 po-

1188 3255 1240 3276 tius
1249 3249 1352 3284 feruere
1365 3248 1498 3282 desinente,
1516 3247 1581 3284 quod
1597 3250 1646 3273 iam
1656 3245 1822 3280 austeritatem
1834 3250 1926 3281 accipit
1934 3256 1941 3270 :
1976 3253 2034 3280 quae
2046 3241 2178 3282 anjieritas
2189 3243 2225 3270 ad

1189 3284 1306 3311 iudicium
1324 3287 1374 3310 iam
1392 3291 1513 3310 maturum
1532 3283 1696 3317 transfertur.
1766 3283 1821 3308 Cic.
1834 3291 1883 3316 pro
1896 3280 1987 3319 Caelio
1998 3287 2029 3311 43
2049 3278 2105 3304 Iam
2118 3278 2166 3305 1sta
2179 3278 2222 3306 de-

1190 3319 1353 3346 ferbuerint:
1373 3320 1426 3345 iam
1444 3326 1511 3345 aetas
1530 3320 1635 3350 onmia,
1647 3318 1701 3344 iam
1714 3317 1762 3343 ista
1782 3318 1837 3343 dies
1854 3317 1991 3350 mitigant.
2062 3313 2130 3340 Ter.
2145 3313 2221 3341 Adel.

1191 3364 1212 3389 1,
1225 3364 1251 3388 2,
1264 3363 1299 3390 72
1317 3355 1456 3389 Sperabam
1472 3356 1525 3381 iam
1537 3353 1694 3381 deferbuisse
1707 3352 1915 3379 adolescentiam.
1991 3348 2047 3376 Cic.
2064 3357 2113 3383 pro
2126 3350 2221 3377 Caelio

1188 3401 1210 3417 c.
1226 3396 1250 3421 18
1275 3391 1376 3417 Summi
1390 3390 1511 3416 homines
1527 3396 1552 3416 et
1571 3389 1702 3416 clariffimi
1714 3388 1784 3415 ciues
1797 3388 1918 3418 fuerunt,
1937 3393 2050 3419 quorum
2064 3393 2146 3419 quum
2158 3384 2220 3412 ado-

1189 3427 1327 3453 lescentiae
1341 3425 1496 3460 cupiditates
1504 3424 1700 3456 deferbuisscnt‚
1722 3424 1833 3450 eximiae
1846 3423 1956 3448 virtutes
1969 3419 2070 3446 firmata
2084 3420 2137 3446 iam
2151 3426 2220 3461 aeta.

1187 3468 1214 3489 te
1229 3462 1391 3488 exstiterunt.
1464 3463 1551 3488 Varro
1563 3461 1595 3487 de
1609 3461 1640 3486 R.
1654 3460 1684 3486 R.
1698 3468 1724 3491 2,
1738 3468 1761 3491 2,
1775 3467 1796 3484 11
1823 3457 1912 3483 Aestus
1926 3456 2116 3482 defemescunt.
2164 3457 2220 3482 Cic.

1189 3498 1271 3524 Tusc.
1284 3507 1310 3530 4,
1324 3502 1355 3532 78
1378 3507 1399 3524 c.
1415 3499 1445 3529 36
1481 3498 1533 3523 Aut
1552 3495 1675 3530 rogandi,
1688 3493 1834 3527 orandique
1851 3493 1925 3524 sunt,
1943 3496 1972 3517 vt
1992 3491 2009 3516 si
2025 3500 2103 3525 quam
2122 3490 2221 3518 habent

1188 3533 1330 3559 vlciscendi
1344 3534 1416 3565 vim,
1430 3532 1553 3559 differant
1567 3531 1595 3557 in
1607 3537 1708 3564 tempus
1721 3528 1807 3558 aliud,
1820 3528 1882 3554 dum
1901 3525 2063 3553 deferuescat
2076 3527 2124 3552 ira.

1223 3575 1241 3594 D
1251 3576 1267 3595 E
1275 3575 1291 3594 p
1301 3575 1316 3595 E
1324 3575 1371 3594 Rv
1380 3575 1396 3594 E
1406 3575 1421 3594 F
1430 3570 1453 3595 Ᾰ
1462 3574 1478 3594 c
1488 3574 1524 3594 10
1533 3587 1541 3599 ,
1569 3569 1622 3593 ere.
1658 3567 1669 3596 [
1683 3562 1804 3598 ξεωιοιέω]
1843 3564 1931 3589 Facere
1948 3562 2078 3597 coquendo,
2092 3568 2121 3587 vt
2138 3561 2218 3597 defcr.

1188 3604 1285 3639 vescae,
1301 3606 1319 3629 i.
1340 3603 1499 3635 vehementer,
1511 3609 1576 3628 certe
1584 3603 1651 3637 sotis
1658 3599 1794 3635 fervescat.
1830 3598 1896 3625 Cato
1910 3605 1962 3632 157,
1975 3606 1991 3629 9
2010 3597 2146 3636 Torrnina
2160 3597 2218 3631 qui-

1188 3639 1237 3665 bus
1251 3638 1359 3665 molesta
1373 3638 1503 3671 erunt,sic
1515 3637 1605 3663 facito.
1642 3634 1773 3661 Brassicain
1787 3640 1916 3660 macerato
1931 3632 2011 3659 bene:
2033 3632 2119 3666 postea
2134 3641 2161 3658 m
2173 3640 2217 3658 au<

1188 3675 1239 3701 lam
1253 3675 1394 3701 coniicito:
1414 3673 1605 3700 deferuefacito
1622 3670 1698 3696 bene.
1734 3669 1789 3695 Vbi
1809 3670 1883 3696 coola
1901 3668 1953 3695 erit
1971 3668 2054 3700 bene,
2067 3676 2161 3702 aquam
2175 3667 2216 3693 de-

1188 3710 1303 3737 fundito.
1338 3711 1376 3736 Eo
1394 3709 1484 3736 addito
1503 3709 1592 3734 oleum
1611 3705 1693 3737 bene,
1709 3711 1735 3731 et
1748 3705 1807 3731 salis
1823 3705 1977 3739 paullulum,
1991 3710 2017 3730 et
2035 3704 2170 3729 cuminum
2191 3707 2217 3728 et

95 3739 212 3772 dixeras,
228 3739 259 3765 ad
275 3739 343 3767 hunc
357 3741 519 3770 honoremet
531 3746 670 3781 imperium
684 3755 756 3774 extra
768 3747 890 3774 ordinem
909 3747 1066 3772 nominatim
1080 3755 1121 3772 ro-
1129 3757 1176 3775 100
1187 3745 1315 3779 pollinem
1331 3745 1459 3780 polentae.
1495 3743 1583 3769 Postea
1600 3741 1675 3767 ferue
1692 3740 1758 3766 bene
1777 3741 1875 3773 facito,
1891 3748 1935 3766 ccc.
1975 3739 2039 3765 Plin.
2058 3747 2096 3770 23,
2115 3746 2131 3772 7
2149 3738 2166 3763 s.
2181 3739 2216 3769 64

80 3776 199 3815 ,gatione
211 3781 253 3802 tua
265 3775 397 3816 detulisti,
414 3786 463 3818 'etc-
534 3781 653 3809 Clamore
672 3784 810 3818 imperitae
832 3781 1025 3814 multitudinis,
1045 3782 1121 3808 nullo

95 3809 200 3843 publico
218 3810 326 3838 confluo
347 3813 481 3847 publicum
502 3823 594 3842 munus
614 3817 646 3844 ad
657 3819 774 3853 aliquem
792 3819 895 3846 deferre
928 3818 1001 3844 Idem
1015 3826 1063 3852 pro
1076 3817 1120 3844 Li—

97 3853 150 3878 gar.
186 3864 192 3871 .
227 3865 234 3872 .
303 3849 333 3873 Et
346 3850 421 3875 Verr.
437 3858 457 3882 ς,
495 3869 502 3877 .
540 3869 546 3876 .
585 3852 635 3882 Sed,
650 3862 703 3880 non
723 3855 792 3880 idem
810 3854 878 3880 mihi
896 3854 972 3886 licet,
991 3853 1062 3888 quod
1075 3853 1119 3886 iis,

96 3879 141 3918 qui
151 3880 235 3907 nobili
243 3890 338 3915 genere
344 3885 400 3911 nati
407 3886 474 3916 sunt,
488 3885 585 3919 quibus
595 3889 684 3915 omnia
690 3890 748 3924 Pop.
759 3891 834 3916 Rom.
843 3889 972 3915 Beneficia
984 3889 1116 3915 dormien-

93 3914 164 3941 tibus
183 3916 344 3945 deferuntur.
414 3921 469 3948 Cic.
484 3922 535 3948 Att.
551 3930 585 3954 11,
621 3942 628 3948 .

664 3942 670 3949 .
705 3924 731 3951 Si
742 3934 804 3960 quas
817 3924 957 3952 habuimus
970 3923 1115 3958 facultates,
1122 3930 1171 3959 105¹
1183 3922 1251 3952 Add.
1267 3923 1370 3950 Vitruu.
1388 3925 1412 3952 8,
1427 3928 1449 3954 ς.

1188 3781 1272 3807 Radix
1292 3781 1405 3816 caprifici
1423 3776 1598 3805 defemefacta
1618 3776 1646 3802 in
1660 3777 1738 3805 vino,
1753 3775 1871 3802 dentium
1886 3775 1990 3801 dolores
2001 3774 2082 3810 sedat.
2103 3773 2215 3799 Rursum

1188 3825 1230 3848 20,
1244 3825 1261 3850 7
1276 3818 1293 3842 s.
1306 3818 1340 3843 26
1357 3816 1386 3841 de
1399 3814 1511 3840 (autibus
1525 3812 1661 3844 Lafsucae,
1681 3811 1862 3837 DeferuefaCti
1877 3811 1905 3837 hi
1922 3810 2023 3841 caules,
2042 3815 2067 3835 et
2081 3807 2215 3834 stomacho

1186 3852 1313 3878 vtilissimi
1325 3849 1469 3877 traduntur.
1505 3849 1558 3876 Aer
1572 3847 1766 3874 deferuefaetus
1782 3847 1808 3872 in
1823 3847 1946 3881 pulmone
1959 3846 2042 3871 Varro
2050 3842 2212 3883 op.La6tant.

1187 3887 1218 3912 de
1238 3888 1312 3921 Opif.
1337 3887 1369 3912 D.
1387 3894 1408 3910 c.
1430 3892 1467 3919 ¹7·
1539 3884 1632 3912 Semen
1654 3882 1863 3914 deferuesac'tum
1888 3883 1918 3910 in
1936 3889 2004 3915 aqua
2028 3878 2092 3905 le.
2111 3880 2157 3908 26,
2179 3884 2212 3909 15-

1334 3957 1354 3986 F
1379 3963 1392 3983 2
2125 3952 2212 3976 Dirr-
