<?xml version="1.0" encoding="UTF-8"?>
<!DOCTYPE html PUBLIC "-//W3C//DTD XHTML 1.0 Transitional//EN"
    "http://www.w3.org/TR/xhtml1/DTD/xhtml1-transitional.dtd">
<html xmlns="http://www.w3.org/1999/xhtml" xml:lang="en" lang="en">
 <head>
  <title>
</title>
<meta http-equiv="Content-Type" content="text/html;charset=utf-8" />
  <meta name='ocr-system' content='tesseract 3.04.00' />
  <meta name='ocr-capabilities' content='ocr_page ocr_carea ocr_par ocr_line ocrx_word'/>
</head>
<body>
  <div class='ocr_page' id='page_1' title='image "./novuslinguaeeter02gesn/novuslinguaeeter02gesn_0031.png"; bbox 0 0 2479 4225; ppageno 0'>
   <div class='ocr_carea' id='block_1_1' title="bbox 421 151 428 168">
    <p class='ocr_par' dir='ltr' id='par_1_1' title="bbox 421 151 428 168">
     <span class='ocr_line' id='line_1_1' title="bbox 421 151 428 168; baseline 0 0"><span class='ocrx_word' id='word_1_1' title='bbox 421 151 428 168; x_wconf 61' lang='lat' dir='ltr'>Q</span> 
     </span>
    </p>
   </div>
   <div class='ocr_carea' id='block_1_2' title="bbox 106 166 754 222">
    <p class='ocr_par' dir='ltr' id='par_1_2' title="bbox 106 166 754 222">
     <span class='ocr_line' id='line_1_2' title="bbox 106 166 754 222; baseline -0.009 -11"><span class='ocrx_word' id='word_1_2' title='bbox 106 185 148 222; x_wconf 91' lang='lat'>41</span> <span class='ocrx_word' id='word_1_3' title='bbox 469 167 506 207; x_wconf 93' lang='lat' dir='ltr'>D</span> <span class='ocrx_word' id='word_1_4' title='bbox 597 166 754 206; x_wconf 93' lang='lat' dir='ltr'>ED</span> 
     </span>
    </p>
   </div>
   <div class='ocr_carea' id='block_1_3' title="bbox 101 251 1143 573">
    <p class='ocr_par' dir='ltr' id='par_1_3' title="bbox 101 251 1143 573">
     <span class='ocr_line' id='line_1_3' title="bbox 106 251 1140 293; baseline -0.008 -8"><span class='ocrx_word' id='word_1_5' title='bbox 106 258 222 293; x_wconf 82' lang='lat' dir='ltr'>aliquem</span> <span class='ocrx_word' id='word_1_6' title='bbox 236 257 292 284; x_wconf 85' lang='lat' dir='ltr'>Cic.</span> <span class='ocrx_word' id='word_1_7' title='bbox 305 258 381 284; x_wconf 91' lang='lat' dir='ltr'>Verr.</span> <span class='ocrx_word' id='word_1_8' title='bbox 396 265 420 289; x_wconf 82' lang='lat'>2,</span> <span class='ocrx_word' id='word_1_9' title='bbox 435 264 471 283; x_wconf 77' lang='lat'>12.</span> <span class='ocrx_word' id='word_1_10' title='bbox 491 259 509 282; x_wconf 86' lang='lat' dir='ltr'>i.</span> <span class='ocrx_word' id='word_1_11' title='bbox 528 262 636 282; x_wconf 77' lang='lat' dir='ltr'>auocare.</span> <span class='ocrx_word' id='word_1_12' title='bbox 705 253 779 280; x_wconf 87' lang='lat' dir='ltr'>Idem</span> <span class='ocrx_word' id='word_1_13' title='bbox 799 261 848 287; x_wconf 88' lang='lat' dir='ltr'>pro</span> <span class='ocrx_word' id='word_1_14' title='bbox 861 252 942 292; x_wconf 60' lang='lat' dir='ltr'>flacc.</span> <span class='ocrx_word' id='word_1_15' title='bbox 958 261 973 283; x_wconf 87' lang='lat'>9</span> <span class='ocrx_word' id='word_1_16' title='bbox 1011 251 1067 291; x_wconf 26' lang='lat' dir='ltr'>Sed*</span> <span class='ocrx_word' id='word_1_17' title='bbox 1083 252 1140 291; x_wconf 80' lang='lat' dir='ltr'>sunt</span> 
     </span>
     <span class='ocr_line' id='line_1_4' title="bbox 107 287 1142 327; baseline -0.008 -7"><span class='ocrx_word' id='word_1_18' title='bbox 107 295 136 320; x_wconf 88' lang='lat' dir='ltr'>in</span> <span class='ocrx_word' id='word_1_19' title='bbox 154 293 203 321; x_wconf 89' lang='lat' dir='ltr'>illo</span> <span class='ocrx_word' id='word_1_20' title='bbox 223 288 340 319; x_wconf 81' lang='lat' dir='ltr'>numero&#39;</span> <span class='ocrx_word' id='word_1_21' title='bbox 349 292 427 320; x_wconf 88' lang='lat' dir='ltr'>multi</span> <span class='ocrx_word' id='word_1_22' title='bbox 447 291 527 323; x_wconf 91' lang='lat' dir='ltr'>boni,</span> <span class='ocrx_word' id='word_1_23' title='bbox 547 291 636 324; x_wconf 65' lang='lat' dir='ltr'>doen,</span> <span class='ocrx_word' id='word_1_24' title='bbox 653 288 804 324; x_wconf 81' lang='lat' dir='ltr'>prudentes,</span> <span class='ocrx_word' id='word_1_25' title='bbox 821 296 869 321; x_wconf 83' lang='lat' dir='ltr'>qui</span> <span class='ocrx_word' id='word_1_26' title='bbox 889 287 920 313; x_wconf 89' lang='lat' dir='ltr'>ad</span> <span class='ocrx_word' id='word_1_27' title='bbox 944 287 993 313; x_wconf 88' lang='lat' dir='ltr'>hoc</span> <span class='ocrx_word' id='word_1_28' title='bbox 1012 287 1142 327; x_wconf 67' lang='lat' dir='ltr'>Iudicium</span> 
     </span>
     <span class='ocr_line' id='line_1_5' title="bbox 108 322 1143 357; baseline -0.008 -2"><span class='ocrx_word' id='word_1_29' title='bbox 108 328 215 356; x_wconf 65' lang='lat' dir='ltr'>deducti</span> <span class='ocrx_word' id='word_1_30' title='bbox 228 337 282 354; x_wconf 88' lang='lat' dir='ltr'>non</span> <span class='ocrx_word' id='word_1_31' title='bbox 296 328 364 354; x_wconf 86' lang='lat' dir='ltr'>sunt.</span> <span class='ocrx_word' id='word_1_32' title='bbox 435 328 465 353; x_wconf 94' lang='lat' dir='ltr'>In</span> <span class='ocrx_word' id='word_1_33' title='bbox 485 328 526 353; x_wconf 87' lang='lat' dir='ltr'>Ius</span> <span class='ocrx_word' id='word_1_34' title='bbox 545 326 638 353; x_wconf 86' lang='lat' dir='ltr'>deduci</span> <span class='ocrx_word' id='word_1_35' title='bbox 655 324 710 350; x_wconf 88' lang='lat' dir='ltr'>Cic.</span> <span class='ocrx_word' id='word_1_36' title='bbox 724 324 798 349; x_wconf 87' lang='lat' dir='ltr'>Verr.</span> <span class='ocrx_word' id='word_1_37' title='bbox 814 332 836 355; x_wconf 82' lang='lat'>3,</span> <span class='ocrx_word' id='word_1_38' title='bbox 874 343 880 349; x_wconf 92' lang='lat'>.</span> <span class='ocrx_word' id='word_1_39' title='bbox 918 341 925 348; x_wconf 88' lang='lat'>.</span> <span class='ocrx_word' id='word_1_40' title='bbox 997 323 1026 348; x_wconf 95' lang='lat' dir='ltr'>In</span> <span class='ocrx_word' id='word_1_41' title='bbox 1036 322 1143 357; x_wconf 79' lang='lat' dir='ltr'>Obliga-</span> 
     </span>
     <span class='ocr_line' id='line_1_6' title="bbox 107 356 1142 398; baseline -0.005 -7"><span class='ocrx_word' id='word_1_42' title='bbox 107 365 210 391; x_wconf 88' lang='lat' dir='ltr'>tionem</span> <span class='ocrx_word' id='word_1_43' title='bbox 224 363 368 395; x_wconf 84' lang='lat' dir='ltr'><strong>deducere,</strong></span> <span class='ocrx_word' id='word_1_44' title='bbox 382 362 489 398; x_wconf 75' lang='lat' dir='ltr'>obligare</span> <span class='ocrx_word' id='word_1_45' title='bbox 504 363 604 388; x_wconf 76' lang='lat' dir='ltr'>Paullus</span> <span class='ocrx_word' id='word_1_46' title='bbox 623 359 681 387; x_wconf 85' lang='lat' dir='ltr'>inl.</span> <span class='ocrx_word' id='word_1_47' title='bbox 701 359 738 384; x_wconf 84' lang='lat' dir='ltr'>Ex</span> <span class='ocrx_word' id='word_1_48' title='bbox 758 359 871 384; x_wconf 78' lang='lat' dir='ltr'>sextante</span> <span class='ocrx_word' id='word_1_49' title='bbox 890 358 920 388; x_wconf 85' lang='lat' dir='ltr'>D·</span> <span class='ocrx_word' id='word_1_50' title='bbox 941 356 971 383; x_wconf 72' lang='lat' dir='ltr'>de</span> <span class='ocrx_word' id='word_1_51' title='bbox 990 364 1087 392; x_wconf 81' lang='lat' dir='ltr'>except.</span> <span class='ocrx_word' id='word_1_52' title='bbox 1102 359 1142 384; x_wconf 83' lang='lat' dir='ltr'>rei</span> 
     </span>
     <span class='ocr_line' id='line_1_7' title="bbox 108 393 830 426; baseline -0.01 -1"><span class='ocrx_word' id='word_1_53' title='bbox 108 398 162 426; x_wconf 90' lang='lat' dir='ltr'>iud.</span> <span class='ocrx_word' id='word_1_54' title='bbox 234 400 263 425; x_wconf 92' lang='lat' dir='ltr'>ln</span> <span class='ocrx_word' id='word_1_55' title='bbox 277 399 415 426; x_wconf 86' lang='lat' dir='ltr'>Pulucrem</span> <span class='ocrx_word' id='word_1_56' title='bbox 431 398 604 424; x_wconf 76' lang='lat' dir='ltr'>tenuill&#39;uuum</span> <span class='ocrx_word' id='word_1_57' title='bbox 622 393 683 421; x_wconf 89' lang='lat' dir='ltr'>Pall.</span> <span class='ocrx_word' id='word_1_58' title='bbox 698 402 729 424; x_wconf 90' lang='lat'>11,</span> <span class='ocrx_word' id='word_1_59' title='bbox 743 402 782 426; x_wconf 89' lang='lat'>14,</span> <span class='ocrx_word' id='word_1_60' title='bbox 797 401 830 425; x_wconf 80' lang='lat'>¹3·</span> 
     </span>
     <span class='ocr_line' id='line_1_8' title="bbox 109 427 1142 468; baseline -0.005 -8"><span class='ocrx_word' id='word_1_61' title='bbox 109 435 169 468; x_wconf 89' lang='lat' dir='ltr'>le.</span> <span class='ocrx_word' id='word_1_62' title='bbox 184 434 212 460; x_wconf 90' lang='lat' dir='ltr'>in</span> <span class='ocrx_word' id='word_1_63' title='bbox 227 434 243 460; x_wconf 94' lang='lat' dir='ltr'>l.</span> <span class='ocrx_word' id='word_1_64' title='bbox 266 435 293 461; x_wconf 87' lang='lat' dir='ltr'>Si</span> <span class='ocrx_word' id='word_1_65' title='bbox 306 443 320 460; x_wconf 90' lang='lat' dir='ltr'>a</span> <span class='ocrx_word' id='word_1_66' title='bbox 335 434 430 460; x_wconf 81' lang='lat' dir='ltr'>colono</span> <span class='ocrx_word' id='word_1_67' title='bbox 446 434 475 459; x_wconf 87' lang='grc' dir='ltr'>Ι).</span> <span class='ocrx_word' id='word_1_68' title='bbox 491 434 522 460; x_wconf 87' lang='lat' dir='ltr'>de</span> <span class='ocrx_word' id='word_1_69' title='bbox 536 431 639 460; x_wconf 82' lang='lat' dir='ltr'>verbor.</span> <span class='ocrx_word' id='word_1_70' title='bbox 653 428 762 462; x_wconf 84' lang='lat' dir='ltr'>obligat.</span> <span class='ocrx_word' id='word_1_71' title='bbox 818 427 986 454; x_wconf 86' lang='lat' dir='ltr'>Lincamema</span> <span class='ocrx_word' id='word_1_72' title='bbox 1004 428 1142 461; x_wconf 75' lang='lat' dir='ltr'>deducere,</span> 
     </span>
     <span class='ocr_line' id='line_1_9' title="bbox 101 463 1143 504; baseline -0.008 -7"><span class='ocrx_word' id='word_1_73' title='bbox 101 476 152 504; x_wconf 77' lang='lat' dir='ltr'>pro</span> <span class='ocrx_word' id='word_1_74' title='bbox 171 470 281 497; x_wconf 75' lang='lat' dir='ltr'>Trahere</span> <span class='ocrx_word' id='word_1_75' title='bbox 294 468 350 496; x_wconf 86' lang='lat' dir='ltr'>Sen.</span> <span class='ocrx_word' id='word_1_76' title='bbox 366 468 442 502; x_wconf 81' lang='lat' dir='ltr'>Epist.</span> <span class='ocrx_word' id='word_1_77' title='bbox 458 472 498 501; x_wconf 83' lang='lat'>96.</span> <span class='ocrx_word' id='word_1_78' title='bbox 567 466 654 492; x_wconf 86' lang='lat' dir='ltr'>Litcm</span> <span class='ocrx_word' id='word_1_79' title='bbox 668 463 812 496; x_wconf 80' lang='lat' dir='ltr'>deducere,</span> <span class='ocrx_word' id='word_1_80' title='bbox 832 466 849 490; x_wconf 84' lang='lat' dir='ltr'>i.</span> <span class='ocrx_word' id='word_1_81' title='bbox 870 464 968 498; x_wconf 68' lang='lat' dir='ltr'>auferre</span> <span class='ocrx_word' id='word_1_82' title='bbox 981 464 1143 496; x_wconf 76' lang='lat' dir='ltr'>Columel.3,</span> 
     </span>
     <span class='ocr_line' id='line_1_10' title="bbox 109 499 1142 536; baseline -0.005 -6"><span class='ocrx_word' id='word_1_83' title='bbox 109 512 142 536; x_wconf 78' lang='lat'>13.</span> <span class='ocrx_word' id='word_1_84' title='bbox 161 505 214 531; x_wconf 79' lang='lat' dir='ltr'>vid.</span> <span class='ocrx_word' id='word_1_85' title='bbox 234 511 443 532; x_wconf 73' lang='lat' dir='ltr'>oRGANVM.</span> <span class='ocrx_word' id='word_1_86' title='bbox 513 501 600 533; x_wconf 70' lang='lat' dir='ltr'>Litera</span> <span class='ocrx_word' id='word_1_87' title='bbox 618 508 693 526; x_wconf 84' lang='lat' dir='ltr'>mero</span> <span class='ocrx_word' id='word_1_88' title='bbox 714 499 824 525; x_wconf 66' lang='lat' dir='ltr'>deducta</span> <span class='ocrx_word' id='word_1_89' title='bbox 849 499 930 526; x_wconf 81' lang='lat' dir='ltr'>Ouid.</span> <span class='ocrx_word' id='word_1_90' title='bbox 949 500 1024 534; x_wconf 70' lang='lat' dir='ltr'>Epist.</span> <span class='ocrx_word' id='word_1_91' title='bbox 1048 508 1085 533; x_wconf 87' lang='lat'>17,</span> <span class='ocrx_word' id='word_1_92' title='bbox 1105 505 1142 529; x_wconf 75' lang='lat'>88.</span> 
     </span>
     <span class='ocr_line' id='line_1_11' title="bbox 109 534 1141 573; baseline -0.008 -7"><span class='ocrx_word' id='word_1_93' title='bbox 109 540 164 566; x_wconf 88' lang='lat' dir='ltr'>Cic.</span> <span class='ocrx_word' id='word_1_94' title='bbox 181 540 258 566; x_wconf 88' lang='lat' dir='ltr'>Acad.</span> <span class='ocrx_word' id='word_1_95' title='bbox 273 549 301 572; x_wconf 87' lang='lat'>4,</span> <span class='ocrx_word' id='word_1_96' title='bbox 318 548 359 565; x_wconf 84' lang='lat'>120</span> <span class='ocrx_word' id='word_1_97' title='bbox 383 539 490 573; x_wconf 76' lang='lat' dir='ltr'>Negatis</span> <span class='ocrx_word' id='word_1_98' title='bbox 503 537 550 563; x_wconf 82' lang='lat' dir='ltr'>hoc</span> <span class='ocrx_word' id='word_1_99' title='bbox 561 542 615 561; x_wconf 91' lang='lat' dir='ltr'>tam</span> <span class='ocrx_word' id='word_1_100' title='bbox 630 535 729 569; x_wconf 88' lang='lat' dir='ltr'>polite,</span> <span class='ocrx_word' id='word_1_101' title='bbox 749 541 855 568; x_wconf 84' lang='lat' dir='ltr'>tamque</span> <span class='ocrx_word' id='word_1_102' title='bbox 871 535 1002 562; x_wconf 78' lang='lat' dir='ltr'>subtiliter</span> <span class='ocrx_word' id='word_1_103' title='bbox 1016 534 1083 561; x_wconf 87' lang='lat' dir='ltr'>effici</span> <span class='ocrx_word' id='word_1_104' title='bbox 1098 544 1141 568; x_wconf 82' lang='lat' dir='ltr'>po.</span> 
     </span>
    </p>
   </div>
   <div class='ocr_carea' id='block_1_4' title="bbox 107 569 1189 609">
    <p class='ocr_par' dir='ltr' id='par_1_4' title="bbox 107 569 1189 609">
     <span class='ocr_line' id='line_1_12' title="bbox 107 569 1189 609; baseline -0.004 -8"><span class='ocrx_word' id='word_1_105' title='bbox 107 575 182 602; x_wconf 76' lang='lat' dir='ltr'>tuiti&#39;e</span> <span class='ocrx_word' id='word_1_106' title='bbox 195 575 247 601; x_wconf 83' lang='lat' dir='ltr'>fine</span> <span class='ocrx_word' id='word_1_107' title='bbox 261 575 352 601; x_wconf 88' lang='lat' dir='ltr'>diuina</span> <span class='ocrx_word' id='word_1_108' title='bbox 366 575 452 609; x_wconf 85' lang='lat' dir='ltr'>aliqua</span> <span class='ocrx_word' id='word_1_109' title='bbox 466 571 584 600; x_wconf 76' lang='lat' dir='ltr'>solertia,</span> <span class='ocrx_word' id='word_1_110' title='bbox 603 570 677 596; x_wconf 88' lang='lat' dir='ltr'>cuius</span> <span class='ocrx_word' id='word_1_111' title='bbox 693 569 802 605; x_wconf 88' lang='lat' dir='ltr'>quidem</span> <span class='ocrx_word' id='word_1_112' title='bbox 821 579 867 596; x_wconf 81' lang='lat' dir='ltr'>vos</span> <span class='ocrx_word' id='word_1_113' title='bbox 882 571 1044 596; x_wconf 79' lang='lat' dir='ltr'>Maiestatem</span> <span class='ocrx_word' id='word_1_114' title='bbox 1063 570 1142 596; x_wconf 86' lang='lat' dir='ltr'>dedu-</span> <span class='ocrx_word' id='word_1_115' title='bbox 1161 580 1189 597; x_wconf 88' lang='lat'>10</span> 
     </span>
    </p>
   </div>
   <div class='ocr_carea' id='block_1_5' title="bbox 106 605 1143 750">
    <p class='ocr_par' dir='ltr' id='par_1_5' title="bbox 106 605 1143 750">
     <span class='ocr_line' id='line_1_13' title="bbox 107 605 1143 645; baseline -0.005 -10"><span class='ocrx_word' id='word_1_116' title='bbox 107 610 166 636; x_wconf 87' lang='lat' dir='ltr'>citis</span> <span class='ocrx_word' id='word_1_117' title='bbox 185 611 265 645; x_wconf 82' lang='lat' dir='ltr'>vsque</span> <span class='ocrx_word' id='word_1_118' title='bbox 285 610 316 637; x_wconf 77' lang='lat' dir='ltr'>ad</span> <span class='ocrx_word' id='word_1_119' title='bbox 338 620 414 644; x_wconf 78' lang='lat' dir='ltr'>apum</span> <span class='ocrx_word' id='word_1_120' title='bbox 430 608 654 642; x_wconf 79' lang='lat' dir='ltr'>formicarumque</span> <span class='ocrx_word' id='word_1_121' title='bbox 674 605 878 640; x_wconf 67' lang='lat' dir='ltr'>perfectionem,</span> <span class='ocrx_word' id='word_1_122' title='bbox 902 606 1050 637; x_wconf 75' lang='lat' dir='ltr'>demittitis,</span> <span class='ocrx_word' id='word_1_123' title='bbox 1075 615 1143 641; x_wconf 76' lang='lat' dir='ltr'>nego-</span> 
     </span>
     <span class='ocr_line' id='line_1_14' title="bbox 106 640 1142 677; baseline -0.006 -4"><span class='ocrx_word' id='word_1_124' title='bbox 106 649 169 673; x_wconf 77' lang='lat' dir='ltr'>tium</span> <span class='ocrx_word' id='word_1_125' title='bbox 189 648 264 672; x_wconf 68' lang='lat' dir='ltr'>nitriis</span> <span class='ocrx_word' id='word_1_126' title='bbox 283 646 371 672; x_wconf 61' lang='lat' dir='ltr'>humile</span> <span class='ocrx_word' id='word_1_127' title='bbox 389 645 427 671; x_wconf 82' lang='lat' dir='ltr'>illt&#39;</span> <span class='ocrx_word' id='word_1_128' title='bbox 441 641 578 677; x_wconf 81' lang='lat' dir='ltr'>affignatis.</span> <span class='ocrx_word' id='word_1_129' title='bbox 596 644 599 645; x_wconf 51' lang='lat'><em>⁷</em></span> <span class='ocrx_word' id='word_1_130' title='bbox 651 642 771 667; x_wconf 77' lang='lat' dir='ltr'>AMente</span> <span class='ocrx_word' id='word_1_131' title='bbox 791 646 817 666; x_wconf 82' lang='lat' dir='ltr'>ct</span> <span class='ocrx_word' id='word_1_132' title='bbox 837 641 946 667; x_wconf 69' lang='lat' dir='ltr'>coi-utilio</span> <span class='ocrx_word' id='word_1_133' title='bbox 963 640 1057 667; x_wconf 83' lang='lat' dir='ltr'>deduci</span> <span class='ocrx_word' id='word_1_134' title='bbox 1087 643 1142 667; x_wconf 78' lang='lat' dir='ltr'>Cic.</span> 
     </span>
     <span class='ocr_line' id='line_1_15' title="bbox 109 676 1142 713; baseline -0.004 -6"><span class='ocrx_word' id='word_1_135' title='bbox 109 682 187 707; x_wconf 87' lang='lat' dir='ltr'>Verr.</span> <span class='ocrx_word' id='word_1_136' title='bbox 205 691 212 706; x_wconf 94' lang='lat'>1</span> <span class='ocrx_word' id='word_1_137' title='bbox 229 687 252 706; x_wconf 84' lang='lat' dir='ltr'>et</span> <span class='ocrx_word' id='word_1_138' title='bbox 266 688 287 713; x_wconf 78' lang='grc' dir='ltr'>ς.</span> <span class='ocrx_word' id='word_1_139' title='bbox 358 681 412 707; x_wconf 88' lang='lat' dir='ltr'>Cic.</span> <span class='ocrx_word' id='word_1_140' title='bbox 428 677 479 711; x_wconf 78' lang='lat' dir='ltr'>Off.</span> <span class='ocrx_word' id='word_1_141' title='bbox 496 685 515 708; x_wconf 91' lang='lat'>1,</span> <span class='ocrx_word' id='word_1_142' title='bbox 552 696 559 702; x_wconf 92' lang='lat'>.</span> <span class='ocrx_word' id='word_1_143' title='bbox 598 696 604 703; x_wconf 92' lang='lat'>.</span> <span class='ocrx_word' id='word_1_144' title='bbox 642 676 800 711; x_wconf 82' lang='lat' dir='ltr'>Plerumque</span> <span class='ocrx_word' id='word_1_145' title='bbox 812 683 899 702; x_wconf 78' lang='lat' dir='ltr'>autem</span> <span class='ocrx_word' id='word_1_146' title='bbox 916 684 1051 710; x_wconf 80' lang='lat' dir='ltr'>parentum</span> <span class='ocrx_word' id='word_1_147' title='bbox 1071 686 1142 710; x_wconf 88' lang='lat' dir='ltr'>prac-</span> 
     </span>
     <span class='ocr_line' id='line_1_16' title="bbox 107 711 1141 750; baseline -0.006 -7"><span class='ocrx_word' id='word_1_148' title='bbox 107 716 188 750; x_wconf 84' lang='lat' dir='ltr'>ceptis</span> <span class='ocrx_word' id='word_1_149' title='bbox 214 716 327 748; x_wconf 85' lang='lat' dir='ltr'>imbuti,</span> <span class='ocrx_word' id='word_1_150' title='bbox 351 715 382 742; x_wconf 83' lang='lat' dir='ltr'>ad</span> <span class='ocrx_word' id='word_1_151' title='bbox 408 721 501 740; x_wconf 58' lang='lat' dir='ltr'>comum</span> <span class='ocrx_word' id='word_1_152' title='bbox 527 712 760 744; x_wconf 76' lang='lat' dir='ltr'>consuetudinem,</span> <span class='ocrx_word' id='word_1_153' title='bbox 785 713 943 745; x_wconf 86' lang='lat' dir='ltr'>Morcmque</span> <span class='ocrx_word' id='word_1_154' title='bbox 976 711 1141 738; x_wconf 82' lang='lat' dir='ltr'>deducimur.</span> 
     </span>
    </p>
   </div>
   <div class='ocr_carea' id='block_1_6' title="bbox 106 747 1186 783">
    <p class='ocr_par' dir='ltr' id='par_1_6' title="bbox 106 747 1186 783">
     <span class='ocr_line' id='line_1_17' title="bbox 106 747 1186 783; baseline -0.006 -5"><span class='ocrx_word' id='word_1_155' title='bbox 106 751 195 778; x_wconf 83' lang='lat' dir='ltr'>Naues</span> <span class='ocrx_word' id='word_1_156' title='bbox 215 751 345 778; x_wconf 84' lang='lat' dir='ltr'>deducunt</span> <span class='ocrx_word' id='word_1_157' title='bbox 364 748 427 776; x_wconf 88' lang='lat' dir='ltr'>socii</span> <span class='ocrx_word' id='word_1_158' title='bbox 442 747 514 781; x_wconf 89' lang='lat' dir='ltr'>Virg.</span> <span class='ocrx_word' id='word_1_159' title='bbox 528 748 593 773; x_wconf 90' lang='lat' dir='ltr'>Aen.</span> <span class='ocrx_word' id='word_1_160' title='bbox 608 755 630 780; x_wconf 76' lang='grc' dir='ltr'>ς,</span> <span class='ocrx_word' id='word_1_161' title='bbox 645 750 687 780; x_wconf 87' lang='lat'>69.</span> <span class='ocrx_word' id='word_1_162' title='bbox 703 757 763 783; x_wconf 77' lang='lat' dir='ltr'>quac</span> <span class='ocrx_word' id='word_1_163' title='bbox 782 751 819 773; x_wconf 71' lang='lat' dir='ltr'>ita</span> <span class='ocrx_word' id='word_1_164' title='bbox 832 747 962 778; x_wconf 79' lang='lat' dir='ltr'>dicuntur,</span> <span class='ocrx_word' id='word_1_165' title='bbox 975 747 1071 783; x_wconf 76' lang='lat' dir='ltr'>quando</span> <span class='ocrx_word' id='word_1_166' title='bbox 1089 757 1143 774; x_wconf 78' lang='lat' dir='ltr'>cur-</span> <span class='ocrx_word' id='word_1_167' title='bbox 1161 754 1186 779; x_wconf 79' lang='lat'>¹3</span> 
     </span>
    </p>
   </div>
   <div class='ocr_carea' id='block_1_7' title="bbox 553 782 1144 809">
    <p class='ocr_par' dir='ltr' id='par_1_7' title="bbox 553 782 1144 809">
     <span class='ocr_line' id='line_1_18' title="bbox 553 782 1144 809; baseline 0.002 -1"><span class='ocrx_word' id='word_1_168' title='bbox 553 784 619 809; x_wconf 73' lang='lat' dir='ltr'>Huic</span> <span class='ocrx_word' id='word_1_169' title='bbox 637 786 790 809; x_wconf 66' lang='lat' dir='ltr'>conta-arima</span> <span class='ocrx_word' id='word_1_170' title='bbox 802 782 960 809; x_wconf 87' lang='lat' dir='ltr'>Subducere.</span> <span class='ocrx_word' id='word_1_171' title='bbox 989 783 1057 809; x_wconf 49' lang='lat' dir='ltr'>Adii.</span> <span class='ocrx_word' id='word_1_172' title='bbox 1072 783 1144 809; x_wconf 86' lang='lat' dir='ltr'>Idem</span> 
     </span>
    </p>
   </div>
   <div class='ocr_carea' id='block_1_8' title="bbox 100 787 1143 845">
    <p class='ocr_par' dir='ltr' id='par_1_8' title="bbox 100 787 1143 845">
     <span class='ocr_line' id='line_1_19' title="bbox 100 787 982 823; baseline -0.015 -10"><span class='ocrx_word' id='word_1_173' title='bbox 100 787 145 823; x_wconf 69' lang='lat' dir='ltr'>fi‘i</span> <span class='ocrx_word' id='word_1_174' title='bbox 162 794 234 822; x_wconf 77' lang='lat' dir='ltr'>atque</span> <span class='ocrx_word' id='word_1_175' title='bbox 245 789 333 813; x_wconf 67' lang='lat' dir='ltr'>itineri</span> <span class='ocrx_word' id='word_1_176' title='bbox 344 787 513 819; x_wconf 82' lang='lat' dir='ltr'>accinguntur.</span> <span class='ocrx_word' id='word_1_177' title='bbox 977 818 982 822; x_wconf 95' lang='lat'>.</span> 
     </span>
     <span class='ocr_line' id='line_1_20' title="bbox 710 818 1143 845; baseline 0 -1"><span class='ocrx_word' id='word_1_178' title='bbox 710 819 807 845; x_wconf 89' lang='lat' dir='ltr'>Oculos</span> <span class='ocrx_word' id='word_1_179' title='bbox 826 818 955 844; x_wconf 79' lang='lat' dir='ltr'>deducere</span> <span class='ocrx_word' id='word_1_180' title='bbox 975 826 1002 844; x_wconf 79' lang='lat'>111</span> <span class='ocrx_word' id='word_1_181' title='bbox 1023 828 1079 844; x_wconf 84' lang='lat' dir='ltr'>rem</span> <span class='ocrx_word' id='word_1_182' title='bbox 1098 819 1143 845; x_wconf 89' lang='lat' dir='ltr'>ali-</span> 
     </span>
    </p>
   </div>
   <div class='ocr_carea' id='block_1_9' title="bbox 80 818 1147 1633">
    <p class='ocr_par' dir='ltr' id='par_1_9' title="bbox 80 818 1147 1633">
     <span class='ocr_line' id='line_1_21' title="bbox 108 818 637 856; baseline -0.006 -9"><span class='ocrx_word' id='word_1_183' title='bbox 108 822 205 856; x_wconf 85' lang='lat' dir='ltr'>Georg.</span> <span class='ocrx_word' id='word_1_184' title='bbox 226 832 245 854; x_wconf 84' lang='grc'>1,</span> <span class='ocrx_word' id='word_1_185' title='bbox 268 830 316 855; x_wconf 78' lang='lat'>233.</span> <span class='ocrx_word' id='word_1_186' title='bbox 350 820 444 845; x_wconf 86' lang='lat' dir='ltr'>Horat.</span> <span class='ocrx_word' id='word_1_187' title='bbox 464 818 551 845; x_wconf 89' lang='lat' dir='ltr'>Carm.</span> <span class='ocrx_word' id='word_1_188' title='bbox 573 827 593 850; x_wconf 91' lang='lat'>1,</span> <span class='ocrx_word' id='word_1_189' title='bbox 611 827 637 850; x_wconf 85' lang='lat'>4.</span> 
     </span>
     <span class='ocr_line' id='line_1_22' title="bbox 106 853 1143 892; baseline -0.005 -8"><span class='ocrx_word' id='word_1_190' title='bbox 106 866 185 892; x_wconf 88' lang='lat' dir='ltr'>quam</span> <span class='ocrx_word' id='word_1_191' title='bbox 198 857 277 884; x_wconf 89' lang='lat' dir='ltr'>Ouid.</span> <span class='ocrx_word' id='word_1_192' title='bbox 292 854 375 882; x_wconf 81' lang='lat' dir='ltr'>Trist.</span> <span class='ocrx_word' id='word_1_193' title='bbox 388 864 414 887; x_wconf 91' lang='lat'>4,</span> <span class='ocrx_word' id='word_1_194' title='bbox 428 862 453 885; x_wconf 83' lang='lat' dir='ltr'>z,</span> <span class='ocrx_word' id='word_1_195' title='bbox 466 856 504 880; x_wconf 93' lang='lat'>61.</span> <span class='ocrx_word' id='word_1_196' title='bbox 575 853 648 880; x_wconf 84' lang='lat' dir='ltr'>Idem</span> <span class='ocrx_word' id='word_1_197' title='bbox 663 854 748 880; x_wconf 86' lang='lat' dir='ltr'>Trist.</span> <span class='ocrx_word' id='word_1_198' title='bbox 762 862 787 885; x_wconf 86' lang='lat'>2,</span> <span class='ocrx_word' id='word_1_199' title='bbox 801 856 849 885; x_wconf 77' lang='lat'>360</span> <span class='ocrx_word' id='word_1_200' title='bbox 879 854 960 880; x_wconf 83' lang='lat' dir='ltr'>Pauca</span> <span class='ocrx_word' id='word_1_201' title='bbox 980 853 1075 888; x_wconf 90' lang='lat' dir='ltr'>quibus</span> <span class='ocrx_word' id='word_1_202' title='bbox 1092 855 1143 888; x_wconf 85' lang='lat' dir='ltr'>pri-</span> 
     </span>
     <span class='ocr_line' id='line_1_23' title="bbox 107 888 1143 927; baseline -0.004 -7"><span class='ocrx_word' id='word_1_203' title='bbox 107 902 150 919; x_wconf 88' lang='lat' dir='ltr'>ma</span> <span class='ocrx_word' id='word_1_204' title='bbox 174 894 277 927; x_wconf 84' lang='lat' dir='ltr'>surgens</span> <span class='ocrx_word' id='word_1_205' title='bbox 294 889 326 917; x_wconf 88' lang='lat' dir='ltr'>ab</span> <span class='ocrx_word' id='word_1_206' title='bbox 344 888 449 923; x_wconf 81' lang='lat' dir='ltr'>origine</span> <span class='ocrx_word' id='word_1_207' title='bbox 468 888 577 920; x_wconf 89' lang='lat' dir='ltr'>mundi,</span> <span class='ocrx_word' id='word_1_208' title='bbox 600 890 630 915; x_wconf 78' lang='lat' dir='ltr'>In</span> <span class='ocrx_word' id='word_1_209' title='bbox 650 895 695 915; x_wconf 89' lang='lat' dir='ltr'>tua</span> <span class='ocrx_word' id='word_1_210' title='bbox 713 889 810 915; x_wconf 91' lang='lat' dir='ltr'>deduxi</span> <span class='ocrx_word' id='word_1_211' title='bbox 828 895 947 923; x_wconf 84' lang='lat' dir='ltr'>tempora</span> <span class='ocrx_word' id='word_1_212' title='bbox 961 890 1143 924; x_wconf 85' lang='lat' dir='ltr'>CacsarOpus.</span> 
     </span>
     <span class='ocr_line' id='line_1_24' title="bbox 108 924 910 959; baseline -0.007 -4"><span class='ocrx_word' id='word_1_213' title='bbox 108 928 222 955; x_wconf 87' lang='lat' dir='ltr'>Condita</span> <span class='ocrx_word' id='word_1_214' title='bbox 241 925 330 954; x_wconf 85' lang='lat' dir='ltr'>lasciui</span> <span class='ocrx_word' id='word_1_215' title='bbox 349 924 480 951; x_wconf 84' lang='lat' dir='ltr'>deducunt</span> <span class='ocrx_word' id='word_1_216' title='bbox 493 925 575 959; x_wconf 95' lang='lat' dir='ltr'>Orgia</span> <span class='ocrx_word' id='word_1_217' title='bbox 588 924 685 957; x_wconf 86' lang='lat' dir='ltr'>mystae</span> <span class='ocrx_word' id='word_1_218' title='bbox 705 925 762 950; x_wconf 85' lang='lat' dir='ltr'>Sen.</span> <span class='ocrx_word' id='word_1_219' title='bbox 777 924 844 952; x_wconf 88' lang='lat' dir='ltr'>Oed.</span> <span class='ocrx_word' id='word_1_220' title='bbox 858 933 910 957; x_wconf 67' lang='lat'>431.</span> 
     </span>
     <span class='ocr_line' id='line_1_25' title="bbox 109 959 1027 997; baseline -0.003 -8"><span class='ocrx_word' id='word_1_221' title='bbox 109 971 129 996; x_wconf 88' lang='lat'>1,</span> <span class='ocrx_word' id='word_1_222' title='bbox 143 973 155 995; x_wconf 83' lang='lat'>5</span> <span class='ocrx_word' id='word_1_223' title='bbox 176 963 204 990; x_wconf 87' lang='lat' dir='ltr'>Si</span> <span class='ocrx_word' id='word_1_224' title='bbox 217 971 266 997; x_wconf 88' lang='lat' dir='ltr'>qua</span> <span class='ocrx_word' id='word_1_225' title='bbox 280 960 418 987; x_wconf 86' lang='lat' dir='ltr'>hominum</span> <span class='ocrx_word' id='word_1_226' title='bbox 432 960 565 994; x_wconf 87' lang='lat' dir='ltr'>aequitate</span> <span class='ocrx_word' id='word_1_227' title='bbox 583 969 624 986; x_wconf 88' lang='lat' dir='ltr'>res</span> <span class='ocrx_word' id='word_1_228' title='bbox 638 960 670 986; x_wconf 84' lang='lat' dir='ltr'>ad</span> <span class='ocrx_word' id='word_1_229' title='bbox 683 960 776 986; x_wconf 89' lang='lat' dir='ltr'>Otium</span> <span class='ocrx_word' id='word_1_230' title='bbox 790 959 883 986; x_wconf 83' lang='lat' dir='ltr'>deduci</span> <span class='ocrx_word' id='word_1_231' title='bbox 897 960 1027 994; x_wconf 74' lang='lat' dir='ltr'>potiiillet.</span> 
     </span>
     <span class='ocr_line' id='line_1_26' title="bbox 108 995 1144 1029; baseline -0.002 -4"><span class='ocrx_word' id='word_1_232' title='bbox 108 999 152 1025; x_wconf 86' lang='lat' dir='ltr'>des</span> <span class='ocrx_word' id='word_1_233' title='bbox 165 998 197 1026; x_wconf 88' lang='lat' dir='ltr'>de</span> <span class='ocrx_word' id='word_1_234' title='bbox 214 996 284 1024; x_wconf 70' lang='lat' dir='ltr'>lec‘io</span> <span class='ocrx_word' id='word_1_235' title='bbox 301 995 430 1022; x_wconf 83' lang='lat' dir='ltr'>deducere</span> <span class='ocrx_word' id='word_1_236' title='bbox 450 995 531 1022; x_wconf 87' lang='lat' dir='ltr'>Plaut.</span> <span class='ocrx_word' id='word_1_237' title='bbox 547 996 655 1022; x_wconf 89' lang='lat' dir='ltr'>Curcul.</span> <span class='ocrx_word' id='word_1_238' title='bbox 669 1004 694 1027; x_wconf 89' lang='lat'>2,</span> <span class='ocrx_word' id='word_1_239' title='bbox 708 1003 731 1027; x_wconf 82' lang='lat'>3,</span> <span class='ocrx_word' id='word_1_240' title='bbox 745 1000 782 1025; x_wconf 85' lang='lat'>82.</span> <span class='ocrx_word' id='word_1_241' title='bbox 855 995 916 1029; x_wconf 91' lang='lat' dir='ltr'>le.</span> <span class='ocrx_word' id='word_1_242' title='bbox 931 995 958 1021; x_wconf 90' lang='lat' dir='ltr'>in</span> <span class='ocrx_word' id='word_1_243' title='bbox 972 995 988 1021; x_wconf 94' lang='lat' dir='ltr'>l.</span> <span class='ocrx_word' id='word_1_244' title='bbox 1016 996 1042 1021; x_wconf 81' lang='lat' dir='ltr'>Si</span> <span class='ocrx_word' id='word_1_245' title='bbox 1060 1002 1144 1023; x_wconf 85' lang='lat' dir='ltr'>mater</span> 
     </span>
     <span class='ocr_line' id='line_1_27' title="bbox 107 1030 1144 1066; baseline -0.002 -6"><span class='ocrx_word' id='word_1_246' title='bbox 107 1033 140 1060; x_wconf 91' lang='lat' dir='ltr'>D.</span> <span class='ocrx_word' id='word_1_247' title='bbox 161 1030 361 1066; x_wconf 75' lang='lat' dir='ltr'>de¹exceptione</span> <span class='ocrx_word' id='word_1_248' title='bbox 381 1031 423 1058; x_wconf 88' lang='lat' dir='ltr'>rei</span> <span class='ocrx_word' id='word_1_249' title='bbox 442 1030 522 1057; x_wconf 85' lang='lat' dir='ltr'>iudic.</span> <span class='ocrx_word' id='word_1_250' title='bbox 543 1032 602 1057; x_wconf 88' lang='lat' dir='ltr'>Hoc</span> <span class='ocrx_word' id='word_1_251' title='bbox 620 1031 679 1057; x_wconf 87' lang='lat' dir='ltr'>iure</span> <span class='ocrx_word' id='word_1_252' title='bbox 698 1030 815 1065; x_wconf 86' lang='lat' dir='ltr'>vtimur‚</span> <span class='ocrx_word' id='word_1_253' title='bbox 828 1036 856 1057; x_wconf 84' lang='lat' dir='ltr'>vt</span> <span class='ocrx_word' id='word_1_254' title='bbox 871 1040 902 1057; x_wconf 77' lang='lat' dir='ltr'>ex</span> <span class='ocrx_word' id='word_1_255' title='bbox 916 1038 988 1065; x_wconf 89' lang='lat' dir='ltr'>parte</span> <span class='ocrx_word' id='word_1_256' title='bbox 1006 1031 1102 1058; x_wconf 70' lang='lat' dir='ltr'>actoris</span> <span class='ocrx_word' id='word_1_257' title='bbox 1114 1032 1144 1058; x_wconf 90' lang='lat' dir='ltr'>in</span> 
     </span>
     <span class='ocr_line' id='line_1_28' title="bbox 107 1066 1143 1103; baseline -0.003 -7"><span class='ocrx_word' id='word_1_258' title='bbox 107 1068 258 1103; x_wconf 83' lang='lat' dir='ltr'>exceptione</span> <span class='ocrx_word' id='word_1_259' title='bbox 270 1067 311 1094; x_wconf 90' lang='lat' dir='ltr'>rei</span> <span class='ocrx_word' id='word_1_260' title='bbox 330 1066 459 1093; x_wconf 83' lang='lat' dir='ltr'>iudicatae</span> <span class='ocrx_word' id='word_1_261' title='bbox 472 1066 520 1092; x_wconf 90' lang='lat' dir='ltr'>hae</span> <span class='ocrx_word' id='word_1_262' title='bbox 542 1066 667 1101; x_wconf 77' lang='lat' dir='ltr'>personae</span> <span class='ocrx_word' id='word_1_263' title='bbox 685 1066 885 1098; x_wconf 79' lang='lat' dir='ltr'>contineantur,</span> <span class='ocrx_word' id='word_1_264' title='bbox 907 1075 974 1100; x_wconf 84' lang='lat' dir='ltr'>quae</span> <span class='ocrx_word' id='word_1_265' title='bbox 982 1067 1046 1093; x_wconf 84' lang='lat' dir='ltr'>Rem</span> <span class='ocrx_word' id='word_1_266' title='bbox 1063 1068 1091 1092; x_wconf 92' lang='lat' dir='ltr'>in</span> <span class='ocrx_word' id='word_1_267' title='bbox 1105 1068 1143 1093; x_wconf 92' lang='lat' dir='ltr'>iu-</span> 
     </span>
     <span class='ocr_line' id='line_1_29' title="bbox 107 1102 536 1130; baseline -0.009 0"><span class='ocrx_word' id='word_1_268' title='bbox 107 1104 205 1130; x_wconf 79' lang='lat' dir='ltr'>dicium</span> <span class='ocrx_word' id='word_1_269' title='bbox 226 1102 366 1129; x_wconf 88' lang='lat' dir='ltr'>deducunt.</span> <span class='ocrx_word' id='word_1_270' title='bbox 532 1102 536 1106; x_wconf 92' lang='lat'>&#39;</span> 
     </span>
     <span class='ocr_line' id='line_1_30' title="bbox 107 1137 1144 1173; baseline -0.001 -8"><span class='ocrx_word' id='word_1_271' title='bbox 107 1139 146 1166; x_wconf 88' lang='lat' dir='ltr'>De</span> <span class='ocrx_word' id='word_1_272' title='bbox 159 1137 289 1173; x_wconf 82' lang='lat' dir='ltr'>prauitate</span> <span class='ocrx_word' id='word_1_273' title='bbox 305 1137 390 1164; x_wconf 88' lang='lat' dir='ltr'>animi</span> <span class='ocrx_word' id='word_1_274' title='bbox 408 1137 523 1171; x_wconf 91' lang='lat' dir='ltr'>aliquem</span> <span class='ocrx_word' id='word_1_275' title='bbox 544 1137 600 1164; x_wconf 80' lang='lat' dir='ltr'>Ci&#39;c.</span> <span class='ocrx_word' id='word_1_276' title='bbox 616 1137 649 1163; x_wconf 86' lang='lat' dir='ltr'>de</span> <span class='ocrx_word' id='word_1_277' title='bbox 665 1137 741 1163; x_wconf 89' lang='lat' dir='ltr'>Petit.</span> <span class='ocrx_word' id='word_1_278' title='bbox 757 1138 834 1164; x_wconf 89' lang='lat' dir='ltr'>Cons.</span> <span class='ocrx_word' id='word_1_279' title='bbox 848 1146 882 1169; x_wconf 78' lang='lat'>31.</span> <span class='ocrx_word' id='word_1_280' title='bbox 954 1138 992 1163; x_wconf 85' lang='lat' dir='ltr'>De</span> <span class='ocrx_word' id='word_1_281' title='bbox 1006 1138 1144 1172; x_wconf 88' lang='lat' dir='ltr'>prouincia</span> 
     </span>
     <span class='ocr_line' id='line_1_31' title="bbox 106 1172 1145 1208; baseline -0.001 -7"><span class='ocrx_word' id='word_1_282' title='bbox 106 1173 212 1204; x_wconf 80' lang='lat' dir='ltr'>deduci,</span> <span class='ocrx_word' id='word_1_283' title='bbox 233 1176 251 1200; x_wconf 85' lang='lat' dir='ltr'>i.</span> <span class='ocrx_word' id='word_1_284' title='bbox 272 1175 393 1199; x_wconf 75' lang='lat' dir='ltr'>Rcuocari</span> <span class='ocrx_word' id='word_1_285' title='bbox 410 1172 484 1199; x_wconf 82' lang='lat' dir='ltr'>Idem</span> <span class='ocrx_word' id='word_1_286' title='bbox 501 1172 533 1199; x_wconf 86' lang='lat' dir='ltr'>de</span> <span class='ocrx_word' id='word_1_287' title='bbox 546 1172 654 1199; x_wconf 85' lang='lat' dir='ltr'>Prouin.</span> <span class='ocrx_word' id='word_1_288' title='bbox 668 1173 774 1199; x_wconf 89' lang='lat' dir='ltr'>Consul.</span> <span class='ocrx_word' id='word_1_289' title='bbox 789 1181 822 1205; x_wconf 84' lang='lat'>13.</span> <span class='ocrx_word' id='word_1_290' title='bbox 875 1173 982 1199; x_wconf 90' lang='lat' dir='ltr'>Sueton.</span> <span class='ocrx_word' id='word_1_291' title='bbox 995 1173 1023 1199; x_wconf 87' lang='lat' dir='ltr'>in</span> <span class='ocrx_word' id='word_1_292' title='bbox 1038 1174 1145 1208; x_wconf 82' lang='lat' dir='ltr'>August.</span> 
     </span>
     <span class='ocr_line' id='line_1_32' title="bbox 107 1208 1145 1244; baseline -0.001 -9"><span class='ocrx_word' id='word_1_293' title='bbox 107 1219 129 1235; x_wconf 87' lang='lat' dir='ltr'>c.</span> <span class='ocrx_word' id='word_1_294' title='bbox 142 1218 176 1241; x_wconf 77' lang='lat'>42.</span> <span class='ocrx_word' id='word_1_295' title='bbox 190 1215 252 1235; x_wconf 76' lang='lat' dir='ltr'>extr.</span> <span class='ocrx_word' id='word_1_296' title='bbox 275 1209 310 1235; x_wconf 89' lang='lat' dir='ltr'>Vt</span> <span class='ocrx_word' id='word_1_297' title='bbox 322 1218 377 1235; x_wconf 90' lang='lat' dir='ltr'>non</span> <span class='ocrx_word' id='word_1_298' title='bbox 392 1208 524 1235; x_wconf 87' lang='lat' dir='ltr'>minorem</span> <span class='ocrx_word' id='word_1_299' title='bbox 537 1208 669 1234; x_wconf 84' lang='lat' dir='ltr'>arantium</span> <span class='ocrx_word' id='word_1_300' title='bbox 683 1214 709 1235; x_wconf 91' lang='lat' dir='ltr'>et</span> <span class='ocrx_word' id='word_1_301' title='bbox 726 1208 934 1243; x_wconf 78' lang='lat' dir='ltr'>negotiantium,</span> <span class='ocrx_word' id='word_1_302' title='bbox 954 1217 1032 1243; x_wconf 88' lang='lat' dir='ltr'>quam</span> <span class='ocrx_word' id='word_1_303' title='bbox 1053 1209 1145 1244; x_wconf 87' lang='lat' dir='ltr'>populi</span> 
     </span>
     <span class='ocr_line' id='line_1_33' title="bbox 105 1243 1147 1278; baseline 0 -8"><span class='ocrx_word' id='word_1_304' title='bbox 105 1243 401 1271; x_wconf 85' lang='lat' dir='ltr'>Rationemdeduccret.</span> <span class='ocrx_word' id='word_1_305' title='bbox 420 1246 438 1270; x_wconf 90' lang='lat' dir='ltr'>i.</span> <span class='ocrx_word' id='word_1_306' title='bbox 465 1244 499 1270; x_wconf 84' lang='lat' dir='ltr'>Vt</span> <span class='ocrx_word' id='word_1_307' title='bbox 515 1253 564 1269; x_wconf 79' lang='lat' dir='ltr'>non</span> <span class='ocrx_word' id='word_1_308' title='bbox 581 1247 698 1270; x_wconf 81' lang='lat' dir='ltr'>minorem</span> <span class='ocrx_word' id='word_1_309' title='bbox 718 1253 843 1271; x_wconf 81' lang='lat' dir='ltr'>numerum</span> <span class='ocrx_word' id='word_1_310' title='bbox 855 1243 1004 1278; x_wconf 74' lang='lat' dir='ltr'>fieppnraret</span> <span class='ocrx_word' id='word_1_311' title='bbox 1022 1248 1147 1271; x_wconf 81' lang='lat' dir='ltr'>arantium</span> 
     </span>
     <span class='ocr_line' id='line_1_34' title="bbox 104 1279 732 1316; baseline 0 -10"><span class='ocrx_word' id='word_1_312' title='bbox 104 1286 128 1306; x_wconf 77' lang='lat' dir='ltr'>et</span> <span class='ocrx_word' id='word_1_313' title='bbox 151 1282 339 1316; x_wconf 79' lang='lat' dir='ltr'>negotiantium,</span> <span class='ocrx_word' id='word_1_314' title='bbox 355 1289 427 1315; x_wconf 80' lang='lat' dir='ltr'>quam</span> <span class='ocrx_word' id='word_1_315' title='bbox 436 1280 531 1314; x_wconf 77' lang='lat' dir='ltr'>populi.</span> <span class='ocrx_word' id='word_1_316' title='bbox 558 1279 616 1305; x_wconf 72' lang='lat' dir='ltr'>Vni.</span> <span class='ocrx_word' id='word_1_317' title='bbox 632 1279 732 1315; x_wconf 78' lang='lat' dir='ltr'>casaub.</span> 
     </span>
     <span class='ocr_line' id='line_1_35' title="bbox 104 1314 1144 1350; baseline 0.001 -9"><span class='ocrx_word' id='word_1_318' title='bbox 104 1314 194 1349; x_wconf 61' lang='lat' dir='ltr'>finoen</span> <span class='ocrx_word' id='word_1_319' title='bbox 207 1315 301 1342; x_wconf 87' lang='lat' dir='ltr'>Cacsar</span> <span class='ocrx_word' id='word_1_320' title='bbox 314 1315 403 1341; x_wconf 86' lang='lat' dir='ltr'>statuit</span> <span class='ocrx_word' id='word_1_321' title='bbox 416 1315 487 1341; x_wconf 89' lang='lat' dir='ltr'>Hirt.</span> <span class='ocrx_word' id='word_1_322' title='bbox 505 1314 538 1341; x_wconf 88' lang='lat' dir='ltr'>de</span> <span class='ocrx_word' id='word_1_323' title='bbox 551 1315 696 1341; x_wconf 60' lang='lat' dir='ltr'>Belialex.</span> <span class='ocrx_word' id='word_1_324' title='bbox 710 1323 746 1347; x_wconf 77' lang='lat'>33.</span> <span class='ocrx_word' id='word_1_325' title='bbox 761 1318 881 1350; x_wconf 75' lang='lat' dir='ltr'>proprie,</span> <span class='ocrx_word' id='word_1_326' title='bbox 894 1324 923 1340; x_wconf 79' lang='lat' dir='ltr'>ne</span> <span class='ocrx_word' id='word_1_327' title='bbox 936 1315 988 1347; x_wconf 49' lang='lat' dir='ltr'>ade,</span> <span class='ocrx_word' id='word_1_328' title='bbox 1001 1322 1031 1341; x_wconf 71' lang='lat' dir='ltr'>et.</span> <span class='ocrx_word' id='word_1_329' title='bbox 1088 1315 1144 1342; x_wconf 83' lang='lat' dir='ltr'>Cic.</span> 
     </span>
     <span class='ocr_line' id='line_1_36' title="bbox 104 1350 1146 1385; baseline 0.001 -9"><span class='ocrx_word' id='word_1_330' title='bbox 104 1351 175 1377; x_wconf 87' lang='lat' dir='ltr'>Fam.</span> <span class='ocrx_word' id='word_1_331' title='bbox 189 1359 208 1382; x_wconf 82' lang='lat'>1,</span> <span class='ocrx_word' id='word_1_332' title='bbox 222 1359 231 1376; x_wconf 88' lang='lat'>1</span> <span class='ocrx_word' id='word_1_333' title='bbox 267 1350 347 1383; x_wconf 77' lang='lat' dir='ltr'>Quod</span> <span class='ocrx_word' id='word_1_334' title='bbox 366 1350 481 1377; x_wconf 81' lang='lat' dir='ltr'>instituit</span> <span class='ocrx_word' id='word_1_335' title='bbox 500 1350 603 1377; x_wconf 85' lang='lat' dir='ltr'>referre</span> <span class='ocrx_word' id='word_1_336' title='bbox 620 1350 652 1377; x_wconf 89' lang='lat' dir='ltr'>de</span> <span class='ocrx_word' id='word_1_337' title='bbox 666 1350 823 1385; x_wconf 85' lang='lat' dir='ltr'>Religione,</span> <span class='ocrx_word' id='word_1_338' title='bbox 842 1356 868 1377; x_wconf 88' lang='lat' dir='ltr'>et</span> <span class='ocrx_word' id='word_1_339' title='bbox 888 1351 962 1385; x_wconf 88' lang='lat' dir='ltr'>saepe</span> <span class='ocrx_word' id='word_1_340' title='bbox 978 1350 1030 1376; x_wconf 90' lang='lat' dir='ltr'>iam</span> <span class='ocrx_word' id='word_1_341' title='bbox 1044 1351 1146 1384; x_wconf 90' lang='lat' dir='ltr'>retulit,</span> 
     </span>
     <span class='ocr_line' id='line_1_37' title="bbox 102 1384 1144 1420; baseline 0 -8"><span class='ocrx_word' id='word_1_342' title='bbox 102 1385 136 1411; x_wconf 89' lang='lat' dir='ltr'>ab</span> <span class='ocrx_word' id='word_1_343' title='bbox 149 1394 181 1412; x_wconf 89' lang='lat' dir='ltr'>eo</span> <span class='ocrx_word' id='word_1_344' title='bbox 195 1385 290 1412; x_wconf 86' lang='lat' dir='ltr'>deduci</span> <span class='ocrx_word' id='word_1_345' title='bbox 303 1394 358 1412; x_wconf 88' lang='lat' dir='ltr'>non</span> <span class='ocrx_word' id='word_1_346' title='bbox 373 1384 465 1420; x_wconf 82' lang='lat' dir='ltr'>potest.</span> <span class='ocrx_word' id='word_1_347' title='bbox 538 1385 577 1412; x_wconf 89' lang='lat' dir='ltr'>Ad</span> <span class='ocrx_word' id='word_1_348' title='bbox 591 1392 740 1413; x_wconf 87' lang='lat' dir='ltr'>extremum</span> <span class='ocrx_word' id='word_1_349' title='bbox 748 1387 832 1412; x_wconf 87' lang='lat' dir='ltr'>casum</span> <span class='ocrx_word' id='word_1_350' title='bbox 845 1395 937 1412; x_wconf 84' lang='lat' dir='ltr'>ornnes</span> <span class='ocrx_word' id='word_1_351' title='bbox 951 1386 1060 1412; x_wconf 66' lang='lat' dir='ltr'>deducu</span> <span class='ocrx_word' id='word_1_352' title='bbox 1073 1387 1144 1413; x_wconf 89' lang='lat' dir='ltr'>Hirt.</span> 
     </span>
     <span class='ocr_line' id='line_1_38' title="bbox 80 1420 1145 1457; baseline 0.001 -10"><span class='ocrx_word' id='word_1_353' title='bbox 80 1444 87 1448; x_wconf 70' lang='grc'>,</span> <span class='ocrx_word' id='word_1_354' title='bbox 102 1421 130 1447; x_wconf 90' lang='grc' dir='ltr'>Β.</span> <span class='ocrx_word' id='word_1_355' title='bbox 143 1421 217 1447; x_wconf 83' lang='lat' dir='ltr'>Alex.</span> <span class='ocrx_word' id='word_1_356' title='bbox 232 1428 257 1457; x_wconf 91' lang='lat'>7.</span> <span class='ocrx_word' id='word_1_357' title='bbox 328 1421 368 1448; x_wconf 91' lang='lat' dir='ltr'>Ad</span> <span class='ocrx_word' id='word_1_358' title='bbox 382 1421 498 1456; x_wconf 82' lang='lat' dir='ltr'>aliquam</span> <span class='ocrx_word' id='word_1_359' title='bbox 519 1422 584 1447; x_wconf 82' lang='lat' dir='ltr'>Rem</span> <span class='ocrx_word' id='word_1_360' title='bbox 598 1431 653 1448; x_wconf 91' lang='lat' dir='ltr'>non</span> <span class='ocrx_word' id='word_1_361' title='bbox 665 1422 740 1454; x_wconf 88' lang='lat' dir='ltr'>casu,</span> <span class='ocrx_word' id='word_1_362' title='bbox 760 1421 803 1447; x_wconf 88' lang='lat' dir='ltr'>sed</span> <span class='ocrx_word' id='word_1_363' title='bbox 821 1422 886 1448; x_wconf 90' lang='lat' dir='ltr'>duce</span> <span class='ocrx_word' id='word_1_364' title='bbox 903 1421 954 1448; x_wconf 85' lang='lat' dir='ltr'>deo</span> <span class='ocrx_word' id='word_1_365' title='bbox 975 1420 1069 1448; x_wconf 88' lang='lat' dir='ltr'>deduci</span> <span class='ocrx_word' id='word_1_366' title='bbox 1089 1422 1145 1448; x_wconf 91' lang='lat' dir='ltr'>Cic.</span> 
     </span>
     <span class='ocr_line' id='line_1_39' title="bbox 103 1455 331 1489; baseline 0.004 -7"><span class='ocrx_word' id='word_1_367' title='bbox 103 1455 135 1482; x_wconf 89' lang='lat' dir='ltr'>de</span> <span class='ocrx_word' id='word_1_368' title='bbox 150 1456 241 1483; x_wconf 90' lang='lat' dir='ltr'>Diuin.</span> <span class='ocrx_word' id='word_1_369' title='bbox 255 1465 278 1489; x_wconf 83' lang='lat'>2,</span> <span class='ocrx_word' id='word_1_370' title='bbox 292 1465 331 1489; x_wconf 79' lang='lat'>39.</span> 
     </span>
     <span class='ocr_line' id='line_1_40' title="bbox 102 1490 1144 1528; baseline 0 -10"><span class='ocrx_word' id='word_1_371' title='bbox 102 1491 168 1518; x_wconf 83' lang='lat' dir='ltr'>Rem</span> <span class='ocrx_word' id='word_1_372' title='bbox 189 1492 238 1518; x_wconf 90' lang='lat' dir='ltr'>huc</span> <span class='ocrx_word' id='word_1_373' title='bbox 252 1492 359 1525; x_wconf 82' lang='lat' dir='ltr'>deduxi,</span> <span class='ocrx_word' id='word_1_374' title='bbox 373 1498 418 1525; x_wconf 92' lang='lat' dir='ltr'>vt,</span> <span class='ocrx_word' id='word_1_375' title='bbox 435 1496 453 1519; x_wconf 77' lang='lat' dir='ltr'>i.</span> <span class='ocrx_word' id='word_1_376' title='bbox 475 1493 557 1528; x_wconf 72' lang='lat' dir='ltr'>Ope-ra</span> <span class='ocrx_word' id='word_1_377' title='bbox 577 1502 628 1518; x_wconf 80' lang='lat' dir='ltr'>moa</span> <span class='ocrx_word' id='word_1_378' title='bbox 641 1491 744 1528; x_wconf 60' lang='lat' dir='ltr'>fastum</span> <span class='ocrx_word' id='word_1_379' title='bbox 764 1490 812 1526; x_wconf 67' lang='lat' dir='ltr'>est,</span> <span class='ocrx_word' id='word_1_380' title='bbox 826 1499 855 1519; x_wconf 85' lang='lat' dir='ltr'>vt</span> <span class='ocrx_word' id='word_1_381' title='bbox 876 1493 931 1519; x_wconf 87' lang='lat' dir='ltr'>Cic.</span> <span class='ocrx_word' id='word_1_382' title='bbox 946 1493 974 1518; x_wconf 90' lang='lat' dir='ltr'>in</span> <span class='ocrx_word' id='word_1_383' title='bbox 988 1493 1065 1519; x_wconf 88' lang='lat' dir='ltr'>Catil.</span> <span class='ocrx_word' id='word_1_384' title='bbox 1080 1502 1103 1523; x_wconf 84' lang='lat'>2,</span> <span class='ocrx_word' id='word_1_385' title='bbox 1117 1501 1144 1526; x_wconf 91' lang='lat'>4.</span> 
     </span>
     <span class='ocr_line' id='line_1_41' title="bbox 101 1526 1146 1563; baseline 0.001 -10"><span class='ocrx_word' id='word_1_386' title='bbox 101 1526 175 1563; x_wconf 80' lang='lat' dir='ltr'>Idem</span> <span class='ocrx_word' id='word_1_387' title='bbox 190 1529 242 1554; x_wconf 86' lang='lat' dir='ltr'>Att.</span> <span class='ocrx_word' id='word_1_388' title='bbox 260 1535 287 1562; x_wconf 89' lang='lat'>7,</span> <span class='ocrx_word' id='word_1_389' title='bbox 323 1548 329 1553; x_wconf 94' lang='lat'>.</span> <span class='ocrx_word' id='word_1_390' title='bbox 367 1548 374 1554; x_wconf 91' lang='lat'>.</span> <span class='ocrx_word' id='word_1_391' title='bbox 410 1528 458 1555; x_wconf 88' lang='lat' dir='ltr'>Sed</span> <span class='ocrx_word' id='word_1_392' title='bbox 472 1537 500 1562; x_wconf 81' lang='lat' dir='ltr'>qi</span> <span class='ocrx_word' id='word_1_393' title='bbox 528 1528 598 1554; x_wconf 86' lang='lat' dir='ltr'>niam</span> <span class='ocrx_word' id='word_1_394' title='bbox 612 1529 662 1555; x_wconf 85' lang='lat' dir='ltr'>Res</span> <span class='ocrx_word' id='word_1_395' title='bbox 675 1537 706 1554; x_wconf 93' lang='lat' dir='ltr'>eo</span> <span class='ocrx_word' id='word_1_396' title='bbox 720 1527 832 1554; x_wconf 64' lang='lat' dir='ltr'>deducta</span> <span class='ocrx_word' id='word_1_397' title='bbox 846 1528 898 1559; x_wconf 86' lang='lat' dir='ltr'>est,</span> <span class='ocrx_word' id='word_1_398' title='bbox 910 1537 964 1554; x_wconf 87' lang='lat' dir='ltr'>non</span> <span class='ocrx_word' id='word_1_399' title='bbox 978 1537 1102 1562; x_wconf 81' lang='lat' dir='ltr'>quaeram</span> <span class='ocrx_word' id='word_1_400' title='bbox 1118 1535 1146 1554; x_wconf 91' lang='lat' dir='ltr'>vt</span> 
     </span>
     <span class='ocr_line' id='line_1_42' title="bbox 101 1537 1145 1597; baseline 0 -9"><span class='ocrx_word' id='word_1_401' title='bbox 101 1561 205 1595; x_wconf 86' lang='lat' dir='ltr'>scribis,</span> <span class='ocrx_word' id='word_1_402' title='bbox 219 1569 264 1589; x_wconf 84' lang='lat' dir='ltr'>etc.</span> <span class='ocrx_word' id='word_1_403' title='bbox 302 1563 385 1589; x_wconf 81' lang='lat' dir='ltr'>Eidem</span> <span class='ocrx_word' id='word_1_404' title='bbox 398 1573 413 1590; x_wconf 87' lang='lat'><em>2</em></span> <span class='ocrx_word' id='word_1_405' title='bbox 431 1537 559 1590; x_wconf 47' lang='lat' dir='ltr'>Vniugrsa</span> <span class='ocrx_word' id='word_1_406' title='bbox 567 1565 618 1590; x_wconf 84' lang='lat' dir='ltr'>Res</span> <span class='ocrx_word' id='word_1_407' title='bbox 630 1573 663 1590; x_wconf 90' lang='lat' dir='ltr'>eo</span> <span class='ocrx_word' id='word_1_408' title='bbox 675 1564 711 1589; x_wconf 87' lang='lat' dir='ltr'>est</span> <span class='ocrx_word' id='word_1_409' title='bbox 724 1564 845 1595; x_wconf 62' lang='lat' dir='ltr'>deducta,</span> <span class='ocrx_word' id='word_1_410' title='bbox 860 1565 914 1597; x_wconf 86' lang='lat' dir='ltr'>spes</span> <span class='ocrx_word' id='word_1_411' title='bbox 927 1571 955 1588; x_wconf 83' lang='lat' dir='ltr'>vt</span> <span class='ocrx_word' id='word_1_412' title='bbox 967 1564 1040 1588; x_wconf 89' lang='lat' dir='ltr'>nulla</span> <span class='ocrx_word' id='word_1_413' title='bbox 1051 1563 1090 1594; x_wconf 84' lang='lat' dir='ltr'>fit,</span> <span class='ocrx_word' id='word_1_414' title='bbox 1099 1570 1145 1589; x_wconf 78' lang='lat' dir='ltr'>etc.</span> 
     </span>
     <span class='ocr_line' id='line_1_43' title="bbox 102 1597 1144 1633; baseline -0.001 -9"><span class='ocrx_word' id='word_1_415' title='bbox 102 1598 154 1624; x_wconf 86' lang='lat' dir='ltr'>Res</span> <span class='ocrx_word' id='word_1_416' title='bbox 167 1598 194 1624; x_wconf 89' lang='lat' dir='ltr'>in</span> <span class='ocrx_word' id='word_1_417' title='bbox 207 1607 268 1624; x_wconf 91' lang='lat' dir='ltr'>eum</span> <span class='ocrx_word' id='word_1_418' title='bbox 283 1599 372 1625; x_wconf 84' lang='lat' dir='ltr'>locum</span> <span class='ocrx_word' id='word_1_419' title='bbox 388 1598 499 1625; x_wconf 60' lang='lat' dir='ltr'>deducta</span> <span class='ocrx_word' id='word_1_420' title='bbox 512 1599 564 1630; x_wconf 79' lang='lat' dir='ltr'>est,</span> <span class='ocrx_word' id='word_1_421' title='bbox 584 1605 613 1625; x_wconf 90' lang='lat' dir='ltr'>vt</span> <span class='ocrx_word' id='word_1_422' title='bbox 627 1599 674 1625; x_wconf 84' lang='lat' dir='ltr'>nili</span> <span class='ocrx_word' id='word_1_423' title='bbox 689 1600 736 1633; x_wconf 91' lang='lat' dir='ltr'>qui</span> <span class='ocrx_word' id='word_1_424' title='bbox 756 1599 818 1625; x_wconf 86' lang='lat' dir='ltr'>deus</span> <span class='ocrx_word' id='word_1_425' title='bbox 833 1599 874 1624; x_wconf 91' lang='lat' dir='ltr'>vel</span> <span class='ocrx_word' id='word_1_426' title='bbox 889 1599 959 1623; x_wconf 84' lang='lat' dir='ltr'>casus</span> <span class='ocrx_word' id='word_1_427' title='bbox 973 1597 1069 1632; x_wconf 87' lang='lat' dir='ltr'>aliquis</span> <span class='ocrx_word' id='word_1_428' title='bbox 1085 1597 1144 1623; x_wconf 92' lang='lat' dir='ltr'>sub-</span> 
     </span>
    </p>
   </div>
   <div class='ocr_carea' id='block_1_10' title="bbox 1099 962 1143 987">
    <p class='ocr_par' dir='ltr' id='par_1_10' title="bbox 1099 962 1143 987">
     <span class='ocr_line' id='line_1_44' title="bbox 1099 962 1143 987; baseline 0 0"><span class='ocrx_word' id='word_1_429' title='bbox 1099 962 1143 987; x_wconf 83' lang='lat' dir='ltr'>Pe-</span> 
     </span>
    </p>
   </div>
   <div class='ocr_carea' id='block_1_11' title="bbox 102 1634 1146 1804">
    <p class='ocr_par' dir='ltr' id='par_1_11' title="bbox 102 1634 1146 1804">
     <span class='ocr_line' id='line_1_45' title="bbox 103 1634 794 1669; baseline 0 -10"><span class='ocrx_word' id='word_1_430' title='bbox 103 1634 223 1666; x_wconf 87' lang='lat' dir='ltr'>venerit,</span> <span class='ocrx_word' id='word_1_431' title='bbox 244 1634 308 1660; x_wconf 90' lang='lat' dir='ltr'>salui</span> <span class='ocrx_word' id='word_1_432' title='bbox 320 1635 369 1661; x_wconf 82' lang='lat' dir='ltr'>effe</span> <span class='ocrx_word' id='word_1_433' title='bbox 381 1643 542 1669; x_wconf 85' lang='lat' dir='ltr'>nequeamus</span> <span class='ocrx_word' id='word_1_434' title='bbox 555 1634 609 1660; x_wconf 90' lang='lat' dir='ltr'>Cic.</span> <span class='ocrx_word' id='word_1_435' title='bbox 626 1635 696 1660; x_wconf 88' lang='lat' dir='ltr'>Fam.</span> <span class='ocrx_word' id='word_1_436' title='bbox 710 1637 748 1664; x_wconf 73' lang='grc'>16,</span> <span class='ocrx_word' id='word_1_437' title='bbox 763 1642 794 1659; x_wconf 92' lang='grc'><strong>11.</strong></span> 
     </span>
     <span class='ocr_line' id='line_1_46' title="bbox 104 1667 1144 1705; baseline -0.003 -11"><span class='ocrx_word' id='word_1_438' title='bbox 104 1668 189 1694; x_wconf 80' lang='lat' dir='ltr'>Riuos</span> <span class='ocrx_word' id='word_1_439' title='bbox 204 1669 331 1695; x_wconf 88' lang='lat' dir='ltr'>deducere</span> <span class='ocrx_word' id='word_1_440' title='bbox 349 1670 421 1695; x_wconf 90' lang='lat' dir='ltr'>nulla</span> <span class='ocrx_word' id='word_1_441' title='bbox 447 1669 553 1703; x_wconf 81' lang='lat' dir='ltr'>Religio</span> <span class='ocrx_word' id='word_1_442' title='bbox 575 1669 669 1695; x_wconf 86' lang='lat' dir='ltr'>vetuit.</span> <span class='ocrx_word' id='word_1_443' title='bbox 741 1669 846 1694; x_wconf 86' lang='lat' dir='ltr'>Lucret.</span> <span class='ocrx_word' id='word_1_444' title='bbox 862 1676 885 1699; x_wconf 80' lang='lat'>3,</span> <span class='ocrx_word' id='word_1_445' title='bbox 900 1677 946 1699; x_wconf 77' lang='lat'>534</span> <span class='ocrx_word' id='word_1_446' title='bbox 983 1667 1144 1705; x_wconf 27' lang='lat' dir='ltr'>Atqueaideo</span> 
     </span>
     <span class='ocr_line' id='line_1_47' title="bbox 104 1700 1146 1739; baseline -0.003 -11"><span class='ocrx_word' id='word_1_447' title='bbox 104 1703 203 1729; x_wconf 64' lang='lat' dir='ltr'>cunetis</span> <span class='ocrx_word' id='word_1_448' title='bbox 221 1704 330 1730; x_wconf 83' lang='lat' dir='ltr'>Sensum</span> <span class='ocrx_word' id='word_1_449' title='bbox 348 1704 478 1730; x_wconf 84' lang='lat' dir='ltr'>deducere</span> <span class='ocrx_word' id='word_1_450' title='bbox 496 1704 632 1730; x_wconf 87' lang='lat' dir='ltr'>membris.</span> <span class='ocrx_word' id='word_1_451' title='bbox 703 1704 742 1727; x_wconf 87' lang='lat' dir='ltr'>De</span> <span class='ocrx_word' id='word_1_452' title='bbox 756 1702 889 1733; x_wconf 75' lang='lat' dir='ltr'>Sententia</span> <span class='ocrx_word' id='word_1_453' title='bbox 908 1701 1031 1739; x_wconf 83' lang='lat' dir='ltr'>aliquem¹</span> <span class='ocrx_word' id='word_1_454' title='bbox 1044 1702 1100 1726; x_wconf 80' lang='lat' dir='ltr'>Cic.</span> <span class='ocrx_word' id='word_1_455' title='bbox 1114 1700 1146 1726; x_wconf 86' lang='lat' dir='ltr'>de</span> 
     </span>
     <span class='ocr_line' id='line_1_48' title="bbox 102 1736 1143 1771; baseline -0.003 -8"><span class='ocrx_word' id='word_1_456' title='bbox 102 1738 174 1764; x_wconf 86' lang='lat' dir='ltr'>Clar.</span> <span class='ocrx_word' id='word_1_457' title='bbox 188 1739 261 1764; x_wconf 86' lang='lat' dir='ltr'>Orat.</span> <span class='ocrx_word' id='word_1_458' title='bbox 276 1744 315 1771; x_wconf 78' lang='lat'>87.</span> <span class='ocrx_word' id='word_1_459' title='bbox 370 1741 401 1765; x_wconf 91' lang='lat' dir='ltr'>In</span> <span class='ocrx_word' id='word_1_460' title='bbox 409 1740 567 1764; x_wconf 82' lang='lat' dir='ltr'>Sententiam</span> <span class='ocrx_word' id='word_1_461' title='bbox 580 1738 698 1770; x_wconf 86' lang='lat' dir='ltr'>aliquem</span> <span class='ocrx_word' id='word_1_462' title='bbox 713 1736 779 1761; x_wconf 89' lang='lat' dir='ltr'>Plin.</span> <span class='ocrx_word' id='word_1_463' title='bbox 793 1736 871 1768; x_wconf 76' lang='lat' dir='ltr'>Epist.</span> <span class='ocrx_word' id='word_1_464' title='bbox 889 1743 908 1768; x_wconf 88' lang='lat'>1,</span> <span class='ocrx_word' id='word_1_465' title='bbox 924 1740 946 1763; x_wconf 86' lang='lat'>8.</span> <span class='ocrx_word' id='word_1_466' title='bbox 1001 1736 1143 1761; x_wconf 78' lang='lat' dir='ltr'>Cic.Verr.</span> 
     </span>
     <span class='ocr_line' id='line_1_49' title="bbox 102 1770 1145 1804; baseline -0.002 -7"><span class='ocrx_word' id='word_1_467' title='bbox 102 1780 128 1801; x_wconf 83' lang='lat'>2,</span> <span class='ocrx_word' id='word_1_468' title='bbox 165 1791 171 1797; x_wconf 93' lang='lat'>.</span> <span class='ocrx_word' id='word_1_469' title='bbox 187 1782 190 1784; x_wconf 91' lang='lat'>·</span> <span class='ocrx_word' id='word_1_470' title='bbox 210 1791 216 1797; x_wconf 92' lang='lat'>.</span> <span class='ocrx_word' id='word_1_471' title='bbox 252 1773 379 1797; x_wconf 78' lang='lat' dir='ltr'>Fecerunt</span> <span class='ocrx_word' id='word_1_472' title='bbox 393 1773 472 1797; x_wconf 90' lang='lat' dir='ltr'>etiam</span> <span class='ocrx_word' id='word_1_473' title='bbox 486 1778 514 1797; x_wconf 91' lang='lat' dir='ltr'>vt</span> <span class='ocrx_word' id='word_1_474' title='bbox 528 1780 569 1796; x_wconf 87' lang='lat' dir='ltr'>me</span> <span class='ocrx_word' id='word_1_475' title='bbox 579 1790 586 1802; x_wconf 90' lang='lat'>,</span> <span class='ocrx_word' id='word_1_476' title='bbox 607 1772 681 1796; x_wconf 86' lang='lat' dir='ltr'>cuius</span> <span class='ocrx_word' id='word_1_477' title='bbox 694 1770 772 1795; x_wconf 83' lang='lat' dir='ltr'>fidem</span> <span class='ocrx_word' id='word_1_478' title='bbox 788 1770 1034 1803; x_wconf 83' lang='lat' dir='ltr'>continentiamque</span> <span class='ocrx_word' id='word_1_479' title='bbox 1048 1779 1145 1804; x_wconf 84' lang='lat' dir='ltr'>cogno-</span> 
     </span>
    </p>
   </div>
   <div class='ocr_carea' id='block_1_12' title="bbox 101 1804 1187 1839">
    <p class='ocr_par' dir='ltr' id='par_1_12' title="bbox 101 1804 1187 1839">
     <span class='ocr_line' id='line_1_50' title="bbox 101 1804 1187 1839; baseline -0.001 -7"><span class='ocrx_word' id='word_1_480' title='bbox 101 1810 208 1836; x_wconf 83' lang='lat' dir='ltr'>verant,</span> <span class='ocrx_word' id='word_1_481' title='bbox 226 1814 308 1839; x_wconf 85' lang='lat' dir='ltr'>prope</span> <span class='ocrx_word' id='word_1_482' title='bbox 328 1805 360 1831; x_wconf 85' lang='lat' dir='ltr'>de</span> <span class='ocrx_word' id='word_1_483' title='bbox 379 1807 450 1832; x_wconf 89' lang='lat' dir='ltr'>vitae</span> <span class='ocrx_word' id='word_1_484' title='bbox 469 1814 542 1831; x_wconf 86' lang='lat' dir='ltr'>meae</span> <span class='ocrx_word' id='word_1_485' title='bbox 556 1806 644 1837; x_wconf 84' lang='lat' dir='ltr'>Statu,</span> <span class='ocrx_word' id='word_1_486' title='bbox 665 1805 760 1830; x_wconf 87' lang='lat' dir='ltr'>dolore</span> <span class='ocrx_word' id='word_1_487' title='bbox 779 1813 807 1830; x_wconf 89' lang='lat' dir='ltr'>ac</span> <span class='ocrx_word' id='word_1_488' title='bbox 826 1804 942 1830; x_wconf 76' lang='lat' dir='ltr'>lacrimis</span> <span class='ocrx_word' id='word_1_489' title='bbox 967 1805 1018 1831; x_wconf 86' lang='lat' dir='ltr'>suis</span> <span class='ocrx_word' id='word_1_490' title='bbox 1035 1805 1187 1839; x_wconf 72' lang='lat' dir='ltr'>deduce-45</span> 
     </span>
    </p>
   </div>
   <div class='ocr_carea' id='block_1_13' title="bbox 101 1840 1145 2158">
    <p class='ocr_par' dir='ltr' id='par_1_13' title="bbox 101 1840 1145 2158">
     <span class='ocr_line' id='line_1_51' title="bbox 101 1840 1144 1876; baseline -0.001 -8"><span class='ocrx_word' id='word_1_491' title='bbox 101 1842 178 1873; x_wconf 75' lang='lat' dir='ltr'>rent,</span> <span class='ocrx_word' id='word_1_492' title='bbox 197 1846 226 1866; x_wconf 89' lang='lat' dir='ltr'>vt</span> <span class='ocrx_word' id='word_1_493' title='bbox 237 1849 288 1875; x_wconf 85' lang='lat' dir='ltr'>ego</span> <span class='ocrx_word' id='word_1_494' title='bbox 300 1840 378 1866; x_wconf 88' lang='lat' dir='ltr'>istum</span> <span class='ocrx_word' id='word_1_495' title='bbox 391 1841 543 1867; x_wconf 86' lang='lat' dir='ltr'>accusarem.</span> <span class='ocrx_word' id='word_1_496' title='bbox 601 1843 623 1866; x_wconf 89' lang='lat' dir='ltr'>A</span> <span class='ocrx_word' id='word_1_497' title='bbox 637 1840 755 1866; x_wconf 85' lang='lat' dir='ltr'>Timore</span> <span class='ocrx_word' id='word_1_498' title='bbox 768 1841 822 1866; x_wconf 89' lang='lat' dir='ltr'>Cic.</span> <span class='ocrx_word' id='word_1_499' title='bbox 836 1840 868 1866; x_wconf 82' lang='lat' dir='ltr'>de</span> <span class='ocrx_word' id='word_1_500' title='bbox 882 1840 943 1866; x_wconf 89' lang='lat' dir='ltr'>Nat.</span> <span class='ocrx_word' id='word_1_501' title='bbox 959 1840 1039 1866; x_wconf 84' lang='lat' dir='ltr'>Deor.</span> <span class='ocrx_word' id='word_1_502' title='bbox 1054 1849 1078 1876; x_wconf 67' lang='lat'>2,</span> <span class='ocrx_word' id='word_1_503' title='bbox 1091 1846 1144 1874; x_wconf 88' lang='lat'>148.</span> 
     </span>
     <span class='ocr_line' id='line_1_52' title="bbox 102 1875 1145 1903; baseline -0.001 0"><span class='ocrx_word' id='word_1_504' title='bbox 102 1876 292 1903; x_wconf 76' lang='lat' dir='ltr'>ATristitiaet</span> <span class='ocrx_word' id='word_1_505' title='bbox 305 1876 448 1903; x_wconf 82' lang='lat' dir='ltr'>acerbitate</span> <span class='ocrx_word' id='word_1_506' title='bbox 456 1875 594 1902; x_wconf 90' lang='lat' dir='ltr'>commode</span> <span class='ocrx_word' id='word_1_507' title='bbox 607 1884 636 1901; x_wconf 88' lang='lat' dir='ltr'>ac</span> <span class='ocrx_word' id='word_1_508' title='bbox 649 1875 734 1902; x_wconf 89' lang='lat' dir='ltr'>hilare</span> <span class='ocrx_word' id='word_1_509' title='bbox 748 1875 821 1902; x_wconf 47' lang='lat' dir='ltr'>dicio</span> <span class='ocrx_word' id='word_1_510' title='bbox 836 1875 929 1901; x_wconf 86' lang='lat' dir='ltr'>deduci</span> <span class='ocrx_word' id='word_1_511' title='bbox 944 1875 1018 1902; x_wconf 86' lang='lat' dir='ltr'>Idem</span> <span class='ocrx_word' id='word_1_512' title='bbox 1031 1875 1063 1902; x_wconf 85' lang='lat' dir='ltr'>de</span> <span class='ocrx_word' id='word_1_513' title='bbox 1070 1876 1145 1903; x_wconf 88' lang='lat' dir='ltr'>Orat.</span> 
     </span>
     <span class='ocr_line' id='line_1_53' title="bbox 102 1911 1145 1946; baseline 0 -8"><span class='ocrx_word' id='word_1_514' title='bbox 102 1921 129 1944; x_wconf 84' lang='lat'>2,</span> <span class='ocrx_word' id='word_1_515' title='bbox 142 1921 201 1945; x_wconf 83' lang='lat'>340.</span> <span class='ocrx_word' id='word_1_516' title='bbox 271 1912 408 1938; x_wconf 85' lang='lat' dir='ltr'>Tunicam</span> <span class='ocrx_word' id='word_1_517' title='bbox 425 1912 506 1938; x_wconf 88' lang='lat' dir='ltr'>Ouid.</span> <span class='ocrx_word' id='word_1_518' title='bbox 520 1913 611 1938; x_wconf 90' lang='lat' dir='ltr'>Amor.</span> <span class='ocrx_word' id='word_1_519' title='bbox 630 1920 649 1943; x_wconf 92' lang='lat'>1,</span> <span class='ocrx_word' id='word_1_520' title='bbox 663 1919 690 1945; x_wconf 91' lang='lat'>7,</span> <span class='ocrx_word' id='word_1_521' title='bbox 702 1919 739 1946; x_wconf 83' lang='lat'>47</span> <span class='ocrx_word' id='word_1_522' title='bbox 763 1912 805 1937; x_wconf 75' lang='lat' dir='ltr'>vbi</span> <span class='ocrx_word' id='word_1_523' title='bbox 823 1911 892 1946; x_wconf 76' lang='lat' dir='ltr'>conf.</span> <span class='ocrx_word' id='word_1_524' title='bbox 907 1913 991 1937; x_wconf 71' lang='lat' dir='ltr'>Burm.</span> <span class='ocrx_word' id='word_1_525' title='bbox 1063 1912 1145 1938; x_wconf 88' lang='lat' dir='ltr'>Ouid.</span> 
     </span>
     <span class='ocr_line' id='line_1_54' title="bbox 102 1946 1145 1981; baseline 0 -8"><span class='ocrx_word' id='word_1_526' title='bbox 102 1948 167 1974; x_wconf 87' lang='lat' dir='ltr'>Met.</span> <span class='ocrx_word' id='word_1_527' title='bbox 179 1956 200 1980; x_wconf 86' lang='lat'>3,</span> <span class='ocrx_word' id='word_1_528' title='bbox 215 1948 264 1973; x_wconf 83' lang='lat'>662</span> <span class='ocrx_word' id='word_1_529' title='bbox 302 1947 347 1974; x_wconf 87' lang='lat' dir='ltr'>Illi</span> <span class='ocrx_word' id='word_1_530' title='bbox 366 1947 525 1974; x_wconf 85' lang='lat' dir='ltr'>admirantes</span> <span class='ocrx_word' id='word_1_531' title='bbox 542 1955 678 1973; x_wconf 87' lang='lat' dir='ltr'>remorum</span> <span class='ocrx_word' id='word_1_532' title='bbox 695 1947 724 1973; x_wconf 90' lang='lat' dir='ltr'>in</span> <span class='ocrx_word' id='word_1_533' title='bbox 740 1946 854 1973; x_wconf 88' lang='lat' dir='ltr'>verbere</span> <span class='ocrx_word' id='word_1_534' title='bbox 869 1946 996 1981; x_wconf 80' lang='lat' dir='ltr'>perstant,</span> <span class='ocrx_word' id='word_1_535' title='bbox 1026 1946 1145 1981; x_wconf 85' lang='lat' dir='ltr'>Velaque</span> 
     </span>
     <span class='ocr_line' id='line_1_55' title="bbox 102 1983 745 2017; baseline 0 -8"><span class='ocrx_word' id='word_1_536' title='bbox 102 1983 249 2013; x_wconf 88' lang='lat' dir='ltr'>deducunt,</span> <span class='ocrx_word' id='word_1_537' title='bbox 265 1983 422 2017; x_wconf 86' lang='lat' dir='ltr'>geminaque</span> <span class='ocrx_word' id='word_1_538' title='bbox 440 1991 491 2017; x_wconf 88' lang='lat' dir='ltr'>ope</span> <span class='ocrx_word' id='word_1_539' title='bbox 509 1991 615 2009; x_wconf 85' lang='lat' dir='ltr'>currere</span> <span class='ocrx_word' id='word_1_540' title='bbox 635 1987 745 2009; x_wconf 90' lang='lat' dir='ltr'>tentant.</span> 
     </span>
     <span class='ocr_line' id='line_1_56' title="bbox 102 2017 1145 2050; baseline -0.002 -5"><span class='ocrx_word' id='word_1_541' title='bbox 102 2018 204 2045; x_wconf 72' lang='lat' dir='ltr'>Lue&#39;tor</span> <span class='ocrx_word' id='word_1_542' title='bbox 216 2017 345 2044; x_wconf 83' lang='lat' dir='ltr'>deducere</span> <span class='ocrx_word' id='word_1_543' title='bbox 353 2020 475 2050; x_wconf 85' lang='lat' dir='ltr'>Versum,</span> <span class='ocrx_word' id='word_1_544' title='bbox 496 2018 545 2045; x_wconf 86' lang='lat' dir='ltr'>Sed</span> <span class='ocrx_word' id='word_1_545' title='bbox 558 2027 612 2044; x_wconf 89' lang='lat' dir='ltr'>non</span> <span class='ocrx_word' id='word_1_546' title='bbox 620 2017 649 2044; x_wconf 87' lang='lat' dir='ltr'>fit</span> <span class='ocrx_word' id='word_1_547' title='bbox 662 2018 718 2043; x_wconf 80' lang='lat' dir='ltr'>fato</span> <span class='ocrx_word' id='word_1_548' title='bbox 731 2018 843 2045; x_wconf 83' lang='lat' dir='ltr'>mollior</span> <span class='ocrx_word' id='word_1_549' title='bbox 857 2018 903 2044; x_wconf 88' lang='lat' dir='ltr'>ille</span> <span class='ocrx_word' id='word_1_550' title='bbox 916 2026 985 2044; x_wconf 86' lang='lat' dir='ltr'>meo.</span> <span class='ocrx_word' id='word_1_551' title='bbox 1029 2018 1145 2043; x_wconf 51' lang='grc' dir='ltr'><strong>1611.ὓο-</strong></span> 
     </span>
     <span class='ocr_line' id='line_1_57' title="bbox 102 2053 1145 2089; baseline -0.002 -9"><span class='ocrx_word' id='word_1_552' title='bbox 102 2053 204 2080; x_wconf 58' lang='lat' dir='ltr'>ductus.</span> <span class='ocrx_word' id='word_1_553' title='bbox 239 2053 306 2080; x_wconf 75' lang='lat' dir='ltr'>Add.</span> <span class='ocrx_word' id='word_1_554' title='bbox 321 2053 409 2080; x_wconf 89' lang='lat' dir='ltr'>Valcr.</span> <span class='ocrx_word' id='word_1_555' title='bbox 429 2055 500 2080; x_wconf 85' lang='lat' dir='ltr'>Max.</span> <span class='ocrx_word' id='word_1_556' title='bbox 514 2062 537 2086; x_wconf 76' lang='lat'>3,</span> <span class='ocrx_word' id='word_1_557' title='bbox 553 2060 570 2088; x_wconf 88' lang='lat'>7</span> <span class='ocrx_word' id='word_1_558' title='bbox 583 2061 647 2080; x_wconf 72' lang='lat' dir='ltr'>extr.</span> <span class='ocrx_word' id='word_1_559' title='bbox 663 2061 697 2086; x_wconf 79' lang='lat'>15.</span> <span class='ocrx_word' id='word_1_560' title='bbox 719 2060 742 2079; x_wconf 74' lang='lat' dir='ltr'>ct</span> <span class='ocrx_word' id='word_1_561' title='bbox 773 2061 835 2089; x_wconf 75' lang='lat' dir='ltr'>upra</span> <span class='ocrx_word' id='word_1_562' title='bbox 855 2053 991 2079; x_wconf 87' lang='lat' dir='ltr'>Deduccre</span> <span class='ocrx_word' id='word_1_563' title='bbox 1012 2053 1145 2079; x_wconf 80' lang='lat' dir='ltr'>Carmina.</span> 
     </span>
     <span class='ocr_line' id='line_1_58' title="bbox 103 2089 396 2122; baseline -0.003 -6"><span class='ocrx_word' id='word_1_564' title='bbox 103 2089 185 2116; x_wconf 84' lang='lat' dir='ltr'>Ouid.</span> <span class='ocrx_word' id='word_1_565' title='bbox 203 2089 273 2117; x_wconf 81' lang='lat' dir='ltr'>Met..</span> <span class='ocrx_word' id='word_1_566' title='bbox 295 2091 325 2121; x_wconf 91' lang='lat'>6,</span> <span class='ocrx_word' id='word_1_567' title='bbox 346 2097 396 2122; x_wconf 75' lang='lat'>405</span> 
     </span>
     <span class='ocr_line' id='line_1_59' title="bbox 210 2123 996 2158; baseline -0.001 -8"><span class='ocrx_word' id='word_1_568' title='bbox 210 2125 296 2156; x_wconf 85' lang='lat' dir='ltr'>Mater</span> <span class='ocrx_word' id='word_1_569' title='bbox 311 2125 338 2150; x_wconf 88' lang='lat' dir='ltr'>in</span> <span class='ocrx_word' id='word_1_570' title='bbox 353 2124 455 2151; x_wconf 88' lang='lat' dir='ltr'>inuidia</span> <span class='ocrx_word' id='word_1_571' title='bbox 470 2123 521 2156; x_wconf 84' lang='lat' dir='ltr'>est,</span> <span class='ocrx_word' id='word_1_572' title='bbox 542 2123 607 2150; x_wconf 90' lang='lat' dir='ltr'>hanc</span> <span class='ocrx_word' id='word_1_573' title='bbox 621 2132 683 2149; x_wconf 89' lang='lat' dir='ltr'>tunc</span> <span class='ocrx_word' id='word_1_574' title='bbox 697 2132 805 2158; x_wconf 84' lang='lat' dir='ltr'>quoque</span> <span class='ocrx_word' id='word_1_575' title='bbox 819 2124 917 2151; x_wconf 78' lang='lat' dir='ltr'>dicitur</span> <span class='ocrx_word' id='word_1_576' title='bbox 929 2131 996 2150; x_wconf 77' lang='lat' dir='ltr'>vnus</span> 
     </span>
    </p>
   </div>
   <div class='ocr_carea' id='block_1_14' title="bbox 210 2159 1190 2194">
    <p class='ocr_par' dir='ltr' id='par_1_14' title="bbox 210 2159 1190 2194">
     <span class='ocr_line' id='line_1_60' title="bbox 210 2159 1190 2194; baseline 0 -8"><span class='ocrx_word' id='word_1_577' title='bbox 210 2159 409 2194; x_wconf 79' lang='lat' dir='ltr'>Fless&#39;c&#39;Pelops,</span> <span class='ocrx_word' id='word_1_578' title='bbox 428 2159 593 2194; x_wconf 82' lang='lat' dir='ltr'>humeroque</span> <span class='ocrx_word' id='word_1_579' title='bbox 613 2160 669 2186; x_wconf 84' lang='lat' dir='ltr'>suas</span> <span class='ocrx_word' id='word_1_580' title='bbox 681 2168 695 2185; x_wconf 85' lang='lat' dir='ltr'>a</span> <span class='ocrx_word' id='word_1_581' title='bbox 711 2159 818 2194; x_wconf 57' lang='lat' dir='ltr'>pectore</span> <span class='ocrx_word' id='word_1_582' title='bbox 830 2159 967 2194; x_wconf 83' lang='lat' dir='ltr'>postquam</span> <span class='ocrx_word' id='word_1_583' title='bbox 1161 2159 1190 2186; x_wconf 77' lang='lat'>53</span> 
     </span>
    </p>
   </div>
   <div class='ocr_carea' id='block_1_15' title="bbox 90 2194 1142 2336">
    <p class='ocr_par' dir='ltr' id='par_1_15' title="bbox 90 2194 791 2228">
     <span class='ocr_line' id='line_1_61' title="bbox 90 2194 791 2228; baseline -0.001 -6"><span class='ocrx_word' id='word_1_584' title='bbox 90 2224 94 2227; x_wconf 57' lang='grc'><strong>,</strong></span> <span class='ocrx_word' id='word_1_585' title='bbox 211 2195 437 2228; x_wconf 79' lang='lat' dir='ltr'>DeduxitVestes,</span> <span class='ocrx_word' id='word_1_586' title='bbox 455 2195 521 2221; x_wconf 90' lang='lat' dir='ltr'>ebur</span> <span class='ocrx_word' id='word_1_587' title='bbox 533 2194 669 2222; x_wconf 75' lang='lat' dir='ltr'>ostendisse</span> <span class='ocrx_word' id='word_1_588' title='bbox 681 2194 791 2221; x_wconf 71' lang='lat' dir='ltr'>sinistro.</span> 
     </span>
    </p>

    <p class='ocr_par' dir='ltr' id='par_1_16' title="bbox 102 2227 1142 2336">
     <span class='ocr_line' id='line_1_62' title="bbox 104 2227 1142 2266; baseline 0 -12"><span class='ocrx_word' id='word_1_589' title='bbox 104 2227 158 2255; x_wconf 85' lang='lat' dir='ltr'>Cic.</span> <span class='ocrx_word' id='word_1_590' title='bbox 171 2228 204 2255; x_wconf 89' lang='lat' dir='ltr'>de</span> <span class='ocrx_word' id='word_1_591' title='bbox 216 2230 296 2265; x_wconf 81' lang='lat' dir='ltr'>Legg.</span> <span class='ocrx_word' id='word_1_592' title='bbox 311 2240 329 2263; x_wconf 87' lang='lat'>1,</span> <span class='ocrx_word' id='word_1_593' title='bbox 367 2251 373 2257; x_wconf 93' lang='lat'>.</span> <span class='ocrx_word' id='word_1_594' title='bbox 411 2251 417 2258; x_wconf 98' lang='lat'>.</span> <span class='ocrx_word' id='word_1_595' title='bbox 454 2230 551 2258; x_wconf 86' lang='lat' dir='ltr'>Noster</span> <span class='ocrx_word' id='word_1_596' title='bbox 565 2231 672 2266; x_wconf 87' lang='lat' dir='ltr'>quidem</span> <span class='ocrx_word' id='word_1_597' title='bbox 686 2230 729 2257; x_wconf 88' lang='lat' dir='ltr'>hic</span> <span class='ocrx_word' id='word_1_598' title='bbox 742 2237 836 2257; x_wconf 83' lang='lat' dir='ltr'>natura</span> <span class='ocrx_word' id='word_1_599' title='bbox 855 2230 898 2256; x_wconf 90' lang='lat' dir='ltr'>vir</span> <span class='ocrx_word' id='word_1_600' title='bbox 915 2229 996 2256; x_wconf 90' lang='lat' dir='ltr'>iustus</span> <span class='ocrx_word' id='word_1_601' title='bbox 1009 2237 1037 2255; x_wconf 89' lang='lat' dir='ltr'>ac</span> <span class='ocrx_word' id='word_1_602' title='bbox 1057 2227 1142 2255; x_wconf 88' lang='lat' dir='ltr'>bonus</span> 
     </span>
     <span class='ocr_line' id='line_1_63' title="bbox 104 2264 1142 2302; baseline 0 -12"><span class='ocrx_word' id='word_1_603' title='bbox 104 2264 185 2291; x_wconf 75' lang='lat' dir='ltr'>&#39;etiam</span> <span class='ocrx_word' id='word_1_604' title='bbox 207 2265 391 2301; x_wconf 89' lang='lat' dir='ltr'>colloquetur,</span> <span class='ocrx_word' id='word_1_605' title='bbox 411 2266 531 2299; x_wconf 89' lang='lat' dir='ltr'>iuuabit,</span> <span class='ocrx_word' id='word_1_606' title='bbox 550 2266 578 2293; x_wconf 89' lang='lat' dir='ltr'>in</span> <span class='ocrx_word' id='word_1_607' title='bbox 592 2267 671 2293; x_wconf 90' lang='lat' dir='ltr'>Viam</span> <span class='ocrx_word' id='word_1_608' title='bbox 690 2266 808 2302; x_wconf 77' lang='lat' dir='ltr'>deducet.</span> <span class='ocrx_word' id='word_1_609' title='bbox 886 2267 1002 2297; x_wconf 83' lang='lat' dir='ltr'>Vocem,</span> <span class='ocrx_word' id='word_1_610' title='bbox 1014 2264 1142 2291; x_wconf 85' lang='lat' dir='ltr'>Tenuem</span> 
     </span>
     <span class='ocr_line' id='line_1_64' title="bbox 102 2300 1142 2336; baseline -0.001 -10"><span class='ocrx_word' id='word_1_611' title='bbox 102 2305 129 2326; x_wconf 81' lang='lat' dir='ltr'>et</span> <span class='ocrx_word' id='word_1_612' title='bbox 148 2300 244 2327; x_wconf 79' lang='lat' dir='ltr'>exilem</span> <span class='ocrx_word' id='word_1_613' title='bbox 263 2302 357 2328; x_wconf 86' lang='lat' dir='ltr'>facere.</span> <span class='ocrx_word' id='word_1_614' title='bbox 394 2303 519 2329; x_wconf 87' lang='lat' dir='ltr'>Afranius</span> <span class='ocrx_word' id='word_1_615' title='bbox 538 2302 566 2328; x_wconf 89' lang='lat' dir='ltr'>in</span> <span class='ocrx_word' id='word_1_616' title='bbox 585 2303 714 2336; x_wconf 83' lang='lat' dir='ltr'>Virgine,</span> <span class='ocrx_word' id='word_1_617' title='bbox 740 2301 836 2328; x_wconf 83' lang='lat' dir='ltr'>Verbis</span> <span class='ocrx_word' id='word_1_618' title='bbox 856 2301 975 2335; x_wconf 87' lang='lat' dir='ltr'>pauculis</span> <span class='ocrx_word' id='word_1_619' title='bbox 998 2300 1142 2334; x_wconf 83' lang='lat' dir='ltr'>respondit,</span> 
     </span>
    </p>
   </div>
   <div class='ocr_carea' id='block_1_16' title="bbox 103 2335 1184 2372">
    <p class='ocr_par' dir='ltr' id='par_1_17' title="bbox 103 2335 1184 2372">
     <span class='ocr_line' id='line_1_65' title="bbox 103 2335 1184 2372; baseline 0 -11"><span class='ocrx_word' id='word_1_620' title='bbox 103 2335 185 2362; x_wconf 82' lang='lat' dir='ltr'>tristis</span> <span class='ocrx_word' id='word_1_621' title='bbox 193 2338 265 2363; x_wconf 87' lang='lat' dir='ltr'>Voce</span> <span class='ocrx_word' id='word_1_622' title='bbox 279 2337 398 2364; x_wconf 67' lang='lat' dir='ltr'>deduc‘ta.</span> <span class='ocrx_word' id='word_1_623' title='bbox 432 2339 558 2372; x_wconf 87' lang='lat' dir='ltr'>Pompon.</span> <span class='ocrx_word' id='word_1_624' title='bbox 572 2338 599 2364; x_wconf 89' lang='lat' dir='ltr'>in</span> <span class='ocrx_word' id='word_1_625' title='bbox 613 2338 691 2364; x_wconf 87' lang='lat' dir='ltr'>Atell.</span> <span class='ocrx_word' id='word_1_626' title='bbox 704 2347 772 2372; x_wconf 87' lang='lat' dir='ltr'>quae</span> <span class='ocrx_word' id='word_1_627' title='bbox 786 2337 916 2364; x_wconf 79' lang='lat' dir='ltr'>Calendae</span> <span class='ocrx_word' id='word_1_628' title='bbox 925 2336 1037 2365; x_wconf 77' lang='lat' dir='ltr'>Martiae</span> <span class='ocrx_word' id='word_1_629' title='bbox 1053 2336 1142 2362; x_wconf 85' lang='lat' dir='ltr'>inscri-</span> <span class='ocrx_word' id='word_1_630' title='bbox 1149 2337 1184 2361; x_wconf 89' lang='lat'>60</span> 
     </span>
    </p>
   </div>
   <div class='ocr_carea' id='block_1_17' title="bbox 101 2370 1142 2517">
    <p class='ocr_par' dir='ltr' id='par_1_18' title="bbox 101 2370 1142 2517">
     <span class='ocr_line' id='line_1_66' title="bbox 103 2370 1142 2409; baseline -0.001 -12"><span class='ocrx_word' id='word_1_631' title='bbox 103 2370 193 2404; x_wconf 86' lang='lat' dir='ltr'>bitur,</span> <span class='ocrx_word' id='word_1_632' title='bbox 213 2374 312 2399; x_wconf 84' lang='lat' dir='ltr'>Vocem</span> <span class='ocrx_word' id='word_1_633' title='bbox 330 2373 439 2400; x_wconf 84' lang='lat' dir='ltr'>deducas</span> <span class='ocrx_word' id='word_1_634' title='bbox 457 2380 578 2409; x_wconf 80' lang='lat' dir='ltr'>oportet:</span> <span class='ocrx_word' id='word_1_635' title='bbox 610 2381 639 2400; x_wconf 85' lang='lat' dir='ltr'>vt</span> <span class='ocrx_word' id='word_1_636' title='bbox 655 2374 777 2400; x_wconf 83' lang='lat' dir='ltr'>mulieris</span> <span class='ocrx_word' id='word_1_637' title='bbox 789 2373 931 2399; x_wconf 81' lang='lat' dir='ltr'>videantur</span> <span class='ocrx_word' id='word_1_638' title='bbox 945 2371 1035 2398; x_wconf 77' lang='lat' dir='ltr'>verba.</span> <span class='ocrx_word' id='word_1_639' title='bbox 1073 2372 1142 2397; x_wconf 75' lang='lat' dir='ltr'>Haec</span> 
     </span>
     <span class='ocr_line' id='line_1_67' title="bbox 101 2406 1141 2444; baseline -0.001 -11"><span class='ocrx_word' id='word_1_640' title='bbox 101 2407 220 2434; x_wconf 79' lang='lat' dir='ltr'>Macrob.</span> <span class='ocrx_word' id='word_1_641' title='bbox 243 2409 344 2435; x_wconf 87' lang='lat' dir='ltr'>Saturn.</span> <span class='ocrx_word' id='word_1_642' title='bbox 365 2412 397 2441; x_wconf 90' lang='lat'>6,</span> <span class='ocrx_word' id='word_1_643' title='bbox 414 2419 441 2444; x_wconf 88' lang='lat'>4.</span> <span class='ocrx_word' id='word_1_644' title='bbox 512 2410 666 2436; x_wconf 89' lang='lat' dir='ltr'>Voluntates</span> <span class='ocrx_word' id='word_1_645' title='bbox 690 2408 802 2435; x_wconf 91' lang='lat' dir='ltr'>dicendo</span> <span class='ocrx_word' id='word_1_646' title='bbox 827 2408 962 2443; x_wconf 82' lang='lat' dir='ltr'>impellere</span> <span class='ocrx_word' id='word_1_647' title='bbox 987 2416 1041 2441; x_wconf 91' lang='lat' dir='ltr'>quo</span> <span class='ocrx_word' id='word_1_648' title='bbox 1062 2406 1141 2438; x_wconf 87' lang='lat' dir='ltr'>velis,</span> 
     </span>
     <span class='ocr_line' id='line_1_68' title="bbox 101 2441 1141 2479; baseline 0.001 -11"><span class='ocrx_word' id='word_1_649' title='bbox 101 2442 172 2468; x_wconf 88' lang='lat' dir='ltr'>vnde</span> <span class='ocrx_word' id='word_1_650' title='bbox 191 2450 277 2470; x_wconf 80' lang='lat' dir='ltr'>autem</span> <span class='ocrx_word' id='word_1_651' title='bbox 291 2445 359 2475; x_wconf 81' lang='lat' dir='ltr'>velis</span> <span class='ocrx_word' id='word_1_652' title='bbox 376 2444 505 2471; x_wconf 89' lang='lat' dir='ltr'>deducere</span> <span class='ocrx_word' id='word_1_653' title='bbox 525 2445 580 2471; x_wconf 89' lang='lat' dir='ltr'>Cic.</span> <span class='ocrx_word' id='word_1_654' title='bbox 595 2445 627 2471; x_wconf 74' lang='lat' dir='ltr'>de</span> <span class='ocrx_word' id='word_1_655' title='bbox 646 2446 720 2471; x_wconf 88' lang='lat' dir='ltr'>Orat.</span> <span class='ocrx_word' id='word_1_656' title='bbox 735 2453 754 2477; x_wconf 85' lang='lat'>1,</span> <span class='ocrx_word' id='word_1_657' title='bbox 774 2454 813 2476; x_wconf 77' lang='lat'>30.</span> <span class='ocrx_word' id='word_1_658' title='bbox 982 2441 1002 2479; x_wconf 59' lang='lat' dir='ltr'>q</span> <span class='ocrx_word' id='word_1_659' title='bbox 1024 2452 1042 2475; x_wconf 90' lang='lat'>4</span> <span class='ocrx_word' id='word_1_660' title='bbox 1077 2442 1141 2469; x_wconf 75' lang='lat' dir='ltr'>Sunt</span> 
     </span>
     <span class='ocr_line' id='line_1_69' title="bbox 101 2477 1142 2517; baseline 0.001 -15"><span class='ocrx_word' id='word_1_661' title='bbox 101 2480 175 2503; x_wconf 86' lang='lat' dir='ltr'>etiam</span> <span class='ocrx_word' id='word_1_662' title='bbox 193 2481 255 2505; x_wconf 76' lang='lat' dir='ltr'>allae</span> <span class='ocrx_word' id='word_1_663' title='bbox 266 2479 399 2513; x_wconf 69' lang='lat' dir='ltr'>formulae</span> <span class='ocrx_word' id='word_1_664' title='bbox 409 2480 576 2517; x_wconf 70' lang='lat' dir='ltr'>obfiruabiles.</span> <span class='ocrx_word' id='word_1_665' title='bbox 613 2480 762 2511; x_wconf 87' lang='lat' dir='ltr'>Deduccre,</span> <span class='ocrx_word' id='word_1_666' title='bbox 772 2487 820 2515; x_wconf 82' lang='lat' dir='ltr'>pro</span> <span class='ocrx_word' id='word_1_667' title='bbox 839 2478 916 2513; x_wconf 74' lang='lat' dir='ltr'>Apud</span> <span class='ocrx_word' id='word_1_668' title='bbox 933 2477 1050 2514; x_wconf 77' lang='lat' dir='ltr'>hospitem</span> <span class='ocrx_word' id='word_1_669' title='bbox 1070 2477 1142 2503; x_wconf 78' lang='lat' dir='ltr'>collo-</span> 
     </span>
    </p>
   </div>
   <div class='ocr_carea' id='block_1_18' title="bbox 102 2512 1185 2555">
    <p class='ocr_par' dir='ltr' id='par_1_19' title="bbox 102 2512 1185 2555">
     <span class='ocr_line' id='line_1_70' title="bbox 102 2512 1185 2555; baseline 0 -17"><span class='ocrx_word' id='word_1_670' title='bbox 102 2522 173 2544; x_wconf 78' lang='lat' dir='ltr'>care,</span> <span class='ocrx_word' id='word_1_671' title='bbox 193 2514 250 2540; x_wconf 89' lang='lat' dir='ltr'>Cic.</span> <span class='ocrx_word' id='word_1_672' title='bbox 264 2516 341 2542; x_wconf 88' lang='lat' dir='ltr'>Verr.</span> <span class='ocrx_word' id='word_1_673' title='bbox 357 2520 425 2555; x_wconf 41' lang='lat'>1478*</span> <span class='ocrx_word' id='word_1_674' title='bbox 457 2516 606 2542; x_wconf 90' lang='lat' dir='ltr'>Deducitur</span> <span class='ocrx_word' id='word_1_675' title='bbox 625 2515 673 2542; x_wconf 89' lang='lat' dir='ltr'>iste</span> <span class='ocrx_word' id='word_1_676' title='bbox 693 2515 724 2542; x_wconf 90' lang='lat' dir='ltr'>ad</span> <span class='ocrx_word' id='word_1_677' title='bbox 738 2516 881 2541; x_wconf 83' lang='lat' dir='ltr'>Ianitorem</span> <span class='ocrx_word' id='word_1_678' title='bbox 902 2514 1031 2548; x_wconf 87' lang='lat' dir='ltr'>quendam</span> <span class='ocrx_word' id='word_1_679' title='bbox 1054 2512 1140 2547; x_wconf 86' lang='lat' dir='ltr'>hospi.</span> <span class='ocrx_word' id='word_1_680' title='bbox 1154 2518 1185 2551; x_wconf 78' lang='lat'>65</span> 
     </span>
    </p>
   </div>
   <div class='ocr_carea' id='block_1_19' title="bbox 101 2549 1140 2688">
    <p class='ocr_par' dir='ltr' id='par_1_20' title="bbox 101 2549 1140 2688">
     <span class='ocr_line' id='line_1_71' title="bbox 101 2549 1139 2587; baseline 0 -13"><span class='ocrx_word' id='word_1_681' title='bbox 101 2553 169 2575; x_wconf 85' lang='lat' dir='ltr'>tem:</span> <span class='ocrx_word' id='word_1_682' title='bbox 181 2549 350 2585; x_wconf 80' lang='lat' dir='ltr'>comitesque</span> <span class='ocrx_word' id='word_1_683' title='bbox 366 2550 482 2577; x_wconf 83' lang='lat' dir='ltr'>eiusdem</span> <span class='ocrx_word' id='word_1_684' title='bbox 495 2551 563 2587; x_wconf 89' lang='lat' dir='ltr'>apud</span> <span class='ocrx_word' id='word_1_685' title='bbox 575 2557 692 2578; x_wconf 89' lang='lat' dir='ltr'>caeteros</span> <span class='ocrx_word' id='word_1_686' title='bbox 713 2551 828 2586; x_wconf 82' lang='lat' dir='ltr'>hospites</span> <span class='ocrx_word' id='word_1_687' title='bbox 850 2549 1022 2576; x_wconf 84' lang='lat' dir='ltr'>collocantur.</span> <span class='ocrx_word' id='word_1_688' title='bbox 1066 2549 1139 2575; x_wconf 82' lang='lat' dir='ltr'>Inho—</span> 
     </span>
     <span class='ocr_line' id='line_1_72' title="bbox 102 2582 1140 2622; baseline 0.001 -14"><span class='ocrx_word' id='word_1_689' title='bbox 102 2582 193 2614; x_wconf 71' lang='lat' dir='ltr'>nestum</span> <span class='ocrx_word' id='word_1_690' title='bbox 207 2589 280 2611; x_wconf 75' lang='lat' dir='ltr'>etiam</span> <span class='ocrx_word' id='word_1_691' title='bbox 295 2586 410 2621; x_wconf 69' lang='lat' dir='ltr'>quiddam</span> <span class='ocrx_word' id='word_1_692' title='bbox 422 2586 562 2622; x_wconf 65' lang='lat' dir='ltr'>fignificat.</span> <span class='ocrx_word' id='word_1_693' title='bbox 597 2587 665 2613; x_wconf 88' lang='lat' dir='ltr'>Ter.</span> <span class='ocrx_word' id='word_1_694' title='bbox 685 2587 751 2613; x_wconf 87' lang='lat' dir='ltr'>Eun.</span> <span class='ocrx_word' id='word_1_695' title='bbox 764 2596 790 2618; x_wconf 82' lang='lat'>2,</span> <span class='ocrx_word' id='word_1_696' title='bbox 804 2595 825 2618; x_wconf 81' lang='lat'>3,</span> <span class='ocrx_word' id='word_1_697' title='bbox 840 2589 875 2611; x_wconf 86' lang='lat'>60</span> <span class='ocrx_word' id='word_1_698' title='bbox 906 2586 964 2611; x_wconf 86' lang='lat' dir='ltr'>Huc</span> <span class='ocrx_word' id='word_1_699' title='bbox 979 2584 1088 2611; x_wconf 58' lang='lat' dir='ltr'>deduRa</span> <span class='ocrx_word' id='word_1_700' title='bbox 1104 2584 1140 2609; x_wconf 86' lang='lat' dir='ltr'>est</span> 
     </span>
     <span class='ocr_line' id='line_1_73' title="bbox 102 2617 1140 2657; baseline 0 -13"><span class='ocrx_word' id='word_1_701' title='bbox 102 2617 136 2643; x_wconf 77' lang='lat' dir='ltr'>ad</span> <span class='ocrx_word' id='word_1_702' title='bbox 149 2617 293 2655; x_wconf 68' lang='lat' dir='ltr'>Thaidem.</span> <span class='ocrx_word' id='word_1_703' title='bbox 325 2622 390 2646; x_wconf 76' lang='lat' dir='ltr'>&#39;Non</span> <span class='ocrx_word' id='word_1_704' title='bbox 404 2628 489 2647; x_wconf 81' lang='lat' dir='ltr'>temere</span> <span class='ocrx_word' id='word_1_705' title='bbox 502 2629 525 2647; x_wconf 81' lang='lat' dir='ltr'>et</span> <span class='ocrx_word' id='word_1_706' title='bbox 538 2624 647 2657; x_wconf 75' lang='lat' dir='ltr'>generali</span> <span class='ocrx_word' id='word_1_707' title='bbox 660 2625 756 2647; x_wconf 80' lang='lat' dir='ltr'>notione</span> <span class='ocrx_word' id='word_1_708' title='bbox 770 2623 815 2648; x_wconf 84' lang='lat' dir='ltr'>hoc</span> <span class='ocrx_word' id='word_1_709' title='bbox 834 2620 885 2645; x_wconf 78' lang='lat' dir='ltr'>clici</span> <span class='ocrx_word' id='word_1_710' title='bbox 893 2640 900 2651; x_wconf 90' lang='lat'>,</span> <span class='ocrx_word' id='word_1_711' title='bbox 911 2620 1001 2654; x_wconf 76' lang='lat' dir='ltr'>suadet</span> <span class='ocrx_word' id='word_1_712' title='bbox 1013 2620 1054 2645; x_wconf 80' lang='lat' dir='ltr'>ille</span> <span class='ocrx_word' id='word_1_713' title='bbox 1066 2619 1140 2645; x_wconf 93' lang='lat' dir='ltr'>Cice-</span> 
     </span>
     <span class='ocr_line' id='line_1_74' title="bbox 104 2653 1139 2688; baseline 0 -10"><span class='ocrx_word' id='word_1_714' title='bbox 104 2653 177 2679; x_wconf 85' lang='lat' dir='ltr'>ronis</span> <span class='ocrx_word' id='word_1_715' title='bbox 192 2656 258 2680; x_wconf 82' lang='lat' dir='ltr'>iocus</span> <span class='ocrx_word' id='word_1_716' title='bbox 272 2655 337 2688; x_wconf 74' lang='lat' dir='ltr'>apud</span> <span class='ocrx_word' id='word_1_717' title='bbox 349 2656 453 2680; x_wconf 86' lang='lat' dir='ltr'>Sueton.</span> <span class='ocrx_word' id='word_1_718' title='bbox 467 2663 498 2687; x_wconf 76' lang='lat'>50</span> <span class='ocrx_word' id='word_1_719' title='bbox 525 2658 589 2688; x_wconf 77' lang='lat' dir='ltr'>Quo</span> <span class='ocrx_word' id='word_1_720' title='bbox 603 2656 696 2682; x_wconf 88' lang='lat' dir='ltr'>melius</span> <span class='ocrx_word' id='word_1_721' title='bbox 717 2662 817 2682; x_wconf 86' lang='lat' dir='ltr'>emtum</span> <span class='ocrx_word' id='word_1_722' title='bbox 838 2655 923 2680; x_wconf 81' lang='lat' dir='ltr'>sciatis</span> <span class='ocrx_word' id='word_1_723' title='bbox 938 2655 974 2687; x_wconf 89' lang='lat' dir='ltr'>(a</span> <span class='ocrx_word' id='word_1_724' title='bbox 989 2655 1094 2680; x_wconf 75' lang='lat' dir='ltr'>Seruilia</span> <span class='ocrx_word' id='word_1_725' title='bbox 1108 2662 1139 2678; x_wconf 88' lang='lat' dir='ltr'>ex</span> 
     </span>
    </p>
   </div>
   <div class='ocr_carea' id='block_1_20' title="bbox 102 2687 1183 2724">
    <p class='ocr_par' dir='ltr' id='par_1_21' title="bbox 102 2687 1183 2724">
     <span class='ocr_line' id='line_1_75' title="bbox 102 2687 1183 2724; baseline 0.002 -11"><span class='ocrx_word' id='word_1_726' title='bbox 102 2687 259 2715; x_wconf 61' lang='lat' dir='ltr'>auctionibus</span> <span class='ocrx_word' id='word_1_727' title='bbox 279 2690 412 2724; x_wconf 75' lang='lat' dir='ltr'>Carfizris)</span> <span class='ocrx_word' id='word_1_728' title='bbox 431 2689 530 2716; x_wconf 87' lang='lat' dir='ltr'>Tertia</span> <span class='ocrx_word' id='word_1_729' title='bbox 555 2691 646 2724; x_wconf 72' lang='lat' dir='ltr'>(illius</span> <span class='ocrx_word' id='word_1_730' title='bbox 651 2690 732 2724; x_wconf 81' lang='lat' dir='ltr'>filia)</span> <span class='ocrx_word' id='word_1_731' title='bbox 753 2687 864 2715; x_wconf 64' lang='lat' dir='ltr'>dedud&#39;m</span> <span class='ocrx_word' id='word_1_732' title='bbox 884 2689 928 2714; x_wconf 85' lang='lat' dir='ltr'>est.</span> <span class='ocrx_word' id='word_1_733' title='bbox 964 2689 1026 2715; x_wconf 85' lang='lat' dir='ltr'>Alia</span> <span class='ocrx_word' id='word_1_734' title='bbox 1040 2688 1183 2723; x_wconf 87' lang='lat' dir='ltr'>Tertia70</span> 
     </span>
    </p>
   </div>
   <div class='ocr_carea' id='block_1_21' title="bbox 95 2721 1141 3043">
    <p class='ocr_par' dir='ltr' id='par_1_22' title="bbox 95 2721 1141 3043">
     <span class='ocr_line' id='line_1_76' title="bbox 101 2721 1139 2758; baseline 0.001 -11"><span class='ocrx_word' id='word_1_735' title='bbox 101 2721 197 2749; x_wconf 76' lang='lat' dir='ltr'>Isidori</span> <span class='ocrx_word' id='word_1_736' title='bbox 210 2725 287 2751; x_wconf 91' lang='lat' dir='ltr'>mimi</span> <span class='ocrx_word' id='word_1_737' title='bbox 305 2724 376 2758; x_wconf 84' lang='lat' dir='ltr'>filia,</span> <span class='ocrx_word' id='word_1_738' title='bbox 390 2724 500 2751; x_wconf 64' lang='lat' dir='ltr'>deducta</span> <span class='ocrx_word' id='word_1_739' title='bbox 519 2725 554 2750; x_wconf 77' lang='lat' dir='ltr'>ad</span> <span class='ocrx_word' id='word_1_740' title='bbox 571 2726 669 2751; x_wconf 79' lang='lat' dir='ltr'>Verrem</span> <span class='ocrx_word' id='word_1_741' title='bbox 683 2726 738 2751; x_wconf 81' lang='lat' dir='ltr'>Cic.</span> <span class='ocrx_word' id='word_1_742' title='bbox 752 2726 827 2751; x_wconf 88' lang='lat' dir='ltr'>Verr.</span> <span class='ocrx_word' id='word_1_743' title='bbox 841 2733 853 2756; x_wconf 83' lang='lat'>3</span> <span class='ocrx_word' id='word_1_744' title='bbox 873 2733 894 2749; x_wconf 89' lang='lat' dir='ltr'>c.</span> <span class='ocrx_word' id='word_1_745' title='bbox 916 2732 957 2756; x_wconf 80' lang='lat'>34.</span> <span class='ocrx_word' id='word_1_746' title='bbox 993 2723 1066 2758; x_wconf 65' lang='lat' dir='ltr'>Coaf.</span> <span class='ocrx_word' id='word_1_747' title='bbox 1084 2732 1110 2749; x_wconf 91' lang='lat' dir='ltr'>n.</span> <span class='ocrx_word' id='word_1_748' title='bbox 1126 2731 1139 2748; x_wconf 89' lang='lat'>2</span> 
     </span>
     <span class='ocr_line' id='line_1_77' title="bbox 103 2757 1138 2796; baseline -0.001 -13"><span class='ocrx_word' id='word_1_749' title='bbox 103 2757 240 2784; x_wconf 85' lang='lat' dir='ltr'>Deducere</span> <span class='ocrx_word' id='word_1_750' title='bbox 258 2761 390 2793; x_wconf 79' lang='lat' dir='ltr'>sponsam:</span> <span class='ocrx_word' id='word_1_751' title='bbox 414 2763 444 2786; x_wconf 85' lang='lat' dir='ltr'>it.</span> <span class='ocrx_word' id='word_1_752' title='bbox 464 2759 546 2786; x_wconf 90' lang='lat' dir='ltr'>Ouid.</span> <span class='ocrx_word' id='word_1_753' title='bbox 570 2761 634 2786; x_wconf 85' lang='lat' dir='ltr'>Met.</span> <span class='ocrx_word' id='word_1_754' title='bbox 652 2768 689 2791; x_wconf 90' lang='lat'>10,</span> <span class='ocrx_word' id='word_1_755' title='bbox 703 2762 765 2792; x_wconf 88' lang='lat'>462.</span> <span class='ocrx_word' id='word_1_756' title='bbox 801 2761 832 2785; x_wconf 88' lang='lat' dir='ltr'>Et</span> <span class='ocrx_word' id='word_1_757' title='bbox 851 2758 920 2785; x_wconf 88' lang='lat' dir='ltr'>Tib.</span> <span class='ocrx_word' id='word_1_758' title='bbox 936 2767 956 2789; x_wconf 85' lang='lat'>1,</span> <span class='ocrx_word' id='word_1_759' title='bbox 968 2765 994 2791; x_wconf 90' lang='grc'>7,</span> <span class='ocrx_word' id='word_1_760' title='bbox 1007 2760 1038 2789; x_wconf 74' lang='grc'><strong>65</strong></span> <span class='ocrx_word' id='word_1_761' title='bbox 1058 2757 1138 2796; x_wconf 54' lang='lat' dir='ltr'>ibique</span> 
     </span>
     <span class='ocr_line' id='line_1_78' title="bbox 102 2792 1139 2830; baseline -0.003 -10"><span class='ocrx_word' id='word_1_762' title='bbox 102 2793 223 2820; x_wconf 68' lang='lat' dir='ltr'>Brouckh.</span> <span class='ocrx_word' id='word_1_763' title='bbox 260 2796 291 2821; x_wconf 83' lang='lat' dir='ltr'>In</span> <span class='ocrx_word' id='word_1_764' title='bbox 305 2798 356 2821; x_wconf 82' lang='lat' dir='ltr'>ioco</span> <span class='ocrx_word' id='word_1_765' title='bbox 370 2796 494 2822; x_wconf 75' lang='lat' dir='ltr'>Ciceronis</span> <span class='ocrx_word' id='word_1_766' title='bbox 506 2796 654 2830; x_wconf 80' lang='lat' dir='ltr'>ambiguitas</span> <span class='ocrx_word' id='word_1_767' title='bbox 669 2803 698 2820; x_wconf 70' lang='lat' dir='ltr'>ox</span> <span class='ocrx_word' id='word_1_768' title='bbox 709 2796 760 2820; x_wconf 83' lang='lat' dir='ltr'>alio</span> <span class='ocrx_word' id='word_1_769' title='bbox 774 2793 898 2819; x_wconf 62' lang='lat' dir='ltr'>inuitem</span> <span class='ocrx_word' id='word_1_770' title='bbox 911 2793 995 2824; x_wconf 80' lang='lat' dir='ltr'>verbi,</span> <span class='ocrx_word' id='word_1_771' title='bbox 1010 2792 1139 2828; x_wconf 76' lang='lat' dir='ltr'>vbisrgni-</span> 
     </span>
     <span class='ocr_line' id='line_1_79' title="bbox 95 2827 1140 2865; baseline -0.002 -11"><span class='ocrx_word' id='word_1_772' title='bbox 95 2827 163 2865; x_wconf 70' lang='lat' dir='ltr'>fic&#39;at</span> <span class='ocrx_word' id='word_1_773' title='bbox 176 2829 203 2855; x_wconf 84' lang='lat' dir='ltr'>de</span> <span class='ocrx_word' id='word_1_774' title='bbox 209 2829 306 2865; x_wconf 68' lang='lat' dir='ltr'>flemma</span> <span class='ocrx_word' id='word_1_775' title='bbox 318 2831 416 2865; x_wconf 73' lang='lat' dir='ltr'>aliquid</span> <span class='ocrx_word' id='word_1_776' title='bbox 427 2831 532 2857; x_wconf 68' lang='lat' dir='ltr'>demere:</span> <span class='ocrx_word' id='word_1_777' title='bbox 569 2830 626 2857; x_wconf 87' lang='lat' dir='ltr'>Cic.</span> <span class='ocrx_word' id='word_1_778' title='bbox 641 2829 672 2856; x_wconf 88' lang='lat' dir='ltr'>de</span> <span class='ocrx_word' id='word_1_779' title='bbox 680 2829 758 2864; x_wconf 84' lang='lat' dir='ltr'>Legg.</span> <span class='ocrx_word' id='word_1_780' title='bbox 767 2838 789 2861; x_wconf 83' lang='lat'>2,</span> <span class='ocrx_word' id='word_1_781' title='bbox 798 2836 824 2861; x_wconf 78' lang='lat'>53</span> <span class='ocrx_word' id='word_1_782' title='bbox 840 2838 861 2854; x_wconf 91' lang='lat' dir='ltr'>c.</span> <span class='ocrx_word' id='word_1_783' title='bbox 874 2836 899 2854; x_wconf 87' lang='grc'><strong>21</strong></span> <span class='ocrx_word' id='word_1_784' title='bbox 935 2827 1087 2854; x_wconf 77' lang='lat' dir='ltr'>Pax-titionis</span> <span class='ocrx_word' id='word_1_785' title='bbox 1100 2834 1140 2853; x_wconf 82' lang='lat' dir='ltr'>ca-</span> 
     </span>
     <span class='ocr_line' id='line_1_80' title="bbox 102 2865 863 2899; baseline 0 -9"><span class='ocrx_word' id='word_1_786' title='bbox 102 2870 149 2899; x_wconf 81' lang='lat' dir='ltr'>put</span> <span class='ocrx_word' id='word_1_787' title='bbox 161 2865 285 2899; x_wconf 83' lang='lat' dir='ltr'>scriptum</span> <span class='ocrx_word' id='word_1_788' title='bbox 298 2872 371 2892; x_wconf 90' lang='lat' dir='ltr'>caute</span> <span class='ocrx_word' id='word_1_789' title='bbox 381 2886 388 2898; x_wconf 87' lang='lat'>,</span> <span class='ocrx_word' id='word_1_790' title='bbox 401 2872 429 2892; x_wconf 93' lang='lat' dir='ltr'>vt</span> <span class='ocrx_word' id='word_1_791' title='bbox 448 2872 552 2892; x_wconf 88' lang='lat' dir='ltr'>centum</span> <span class='ocrx_word' id='word_1_792' title='bbox 569 2865 644 2892; x_wconf 86' lang='lat' dir='ltr'>numi</span> <span class='ocrx_word' id='word_1_793' title='bbox 662 2865 863 2892; x_wconf 86' lang='lat' dir='ltr'>deducerentur.</span> 
     </span>
     <span class='ocr_line' id='line_1_81' title="bbox 103 2899 1140 2937; baseline -0.001 -12"><span class='ocrx_word' id='word_1_794' title='bbox 103 2908 125 2925; x_wconf 86' lang='lat' dir='ltr'>c.</span> <span class='ocrx_word' id='word_1_795' title='bbox 143 2908 192 2934; x_wconf 88' lang='lat'>144</span> <span class='ocrx_word' id='word_1_796' title='bbox 211 2901 237 2926; x_wconf 91' lang='lat' dir='ltr'>Si</span> <span class='ocrx_word' id='word_1_797' title='bbox 252 2900 316 2936; x_wconf 87' lang='lat' dir='ltr'>quid</span> <span class='ocrx_word' id='word_1_798' title='bbox 330 2901 489 2928; x_wconf 86' lang='lat' dir='ltr'>redemtoris</span> <span class='ocrx_word' id='word_1_799' title='bbox 502 2910 582 2935; x_wconf 83' lang='lat' dir='ltr'>opera</span> <span class='ocrx_word' id='word_1_800' title='bbox 596 2901 706 2927; x_wconf 89' lang='lat' dir='ltr'>domino</span> <span class='ocrx_word' id='word_1_801' title='bbox 720 2900 809 2927; x_wconf 90' lang='lat' dir='ltr'>damni</span> <span class='ocrx_word' id='word_1_802' title='bbox 828 2899 917 2926; x_wconf 88' lang='lat' dir='ltr'>datum</span> <span class='ocrx_word' id='word_1_803' title='bbox 925 2899 1140 2937; x_wconf 81' lang='lat' dir='ltr'>erit,resoluito:</span> 
     </span>
     <span class='ocr_line' id='line_1_82' title="bbox 104 2934 1139 2967; baseline -0.002 -6"><span class='ocrx_word' id='word_1_804' title='bbox 104 2934 132 2961; x_wconf 86' lang='lat' dir='ltr'>id</span> <span class='ocrx_word' id='word_1_805' title='bbox 149 2935 214 2962; x_wconf 90' lang='lat' dir='ltr'>boni</span> <span class='ocrx_word' id='word_1_806' title='bbox 227 2936 281 2962; x_wconf 90' lang='lat' dir='ltr'>viri</span> <span class='ocrx_word' id='word_1_807' title='bbox 295 2935 424 2963; x_wconf 89' lang='lat' dir='ltr'>arbitratu</span> <span class='ocrx_word' id='word_1_808' title='bbox 437 2937 588 2964; x_wconf 88' lang='lat' dir='ltr'>deducetur.</span> <span class='ocrx_word' id='word_1_809' title='bbox 659 2936 715 2963; x_wconf 91' lang='lat' dir='ltr'>Cic.</span> <span class='ocrx_word' id='word_1_810' title='bbox 729 2936 761 2962; x_wconf 91' lang='lat' dir='ltr'>de</span> <span class='ocrx_word' id='word_1_811' title='bbox 773 2935 865 2962; x_wconf 87' lang='lat' dir='ltr'>Diuin.</span> <span class='ocrx_word' id='word_1_812' title='bbox 880 2944 890 2961; x_wconf 94' lang='lat'>1</span> <span class='ocrx_word' id='word_1_813' title='bbox 904 2942 967 2960; x_wconf 76' lang='lat' dir='ltr'>extr.</span> <span class='ocrx_word' id='word_1_814' title='bbox 989 2944 1017 2960; x_wconf 82' lang='lat' dir='ltr'>ex</span> <span class='ocrx_word' id='word_1_815' title='bbox 1030 2934 1139 2967; x_wconf 68' lang='lat' dir='ltr'>vcvytbus</span> 
     </span>
     <span class='ocr_line' id='line_1_83' title="bbox 103 2969 1139 3004; baseline -0.001 -8"><span class='ocrx_word' id='word_1_816' title='bbox 103 2971 198 3004; x_wconf 85' lang='lat' dir='ltr'>Ennii,</span> <span class='ocrx_word' id='word_1_817' title='bbox 215 2972 254 2998; x_wconf 90' lang='lat' dir='ltr'>De</span> <span class='ocrx_word' id='word_1_818' title='bbox 281 2972 322 2998; x_wconf 82' lang='lat' dir='ltr'>his</span> <span class='ocrx_word' id='word_1_819' title='bbox 350 2972 455 2999; x_wconf 88' lang='lat' dir='ltr'>diuitiis</span> <span class='ocrx_word' id='word_1_820' title='bbox 480 2972 529 2999; x_wconf 86' lang='lat' dir='ltr'>fibi</span> <span class='ocrx_word' id='word_1_821' title='bbox 555 2972 682 2999; x_wconf 87' lang='lat' dir='ltr'>deducant</span> <span class='ocrx_word' id='word_1_822' title='bbox 708 2971 857 2998; x_wconf 86' lang='lat' dir='ltr'>drachmam</span> <span class='ocrx_word' id='word_1_823' title='bbox 871 2990 878 3001; x_wconf 97' lang='lat'>,</span> <span class='ocrx_word' id='word_1_824' title='bbox 900 2969 1011 2997; x_wconf 86' lang='lat' dir='ltr'>reddant</span> <span class='ocrx_word' id='word_1_825' title='bbox 1029 2978 1139 2996; x_wconf 81' lang='lat' dir='ltr'>caetera.</span> 
     </span>
     <span class='ocr_line' id='line_1_84' title="bbox 102 3004 1141 3043; baseline -0.001 -11"><span class='ocrx_word' id='word_1_826' title='bbox 102 3006 205 3033; x_wconf 86' lang='lat' dir='ltr'>Addere</span> <span class='ocrx_word' id='word_1_827' title='bbox 219 3008 404 3039; x_wconf 67' lang='lat' dir='ltr'>erDeducere,</span> <span class='ocrx_word' id='word_1_828' title='bbox 426 3011 563 3035; x_wconf 80' lang='lat' dir='ltr'>contraria.</span> <span class='ocrx_word' id='word_1_829' title='bbox 580 3011 597 3034; x_wconf 86' lang='lat' dir='ltr'>i.</span> <span class='ocrx_word' id='word_1_830' title='bbox 614 3007 712 3034; x_wconf 75' lang='lat' dir='ltr'>Addere</span> <span class='ocrx_word' id='word_1_831' title='bbox 723 3007 757 3033; x_wconf 80' lang='lat' dir='ltr'>ad</span> <span class='ocrx_word' id='word_1_832' title='bbox 767 3007 903 3043; x_wconf 62' lang='lat' dir='ltr'>summam,</span> <span class='ocrx_word' id='word_1_833' title='bbox 927 3013 950 3032; x_wconf 82' lang='lat' dir='ltr'>ct</span> <span class='ocrx_word' id='word_1_834' title='bbox 962 3006 991 3032; x_wconf 79' lang='lat' dir='ltr'>de</span> <span class='ocrx_word' id='word_1_835' title='bbox 1004 3015 1031 3031; x_wconf 86' lang='lat' dir='ltr'>ea</span> <span class='ocrx_word' id='word_1_836' title='bbox 1044 3004 1141 3041; x_wconf 79' lang='lat' dir='ltr'>aliquid</span> 
     </span>
    </p>
   </div>
   <div class='ocr_carea' id='block_1_22' title="bbox 102 3040 1183 3080">
    <p class='ocr_par' dir='ltr' id='par_1_23' title="bbox 102 3040 1183 3080">
     <span class='ocr_line' id='line_1_85' title="bbox 102 3040 1183 3080; baseline -0.001 -13"><span class='ocrx_word' id='word_1_837' title='bbox 102 3041 200 3068; x_wconf 54' lang='lat' dir='ltr'>demere.</span> <span class='ocrx_word' id='word_1_838' title='bbox 214 3043 268 3069; x_wconf 90' lang='lat' dir='ltr'>Cic.</span> <span class='ocrx_word' id='word_1_839' title='bbox 281 3043 333 3070; x_wconf 83' lang='lat' dir='ltr'>Off.</span> <span class='ocrx_word' id='word_1_840' title='bbox 349 3052 358 3069; x_wconf 92' lang='lat'>1</span> <span class='ocrx_word' id='word_1_841' title='bbox 373 3053 394 3070; x_wconf 91' lang='lat' dir='ltr'>c.</span> <span class='ocrx_word' id='word_1_842' title='bbox 411 3049 444 3074; x_wconf 82' lang='lat'>18.</span> <span class='ocrx_word' id='word_1_843' title='bbox 479 3043 554 3080; x_wconf 83' lang='lat' dir='ltr'>Conf.</span> <span class='ocrx_word' id='word_1_844' title='bbox 569 3044 677 3078; x_wconf 89' lang='lat' dir='ltr'>Non.4‚</span> <span class='ocrx_word' id='word_1_845' title='bbox 691 3052 734 3076; x_wconf 80' lang='lat'>143</span> <span class='ocrx_word' id='word_1_846' title='bbox 747 3044 784 3078; x_wconf 88' lang='lat' dir='ltr'>sq.</span> <span class='ocrx_word' id='word_1_847' title='bbox 819 3043 847 3069; x_wconf 85' lang='lat' dir='ltr'><em>A</em></span> <span class='ocrx_word' id='word_1_848' title='bbox 863 3042 978 3068; x_wconf 80' lang='lat' dir='ltr'>librariis</span> <span class='ocrx_word' id='word_1_849' title='bbox 991 3051 1044 3068; x_wconf 83' lang='lat' dir='ltr'>cum</span> <span class='ocrx_word' id='word_1_850' title='bbox 1057 3040 1138 3067; x_wconf 80' lang='lat' dir='ltr'>Didu-</span> <span class='ocrx_word' id='word_1_851' title='bbox 1151 3041 1183 3066; x_wconf 89' lang='lat'>80</span> 
     </span>
    </p>
   </div>
   <div class='ocr_carea' id='block_1_23' title="bbox 100 3074 1165 3220">
    <p class='ocr_par' dir='ltr' id='par_1_24' title="bbox 100 3074 551 3114">
     <span class='ocr_line' id='line_1_86' title="bbox 100 3074 551 3114; baseline 0.007 -11"><span class='ocrx_word' id='word_1_852' title='bbox 100 3085 132 3103; x_wconf 89' lang='lat' dir='ltr'>co</span> <span class='ocrx_word' id='word_1_853' title='bbox 150 3074 329 3114; x_wconf 61' lang='lat' dir='ltr'>commlvscetur:</span> <span class='ocrx_word' id='word_1_854' title='bbox 351 3079 405 3106; x_wconf 74' lang='lat' dir='ltr'>vid.</span> <span class='ocrx_word' id='word_1_855' title='bbox 424 3086 551 3107; x_wconf 78' lang='lat' dir='ltr'>moveo.</span> 
     </span>
    </p>

    <p class='ocr_par' dir='ltr' id='par_1_25' title="bbox 102 3111 1165 3220">
     <span class='ocr_line' id='line_1_87' title="bbox 138 3111 1165 3149; baseline -0.001 -11"><span class='ocrx_word' id='word_1_856' title='bbox 138 3118 157 3138; x_wconf 91' lang='lat' dir='ltr'>D</span> <span class='ocrx_word' id='word_1_857' title='bbox 166 3120 182 3139; x_wconf 85' lang='grc' dir='ltr'><strong><em>Ε</em></strong></span> <span class='ocrx_word' id='word_1_858' title='bbox 191 3119 237 3139; x_wconf 91' lang='lat' dir='ltr'>DV</span> <span class='ocrx_word' id='word_1_859' title='bbox 248 3120 264 3140; x_wconf 90' lang='lat' dir='ltr'>C</span> <span class='ocrx_word' id='word_1_860' title='bbox 278 3120 300 3140; x_wconf 86' lang='lat' dir='ltr'>T</span> <span class='ocrx_word' id='word_1_861' title='bbox 310 3121 369 3147; x_wconf 80' lang='lat' dir='ltr'>vs,</span> <span class='ocrx_word' id='word_1_862' title='bbox 389 3124 412 3147; x_wconf 89' lang='lat' dir='ltr'>a,</span> <span class='ocrx_word' id='word_1_863' title='bbox 432 3124 485 3141; x_wconf 88' lang='lat' dir='ltr'>um.</span> <span class='ocrx_word' id='word_1_864' title='bbox 507 3115 599 3141; x_wconf 89' lang='lat' dir='ltr'>Partic.</span> <span class='ocrx_word' id='word_1_865' title='bbox 619 3115 709 3141; x_wconf 86' lang='lat' dir='ltr'>Homo</span> <span class='ocrx_word' id='word_1_866' title='bbox 721 3113 846 3140; x_wconf 53' lang='lat' dir='ltr'>deducffus</span> <span class='ocrx_word' id='word_1_867' title='bbox 859 3121 889 3138; x_wconf 84' lang='lat' dir='ltr'>ex</span> <span class='ocrx_word' id='word_1_868' title='bbox 902 3112 1004 3138; x_wconf 87' lang='lat' dir='ltr'>vltimis</span> <span class='ocrx_word' id='word_1_869' title='bbox 1016 3111 1138 3146; x_wconf 78' lang='lat' dir='ltr'>gentibus</span> <span class='ocrx_word' id='word_1_870' title='bbox 1162 3146 1165 3149; x_wconf 19' lang='grc' dir='ltr'><strong>ῃ</strong></span> 
     </span>
     <span class='ocr_line' id='line_1_88' title="bbox 102 3147 1138 3184; baseline 0 -11"><span class='ocrx_word' id='word_1_871' title='bbox 102 3147 158 3174; x_wconf 88' lang='lat' dir='ltr'>Cic.</span> <span class='ocrx_word' id='word_1_872' title='bbox 171 3148 284 3184; x_wconf 82' lang='lat' dir='ltr'>Philipp.</span> <span class='ocrx_word' id='word_1_873' title='bbox 297 3158 330 3182; x_wconf 84' lang='lat'>13,</span> <span class='ocrx_word' id='word_1_874' title='bbox 345 3158 388 3184; x_wconf 85' lang='lat'>27.</span> <span class='ocrx_word' id='word_1_875' title='bbox 459 3150 608 3177; x_wconf 64' lang='lat' dir='ltr'>Deductum</span> <span class='ocrx_word' id='word_1_876' title='bbox 629 3158 748 3182; x_wconf 85' lang='lat' dir='ltr'>carmen,</span> <span class='ocrx_word' id='word_1_877' title='bbox 767 3158 815 3183; x_wconf 88' lang='lat' dir='ltr'>pro</span> <span class='ocrx_word' id='word_1_878' title='bbox 834 3148 927 3175; x_wconf 89' lang='lat' dir='ltr'>Tenui</span> <span class='ocrx_word' id='word_1_879' title='bbox 941 3155 966 3174; x_wconf 89' lang='lat' dir='ltr'>et</span> <span class='ocrx_word' id='word_1_880' title='bbox 983 3147 1074 3174; x_wconf 90' lang='lat' dir='ltr'>subtili</span> <span class='ocrx_word' id='word_1_881' title='bbox 1088 3147 1138 3173; x_wconf 86' lang='lat' dir='ltr'>ele-</span> 
     </span>
     <span class='ocr_line' id='line_1_89' title="bbox 105 3182 1137 3220; baseline -0.001 -11"><span class='ocrx_word' id='word_1_882' title='bbox 105 3189 194 3215; x_wconf 83' lang='lat' dir='ltr'>ganter</span> <span class='ocrx_word' id='word_1_883' title='bbox 207 3185 317 3219; x_wconf 79' lang='lat' dir='ltr'>positum</span> <span class='ocrx_word' id='word_1_884' title='bbox 331 3185 366 3212; x_wconf 89' lang='lat' dir='ltr'>est</span> <span class='ocrx_word' id='word_1_885' title='bbox 384 3195 398 3212; x_wconf 92' lang='lat' dir='ltr'>a</span> <span class='ocrx_word' id='word_1_886' title='bbox 411 3186 530 3220; x_wconf 86' lang='lat' dir='ltr'>Virgilio</span> <span class='ocrx_word' id='word_1_887' title='bbox 551 3186 603 3212; x_wconf 88' lang='lat' dir='ltr'>Ecl.</span> <span class='ocrx_word' id='word_1_888' title='bbox 616 3188 642 3218; x_wconf 90' lang='lat'>6,</span> <span class='ocrx_word' id='word_1_889' title='bbox 657 3193 678 3219; x_wconf 78' lang='grc' dir='ltr'>ς.</span> <span class='ocrx_word' id='word_1_890' title='bbox 693 3184 751 3218; x_wconf 74' lang='lat' dir='ltr'>teste</span> <span class='ocrx_word' id='word_1_891' title='bbox 768 3184 886 3211; x_wconf 89' lang='lat' dir='ltr'>Macrob.</span> <span class='ocrx_word' id='word_1_892' title='bbox 905 3184 955 3210; x_wconf 89' lang='lat' dir='ltr'>Sat.</span> <span class='ocrx_word' id='word_1_893' title='bbox 973 3186 999 3216; x_wconf 90' lang='lat'>6,</span> <span class='ocrx_word' id='word_1_894' title='bbox 1013 3192 1031 3216; x_wconf 76' lang='lat'>4</span> <span class='ocrx_word' id='word_1_895' title='bbox 1051 3182 1137 3209; x_wconf 87' lang='lat' dir='ltr'>Dedu-</span> 
     </span>
    </p>
   </div>
   <div class='ocr_carea' id='block_1_24' title="bbox 107 3216 1180 3254">
    <p class='ocr_par' dir='ltr' id='par_1_26' title="bbox 107 3216 1180 3254">
     <span class='ocr_line' id='line_1_90' title="bbox 107 3216 1180 3254; baseline 0.002 -10"><span class='ocrx_word' id='word_1_896' title='bbox 107 3216 176 3244; x_wconf 67' lang='lat' dir='ltr'>&amp;um</span> <span class='ocrx_word' id='word_1_897' title='bbox 186 3218 273 3247; x_wconf 85' lang='lat' dir='ltr'>dicere</span> <span class='ocrx_word' id='word_1_898' title='bbox 286 3230 396 3247; x_wconf 88' lang='lat' dir='ltr'>carmen.</span> <span class='ocrx_word' id='word_1_899' title='bbox 431 3223 500 3248; x_wconf 88' lang='lat' dir='ltr'>.Hoc</span> <span class='ocrx_word' id='word_1_900' title='bbox 514 3222 566 3254; x_wconf 83' lang='lat' dir='ltr'>est,</span> <span class='ocrx_word' id='word_1_901' title='bbox 586 3222 692 3249; x_wconf 85' lang='lat' dir='ltr'>Tenue.</span> <span class='ocrx_word' id='word_1_902' title='bbox 728 3219 886 3247; x_wconf 89' lang='lat' dir='ltr'>Translatio</span> <span class='ocrx_word' id='word_1_903' title='bbox 899 3228 913 3245; x_wconf 88' lang='lat' dir='ltr'>a</span> <span class='ocrx_word' id='word_1_904' title='bbox 926 3219 995 3249; x_wconf 87' lang='lat' dir='ltr'>lana,</span> <span class='ocrx_word' id='word_1_905' title='bbox 1014 3227 1080 3253; x_wconf 82' lang='lat' dir='ltr'>quae</span> <span class='ocrx_word' id='word_1_906' title='bbox 1089 3217 1136 3244; x_wconf 48' lang='lat' dir='ltr'>‘de-</span> <span class='ocrx_word' id='word_1_907' title='bbox 1151 3220 1180 3248; x_wconf 74' lang='lat'>85</span> 
     </span>
    </p>
   </div>
   <div class='ocr_carea' id='block_1_25' title="bbox 104 3250 1137 3752">
    <p class='ocr_par' dir='ltr' id='par_1_27' title="bbox 104 3250 1137 3679">
     <span class='ocr_line' id='line_1_91' title="bbox 108 3250 1137 3291; baseline 0.003 -15"><span class='ocrx_word' id='word_1_908' title='bbox 108 3250 210 3291; x_wconf 72' lang='lat' dir='ltr'>ducitur</span> <span class='ocrx_word' id='word_1_909' title='bbox 223 3256 251 3282; x_wconf 91' lang='lat' dir='ltr'>in</span> <span class='ocrx_word' id='word_1_910' title='bbox 265 3257 427 3284; x_wconf 86' lang='lat' dir='ltr'>tenuitatem.</span> <span class='ocrx_word' id='word_1_911' title='bbox 465 3258 581 3284; x_wconf 87' lang='lat' dir='ltr'>Seruius.</span> <span class='ocrx_word' id='word_1_912' title='bbox 631 3256 717 3283; x_wconf 87' lang='lat' dir='ltr'>Classis</span> <span class='ocrx_word' id='word_1_913' title='bbox 745 3256 812 3282; x_wconf 85' lang='lat' dir='ltr'>Suet.</span> <span class='ocrx_word' id='word_1_914' title='bbox 827 3256 898 3282; x_wconf 85' lang='lat' dir='ltr'>Caes.</span> <span class='ocrx_word' id='word_1_915' title='bbox 912 3264 933 3281; x_wconf 91' lang='lat' dir='ltr'>c.</span> <span class='ocrx_word' id='word_1_916' title='bbox 946 3263 972 3287; x_wconf 89' lang='lat'>4.</span> <span class='ocrx_word' id='word_1_917' title='bbox 1028 3254 1068 3280; x_wconf 74' lang='lat' dir='ltr'>Sic</span> <span class='ocrx_word' id='word_1_918' title='bbox 1081 3254 1137 3280; x_wconf 87' lang='lat' dir='ltr'>Te-</span> 
     </span>
     <span class='ocr_line' id='line_1_92' title="bbox 106 3287 1136 3327; baseline -0.001 -11"><span class='ocrx_word' id='word_1_919' title='bbox 106 3287 271 3326; x_wconf 33' lang='lat' dir='ltr'>nui&#39;dedueia</span> <span class='ocrx_word' id='word_1_920' title='bbox 283 3295 403 3326; x_wconf 82' lang='lat' dir='ltr'>poe&#39;mata</span> <span class='ocrx_word' id='word_1_921' title='bbox 415 3293 461 3319; x_wconf 85' lang='lat' dir='ltr'>filo</span> <span class='ocrx_word' id='word_1_922' title='bbox 482 3294 549 3319; x_wconf 89' lang='lat' dir='ltr'>Hor.</span> <span class='ocrx_word' id='word_1_923' title='bbox 563 3292 641 3327; x_wconf 86' lang='lat' dir='ltr'>Epist.</span> <span class='ocrx_word' id='word_1_924' title='bbox 656 3301 681 3325; x_wconf 86' lang='lat'>2,</span> <span class='ocrx_word' id='word_1_925' title='bbox 696 3301 716 3325; x_wconf 91' lang='lat'>1,</span> <span class='ocrx_word' id='word_1_926' title='bbox 729 3299 785 3324; x_wconf 75' lang='lat'>225.</span> <span class='ocrx_word' id='word_1_927' title='bbox 838 3292 925 3318; x_wconf 86' lang='lat' dir='ltr'>Litera</span> <span class='ocrx_word' id='word_1_928' title='bbox 940 3289 1049 3316; x_wconf 67' lang='lat' dir='ltr'>deducta</span> <span class='ocrx_word' id='word_1_929' title='bbox 1061 3298 1136 3316; x_wconf 87' lang='lat' dir='ltr'>mero</span> 
     </span>
     <span class='ocr_line' id='line_1_93' title="bbox 107 3322 1136 3364; baseline 0.004 -18"><span class='ocrx_word' id='word_1_930' title='bbox 107 3322 187 3348; x_wconf 85' lang='lat' dir='ltr'>Ouid.</span> <span class='ocrx_word' id='word_1_931' title='bbox 199 3324 274 3358; x_wconf 87' lang='lat' dir='ltr'>Epist.</span> <span class='ocrx_word' id='word_1_932' title='bbox 288 3335 327 3362; x_wconf 90' lang='lat'>17,</span> <span class='ocrx_word' id='word_1_933' title='bbox 340 3333 376 3358; x_wconf 82' lang='lat'>88.</span> <span class='ocrx_word' id='word_1_934' title='bbox 396 3331 412 3354; x_wconf 89' lang='lat' dir='ltr'>i.</span> <span class='ocrx_word' id='word_1_935' title='bbox 419 3329 528 3364; x_wconf 74' lang='lat' dir='ltr'>scripta.</span> <span class='ocrx_word' id='word_1_936' title='bbox 598 3328 671 3355; x_wconf 89' lang='lat' dir='ltr'>Idem</span> <span class='ocrx_word' id='word_1_937' title='bbox 684 3327 761 3363; x_wconf 87' lang='lat' dir='ltr'>Epist.</span> <span class='ocrx_word' id='word_1_938' title='bbox 775 3336 813 3359; x_wconf 89' lang='lat'>21,</span> <span class='ocrx_word' id='word_1_939' title='bbox 827 3329 869 3359; x_wconf 77' lang='lat'>165</span> <span class='ocrx_word' id='word_1_940' title='bbox 890 3325 1000 3352; x_wconf 85' lang='lat' dir='ltr'>Proiicit</span> <span class='ocrx_word' id='word_1_941' title='bbox 1012 3325 1067 3359; x_wconf 88' lang='lat' dir='ltr'>ipse</span> <span class='ocrx_word' id='word_1_942' title='bbox 1081 3325 1136 3351; x_wconf 87' lang='lat' dir='ltr'>suas</span> 
     </span>
     <span class='ocr_line' id='line_1_94' title="bbox 107 3356 1135 3397; baseline 0.003 -14"><span class='ocrx_word' id='word_1_943' title='bbox 107 3356 218 3384; x_wconf 72' lang='lat' dir='ltr'>dedu&amp;a</span> <span class='ocrx_word' id='word_1_944' title='bbox 228 3360 312 3388; x_wconf 80' lang='lat' dir='ltr'>fronte</span> <span class='ocrx_word' id='word_1_945' title='bbox 324 3373 441 3390; x_wconf 75' lang='lat' dir='ltr'>coronas,</span> <span class='ocrx_word' id='word_1_946' title='bbox 477 3365 537 3391; x_wconf 81' lang='lat' dir='ltr'>Mos</span> <span class='ocrx_word' id='word_1_947' title='bbox 557 3365 624 3391; x_wconf 87' lang='lat' dir='ltr'>Hor.</span> <span class='ocrx_word' id='word_1_948' title='bbox 637 3363 688 3390; x_wconf 80' lang='lat' dir='ltr'>Od,</span> <span class='ocrx_word' id='word_1_949' title='bbox 701 3372 729 3396; x_wconf 85' lang='lat'>4,</span> <span class='ocrx_word' id='word_1_950' title='bbox 742 3373 769 3397; x_wconf 79' lang='lat'>4,</span> <span class='ocrx_word' id='word_1_951' title='bbox 783 3371 820 3394; x_wconf 89' lang='lat'>19.</span> <span class='ocrx_word' id='word_1_952' title='bbox 855 3362 914 3388; x_wconf 90' lang='lat' dir='ltr'>Mos</span> <span class='ocrx_word' id='word_1_953' title='bbox 928 3361 996 3388; x_wconf 86' lang='lat' dir='ltr'>vnde</span> <span class='ocrx_word' id='word_1_954' title='bbox 1008 3360 1135 3387; x_wconf 63' lang='lat' dir='ltr'>deducitis</span> 
     </span>
     <span class='ocr_line' id='line_1_95' title="bbox 105 3396 903 3433; baseline 0.001 -11"><span class='ocrx_word' id='word_1_955' title='bbox 105 3401 153 3427; x_wconf 79' lang='lat' dir='ltr'>per</span> <span class='ocrx_word' id='word_1_956' title='bbox 164 3402 242 3419; x_wconf 75' lang='lat' dir='ltr'>omne</span> <span class='ocrx_word' id='word_1_957' title='bbox 258 3396 376 3433; x_wconf 86' lang='lat' dir='ltr'>Tempus</span> <span class='ocrx_word' id='word_1_958' title='bbox 393 3400 538 3426; x_wconf 88' lang='lat' dir='ltr'>Amazonia</span> <span class='ocrx_word' id='word_1_959' title='bbox 550 3400 634 3426; x_wconf 85' lang='lat' dir='ltr'>securi</span> <span class='ocrx_word' id='word_1_960' title='bbox 649 3401 757 3426; x_wconf 84' lang='lat' dir='ltr'>Dextras</span> <span class='ocrx_word' id='word_1_961' title='bbox 774 3398 903 3424; x_wconf 82' lang='lat' dir='ltr'>obarmet.</span> 
     </span>
     <span class='ocr_line' id='line_1_96' title="bbox 105 3430 1133 3463; baseline -0.003 -3"><span class='ocrx_word' id='word_1_962' title='bbox 105 3431 132 3460; x_wconf 74' lang='grc'>6,</span> <span class='ocrx_word' id='word_1_963' title='bbox 146 3433 191 3463; x_wconf 69' lang='lat'>803</span> <span class='ocrx_word' id='word_1_964' title='bbox 212 3430 305 3457; x_wconf 78' lang='lat' dir='ltr'>Martia</span> <span class='ocrx_word' id='word_1_965' title='bbox 316 3434 430 3461; x_wconf 79' lang='lat' dir='ltr'>sacrifico</span> <span class='ocrx_word' id='word_1_966' title='bbox 442 3435 582 3462; x_wconf 68' lang='lat' dir='ltr'>deduc‘ium</span> <span class='ocrx_word' id='word_1_967' title='bbox 596 3436 703 3462; x_wconf 90' lang='lat' dir='ltr'>Nomen</span> <span class='ocrx_word' id='word_1_968' title='bbox 715 3434 747 3460; x_wconf 91' lang='lat' dir='ltr'>ab</span> <span class='ocrx_word' id='word_1_969' title='bbox 761 3435 842 3460; x_wconf 81' lang='lat' dir='ltr'>Anco.</span> <span class='ocrx_word' id='word_1_970' title='bbox 914 3433 963 3458; x_wconf 88' lang='lat' dir='ltr'>Res</span> <span class='ocrx_word' id='word_1_971' title='bbox 979 3441 1010 3458; x_wconf 89' lang='lat' dir='ltr'>eo</span> <span class='ocrx_word' id='word_1_972' title='bbox 1023 3431 1133 3458; x_wconf 62' lang='lat' dir='ltr'>deducta</span> 
     </span>
     <span class='ocr_line' id='line_1_97' title="bbox 106 3463 1135 3505; baseline -0.004 -8"><span class='ocrx_word' id='word_1_973' title='bbox 106 3463 143 3490; x_wconf 70' lang='lat' dir='ltr'>est</span> <span class='ocrx_word' id='word_1_974' title='bbox 161 3464 230 3504; x_wconf 82' lang='lat' dir='ltr'>Nep.</span> <span class='ocrx_word' id='word_1_975' title='bbox 244 3473 278 3497; x_wconf 75' lang='lat'>¹5,</span> <span class='ocrx_word' id='word_1_976' title='bbox 290 3473 315 3500; x_wconf 79' lang='lat'>7,</span> <span class='ocrx_word' id='word_1_977' title='bbox 328 3476 347 3494; x_wconf 91' lang='lat'>1.</span> <span class='ocrx_word' id='word_1_978' title='bbox 391 3471 486 3497; x_wconf 90' lang='lat' dir='ltr'>Oratio</span> <span class='ocrx_word' id='word_1_979' title='bbox 498 3471 608 3497; x_wconf 63' lang='lat' dir='ltr'>deducta</span> <span class='ocrx_word' id='word_1_980' title='bbox 624 3478 701 3505; x_wconf 88' lang='lat' dir='ltr'>atque</span> <span class='ocrx_word' id='word_1_981' title='bbox 714 3469 867 3496; x_wconf 87' lang='lat' dir='ltr'>circumlata</span> <span class='ocrx_word' id='word_1_982' title='bbox 886 3467 1016 3502; x_wconf 64' lang='lat' dir='ltr'>Quinctil.</span> <span class='ocrx_word' id='word_1_983' title='bbox 1029 3477 1057 3501; x_wconf 85' lang='lat'>4,</span> <span class='ocrx_word' id='word_1_984' title='bbox 1066 3476 1083 3498; x_wconf 89' lang='lat'>1,</span> <span class='ocrx_word' id='word_1_985' title='bbox 1092 3470 1135 3493; x_wconf 90' lang='lat'>60.</span> 
     </span>
     <span class='ocr_line' id='line_1_98' title="bbox 107 3499 1133 3540; baseline 0.003 -15"><span class='ocrx_word' id='word_1_986' title='bbox 107 3499 221 3540; x_wconf 70' lang='lat' dir='ltr'>Dedueh</span> <span class='ocrx_word' id='word_1_987' title='bbox 240 3501 294 3526; x_wconf 91' lang='lat' dir='ltr'>viri</span> <span class='ocrx_word' id='word_1_988' title='bbox 312 3502 344 3528; x_wconf 86' lang='lat' dir='ltr'>ab</span> <span class='ocrx_word' id='word_1_989' title='bbox 356 3504 474 3539; x_wconf 86' lang='lat' dir='ltr'>Eriphilo</span> <span class='ocrx_word' id='word_1_990' title='bbox 495 3507 563 3533; x_wconf 85' lang='lat' dir='ltr'>Cels.</span> <span class='ocrx_word' id='word_1_991' title='bbox 578 3515 600 3539; x_wconf 79' lang='grc' dir='ltr'>ς,</span> <span class='ocrx_word' id='word_1_992' title='bbox 613 3515 631 3532; x_wconf 88' lang='grc'>1.</span> <span class='ocrx_word' id='word_1_993' title='bbox 703 3506 776 3532; x_wconf 91' lang='lat' dir='ltr'>Non.</span> <span class='ocrx_word' id='word_1_994' title='bbox 794 3514 822 3537; x_wconf 90' lang='lat'>4,</span> <span class='ocrx_word' id='word_1_995' title='bbox 832 3513 885 3537; x_wconf 53' lang='lat'>&#39;144</span> <span class='ocrx_word' id='word_1_996' title='bbox 909 3503 1072 3535; x_wconf 69' lang='lat' dir='ltr'>Deductmu,</span> <span class='ocrx_word' id='word_1_997' title='bbox 1095 3503 1133 3528; x_wconf 84' lang='lat' dir='ltr'>di-</span> 
     </span>
     <span class='ocr_line' id='line_1_99' title="bbox 105 3537 1133 3572; baseline 0.003 -11"><span class='ocrx_word' id='word_1_998' title='bbox 105 3542 236 3561; x_wconf 80' lang='lat' dir='ltr'>minutum</span> <span class='ocrx_word' id='word_1_999' title='bbox 250 3537 411 3570; x_wconf 78' lang='lat' dir='ltr'>suppressum.</span> <span class='ocrx_word' id='word_1_1000' title='bbox 481 3542 566 3568; x_wconf 82' lang='lat' dir='ltr'>Lucil.</span> <span class='ocrx_word' id='word_1_1001' title='bbox 588 3541 704 3568; x_wconf 71' lang='lat' dir='ltr'>Dedue‘ta</span> <span class='ocrx_word' id='word_1_1002' title='bbox 722 3548 782 3567; x_wconf 87' lang='lat' dir='ltr'>tunc</span> <span class='ocrx_word' id='word_1_1003' title='bbox 803 3549 867 3567; x_wconf 87' lang='lat' dir='ltr'>voce</span> <span class='ocrx_word' id='word_1_1004' title='bbox 887 3541 957 3572; x_wconf 87' lang='lat' dir='ltr'>Leo,</span> <span class='ocrx_word' id='word_1_1005' title='bbox 978 3548 1024 3565; x_wconf 86' lang='lat' dir='ltr'>cur</span> <span class='ocrx_word' id='word_1_1006' title='bbox 1037 3545 1065 3565; x_wconf 88' lang='lat' dir='ltr'>tu</span> <span class='ocrx_word' id='word_1_1007' title='bbox 1079 3539 1133 3572; x_wconf 86' lang='lat' dir='ltr'>ipsa</span> 
     </span>
     <span class='ocr_line' id='line_1_100' title="bbox 104 3571 403 3600; baseline 0.013 -4"><span class='ocrx_word' id='word_1_1008' title='bbox 104 3571 195 3597; x_wconf 86' lang='lat' dir='ltr'>venire</span> <span class='ocrx_word' id='word_1_1009' title='bbox 209 3571 272 3598; x_wconf 89' lang='lat' dir='ltr'>Non</span> <span class='ocrx_word' id='word_1_1010' title='bbox 287 3572 325 3598; x_wconf 80' lang='lat' dir='ltr'>vis</span> <span class='ocrx_word' id='word_1_1011' title='bbox 340 3572 403 3600; x_wconf 65' lang='lat' dir='ltr'>huc?</span> 
     </span>
     <span class='ocr_line' id='line_1_101' title="bbox 105 3605 969 3644; baseline 0.006 -12"><span class='ocrx_word' id='word_1_1012' title='bbox 105 3605 166 3632; x_wconf 92' lang='lat' dir='ltr'>buit</span> <span class='ocrx_word' id='word_1_1013' title='bbox 180 3612 205 3632; x_wconf 88' lang='lat' dir='ltr'>et</span> <span class='ocrx_word' id='word_1_1014' title='bbox 224 3616 238 3633; x_wconf 89' lang='lat' dir='ltr'>a</span> <span class='ocrx_word' id='word_1_1015' title='bbox 250 3608 351 3634; x_wconf 85' lang='lat' dir='ltr'>summo</span> <span class='ocrx_word' id='word_1_1016' title='bbox 371 3608 582 3644; x_wconf 85' lang='lat' dir='ltr'>eminentiorem,</span> <span class='ocrx_word' id='word_1_1017' title='bbox 606 3618 632 3639; x_wconf 88' lang='lat' dir='ltr'>et</span> <span class='ocrx_word' id='word_1_1018' title='bbox 651 3613 683 3639; x_wconf 88' lang='lat' dir='ltr'>ab</span> <span class='ocrx_word' id='word_1_1019' title='bbox 702 3614 759 3639; x_wconf 88' lang='lat' dir='ltr'>imo</span> <span class='ocrx_word' id='word_1_1020' title='bbox 779 3611 969 3638; x_wconf 63' lang='lat' dir='ltr'>deduftiorem.</span> 
     </span>
     <span class='ocr_line' id='line_1_102' title="bbox 105 3643 818 3679; baseline 0.011 -12"><span class='ocrx_word' id='word_1_1021' title='bbox 105 3645 246 3668; x_wconf 73' lang='lat' dir='ltr'>tenuiorem.</span> <span class='ocrx_word' id='word_1_1022' title='bbox 289 3643 346 3669; x_wconf 70' lang='lat' dir='ltr'>Vni.</span> <span class='ocrx_word' id='word_1_1023' title='bbox 360 3644 459 3679; x_wconf 83' lang='lat' dir='ltr'>Casaub.</span> <span class='ocrx_word' id='word_1_1024' title='bbox 473 3647 504 3672; x_wconf 78' lang='lat' dir='ltr'>ad</span> <span class='ocrx_word' id='word_1_1025' title='bbox 522 3650 567 3674; x_wconf 85' lang='lat' dir='ltr'>loc.</span> <span class='ocrx_word' id='word_1_1026' title='bbox 814 3659 818 3661; x_wconf 64' lang='grc'>’</span> 
     </span>
    </p>

    <p class='ocr_par' dir='ltr' id='par_1_28' title="bbox 104 3679 1134 3752">
     <span class='ocr_line' id='line_1_103' title="bbox 138 3679 1134 3718; baseline -0.006 -8"><span class='ocrx_word' id='word_1_1027' title='bbox 138 3683 160 3717; x_wconf 47' lang='grc' dir='ltr'><strong>,Β</strong></span> <span class='ocrx_word' id='word_1_1028' title='bbox 169 3684 211 3703; x_wconf 77' lang='lat' dir='ltr'>ED</span> <span class='ocrx_word' id='word_1_1029' title='bbox 220 3684 241 3702; x_wconf 89' lang='lat' dir='ltr'>V</span> <span class='ocrx_word' id='word_1_1030' title='bbox 251 3684 269 3705; x_wconf 83' lang='lat' dir='ltr'>C</span> <span class='ocrx_word' id='word_1_1031' title='bbox 278 3684 298 3703; x_wconf 86' lang='lat' dir='ltr'>T</span> <span class='ocrx_word' id='word_1_1032' title='bbox 308 3686 329 3705; x_wconf 78' lang='grc' dir='ltr'>Α</span> <span class='ocrx_word' id='word_1_1033' title='bbox 338 3699 346 3710; x_wconf 77' lang='grc'>,</span> <span class='ocrx_word' id='word_1_1034' title='bbox 364 3688 402 3705; x_wconf 85' lang='lat' dir='ltr'>ae.</span> <span class='ocrx_word' id='word_1_1035' title='bbox 423 3679 443 3705; x_wconf 87' lang='lat' dir='ltr'>f.</span> <span class='ocrx_word' id='word_1_1036' title='bbox 469 3682 644 3714; x_wconf 81' lang='lat' dir='ltr'>Substantiuum</span> <span class='ocrx_word' id='word_1_1037' title='bbox 658 3682 716 3716; x_wconf 69' lang='lat' dir='ltr'>effi,</span> <span class='ocrx_word' id='word_1_1038' title='bbox 732 3689 781 3718; x_wconf 78' lang='lat' dir='ltr'>pro</span> <span class='ocrx_word' id='word_1_1039' title='bbox 797 3681 955 3709; x_wconf 63' lang='lat' dir='ltr'>dedudtione</span> <span class='ocrx_word' id='word_1_1040' title='bbox 964 3679 1084 3715; x_wconf 80' lang='lat' dir='ltr'>pofitum,</span> <span class='ocrx_word' id='word_1_1041' title='bbox 1104 3685 1134 3705; x_wconf 81' lang='lat' dir='ltr'>vt</span> 
     </span>
     <span class='ocr_line' id='line_1_104' title="bbox 104 3713 1132 3752; baseline 0 -13"><span class='ocrx_word' id='word_1_1042' title='bbox 104 3713 180 3739; x_wconf 76' lang='lat' dir='ltr'>M1ffa</span> <span class='ocrx_word' id='word_1_1043' title='bbox 187 3720 235 3748; x_wconf 78' lang='lat' dir='ltr'>pro</span> <span class='ocrx_word' id='word_1_1044' title='bbox 247 3713 362 3748; x_wconf 70' lang='lat' dir='ltr'>miffione,</span> <span class='ocrx_word' id='word_1_1045' title='bbox 376 3716 430 3740; x_wconf 72' lang='lat' dir='ltr'>uult</span> <span class='ocrx_word' id='word_1_1046' title='bbox 441 3715 566 3743; x_wconf 77' lang='lat' dir='ltr'>Turnebus</span> <span class='ocrx_word' id='word_1_1047' title='bbox 573 3719 605 3744; x_wconf 81' lang='lat' dir='ltr'>ad</span> <span class='ocrx_word' id='word_1_1048' title='bbox 611 3720 666 3745; x_wconf 86' lang='lat' dir='ltr'>Cic.</span> <span class='ocrx_word' id='word_1_1049' title='bbox 676 3720 707 3744; x_wconf 87' lang='lat' dir='ltr'>de</span> <span class='ocrx_word' id='word_1_1050' title='bbox 720 3719 797 3752; x_wconf 81' lang='lat' dir='ltr'>Legg.</span> <span class='ocrx_word' id='word_1_1051' title='bbox 810 3727 826 3744; x_wconf 90' lang='lat'>2</span> <span class='ocrx_word' id='word_1_1052' title='bbox 845 3727 866 3743; x_wconf 87' lang='lat' dir='ltr'>c.</span> <span class='ocrx_word' id='word_1_1053' title='bbox 880 3726 913 3743; x_wconf 84' lang='lat'>20</span> <span class='ocrx_word' id='word_1_1054' title='bbox 932 3716 972 3742; x_wconf 80' lang='lat' dir='ltr'>vbi</span> <span class='ocrx_word' id='word_1_1055' title='bbox 990 3713 1036 3748; x_wconf 68' lang='lat' dir='ltr'>{sta</span> <span class='ocrx_word' id='word_1_1056' title='bbox 1050 3716 1132 3751; x_wconf 65' lang='lat' dir='ltr'>legem-</span> 
     </span>
    </p>
   </div>
   <div class='ocr_carea' id='block_1_26' title="bbox 1023 3607 1133 3643">
    <p class='ocr_par' dir='ltr' id='par_1_29' title="bbox 1023 3607 1133 3643">
     <span class='ocr_line' id='line_1_105' title="bbox 1023 3607 1133 3643; baseline 0 -7"><span class='ocrx_word' id='word_1_1057' title='bbox 1023 3611 1078 3636; x_wconf 72' lang='lat' dir='ltr'>Hoo</span> <span class='ocrx_word' id='word_1_1058' title='bbox 1092 3607 1133 3643; x_wconf 73' lang='lat' dir='ltr'>est,</span> 
     </span>
    </p>
   </div>
   <div class='ocr_carea' id='block_1_27' title="bbox 104 3749 1188 3784">
    <p class='ocr_par' dir='ltr' id='par_1_30' title="bbox 104 3749 1188 3784">
     <span class='ocr_line' id='line_1_106' title="bbox 104 3749 1188 3784; baseline 0 -10"><span class='ocrx_word' id='word_1_1059' title='bbox 104 3755 163 3781; x_wconf 77' lang='lat' dir='ltr'>tur,</span> <span class='ocrx_word' id='word_1_1060' title='bbox 179 3749 297 3783; x_wconf 74' lang='lat' dir='ltr'>probante</span> <span class='ocrx_word' id='word_1_1061' title='bbox 309 3753 381 3776; x_wconf 83' lang='lat' dir='ltr'>etiam</span> <span class='ocrx_word' id='word_1_1062' title='bbox 393 3751 524 3783; x_wconf 66' lang='lat' dir='ltr'>Mamurio,</span> <span class='ocrx_word' id='word_1_1063' title='bbox 552 3754 587 3779; x_wconf 89' lang='lat' dir='ltr'>Vt</span> <span class='ocrx_word' id='word_1_1064' title='bbox 599 3754 616 3779; x_wconf 85' lang='lat' dir='ltr'>fi</span> <span class='ocrx_word' id='word_1_1065' title='bbox 633 3755 660 3780; x_wconf 86' lang='lat' dir='ltr'>in</span> <span class='ocrx_word' id='word_1_1066' title='bbox 673 3754 825 3780; x_wconf 83' lang='lat' dir='ltr'>testamento</span> <span class='ocrx_word' id='word_1_1067' title='bbox 843 3752 953 3779; x_wconf 63' lang='lat' dir='ltr'>deducta</span> <span class='ocrx_word' id='word_1_1068' title='bbox 974 3751 1065 3784; x_wconf 82' lang='lat' dir='ltr'>scripta</span> <span class='ocrx_word' id='word_1_1069' title='bbox 1078 3759 1132 3776; x_wconf 86' lang='lat' dir='ltr'>non</span> <span class='ocrx_word' id='word_1_1070' title='bbox 1142 3761 1188 3778; x_wconf 87' lang='lat'>100</span> 
     </span>
    </p>
   </div>
   <div class='ocr_carea' id='block_1_28' title="bbox 101 3783 1134 3991">
    <p class='ocr_par' dir='ltr' id='par_1_31' title="bbox 101 3783 1134 3963">
     <span class='ocr_line' id='line_1_107' title="bbox 105 3783 1134 3821; baseline 0.003 -13"><span class='ocrx_word' id='word_1_1071' title='bbox 105 3783 150 3815; x_wconf 79' lang='lat' dir='ltr'>sit,</span> <span class='ocrx_word' id='word_1_1072' title='bbox 167 3783 268 3818; x_wconf 78' lang='lat' dir='ltr'>ipsique</span> <span class='ocrx_word' id='word_1_1073' title='bbox 286 3786 373 3811; x_wconf 89' lang='lat' dir='ltr'>minus</span> <span class='ocrx_word' id='word_1_1074' title='bbox 386 3786 501 3820; x_wconf 86' lang='lat' dir='ltr'>ceperint</span> <span class='ocrx_word' id='word_1_1075' title='bbox 515 3796 592 3820; x_wconf 78' lang='lat' dir='ltr'>quam</span> <span class='ocrx_word' id='word_1_1076' title='bbox 610 3790 733 3817; x_wconf 76' lang='lat' dir='ltr'>omnibus</span> <span class='ocrx_word' id='word_1_1077' title='bbox 753 3789 893 3815; x_wconf 80' lang='lat' dir='ltr'>heredibus</span> <span class='ocrx_word' id='word_1_1078' title='bbox 907 3787 1083 3821; x_wconf 84' lang='lat' dir='ltr'>relinquatur,</span> <span class='ocrx_word' id='word_1_1079' title='bbox 1098 3786 1134 3811; x_wconf 89' lang='lat' dir='ltr'>sa-</span> 
     </span>
     <span class='ocr_line' id='line_1_108' title="bbox 105 3819 1132 3857; baseline 0.004 -14"><span class='ocrx_word' id='word_1_1080' title='bbox 105 3819 154 3844; x_wconf 88' lang='lat' dir='ltr'>cris</span> <span class='ocrx_word' id='word_1_1081' title='bbox 167 3828 200 3845; x_wconf 90' lang='lat' dir='ltr'>ne</span> <span class='ocrx_word' id='word_1_1082' title='bbox 213 3819 368 3854; x_wconf 82' lang='lat' dir='ltr'>adligentur.</span> <span class='ocrx_word' id='word_1_1083' title='bbox 404 3822 450 3848; x_wconf 72' lang='lat' dir='ltr'>§ccl</span> <span class='ocrx_word' id='word_1_1084' title='bbox 461 3822 557 3857; x_wconf 72' lang='lat' dir='ltr'>dmersa</span> <span class='ocrx_word' id='word_1_1085' title='bbox 572 3825 702 3851; x_wconf 82' lang='lat' dir='ltr'>moliuntur</span> <span class='ocrx_word' id='word_1_1086' title='bbox 709 3826 807 3851; x_wconf 81' lang='lat' dir='ltr'>Crstici.</span> <span class='ocrx_word' id='word_1_1087' title='bbox 844 3823 989 3850; x_wconf 68' lang='lat' dir='ltr'>Gr0›10u,.lc</span> <span class='ocrx_word' id='word_1_1088' title='bbox 1005 3824 1057 3848; x_wconf 73' lang='lat' dir='ltr'>Per.</span> <span class='ocrx_word' id='word_1_1089' title='bbox 1078 3823 1132 3847; x_wconf 79' lang='lat' dir='ltr'>Ver.</span> 
     </span>
     <span class='ocr_line' id='line_1_109' title="bbox 105 3856 1133 3892; baseline 0.007 -12"><span class='ocrx_word' id='word_1_1090' title='bbox 105 3860 163 3892; x_wconf 42' lang='grc'><strong>4,.’7</strong></span> <span class='ocrx_word' id='word_1_1091' title='bbox 175 3863 198 3888; x_wconf 89' lang='lat' dir='ltr'>p.</span> <span class='ocrx_word' id='word_1_1092' title='bbox 213 3863 262 3888; x_wconf 78' lang='lat'>304</span> <span class='ocrx_word' id='word_1_1093' title='bbox 286 3856 312 3882; x_wconf 91' lang='lat' dir='ltr'>Si</span> <span class='ocrx_word' id='word_1_1094' title='bbox 326 3857 353 3882; x_wconf 93' lang='lat' dir='ltr'>in</span> <span class='ocrx_word' id='word_1_1095' title='bbox 367 3857 518 3883; x_wconf 84' lang='lat' dir='ltr'>testamento</span> <span class='ocrx_word' id='word_1_1096' title='bbox 533 3856 642 3884; x_wconf 59' lang='lat' dir='ltr'>dedum</span> <span class='ocrx_word' id='word_1_1097' title='bbox 651 3861 719 3886; x_wconf 86' lang='lat' dir='ltr'>sacra</span> <span class='ocrx_word' id='word_1_1098' title='bbox 731 3869 784 3886; x_wconf 86' lang='lat' dir='ltr'>non</span> <span class='ocrx_word' id='word_1_1099' title='bbox 798 3859 854 3886; x_wconf 83' lang='lat' dir='ltr'>[int.</span> <span class='ocrx_word' id='word_1_1100' title='bbox 914 3858 1041 3885; x_wconf 45' lang='lat' dir='ltr'>waffarius</span> <span class='ocrx_word' id='word_1_1101' title='bbox 1054 3856 1133 3888; x_wconf 62' lang='lat' dir='ltr'>(stelit,</span> 
     </span>
     <span class='ocr_line' id='line_1_110' title="bbox 103 3887 1133 3927; baseline 0.004 -13"><span class='ocrx_word' id='word_1_1102' title='bbox 103 3887 121 3914; x_wconf 74' lang='lat' dir='ltr'>si</span> <span class='ocrx_word' id='word_1_1103' title='bbox 136 3896 164 3914; x_wconf 85' lang='lat'>111</span> <span class='ocrx_word' id='word_1_1104' title='bbox 177 3890 327 3917; x_wconf 87' lang='lat' dir='ltr'>testamento</span> <span class='ocrx_word' id='word_1_1105' title='bbox 341 3898 368 3918; x_wconf 88' lang='lat' dir='ltr'>vt</span> <span class='ocrx_word' id='word_1_1106' title='bbox 382 3892 542 3919; x_wconf 82' lang='lat' dir='ltr'>deducantur</span> <span class='ocrx_word' id='word_1_1107' title='bbox 556 3893 678 3926; x_wconf 85' lang='lat' dir='ltr'>scriptum</span> <span class='ocrx_word' id='word_1_1108' title='bbox 697 3905 750 3921; x_wconf 87' lang='lat' dir='ltr'>non</span> <span class='ocrx_word' id='word_1_1109' title='bbox 764 3895 809 3927; x_wconf 85' lang='lat' dir='ltr'>fit,</span> <span class='ocrx_word' id='word_1_1110' title='bbox 827 3903 872 3921; x_wconf 80' lang='lat' dir='ltr'>etc.</span> <span class='ocrx_word' id='word_1_1111' title='bbox 928 3892 1080 3920; x_wconf 83' lang='lat' dir='ltr'>Deducendi</span> <span class='ocrx_word' id='word_1_1112' title='bbox 1091 3902 1133 3919; x_wconf 85' lang='lat' dir='ltr'>au-</span> 
     </span>
     <span class='ocr_line' id='line_1_111' title="bbox 101 3926 824 3963; baseline 0.01 -14"><span class='ocrx_word' id='word_1_1113' title='bbox 101 3929 150 3950; x_wconf 71' lang='lat' dir='ltr'>tem</span> <span class='ocrx_word' id='word_1_1114' title='bbox 162 3927 228 3951; x_wconf 79' lang='lat' dir='ltr'>notio</span> <span class='ocrx_word' id='word_1_1115' title='bbox 234 3926 373 3962; x_wconf 78' lang='lat' dir='ltr'>sollemnis,</span> <span class='ocrx_word' id='word_1_1116' title='bbox 386 3928 410 3963; x_wconf 78' lang='lat' dir='ltr'>J:</span> <span class='ocrx_word' id='word_1_1117' title='bbox 423 3928 582 3960; x_wconf 75' lang='lat' dir='ltr'>detrahendi,</span> <span class='ocrx_word' id='word_1_1118' title='bbox 605 3930 646 3955; x_wconf 75' lang='lat' dir='ltr'>hic</span> <span class='ocrx_word' id='word_1_1119' title='bbox 659 3931 733 3956; x_wconf 81' lang='lat' dir='ltr'>locum</span> <span class='ocrx_word' id='word_1_1120' title='bbox 745 3931 824 3957; x_wconf 71' lang='lat' dir='ltr'>haber.</span> 
     </span>
    </p>

    <p class='ocr_par' dir='ltr' id='par_1_32' title="bbox 252 3965 404 3991">
     <span class='ocr_line' id='line_1_112' title="bbox 252 3965 404 3991; baseline 0.026 -4"><span class='ocrx_word' id='word_1_1121' title='bbox 252 3968 272 3987; x_wconf 95' lang='lat' dir='ltr'>v</span> <span class='ocrx_word' id='word_1_1122' title='bbox 280 3969 299 3989; x_wconf 94' lang='lat' dir='ltr'>o</span> <span class='ocrx_word' id='word_1_1123' title='bbox 307 3970 333 3989; x_wconf 94' lang='lat' dir='ltr'>L.</span> <span class='ocrx_word' id='word_1_1124' title='bbox 369 3965 404 3991; x_wconf 84' lang='lat'>11.</span> 
     </span>
    </p>
   </div>
   <div class='ocr_carea' id='block_1_29' title="bbox 902 393 1180 427">
    <p class='ocr_par' dir='ltr' id='par_1_33' title="bbox 902 393 1180 427">
     <span class='ocr_line' id='line_1_113' title="bbox 902 393 1180 427; baseline 0.004 -9"><span class='ocrx_word' id='word_1_1125' title='bbox 902 394 931 419; x_wconf 88' lang='lat' dir='ltr'>ln</span> <span class='ocrx_word' id='word_1_1126' title='bbox 941 393 1141 427; x_wconf 67' lang='lat' dir='ltr'>stipulationem</span> <span class='ocrx_word' id='word_1_1127' title='bbox 1167 401 1180 426; x_wconf 79' lang='grc' dir='ltr'><em>ς</em></span> 
     </span>
    </p>
   </div>
   <div class='ocr_carea' id='block_1_30' title="bbox 982 925 1191 952">
    <p class='ocr_par' dir='ltr' id='par_1_34' title="bbox 982 925 1191 952">
     <span class='ocr_line' id='line_1_114' title="bbox 982 925 1191 952; baseline 0.01 -2"><span class='ocrx_word' id='word_1_1128' title='bbox 982 925 1054 951; x_wconf 87' lang='lat' dir='ltr'>Caes.</span> <span class='ocrx_word' id='word_1_1129' title='bbox 1070 926 1095 951; x_wconf 78' lang='grc' dir='ltr'>Β.</span> <span class='ocrx_word' id='word_1_1130' title='bbox 1111 927 1141 951; x_wconf 92' lang='lat' dir='ltr'>C.</span> <span class='ocrx_word' id='word_1_1131' title='bbox 1156 935 1191 952; x_wconf 68' lang='grc' dir='ltr'>ιο</span> 
     </span>
    </p>
   </div>
   <div class='ocr_carea' id='block_1_31' title="bbox 436 1102 1187 1137">
    <p class='ocr_par' dir='ltr' id='par_1_35' title="bbox 436 1102 1187 1137">
     <span class='ocr_line' id='line_1_115' title="bbox 436 1102 1187 1137; baseline 0.003 -9"><span class='ocrx_word' id='word_1_1132' title='bbox 436 1103 467 1128; x_wconf 90' lang='lat' dir='ltr'>In</span> <span class='ocrx_word' id='word_1_1133' title='bbox 481 1102 629 1136; x_wconf 83' lang='lat' dir='ltr'>periculum</span> <span class='ocrx_word' id='word_1_1134' title='bbox 643 1102 710 1128; x_wconf 87' lang='lat' dir='ltr'>Rem</span> <span class='ocrx_word' id='word_1_1135' title='bbox 725 1102 841 1137; x_wconf 88' lang='lat' dir='ltr'>aliquam</span> <span class='ocrx_word' id='word_1_1136' title='bbox 860 1102 932 1128; x_wconf 86' lang='lat' dir='ltr'>Caes.</span> <span class='ocrx_word' id='word_1_1137' title='bbox 948 1102 975 1128; x_wconf 89' lang='lat' dir='ltr'>B.</span> <span class='ocrx_word' id='word_1_1138' title='bbox 988 1103 1019 1128; x_wconf 89' lang='lat' dir='ltr'>G.</span> <span class='ocrx_word' id='word_1_1139' title='bbox 1034 1111 1055 1135; x_wconf 81' lang='grc' dir='ltr'>ς,</span> <span class='ocrx_word' id='word_1_1140' title='bbox 1094 1123 1100 1129; x_wconf 94' lang='grc'>.</span> <span class='ocrx_word' id='word_1_1141' title='bbox 1137 1123 1143 1129; x_wconf 93' lang='grc'>.</span> <span class='ocrx_word' id='word_1_1142' title='bbox 1156 1104 1187 1130; x_wconf 75' lang='lat'>25</span> 
     </span>
    </p>
   </div>
   <div class='ocr_carea' id='block_1_32' title="bbox 403 1456 1189 1491">
    <p class='ocr_par' dir='ltr' id='par_1_36' title="bbox 403 1456 1189 1491">
     <span class='ocr_line' id='line_1_116' title="bbox 403 1456 1189 1491; baseline 0.003 -8"><span class='ocrx_word' id='word_1_1143' title='bbox 403 1458 468 1483; x_wconf 88' lang='lat' dir='ltr'>Rem</span> <span class='ocrx_word' id='word_1_1144' title='bbox 483 1456 515 1483; x_wconf 90' lang='lat' dir='ltr'>ad</span> <span class='ocrx_word' id='word_1_1145' title='bbox 528 1466 600 1483; x_wconf 89' lang='lat' dir='ltr'>arma</span> <span class='ocrx_word' id='word_1_1146' title='bbox 614 1457 708 1484; x_wconf 88' lang='lat' dir='ltr'>deduci</span> <span class='ocrx_word' id='word_1_1147' title='bbox 721 1457 820 1487; x_wconf 86' lang='lat' dir='ltr'>studuit</span> <span class='ocrx_word' id='word_1_1148' title='bbox 838 1458 910 1484; x_wconf 84' lang='lat' dir='ltr'>Caes.</span> <span class='ocrx_word' id='word_1_1149' title='bbox 926 1457 953 1484; x_wconf 89' lang='lat' dir='ltr'>B.</span> <span class='ocrx_word' id='word_1_1150' title='bbox 969 1458 997 1483; x_wconf 93' lang='lat' dir='ltr'>C.</span> <span class='ocrx_word' id='word_1_1151' title='bbox 1012 1466 1030 1487; x_wconf 91' lang='lat'>1,</span> <span class='ocrx_word' id='word_1_1152' title='bbox 1045 1467 1063 1491; x_wconf 85' lang='lat'>4</span> <span class='ocrx_word' id='word_1_1153' title='bbox 1082 1466 1145 1484; x_wconf 82' lang='lat' dir='ltr'>extr.</span> <span class='ocrx_word' id='word_1_1154' title='bbox 1161 1459 1189 1485; x_wconf 74' lang='lat'>35</span> 
     </span>
    </p>
   </div>
   <div class='ocr_carea' id='block_1_33' title="bbox 868 1633 1188 1666">
    <p class='ocr_par' dir='ltr' id='par_1_37' title="bbox 868 1633 1188 1666">
     <span class='ocr_line' id='line_1_117' title="bbox 868 1633 1188 1666; baseline -0.006 -7"><span class='ocrx_word' id='word_1_1155' title='bbox 868 1633 943 1666; x_wconf 83' lang='lat' dir='ltr'>Virg.</span> <span class='ocrx_word' id='word_1_1156' title='bbox 951 1634 1049 1666; x_wconf 87' lang='lat' dir='ltr'>Georg.</span> <span class='ocrx_word' id='word_1_1157' title='bbox 1066 1641 1086 1664; x_wconf 88' lang='lat'>1,</span> <span class='ocrx_word' id='word_1_1158' title='bbox 1096 1635 1144 1664; x_wconf 79' lang='lat'>269</span> <span class='ocrx_word' id='word_1_1159' title='bbox 1151 1639 1188 1664; x_wconf 87' lang='lat'>40</span> 
     </span>
    </p>
   </div>
   <div class='ocr_carea' id='block_1_34' title="bbox 814 1982 1190 2015">
    <p class='ocr_par' dir='ltr' id='par_1_38' title="bbox 814 1982 1190 2015">
     <span class='ocr_line' id='line_1_118' title="bbox 814 1982 1190 2015; baseline 0.003 -7"><span class='ocrx_word' id='word_1_1160' title='bbox 814 1982 887 2008; x_wconf 84' lang='lat' dir='ltr'>Idem</span> <span class='ocrx_word' id='word_1_1161' title='bbox 906 1991 938 2008; x_wconf 86' lang='lat' dir='ltr'>ex</span> <span class='ocrx_word' id='word_1_1162' title='bbox 957 1983 1031 2008; x_wconf 90' lang='lat' dir='ltr'>Pont.</span> <span class='ocrx_word' id='word_1_1163' title='bbox 1052 1991 1071 2014; x_wconf 89' lang='lat'>1,</span> <span class='ocrx_word' id='word_1_1164' title='bbox 1086 1990 1106 2014; x_wconf 74' lang='grc' dir='ltr'>ς,</span> <span class='ocrx_word' id='word_1_1165' title='bbox 1120 1991 1144 2014; x_wconf 83' lang='lat'>¹3</span> <span class='ocrx_word' id='word_1_1166' title='bbox 1158 1989 1190 2015; x_wconf 85' lang='lat'>50</span> 
     </span>
    </p>
   </div>
   <div class='ocr_carea' id='block_1_35' title="bbox 935 2862 1182 2891">
    <p class='ocr_par' dir='ltr' id='par_1_39' title="bbox 935 2862 1182 2891">
     <span class='ocr_line' id='line_1_119' title="bbox 935 2862 1182 2891; baseline 0 -2"><span class='ocrx_word' id='word_1_1167' title='bbox 935 2864 1002 2889; x_wconf 87' lang='lat' dir='ltr'>Cato</span> <span class='ocrx_word' id='word_1_1168' title='bbox 1016 2862 1048 2890; x_wconf 90' lang='lat' dir='ltr'>de</span> <span class='ocrx_word' id='word_1_1169' title='bbox 1060 2863 1091 2889; x_wconf 81' lang='lat' dir='ltr'>R.</span> <span class='ocrx_word' id='word_1_1170' title='bbox 1107 2863 1138 2889; x_wconf 88' lang='lat' dir='ltr'>R.</span> <span class='ocrx_word' id='word_1_1171' title='bbox 1151 2864 1182 2891; x_wconf 74' lang='lat'>75</span> 
     </span>
    </p>
   </div>
   <div class='ocr_carea' id='block_1_36' title="bbox 974 3396 1181 3428">
    <p class='ocr_par' dir='ltr' id='par_1_40' title="bbox 974 3396 1181 3428">
     <span class='ocr_line' id='line_1_120' title="bbox 974 3396 1181 3428; baseline -0.005 -5"><span class='ocrx_word' id='word_1_1172' title='bbox 974 3397 1054 3423; x_wconf 90' lang='lat' dir='ltr'>Ouid.</span> <span class='ocrx_word' id='word_1_1173' title='bbox 1069 3396 1134 3422; x_wconf 85' lang='lat' dir='ltr'>Fast.</span> <span class='ocrx_word' id='word_1_1174' title='bbox 1147 3404 1181 3428; x_wconf 90' lang='lat'>90</span> 
     </span>
    </p>
   </div>
   <div class='ocr_carea' id='block_1_37' title="bbox 470 3574 1180 3611">
    <p class='ocr_par' dir='ltr' id='par_1_41' title="bbox 470 3574 1180 3611">
     <span class='ocr_line' id='line_1_121' title="bbox 470 3574 1180 3611; baseline -0.007 -7"><span class='ocrx_word' id='word_1_1175' title='bbox 470 3574 581 3611; x_wconf 76' lang='lat' dir='ltr'>Compar.</span> <span class='ocrx_word' id='word_1_1176' title='bbox 602 3578 707 3604; x_wconf 82' lang='lat' dir='ltr'>Sueten.</span> <span class='ocrx_word' id='word_1_1177' title='bbox 723 3577 751 3602; x_wconf 90' lang='lat' dir='ltr'>in</span> <span class='ocrx_word' id='word_1_1178' title='bbox 764 3575 870 3610; x_wconf 77' lang='lat' dir='ltr'>August.</span> <span class='ocrx_word' id='word_1_1179' title='bbox 883 3585 903 3601; x_wconf 92' lang='lat' dir='ltr'>c.</span> <span class='ocrx_word' id='word_1_1180' title='bbox 917 3584 952 3609; x_wconf 92' lang='lat'>79</span> <span class='ocrx_word' id='word_1_1181' title='bbox 976 3575 1076 3602; x_wconf 89' lang='lat' dir='ltr'>Nasum</span> <span class='ocrx_word' id='word_1_1182' title='bbox 1090 3574 1134 3600; x_wconf 85' lang='lat' dir='ltr'>ha·</span> <span class='ocrx_word' id='word_1_1183' title='bbox 1147 3581 1180 3607; x_wconf 80' lang='grc'>95</span> 
     </span>
    </p>
   </div>
   <div class='ocr_carea' id='block_1_38' title="bbox 1604 163 2245 221">
    <p class='ocr_par' dir='ltr' id='par_1_42' title="bbox 1604 163 2245 221">
     <span class='ocr_line' id='line_1_122' title="bbox 1604 163 2245 221; baseline 0.014 -19"><span class='ocrx_word' id='word_1_1184' title='bbox 1604 163 1869 206; x_wconf 89' lang='lat' dir='ltr'>DEF</span> <span class='ocrx_word' id='word_1_1185' title='bbox 2199 184 2245 221; x_wconf 88' lang='lat'>42</span> 
     </span>
    </p>
   </div>
   <div class='ocr_carea' id='block_1_39' title="bbox 1210 252 2251 1276">
    <p class='ocr_par' dir='ltr' id='par_1_43' title="bbox 1210 252 2249 879">
     <span class='ocr_line' id='line_1_123' title="bbox 1246 252 2246 292; baseline 0.006 -14"><span class='ocrx_word' id='word_1_1186' title='bbox 1246 256 1466 284; x_wconf 78' lang='lat' dir='ltr'>DEDVCT10,</span> <span class='ocrx_word' id='word_1_1187' title='bbox 1492 253 1560 279; x_wconf 72' lang='lat' dir='ltr'>onis.</span> <span class='ocrx_word' id='word_1_1188' title='bbox 1590 253 1610 279; x_wconf 84' lang='lat' dir='ltr'>f.</span> <span class='ocrx_word' id='word_1_1189' title='bbox 1647 252 1770 279; x_wconf 75' lang='lat' dir='ltr'>verbale.</span> <span class='ocrx_word' id='word_1_1190' title='bbox 1807 252 1950 287; x_wconf 75' lang='grc' dir='ltr'><strong>[οἷπογωγῆ,</strong></span> <span class='ocrx_word' id='word_1_1191' title='bbox 1969 256 2115 292; x_wconf 72' lang='grc' dir='ltr'><strong>παραγωγῆ,</strong></span> <span class='ocrx_word' id='word_1_1192' title='bbox 2135 258 2246 291; x_wconf 62' lang='grc' dir='ltr'><em>καταγό-</em></span> 
     </span>
     <span class='ocr_line' id='line_1_124' title="bbox 1210 284 2246 329; baseline 0.008 -17"><span class='ocrx_word' id='word_1_1193' title='bbox 1210 298 1272 319; x_wconf 64' lang='lat' dir='ltr'>ww,</span> <span class='ocrx_word' id='word_1_1194' title='bbox 1292 284 1393 320; x_wconf 67' lang='grc' dir='ltr'>ἕδηγίκ]</span> <span class='ocrx_word' id='word_1_1195' title='bbox 1429 289 1484 314; x_wconf 80' lang='lat' dir='ltr'>Cic.</span> <span class='ocrx_word' id='word_1_1196' title='bbox 1497 289 1528 314; x_wconf 82' lang='lat' dir='ltr'>dc</span> <span class='ocrx_word' id='word_1_1197' title='bbox 1544 290 1612 323; x_wconf 87' lang='lat' dir='ltr'>Lege</span> <span class='ocrx_word' id='word_1_1198' title='bbox 1625 289 1686 323; x_wconf 81' lang='lat' dir='ltr'>Agr.</span> <span class='ocrx_word' id='word_1_1199' title='bbox 1709 297 1724 314; x_wconf 86' lang='lat'>2</span> <span class='ocrx_word' id='word_1_1200' title='bbox 1744 298 1764 314; x_wconf 87' lang='lat' dir='ltr'>c.</span> <span class='ocrx_word' id='word_1_1201' title='bbox 1779 297 1811 322; x_wconf 80' lang='lat'>34</span> <span class='ocrx_word' id='word_1_1202' title='bbox 1838 289 1866 315; x_wconf 72' lang='lat' dir='ltr'>(le</span> <span class='ocrx_word' id='word_1_1203' title='bbox 1880 291 1992 323; x_wconf 69' lang='lat' dir='ltr'>(L&#39;olom&#39;s,</span> <span class='ocrx_word' id='word_1_1204' title='bbox 2010 293 2079 318; x_wconf 91' lang='lat' dir='ltr'>Nam</span> <span class='ocrx_word' id='word_1_1205' title='bbox 2094 300 2119 319; x_wconf 83' lang='lat' dir='ltr'>et</span> <span class='ocrx_word' id='word_1_1206' title='bbox 2133 294 2185 328; x_wconf 86' lang='lat' dir='ltr'>ipsc</span> <span class='ocrx_word' id='word_1_1207' title='bbox 2199 294 2246 329; x_wconf 92' lang='lat' dir='ltr'>qui</span> 
     </span>
     <span class='ocr_line' id='line_1_125' title="bbox 1212 323 2246 364; baseline 0.008 -16"><span class='ocrx_word' id='word_1_1208' title='bbox 1212 323 1334 353; x_wconf 83' lang='lat' dir='ltr'>deduxit,</span> <span class='ocrx_word' id='word_1_1209' title='bbox 1351 328 1377 347; x_wconf 90' lang='lat' dir='ltr'>et</span> <span class='ocrx_word' id='word_1_1210' title='bbox 1398 324 1444 356; x_wconf 88' lang='lat' dir='ltr'>qui</span> <span class='ocrx_word' id='word_1_1211' title='bbox 1462 324 1639 358; x_wconf 78' lang='lat' dir='ltr'>magistratum</span> <span class='ocrx_word' id='word_1_1212' title='bbox 1658 325 1761 358; x_wconf 83' lang='lat' dir='ltr'>Capuae</span> <span class='ocrx_word' id='word_1_1213' title='bbox 1781 331 1807 350; x_wconf 85' lang='lat' dir='ltr'>et</span> <span class='ocrx_word' id='word_1_1214' title='bbox 1820 324 1960 351; x_wconf 86' lang='lat' dir='ltr'>Leocranti</span> <span class='ocrx_word' id='word_1_1215' title='bbox 1980 335 2136 361; x_wconf 83' lang='lat' dir='ltr'>coeperunt,</span> <span class='ocrx_word' id='word_1_1216' title='bbox 2159 330 2246 364; x_wconf 86' lang='lat' dir='ltr'>etqui</span> 
     </span>
     <span class='ocr_line' id='line_1_126' title="bbox 1211 358 2246 397; baseline 0.009 -15"><span class='ocrx_word' id='word_1_1217' title='bbox 1211 358 1326 392; x_wconf 87' lang='lat' dir='ltr'>aliquam</span> <span class='ocrx_word' id='word_1_1218' title='bbox 1339 363 1437 391; x_wconf 85' lang='lat' dir='ltr'>partem</span> <span class='ocrx_word' id='word_1_1219' title='bbox 1455 359 1524 384; x_wconf 83' lang='lat' dir='ltr'>illius</span> <span class='ocrx_word' id='word_1_1220' title='bbox 1543 359 1721 390; x_wconf 74' lang='lat' dir='ltr'>deduffionis,</span> <span class='ocrx_word' id='word_1_1221' title='bbox 1743 359 1868 393; x_wconf 81' lang='lat' dir='ltr'>honoris,</span> <span class='ocrx_word' id='word_1_1222' title='bbox 1889 362 2005 387; x_wconf 86' lang='lat' dir='ltr'>muneris</span> <span class='ocrx_word' id='word_1_1223' title='bbox 2022 363 2179 397; x_wconf 82' lang='lat' dir='ltr'>attigerunt,</span> <span class='ocrx_word' id='word_1_1224' title='bbox 2201 372 2246 390; x_wconf 74' lang='lat' dir='ltr'>etc.</span> 
     </span>
     <span class='ocr_line' id='line_1_127' title="bbox 1211 393 2247 429; baseline 0.008 -11"><span class='ocrx_word' id='word_1_1225' title='bbox 1211 394 1267 419; x_wconf 82' lang='lat' dir='ltr'>Cic.</span> <span class='ocrx_word' id='word_1_1226' title='bbox 1283 401 1331 426; x_wconf 88' lang='lat' dir='ltr'>pro</span> <span class='ocrx_word' id='word_1_1227' title='bbox 1345 393 1457 419; x_wconf 85' lang='lat' dir='ltr'>Caecina</span> <span class='ocrx_word' id='word_1_1228' title='bbox 1478 402 1511 428; x_wconf 87' lang='lat'>27</span> <span class='ocrx_word' id='word_1_1229' title='bbox 1546 396 1585 421; x_wconf 89' lang='lat' dir='ltr'>lbi</span> <span class='ocrx_word' id='word_1_1230' title='bbox 1599 402 1654 421; x_wconf 91' lang='lat' dir='ltr'>tum</span> <span class='ocrx_word' id='word_1_1231' title='bbox 1668 395 1806 422; x_wconf 86' lang='lat' dir='ltr'>Caecinam</span> <span class='ocrx_word' id='word_1_1232' title='bbox 1818 396 1966 429; x_wconf 65' lang='lat' dir='ltr'>postulastis,</span> <span class='ocrx_word' id='word_1_1233' title='bbox 1992 403 2020 423; x_wconf 92' lang='lat' dir='ltr'>vt</span> <span class='ocrx_word' id='word_1_1234' title='bbox 2033 399 2152 425; x_wconf 84' lang='lat' dir='ltr'>moribus</span> <span class='ocrx_word' id='word_1_1235' title='bbox 2167 399 2247 426; x_wconf 89' lang='lat' dir='ltr'>dedu-</span> 
     </span>
     <span class='ocr_line' id='line_1_128' title="bbox 1210 429 2246 466; baseline 0.009 -13"><span class='ocrx_word' id='word_1_1236' title='bbox 1210 429 1264 454; x_wconf 78' lang='lat' dir='ltr'>clio</span> <span class='ocrx_word' id='word_1_1237' title='bbox 1280 429 1368 458; x_wconf 84' lang='lat' dir='ltr'>tieret,</span> <span class='ocrx_word' id='word_1_1238' title='bbox 1395 432 1443 454; x_wconf 82' lang='lat' dir='ltr'>int.</span> <span class='ocrx_word' id='word_1_1239' title='bbox 1457 429 1484 455; x_wconf 72' lang='lat' dir='ltr'>cic</span> <span class='ocrx_word' id='word_1_1240' title='bbox 1504 437 1563 462; x_wconf 70' lang='lat' dir='ltr'>agro</span> <span class='ocrx_word' id='word_1_1241' title='bbox 1578 439 1619 456; x_wconf 74' lang='lat' dir='ltr'>aut</span> <span class='ocrx_word' id='word_1_1242' title='bbox 1628 429 1765 466; x_wconf 68' lang='lat' dir='ltr'>pqffiflione</span> <span class='ocrx_word' id='word_1_1243' title='bbox 1777 432 1835 457; x_wconf 78' lang='lat' dir='ltr'>alsa.</span> <span class='ocrx_word' id='word_1_1244' title='bbox 1883 431 1940 457; x_wconf 72' lang='lat' dir='ltr'>Vni.</span> <span class='ocrx_word' id='word_1_1245' title='bbox 1955 438 2081 459; x_wconf 84' lang='lat' dir='ltr'>DEDVCO</span> <span class='ocrx_word' id='word_1_1246' title='bbox 2098 434 2130 460; x_wconf 90' lang='lat' dir='ltr'>de</span> <span class='ocrx_word' id='word_1_1247' title='bbox 2144 435 2246 462; x_wconf 82' lang='lat' dir='ltr'>Fundo.</span> 
     </span>
     <span class='ocr_line' id='line_1_129' title="bbox 1210 464 2247 500; baseline 0.007 -11"><span class='ocrx_word' id='word_1_1248' title='bbox 1210 464 1283 489; x_wconf 81' lang='lat' dir='ltr'>ldem</span> <span class='ocrx_word' id='word_1_1249' title='bbox 1298 464 1329 490; x_wconf 87' lang='lat' dir='ltr'>de</span> <span class='ocrx_word' id='word_1_1250' title='bbox 1344 464 1433 490; x_wconf 91' lang='lat' dir='ltr'>Diuin.</span> <span class='ocrx_word' id='word_1_1251' title='bbox 1450 472 1468 496; x_wconf 92' lang='lat'>1,</span> <span class='ocrx_word' id='word_1_1252' title='bbox 1484 473 1529 490; x_wconf 83' lang='lat'>100</span> <span class='ocrx_word' id='word_1_1253' title='bbox 1542 474 1563 490; x_wconf 91' lang='lat' dir='ltr'>c.</span> <span class='ocrx_word' id='word_1_1254' title='bbox 1579 474 1615 498; x_wconf 80' lang='lat'>44</span> <span class='ocrx_word' id='word_1_1255' title='bbox 1647 466 1682 492; x_wconf 86' lang='lat' dir='ltr'>Ex</span> <span class='ocrx_word' id='word_1_1256' title='bbox 1695 474 1748 500; x_wconf 86' lang='lat' dir='ltr'>quo</span> <span class='ocrx_word' id='word_1_1257' title='bbox 1767 466 1812 491; x_wconf 86' lang='lat' dir='ltr'>illa</span> <span class='ocrx_word' id='word_1_1258' title='bbox 1831 465 1962 493; x_wconf 85' lang='lat' dir='ltr'>mirabilis</span> <span class='ocrx_word' id='word_1_1259' title='bbox 1979 476 1994 493; x_wconf 89' lang='lat' dir='ltr'>a</span> <span class='ocrx_word' id='word_1_1260' title='bbox 2006 469 2153 495; x_wconf 87' lang='lat' dir='ltr'>maioribus</span> <span class='ocrx_word' id='word_1_1261' title='bbox 2170 471 2247 497; x_wconf 88' lang='lat' dir='ltr'>Alba-</span> 
     </span>
     <span class='ocr_line' id='line_1_130' title="bbox 1210 499 2247 535; baseline 0.008 -11"><span class='ocrx_word' id='word_1_1262' title='bbox 1210 508 1258 524; x_wconf 83' lang='lat' dir='ltr'>nae</span> <span class='ocrx_word' id='word_1_1263' title='bbox 1266 507 1348 533; x_wconf 88' lang='lat' dir='ltr'>aquae</span> <span class='ocrx_word' id='word_1_1264' title='bbox 1361 499 1485 525; x_wconf 68' lang='lat' dir='ltr'>dedtufflo</span> <span class='ocrx_word' id='word_1_1265' title='bbox 1497 499 1541 525; x_wconf 81' lang='lat' dir='ltr'>est.</span> <span class='ocrx_word' id='word_1_1266' title='bbox 1615 502 1643 526; x_wconf 72' lang='lat' dir='ltr'>Et</span> <span class='ocrx_word' id='word_1_1267' title='bbox 1656 503 1682 527; x_wconf 86' lang='lat' dir='ltr'>in</span> <span class='ocrx_word' id='word_1_1268' title='bbox 1695 501 1793 535; x_wconf 89' lang='lat' dir='ltr'>Topic.</span> <span class='ocrx_word' id='word_1_1269' title='bbox 1802 510 1828 533; x_wconf 80' lang='lat'>33</span> <span class='ocrx_word' id='word_1_1270' title='bbox 1840 511 1861 527; x_wconf 89' lang='lat' dir='ltr'>c.</span> <span class='ocrx_word' id='word_1_1271' title='bbox 1875 507 1888 531; x_wconf 87' lang='lat'><em>8</em></span> <span class='ocrx_word' id='word_1_1272' title='bbox 1905 502 2021 528; x_wconf 89' lang='lat' dir='ltr'>Partium</span> <span class='ocrx_word' id='word_1_1273' title='bbox 2034 503 2186 531; x_wconf 86' lang='lat' dir='ltr'>distributio</span> <span class='ocrx_word' id='word_1_1274' title='bbox 2197 507 2247 532; x_wconf 82' lang='lat' dir='ltr'>sae-</span> 
     </span>
     <span class='ocr_line' id='line_1_131' title="bbox 1210 534 2246 568; baseline 0.008 -9"><span class='ocrx_word' id='word_1_1275' title='bbox 1210 544 1241 568; x_wconf 87' lang='lat' dir='ltr'>pe</span> <span class='ocrx_word' id='word_1_1276' title='bbox 1255 534 1289 560; x_wconf 83' lang='lat' dir='ltr'>est</span> <span class='ocrx_word' id='word_1_1277' title='bbox 1303 534 1451 566; x_wconf 81' lang='lat' dir='ltr'>infinitior,</span> <span class='ocrx_word' id='word_1_1278' title='bbox 1468 539 1591 568; x_wconf 81' lang='lat' dir='ltr'>tanquam</span> <span class='ocrx_word' id='word_1_1279' title='bbox 1606 536 1736 562; x_wconf 81' lang='lat' dir='ltr'>Riuorum</span> <span class='ocrx_word' id='word_1_1280' title='bbox 1747 545 1762 563; x_wconf 87' lang='lat' dir='ltr'>a</span> <span class='ocrx_word' id='word_1_1281' title='bbox 1775 536 1849 562; x_wconf 85' lang='lat' dir='ltr'>fonte</span> <span class='ocrx_word' id='word_1_1282' title='bbox 1863 536 1998 563; x_wconf 63' lang='lat' dir='ltr'>deduc‘tio.</span> <span class='ocrx_word' id='word_1_1283' title='bbox 2070 539 2190 567; x_wconf 75' lang='lat' dir='ltr'>Rationis</span> <span class='ocrx_word' id='word_1_1284' title='bbox 2204 540 2246 567; x_wconf 90' lang='lat' dir='ltr'>de·</span> 
     </span>
     <span class='ocr_line' id='line_1_132' title="bbox 1211 569 2246 609; baseline 0.006 -14"><span class='ocrx_word' id='word_1_1285' title='bbox 1211 569 1301 596; x_wconf 66' lang='lat' dir='ltr'>ductio</span> <span class='ocrx_word' id='word_1_1286' title='bbox 1320 570 1359 602; x_wconf 85' lang='lat' dir='ltr'>(i.</span> <span class='ocrx_word' id='word_1_1287' title='bbox 1376 569 1532 604; x_wconf 72' lang='lat' dir='ltr'>declaratio)</span> <span class='ocrx_word' id='word_1_1288' title='bbox 1548 572 1575 596; x_wconf 87' lang='lat' dir='ltr'>in</span> <span class='ocrx_word' id='word_1_1289' title='bbox 1589 572 1675 597; x_wconf 85' lang='lat' dir='ltr'>causac</span> <span class='ocrx_word' id='word_1_1290' title='bbox 1687 571 1873 598; x_wconf 80' lang='lat' dir='ltr'>constitutione</span> <span class='ocrx_word' id='word_1_1291' title='bbox 1881 572 1937 598; x_wconf 90' lang='lat' dir='ltr'>Cic.</span> <span class='ocrx_word' id='word_1_1292' title='bbox 1950 571 1983 598; x_wconf 86' lang='lat' dir='ltr'>de</span> <span class='ocrx_word' id='word_1_1293' title='bbox 1990 573 2091 599; x_wconf 86' lang='lat' dir='ltr'>Inucnt.</span> <span class='ocrx_word' id='word_1_1294' title='bbox 2106 583 2125 607; x_wconf 88' lang='lat'>1,</span> <span class='ocrx_word' id='word_1_1295' title='bbox 2141 583 2169 608; x_wconf 88' lang='lat'>19</span> <span class='ocrx_word' id='word_1_1296' title='bbox 2178 585 2197 602; x_wconf 85' lang='lat' dir='ltr'>c.</span> <span class='ocrx_word' id='word_1_1297' title='bbox 2208 585 2246 609; x_wconf 87' lang='lat'>¹4·</span> 
     </span>
     <span class='ocr_line' id='line_1_133' title="bbox 1211 605 2247 644; baseline 0.007 -14"><span class='ocrx_word' id='word_1_1298' title='bbox 1211 605 1342 631; x_wconf 54' lang='lat' dir='ltr'>Dcduc‘tio</span> <span class='ocrx_word' id='word_1_1299' title='bbox 1355 605 1383 630; x_wconf 87' lang='lat' dir='ltr'>in</span> <span class='ocrx_word' id='word_1_1300' title='bbox 1396 606 1504 631; x_wconf 86' lang='lat' dir='ltr'>domum</span> <span class='ocrx_word' id='word_1_1301' title='bbox 1518 606 1607 632; x_wconf 87' lang='lat' dir='ltr'>mariti</span> <span class='ocrx_word' id='word_1_1302' title='bbox 1624 606 1642 632; x_wconf 95' lang='lat' dir='ltr'>l.</span> <span class='ocrx_word' id='word_1_1303' title='bbox 1656 615 1668 638; x_wconf 73' lang='grc' dir='ltr'><strong>ς</strong></span> <span class='ocrx_word' id='word_1_1304' title='bbox 1681 607 1705 632; x_wconf 82' lang='lat' dir='ltr'>ff.</span> <span class='ocrx_word' id='word_1_1305' title='bbox 1726 607 1757 633; x_wconf 86' lang='lat' dir='ltr'>de</span> <span class='ocrx_word' id='word_1_1306' title='bbox 1770 608 1823 634; x_wconf 88' lang='lat' dir='ltr'>ritu</span> <span class='ocrx_word' id='word_1_1307' title='bbox 1837 614 1909 641; x_wconf 89' lang='lat' dir='ltr'>nupt.</span> <span class='ocrx_word' id='word_1_1308' title='bbox 1965 607 2113 641; x_wconf 65' lang='lat' dir='ltr'>Dcdtffiiio,</span> <span class='ocrx_word' id='word_1_1309' title='bbox 2132 617 2181 644; x_wconf 80' lang='lat' dir='ltr'>pro</span> <span class='ocrx_word' id='word_1_1310' title='bbox 2195 612 2247 637; x_wconf 83' lang='lat' dir='ltr'>Col-</span> 
     </span>
     <span class='ocr_line' id='line_1_134' title="bbox 1210 640 2247 679; baseline 0.005 -12"><span class='ocrx_word' id='word_1_1311' title='bbox 1210 642 1330 667; x_wconf 67' lang='lat' dir='ltr'>locotione</span> <span class='ocrx_word' id='word_1_1312' title='bbox 1350 641 1416 675; x_wconf 77' lang='lat' dir='ltr'>apud</span> <span class='ocrx_word' id='word_1_1313' title='bbox 1429 640 1560 675; x_wconf 59' lang='lat' dir='ltr'>hrstu&#39;tem,</span> <span class='ocrx_word' id='word_1_1314' title='bbox 1579 641 1635 668; x_wconf 86' lang='lat' dir='ltr'>Cic.</span> <span class='ocrx_word' id='word_1_1315' title='bbox 1652 641 1762 676; x_wconf 81' lang='lat' dir='ltr'>Philipp.</span> <span class='ocrx_word' id='word_1_1316' title='bbox 1777 651 1802 675; x_wconf 85' lang='lat'>2,</span> <span class='ocrx_word' id='word_1_1317' title='bbox 1816 645 1847 669; x_wconf 90' lang='grc'><strong>62</strong></span> <span class='ocrx_word' id='word_1_1318' title='bbox 1873 643 1964 669; x_wconf 84' lang='lat' dir='ltr'>Italiae</span> <span class='ocrx_word' id='word_1_1319' title='bbox 1984 645 2071 670; x_wconf 83' lang='lat' dir='ltr'>rursus</span> <span class='ocrx_word' id='word_1_1320' title='bbox 2087 647 2247 679; x_wconf 84' lang='lat' dir='ltr'>percursatio</span> 
     </span>
     <span class='ocr_line' id='line_1_135' title="bbox 1212 675 2245 711; baseline 0.005 -9"><span class='ocrx_word' id='word_1_1321' title='bbox 1212 675 1301 702; x_wconf 84' lang='lat' dir='ltr'>eadem</span> <span class='ocrx_word' id='word_1_1322' title='bbox 1316 676 1413 702; x_wconf 80' lang='lat' dir='ltr'>comite</span> <span class='ocrx_word' id='word_1_1323' title='bbox 1425 678 1520 702; x_wconf 88' lang='lat' dir='ltr'>mima:</span> <span class='ocrx_word' id='word_1_1324' title='bbox 1539 677 1566 702; x_wconf 93' lang='lat' dir='ltr'>in</span> <span class='ocrx_word' id='word_1_1325' title='bbox 1578 677 1673 711; x_wconf 89' lang='lat' dir='ltr'>oppida</span> <span class='ocrx_word' id='word_1_1326' title='bbox 1683 698 1691 710; x_wconf 91' lang='lat'>,</span> <span class='ocrx_word' id='word_1_1327' title='bbox 1710 679 1825 704; x_wconf 84' lang='lat' dir='ltr'>militum</span> <span class='ocrx_word' id='word_1_1328' title='bbox 1838 678 1952 704; x_wconf 86' lang='lat' dir='ltr'>crudelis</span> <span class='ocrx_word' id='word_1_1329' title='bbox 1965 685 1992 706; x_wconf 82' lang='lat' dir='ltr'>et</span> <span class='ocrx_word' id='word_1_1330' title='bbox 2003 679 2098 706; x_wconf 88' lang='lat' dir='ltr'>misera</span> <span class='ocrx_word' id='word_1_1331' title='bbox 2112 679 2245 707; x_wconf 72' lang='lat' dir='ltr'>dedufflo.</span> 
     </span>
     <span class='ocr_line' id='line_1_136' title="bbox 1211 710 2247 752; baseline 0.005 -16"><span class='ocrx_word' id='word_1_1332' title='bbox 1211 710 1360 743; x_wconf 67' lang='lat' dir='ltr'>Deduc&#39;tio,</span> <span class='ocrx_word' id='word_1_1333' title='bbox 1378 718 1426 746; x_wconf 73' lang='lat' dir='ltr'>pro</span> <span class='ocrx_word' id='word_1_1334' title='bbox 1440 714 1625 744; x_wconf 66' lang='lat' dir='ltr'>Dsminutione,</span> <span class='ocrx_word' id='word_1_1335' title='bbox 1646 713 1703 738; x_wconf 79' lang='lat' dir='ltr'>Scn.</span> <span class='ocrx_word' id='word_1_1336' title='bbox 1724 714 1755 739; x_wconf 85' lang='lat' dir='ltr'>dc</span> <span class='ocrx_word' id='word_1_1337' title='bbox 1770 713 1859 740; x_wconf 81' lang='lat' dir='ltr'>Bcnef.</span> <span class='ocrx_word' id='word_1_1338' title='bbox 1877 722 1901 744; x_wconf 90' lang='lat'>2,</span> <span class='ocrx_word' id='word_1_1339' title='bbox 1914 723 1941 747; x_wconf 88' lang='lat'>4.</span> <span class='ocrx_word' id='word_1_1340' title='bbox 2004 714 2061 740; x_wconf 67' lang='lat' dir='ltr'>Vici.</span> <span class='ocrx_word' id='word_1_1341' title='bbox 2076 715 2143 752; x_wconf 70' lang='lat' dir='ltr'>Lips</span> <span class='ocrx_word' id='word_1_1342' title='bbox 2157 716 2191 741; x_wconf 82' lang='lat' dir='ltr'>ad</span> <span class='ocrx_word' id='word_1_1343' title='bbox 2201 717 2247 742; x_wconf 87' lang='lat' dir='ltr'>loc.</span> 
     </span>
     <span class='ocr_line' id='line_1_137' title="bbox 1211 745 2248 785; baseline 0.007 -14"><span class='ocrx_word' id='word_1_1344' title='bbox 1211 746 1299 772; x_wconf 69' lang='lat' dir='ltr'>Eadem</span> <span class='ocrx_word' id='word_1_1345' title='bbox 1309 746 1423 781; x_wconf 80' lang='lat' dir='ltr'>formula</span> <span class='ocrx_word' id='word_1_1346' title='bbox 1435 748 1493 782; x_wconf 72' lang='lat' dir='ltr'>vjics</span> <span class='ocrx_word' id='word_1_1347' title='bbox 1505 745 1537 779; x_wconf 65' lang='lat' dir='ltr'>2st</span> <span class='ocrx_word' id='word_1_1348' title='bbox 1557 748 1633 781; x_wconf 80' lang='lat' dir='ltr'>Epist.</span> <span class='ocrx_word' id='word_1_1349' title='bbox 1648 753 1675 779; x_wconf 72' lang='lat'>58</span> <span class='ocrx_word' id='word_1_1350' title='bbox 1708 749 1779 774; x_wconf 84' lang='lat' dir='ltr'>Haec</span> <span class='ocrx_word' id='word_1_1351' title='bbox 1794 749 1829 775; x_wconf 89' lang='lat' dir='ltr'>ita</span> <span class='ocrx_word' id='word_1_1352' title='bbox 1850 758 1882 775; x_wconf 89' lang='lat' dir='ltr'>ue</span> <span class='ocrx_word' id='word_1_1353' title='bbox 1902 757 1979 775; x_wconf 88' lang='lat' dir='ltr'>curae</span> <span class='ocrx_word' id='word_1_1354' title='bbox 1993 749 2117 783; x_wconf 82' lang='lat' dir='ltr'>habebis,</span> <span class='ocrx_word' id='word_1_1355' title='bbox 2138 750 2156 777; x_wconf 81' lang='lat' dir='ltr'>si</span> <span class='ocrx_word' id='word_1_1356' title='bbox 2175 758 2248 785; x_wconf 81' lang='lat' dir='ltr'>grate</span> 
     </span>
     <span class='ocr_line' id='line_1_138' title="bbox 1210 758 2249 821; baseline 0.005 -13"><span class='ocrx_word' id='word_1_1357' title='bbox 1210 781 1343 808; x_wconf 83' lang='lat' dir='ltr'>aestimari</span> <span class='ocrx_word' id='word_1_1358' title='bbox 1361 791 1426 816; x_wconf 87' lang='lat' dir='ltr'>quae</span> <span class='ocrx_word' id='word_1_1359' title='bbox 1446 782 1587 816; x_wconf 76' lang='lat' dir='ltr'>praestabis</span> <span class='ocrx_word' id='word_1_1360' title='bbox 1610 784 1701 815; x_wconf 89' lang='lat' dir='ltr'>voles,</span> <span class='ocrx_word' id='word_1_1361' title='bbox 1721 790 1748 808; x_wconf 85' lang='lat' dir='ltr'>vt</span> <span class='ocrx_word' id='word_1_1362' title='bbox 1763 758 1888 811; x_wconf 63' lang='lat' dir='ltr'>benedt-ia</span> <span class='ocrx_word' id='word_1_1363' title='bbox 1900 791 1944 811; x_wconf 88' lang='lat' dir='ltr'>tua</span> <span class='ocrx_word' id='word_1_1364' title='bbox 1957 784 1989 811; x_wconf 87' lang='lat' dir='ltr'>ad</span> <span class='ocrx_word' id='word_1_1365' title='bbox 2009 782 2177 820; x_wconf 78' lang='lat' dir='ltr'>eos‚‘quibus</span> <span class='ocrx_word' id='word_1_1366' title='bbox 2192 796 2249 821; x_wconf 87' lang='lat' dir='ltr'>pcr-</span> 
     </span>
     <span class='ocr_line' id='line_1_139' title="bbox 1210 817 2249 879; baseline 0.008 -38"><span class='ocrx_word' id='word_1_1367' title='bbox 1210 817 1283 879; x_wconf 52' lang='lat' dir='ltr'>{iniljtii</span> <span class='ocrx_word' id='word_1_1368' title='bbox 1303 817 1375 849; x_wconf 89' lang='lat' dir='ltr'>sunt,</span> <span class='ocrx_word' id='word_1_1369' title='bbox 1405 818 1507 852; x_wconf 79' lang='lat' dir='ltr'>integra</span> <span class='ocrx_word' id='word_1_1370' title='bbox 1527 825 1551 844; x_wconf 85' lang='lat' dir='ltr'>et</span> <span class='ocrx_word' id='word_1_1371' title='bbox 1566 818 1668 845; x_wconf 86' lang='lat' dir='ltr'>illibata</span> <span class='ocrx_word' id='word_1_1372' title='bbox 1688 819 1858 852; x_wconf 87' lang='lat' dir='ltr'>perueniant,</span> <span class='ocrx_word' id='word_1_1373' title='bbox 1888 820 1941 846; x_wconf 85' lang='lat' dir='ltr'>fine</span> <span class='ocrx_word' id='word_1_1374' title='bbox 1959 820 2012 847; x_wconf 83' lang='lat' dir='ltr'>vlla</span> <span class='ocrx_word' id='word_1_1375' title='bbox 2031 824 2078 853; x_wconf 88' lang='lat' dir='ltr'>(vt</span> <span class='ocrx_word' id='word_1_1376' title='bbox 2091 822 2183 854; x_wconf 85' lang='lat' dir='ltr'>aiunt)</span> <span class='ocrx_word' id='word_1_1377' title='bbox 2203 821 2249 849; x_wconf 84' lang='lat' dir='ltr'>de-</span> 
     </span>
    </p>

    <p class='ocr_par' dir='ltr' id='par_1_44' title="bbox 1228 856 1343 878">
     <span class='ocr_line' id='line_1_140' title="bbox 1228 856 1343 878; baseline -0.009 0"><span class='ocrx_word' id='word_1_1378' title='bbox 1228 856 1260 878; x_wconf 81' lang='lat' dir='ltr'>ue</span> <span class='ocrx_word' id='word_1_1379' title='bbox 1273 861 1343 878; x_wconf 78' lang='lat' dir='ltr'>ione.</span> 
     </span>
    </p>

    <p class='ocr_par' dir='ltr' id='par_1_45' title="bbox 1211 887 2251 992">
     <span class='ocr_line' id='line_1_141' title="bbox 1247 887 2249 926; baseline 0.005 -13"><span class='ocrx_word' id='word_1_1380' title='bbox 1247 894 1264 913; x_wconf 87' lang='lat' dir='ltr'>D</span> <span class='ocrx_word' id='word_1_1381' title='bbox 1275 895 1291 914; x_wconf 83' lang='lat' dir='ltr'>E</span> <span class='ocrx_word' id='word_1_1382' title='bbox 1300 893 1318 912; x_wconf 89' lang='lat' dir='ltr'>D</span> <span class='ocrx_word' id='word_1_1383' title='bbox 1328 895 1348 914; x_wconf 83' lang='lat' dir='ltr'>V</span> <span class='ocrx_word' id='word_1_1384' title='bbox 1357 893 1374 914; x_wconf 90' lang='lat' dir='ltr'>C</span> <span class='ocrx_word' id='word_1_1385' title='bbox 1384 895 1405 914; x_wconf 89' lang='lat' dir='ltr'>T</span> <span class='ocrx_word' id='word_1_1386' title='bbox 1414 895 1432 914; x_wconf 82' lang='lat' dir='ltr'>Y</span> <span class='ocrx_word' id='word_1_1387' title='bbox 1441 895 1453 914; x_wconf 85' lang='lat' dir='ltr'>s</span> <span class='ocrx_word' id='word_1_1388' title='bbox 1463 907 1469 918; x_wconf 95' lang='lat'>,</span> <span class='ocrx_word' id='word_1_1389' title='bbox 1490 887 1528 915; x_wconf 75' lang='lat' dir='ltr'>fis.</span> <span class='ocrx_word' id='word_1_1390' title='bbox 1549 898 1584 914; x_wconf 88' lang='lat' dir='ltr'>m.</span> <span class='ocrx_word' id='word_1_1391' title='bbox 1622 888 1697 915; x_wconf 77' lang='lat' dir='ltr'>Idem.</span> <span class='ocrx_word' id='word_1_1392' title='bbox 1734 888 1810 922; x_wconf 85' lang='lat' dir='ltr'>Apul.</span> <span class='ocrx_word' id='word_1_1393' title='bbox 1823 888 1853 914; x_wconf 90' lang='lat' dir='ltr'>de</span> <span class='ocrx_word' id='word_1_1394' title='bbox 1862 888 1930 915; x_wconf 78' lang='lat' dir='ltr'>Asin.</span> <span class='ocrx_word' id='word_1_1395' title='bbox 1946 898 1954 915; x_wconf 95' lang='lat'>1</span> <span class='ocrx_word' id='word_1_1396' title='bbox 1971 899 1995 924; x_wconf 88' lang='lat' dir='ltr'>p.</span> <span class='ocrx_word' id='word_1_1397' title='bbox 2013 899 2058 923; x_wconf 88' lang='lat'>109</span> <span class='ocrx_word' id='word_1_1398' title='bbox 2078 891 2163 923; x_wconf 82' lang='lat' dir='ltr'>(Prie.</span> <span class='ocrx_word' id='word_1_1399' title='bbox 2171 901 2193 926; x_wconf 91' lang='lat' dir='ltr'>p.</span> <span class='ocrx_word' id='word_1_1400' title='bbox 2203 896 2249 924; x_wconf 90' lang='lat'>12)</span> 
     </span>
     <span class='ocr_line' id='line_1_142' title="bbox 1212 922 2251 959; baseline 0.006 -11"><span class='ocrx_word' id='word_1_1401' title='bbox 1212 924 1248 949; x_wconf 93' lang='lat' dir='ltr'>Vt</span> <span class='ocrx_word' id='word_1_1402' title='bbox 1263 923 1386 957; x_wconf 87' lang='lat' dir='ltr'>ponderis</span> <span class='ocrx_word' id='word_1_1403' title='bbox 1404 923 1518 950; x_wconf 68' lang='lat' dir='ltr'>deductu</span> <span class='ocrx_word' id='word_1_1404' title='bbox 1531 924 1604 950; x_wconf 82' lang='lat' dir='ltr'>restis</span> <span class='ocrx_word' id='word_1_1405' title='bbox 1622 923 1654 949; x_wconf 89' lang='lat' dir='ltr'>ad</span> <span class='ocrx_word' id='word_1_1406' title='bbox 1676 923 1822 957; x_wconf 81' lang='lat' dir='ltr'>ingluuiem</span> <span class='ocrx_word' id='word_1_1407' title='bbox 1841 922 1963 950; x_wconf 65' lang='lat' dir='ltr'>adstrich</span> <span class='ocrx_word' id='word_1_1408' title='bbox 1977 926 2084 959; x_wconf 85' lang='lat' dir='ltr'>spiritus</span> <span class='ocrx_word' id='word_1_1409' title='bbox 2097 925 2183 954; x_wconf 87' lang='lat' dir='ltr'>officia</span> <span class='ocrx_word' id='word_1_1410' title='bbox 2198 928 2251 954; x_wconf 72' lang='lat' dir='ltr'>dis-</span> 
     </span>
     <span class='ocr_line' id='line_1_143' title="bbox 1211 958 1752 992; baseline 0 -8"><span class='ocrx_word' id='word_1_1411' title='bbox 1211 959 1335 985; x_wconf 83' lang='lat' dir='ltr'>cluderet.</span> <span class='ocrx_word' id='word_1_1412' title='bbox 1371 958 1439 984; x_wconf 73' lang='lat' dir='ltr'>Add.</span> <span class='ocrx_word' id='word_1_1413' title='bbox 1459 960 1476 985; x_wconf 93' lang='lat' dir='ltr'>l.</span> <span class='ocrx_word' id='word_1_1414' title='bbox 1496 969 1508 992; x_wconf 83' lang='lat'>3</span> <span class='ocrx_word' id='word_1_1415' title='bbox 1527 959 1553 985; x_wconf 81' lang='lat' dir='ltr'>ff.</span> <span class='ocrx_word' id='word_1_1416' title='bbox 1569 958 1600 985; x_wconf 87' lang='lat' dir='ltr'>de</span> <span class='ocrx_word' id='word_1_1417' title='bbox 1614 958 1752 984; x_wconf 70' lang='grc' dir='ltr'>ΙηῆιῚιὲὶο.</span> 
     </span>
    </p>

    <p class='ocr_par' dir='ltr' id='par_1_46' title="bbox 1210 994 2251 1135">
     <span class='ocr_line' id='line_1_144' title="bbox 1246 994 2249 1028; baseline 0 -8"><span class='ocrx_word' id='word_1_1418' title='bbox 1246 1001 1265 1020; x_wconf 91' lang='lat' dir='ltr'>D</span> <span class='ocrx_word' id='word_1_1419' title='bbox 1274 1001 1290 1020; x_wconf 75' lang='lat' dir='ltr'>E</span> <span class='ocrx_word' id='word_1_1420' title='bbox 1300 1000 1318 1019; x_wconf 93' lang='lat' dir='ltr'>D</span> <span class='ocrx_word' id='word_1_1421' title='bbox 1332 1000 1406 1020; x_wconf 89' lang='lat' dir='ltr'>VCT</span> <span class='ocrx_word' id='word_1_1422' title='bbox 1416 1001 1435 1020; x_wconf 93' lang='lat' dir='ltr'>O</span> <span class='ocrx_word' id='word_1_1423' title='bbox 1444 1002 1462 1020; x_wconf 77' lang='lat' dir='ltr'>R</span> <span class='ocrx_word' id='word_1_1424' title='bbox 1471 1014 1479 1026; x_wconf 86' lang='lat'>,</span> <span class='ocrx_word' id='word_1_1425' title='bbox 1501 995 1562 1020; x_wconf 67' lang='lat' dir='ltr'>bris.</span> <span class='ocrx_word' id='word_1_1426' title='bbox 1581 1003 1618 1020; x_wconf 85' lang='lat' dir='ltr'>m.</span> <span class='ocrx_word' id='word_1_1427' title='bbox 1637 994 1760 1020; x_wconf 76' lang='lat' dir='ltr'>verbale.</span> <span class='ocrx_word' id='word_1_1428' title='bbox 1790 994 1984 1027; x_wconf 73' lang='grc' dir='ltr'><strong><em>[καταγωγεύς]</em></strong></span> <span class='ocrx_word' id='word_1_1429' title='bbox 2009 997 2046 1028; x_wconf 77' lang='lat' dir='ltr'>Q</span> <span class='ocrx_word' id='word_1_1430' title='bbox 2059 997 2116 1022; x_wconf 81' lang='lat' dir='ltr'>Cic.</span> <span class='ocrx_word' id='word_1_1431' title='bbox 2129 997 2161 1023; x_wconf 85' lang='lat' dir='ltr'>de</span> <span class='ocrx_word' id='word_1_1432' title='bbox 2173 998 2249 1025; x_wconf 70' lang='lat' dir='ltr'>Petit,</span> 
     </span>
     <span class='ocr_line' id='line_1_145' title="bbox 1210 1029 2249 1066; baseline 0.004 -11"><span class='ocrx_word' id='word_1_1433' title='bbox 1210 1029 1319 1056; x_wconf 90' lang='lat' dir='ltr'>Consul.</span> <span class='ocrx_word' id='word_1_1434' title='bbox 1332 1038 1353 1055; x_wconf 94' lang='lat' dir='ltr'>c.</span> <span class='ocrx_word' id='word_1_1435' title='bbox 1367 1037 1384 1061; x_wconf 92' lang='lat'><em>9</em></span> <span class='ocrx_word' id='word_1_1436' title='bbox 1405 1029 1493 1056; x_wconf 85' lang='lat' dir='ltr'>Huius</span> <span class='ocrx_word' id='word_1_1437' title='bbox 1508 1035 1596 1056; x_wconf 87' lang='lat' dir='ltr'>autem</span> <span class='ocrx_word' id='word_1_1438' title='bbox 1609 1030 1649 1055; x_wconf 89' lang='lat' dir='ltr'>rei</span> <span class='ocrx_word' id='word_1_1439' title='bbox 1660 1035 1711 1055; x_wconf 86' lang='lat' dir='ltr'>tres</span> <span class='ocrx_word' id='word_1_1440' title='bbox 1724 1030 1782 1055; x_wconf 87' lang='lat' dir='ltr'>sunt</span> <span class='ocrx_word' id='word_1_1441' title='bbox 1795 1034 1893 1062; x_wconf 83' lang='lat' dir='ltr'>partes:</span> <span class='ocrx_word' id='word_1_1442' title='bbox 1909 1037 1959 1054; x_wconf 83' lang='lat' dir='ltr'>vna</span> <span class='ocrx_word' id='word_1_1443' title='bbox 1974 1030 2152 1062; x_wconf 86' lang='lat' dir='ltr'>salutatorum,</span> <span class='ocrx_word' id='word_1_1444' title='bbox 2166 1042 2249 1066; x_wconf 82' lang='lat' dir='ltr'>quum</span> 
     </span>
     <span class='ocr_line' id='line_1_146' title="bbox 1210 1064 2251 1101; baseline -0.001 -10"><span class='ocrx_word' id='word_1_1445' title='bbox 1210 1065 1321 1092; x_wconf 89' lang='lat' dir='ltr'>domum</span> <span class='ocrx_word' id='word_1_1446' title='bbox 1334 1065 1461 1098; x_wconf 86' lang='lat' dir='ltr'>veniunt,</span> <span class='ocrx_word' id='word_1_1447' title='bbox 1479 1065 1560 1091; x_wconf 82' lang='lat' dir='ltr'>altera</span> <span class='ocrx_word' id='word_1_1448' title='bbox 1575 1064 1760 1096; x_wconf 64' lang='lat' dir='ltr'>deductorum,</span> <span class='ocrx_word' id='word_1_1449' title='bbox 1774 1064 1852 1090; x_wconf 88' lang='lat' dir='ltr'>tertia</span> <span class='ocrx_word' id='word_1_1450' title='bbox 1866 1064 2055 1091; x_wconf 63' lang='lat' dir='ltr'>ass&#39;eciatorunx.</span> <span class='ocrx_word' id='word_1_1451' title='bbox 2092 1067 2166 1101; x_wconf 85' lang='lat' dir='ltr'>Conf.</span> <span class='ocrx_word' id='word_1_1452' title='bbox 2179 1068 2251 1094; x_wconf 85' lang='lat' dir='ltr'>Ter.</span> 
     </span>
     <span class='ocr_line' id='line_1_147' title="bbox 1211 1099 2156 1135; baseline 0.001 -9"><span class='ocrx_word' id='word_1_1453' title='bbox 1211 1100 1268 1126; x_wconf 89' lang='lat' dir='ltr'>tull.</span> <span class='ocrx_word' id='word_1_1454' title='bbox 1283 1100 1360 1135; x_wconf 91' lang='lat' dir='ltr'>Apol.</span> <span class='ocrx_word' id='word_1_1455' title='bbox 1373 1109 1394 1126; x_wconf 91' lang='lat' dir='ltr'>c.</span> <span class='ocrx_word' id='word_1_1456' title='bbox 1409 1109 1443 1126; x_wconf 84' lang='lat'>21.</span> <span class='ocrx_word' id='word_1_1457' title='bbox 1463 1100 1495 1126; x_wconf 87' lang='lat' dir='ltr'>de</span> <span class='ocrx_word' id='word_1_1458' title='bbox 1509 1102 1608 1127; x_wconf 90' lang='lat' dir='ltr'>Coron.</span> <span class='ocrx_word' id='word_1_1459' title='bbox 1622 1100 1680 1126; x_wconf 91' lang='lat' dir='ltr'>Mil.</span> <span class='ocrx_word' id='word_1_1460' title='bbox 1694 1109 1715 1125; x_wconf 89' lang='lat' dir='ltr'>c.</span> <span class='ocrx_word' id='word_1_1461' title='bbox 1730 1109 1757 1132; x_wconf 81' lang='lat'>4.</span> <span class='ocrx_word' id='word_1_1462' title='bbox 1771 1107 1794 1125; x_wconf 85' lang='lat' dir='ltr'>et</span> <span class='ocrx_word' id='word_1_1463' title='bbox 1809 1099 1908 1125; x_wconf 85' lang='lat' dir='ltr'>aduers.</span> <span class='ocrx_word' id='word_1_1464' title='bbox 1922 1100 1995 1126; x_wconf 84' lang='lat' dir='ltr'>Prax.</span> <span class='ocrx_word' id='word_1_1465' title='bbox 2013 1109 2035 1126; x_wconf 90' lang='lat' dir='ltr'>c.</span> <span class='ocrx_word' id='word_1_1466' title='bbox 2050 1109 2066 1126; x_wconf 85' lang='lat'>2</span> <span class='ocrx_word' id='word_1_1467' title='bbox 2080 1108 2104 1126; x_wconf 80' lang='lat' dir='ltr'>et</span> <span class='ocrx_word' id='word_1_1468' title='bbox 2117 1110 2156 1133; x_wconf 78' lang='lat'>30.</span> 
     </span>
    </p>

    <p class='ocr_par' dir='ltr' id='par_1_47' title="bbox 1211 1134 2251 1240">
     <span class='ocr_line' id='line_1_148' title="bbox 1247 1134 2251 1169; baseline 0.002 -8"><span class='ocrx_word' id='word_1_1469' title='bbox 1247 1142 1265 1161; x_wconf 98' lang='lat' dir='ltr'><strong>D</strong></span> <span class='ocrx_word' id='word_1_1470' title='bbox 1274 1143 1291 1162; x_wconf 82' lang='lat' dir='ltr'>E</span> <span class='ocrx_word' id='word_1_1471' title='bbox 1300 1137 1318 1162; x_wconf 74' lang='lat'>13</span> <span class='ocrx_word' id='word_1_1472' title='bbox 1327 1142 1348 1160; x_wconf 91' lang='lat' dir='ltr'>v</span> <span class='ocrx_word' id='word_1_1473' title='bbox 1359 1141 1376 1161; x_wconf 85' lang='lat' dir='ltr'>c</span> <span class='ocrx_word' id='word_1_1474' title='bbox 1387 1142 1408 1161; x_wconf 86' lang='lat' dir='ltr'>&#39;r</span> <span class='ocrx_word' id='word_1_1475' title='bbox 1417 1138 1463 1162; x_wconf 69' lang='lat'>61&lt;</span> <span class='ocrx_word' id='word_1_1476' title='bbox 1473 1143 1511 1162; x_wconf 81' lang='lat' dir='ltr'>iv</span> <span class='ocrx_word' id='word_1_1477' title='bbox 1521 1143 1533 1162; x_wconf 90' lang='lat' dir='ltr'>s</span> <span class='ocrx_word' id='word_1_1478' title='bbox 1542 1155 1550 1168; x_wconf 93' lang='lat'>,</span> <span class='ocrx_word' id='word_1_1479' title='bbox 1570 1144 1594 1167; x_wconf 87' lang='lat' dir='ltr'>a,</span> <span class='ocrx_word' id='word_1_1480' title='bbox 1615 1144 1670 1161; x_wconf 86' lang='lat' dir='ltr'>um.</span> <span class='ocrx_word' id='word_1_1481' title='bbox 1706 1135 1766 1161; x_wconf 80' lang='lat' dir='ltr'>Adi.</span> <span class='ocrx_word' id='word_1_1482' title='bbox 1801 1134 1872 1160; x_wconf 87' lang='lat' dir='ltr'>Cael.</span> <span class='ocrx_word' id='word_1_1483' title='bbox 1888 1135 1976 1161; x_wconf 79' lang='lat' dir='ltr'>Aurei.</span> <span class='ocrx_word' id='word_1_1484' title='bbox 1990 1137 2066 1162; x_wconf 84' lang='lat' dir='ltr'>Acut.</span> <span class='ocrx_word' id='word_1_1485' title='bbox 2078 1144 2100 1168; x_wconf 84' lang='lat'>2,</span> <span class='ocrx_word' id='word_1_1486' title='bbox 2117 1145 2145 1169; x_wconf 88' lang='lat'>¹9</span> <span class='ocrx_word' id='word_1_1487' title='bbox 2166 1137 2251 1163; x_wconf 88' lang='lat' dir='ltr'>Dedu-</span> 
     </span>
     <span class='ocr_line' id='line_1_149' title="bbox 1211 1170 2251 1206; baseline 0.001 -9"><span class='ocrx_word' id='word_1_1488' title='bbox 1211 1170 1297 1197; x_wconf 71' lang='lat' dir='ltr'>&amp;oria</span> <span class='ocrx_word' id='word_1_1489' title='bbox 1324 1170 1550 1203; x_wconf 77' lang='lat' dir='ltr'>(medicamenta)</span> <span class='ocrx_word' id='word_1_1490' title='bbox 1577 1171 1672 1196; x_wconf 84' lang='lat' dir='ltr'>dentur</span> <span class='ocrx_word' id='word_1_1491' title='bbox 1689 1170 1843 1196; x_wconf 85' lang='lat' dir='ltr'>sorbilibus.</span> <span class='ocrx_word' id='word_1_1492' title='bbox 1896 1170 1969 1206; x_wconf 81' lang='lat' dir='ltr'>Conf.</span> <span class='ocrx_word' id='word_1_1493' title='bbox 1984 1172 2075 1205; x_wconf 82' lang='lat' dir='ltr'>Veget.</span> <span class='ocrx_word' id='word_1_1494' title='bbox 2095 1171 2127 1197; x_wconf 89' lang='lat' dir='ltr'>de</span> <span class='ocrx_word' id='word_1_1495' title='bbox 2140 1173 2178 1197; x_wconf 90' lang='lat' dir='ltr'>Re</span> <span class='ocrx_word' id='word_1_1496' title='bbox 2192 1173 2251 1198; x_wconf 85' lang='lat' dir='ltr'>Vct.</span> 
     </span>
     <span class='ocr_line' id='line_1_150' title="bbox 1214 1205 2010 1240; baseline -0.003 -7"><span class='ocrx_word' id='word_1_1497' title='bbox 1214 1215 1235 1239; x_wconf 83' lang='lat'>1,</span> <span class='ocrx_word' id='word_1_1498' title='bbox 1250 1209 1289 1239; x_wconf 80' lang='lat'>56.</span> <span class='ocrx_word' id='word_1_1499' title='bbox 1346 1207 1492 1233; x_wconf 78' lang='lat' dir='ltr'>Cuniculus</span> <span class='ocrx_word' id='word_1_1500' title='bbox 1505 1205 1674 1232; x_wconf 62' lang='lat' dir='ltr'>dedufitorius</span> <span class='ocrx_word' id='word_1_1501' title='bbox 1693 1207 1758 1240; x_wconf 83' lang='lat' dir='ltr'>Veg.</span> <span class='ocrx_word' id='word_1_1502' title='bbox 1772 1205 1885 1231; x_wconf 91' lang='lat' dir='ltr'>Mulom.</span> <span class='ocrx_word' id='word_1_1503' title='bbox 1904 1214 1923 1237; x_wconf 91' lang='grc'>1,</span> <span class='ocrx_word' id='word_1_1504' title='bbox 1936 1214 1973 1238; x_wconf 78' lang='lat'>53,</span> <span class='ocrx_word' id='word_1_1505' title='bbox 1986 1214 2010 1231; x_wconf 90' lang='lat'>2.</span> 
     </span>
    </p>

    <p class='ocr_par' dir='ltr' id='par_1_48' title="bbox 1250 1240 2251 1276">
     <span class='ocr_line' id='line_1_151' title="bbox 1250 1240 2251 1276; baseline 0 -7"><span class='ocrx_word' id='word_1_1506' title='bbox 1250 1247 1321 1269; x_wconf 86' lang='lat' dir='ltr'>DED</span> <span class='ocrx_word' id='word_1_1507' title='bbox 1330 1248 1375 1268; x_wconf 91' lang='lat' dir='ltr'>VC</span> <span class='ocrx_word' id='word_1_1508' title='bbox 1384 1249 1432 1269; x_wconf 88' lang='lat' dir='ltr'>TO</span> <span class='ocrx_word' id='word_1_1509' title='bbox 1444 1248 1462 1268; x_wconf 80' lang='lat' dir='ltr'>R</span> <span class='ocrx_word' id='word_1_1510' title='bbox 1475 1249 1511 1268; x_wconf 89' lang='lat' dir='ltr'>1V</span> <span class='ocrx_word' id='word_1_1511' title='bbox 1521 1249 1562 1274; x_wconf 89' lang='lat' dir='ltr'>M,</span> <span class='ocrx_word' id='word_1_1512' title='bbox 1581 1242 1610 1267; x_wconf 89' lang='lat' dir='ltr'>ii.</span> <span class='ocrx_word' id='word_1_1513' title='bbox 1629 1251 1655 1268; x_wconf 91' lang='lat' dir='ltr'>n.</span> <span class='ocrx_word' id='word_1_1514' title='bbox 1693 1240 1845 1274; x_wconf 40' lang='lat' dir='ltr'>fimf-[larium</span> <span class='ocrx_word' id='word_1_1515' title='bbox 1854 1261 1862 1273; x_wconf 94' lang='lat'>,</span> <span class='ocrx_word' id='word_1_1516' title='bbox 1881 1248 1928 1275; x_wconf 81' lang='lat' dir='ltr'>per</span> <span class='ocrx_word' id='word_1_1517' title='bbox 1943 1241 2007 1276; x_wconf 78' lang='lat' dir='ltr'>quod</span> <span class='ocrx_word' id='word_1_1518' title='bbox 2017 1242 2102 1267; x_wconf 79' lang='lat' dir='ltr'>humor</span> <span class='ocrx_word' id='word_1_1519' title='bbox 2114 1241 2251 1269; x_wconf 80' lang='lat' dir='ltr'>deducitur.</span> 
     </span>
    </p>
   </div>
   <div class='ocr_carea' id='block_1_40' title="bbox 804 1276 2170 1314">
    <p class='ocr_par' dir='ltr' id='par_1_49' title="bbox 804 1276 2170 1314">
     <span class='ocr_line' id='line_1_152' title="bbox 804 1276 2170 1314; baseline -0.001 -9"><span class='ocrx_word' id='word_1_1520' title='bbox 804 1280 841 1305; x_wconf 87' lang='lat' dir='ltr'>Ex</span> <span class='ocrx_word' id='word_1_1521' title='bbox 848 1280 940 1314; x_wconf 82' lang='lat' dir='ltr'>Regno</span> <span class='ocrx_word' id='word_1_1522' title='bbox 954 1279 1084 1307; x_wconf 84' lang='lat' dir='ltr'>deducere</span> <span class='ocrx_word' id='word_1_1523' title='bbox 1100 1282 1147 1306; x_wconf 85' lang='lat' dir='ltr'>Ar.</span> <span class='ocrx_word' id='word_1_1524' title='bbox 1158 1283 1190 1307; x_wconf 79' lang='lat'>30</span> <span class='ocrx_word' id='word_1_1525' title='bbox 1212 1276 1309 1304; x_wconf 88' lang='lat' dir='ltr'>Pallad.</span> <span class='ocrx_word' id='word_1_1526' title='bbox 1324 1285 1360 1309; x_wconf 87' lang='lat'>12,</span> <span class='ocrx_word' id='word_1_1527' title='bbox 1373 1285 1400 1311; x_wconf 90' lang='lat'>7,</span> <span class='ocrx_word' id='word_1_1528' title='bbox 1413 1286 1441 1304; x_wconf 87' lang='lat'>21</span> <span class='ocrx_word' id='word_1_1529' title='bbox 1466 1277 1495 1303; x_wconf 82' lang='lat' dir='ltr'>de</span> <span class='ocrx_word' id='word_1_1530' title='bbox 1507 1277 1640 1310; x_wconf 55' lang='lat' dir='ltr'>Castanea,</span> <span class='ocrx_word' id='word_1_1531' title='bbox 1660 1277 1745 1304; x_wconf 87' lang='lat' dir='ltr'>Locus</span> <span class='ocrx_word' id='word_1_1532' title='bbox 1757 1276 1912 1302; x_wconf 70' lang='lat' dir='ltr'>deducio&#39;ria</span> <span class='ocrx_word' id='word_1_1533' title='bbox 1924 1276 2038 1311; x_wconf 87' lang='lat' dir='ltr'>liquoris</span> <span class='ocrx_word' id='word_1_1534' title='bbox 2052 1278 2170 1311; x_wconf 83' lang='lat' dir='ltr'>accipiat.</span> 
     </span>
    </p>
   </div>
   <div class='ocr_carea' id='block_1_41' title="bbox 1206 1312 2253 1525">
    <p class='ocr_par' dir='ltr' id='par_1_50' title="bbox 1206 1312 2253 1455">
     <span class='ocr_line' id='line_1_153' title="bbox 1249 1312 2253 1347; baseline -0.001 -8"><span class='ocrx_word' id='word_1_1535' title='bbox 1249 1318 1455 1345; x_wconf 83' lang='lat' dir='ltr'>DEDVCTO‚</span> <span class='ocrx_word' id='word_1_1536' title='bbox 1486 1317 1539 1339; x_wconf 60' lang='lat' dir='ltr'>are.</span> <span class='ocrx_word' id='word_1_1537' title='bbox 1576 1312 1659 1339; x_wconf 87' lang='lat' dir='ltr'>Lucil.</span> <span class='ocrx_word' id='word_1_1538' title='bbox 1683 1312 1749 1347; x_wconf 81' lang='lat' dir='ltr'>apud</span> <span class='ocrx_word' id='word_1_1539' title='bbox 1766 1312 1888 1338; x_wconf 88' lang='lat' dir='ltr'>Nonium</span> <span class='ocrx_word' id='word_1_1540' title='bbox 1908 1322 1937 1345; x_wconf 83' lang='lat'>4,</span> <span class='ocrx_word' id='word_1_1541' title='bbox 1955 1320 2004 1345; x_wconf 82' lang='lat'>¹44</span> <span class='ocrx_word' id='word_1_1542' title='bbox 2037 1313 2165 1338; x_wconf 76' lang='lat' dir='ltr'>Deduc&#39;tat</span> <span class='ocrx_word' id='word_1_1543' title='bbox 2183 1312 2253 1339; x_wconf 86' lang='lat' dir='ltr'>hunc</span> 
     </span>
     <span class='ocr_line' id='line_1_154' title="bbox 1211 1347 2253 1382; baseline -0.001 -8"><span class='ocrx_word' id='word_1_1544' title='bbox 1211 1358 1278 1375; x_wconf 89' lang='lat' dir='ltr'>voce</span> <span class='ocrx_word' id='word_1_1545' title='bbox 1291 1348 1351 1380; x_wconf 90' lang='lat' dir='ltr'>leo,</span> <span class='ocrx_word' id='word_1_1546' title='bbox 1378 1357 1425 1374; x_wconf 89' lang='lat' dir='ltr'>cur</span> <span class='ocrx_word' id='word_1_1547' title='bbox 1437 1354 1465 1374; x_wconf 90' lang='lat' dir='ltr'>tu</span> <span class='ocrx_word' id='word_1_1548' title='bbox 1486 1349 1540 1382; x_wconf 89' lang='lat' dir='ltr'>ipsa</span> <span class='ocrx_word' id='word_1_1549' title='bbox 1559 1348 1652 1374; x_wconf 81' lang='lat' dir='ltr'>venire</span> <span class='ocrx_word' id='word_1_1550' title='bbox 1688 1348 1753 1374; x_wconf 90' lang='lat' dir='ltr'>Non</span> <span class='ocrx_word' id='word_1_1551' title='bbox 1767 1348 1808 1373; x_wconf 86' lang='lat' dir='ltr'>vis</span> <span class='ocrx_word' id='word_1_1552' title='bbox 1821 1347 1889 1373; x_wconf 72' lang='lat' dir='ltr'>huc?</span> <span class='ocrx_word' id='word_1_1553' title='bbox 1942 1347 1986 1373; x_wconf 74' lang='lat' dir='ltr'>Sed</span> <span class='ocrx_word' id='word_1_1554' title='bbox 2004 1349 2113 1374; x_wconf 75' lang='lat' dir='ltr'>Mercer.</span> <span class='ocrx_word' id='word_1_1555' title='bbox 2136 1348 2253 1374; x_wconf 64' lang='lat' dir='ltr'>Deduffta</span> 
     </span>
     <span class='ocr_line' id='line_1_155' title="bbox 1213 1382 2253 1420; baseline -0.003 -10"><span class='ocrx_word' id='word_1_1556' title='bbox 1213 1390 1276 1410; x_wconf 86' lang='lat' dir='ltr'>tunc</span> <span class='ocrx_word' id='word_1_1557' title='bbox 1289 1392 1372 1416; x_wconf 86' lang='lat' dir='ltr'>voce,</span> <span class='ocrx_word' id='word_1_1558' title='bbox 1391 1387 1409 1409; x_wconf 82' lang='lat' dir='ltr'>i.</span> <span class='ocrx_word' id='word_1_1559' title='bbox 1421 1387 1531 1414; x_wconf 81' lang='lat' dir='ltr'>minuta,</span> <span class='ocrx_word' id='word_1_1560' title='bbox 1557 1385 1676 1420; x_wconf 73' lang='lat' dir='ltr'>infirma,</span> <span class='ocrx_word' id='word_1_1561' title='bbox 1688 1383 1763 1419; x_wconf 82' lang='lat' dir='ltr'>forte</span> <span class='ocrx_word' id='word_1_1562' title='bbox 1781 1385 1853 1409; x_wconf 79' lang='lat' dir='ltr'>etiam</span> <span class='ocrx_word' id='word_1_1563' title='bbox 1867 1382 1964 1408; x_wconf 79' lang='lat' dir='ltr'>blanda.</span> <span class='ocrx_word' id='word_1_1564' title='bbox 2002 1382 2044 1415; x_wconf 69' lang='lat' dir='ltr'>Est</span> <span class='ocrx_word' id='word_1_1565' title='bbox 2058 1393 2086 1409; x_wconf 78' lang='lat' dir='ltr'>ex</span> <span class='ocrx_word' id='word_1_1566' title='bbox 2093 1383 2186 1419; x_wconf 70' lang='lat' dir='ltr'>jahala</span> <span class='ocrx_word' id='word_1_1567' title='bbox 2202 1385 2253 1409; x_wconf 69' lang='lat' dir='ltr'>vul.</span> 
     </span>
     <span class='ocr_line' id='line_1_156' title="bbox 1206 1417 1629 1455; baseline -0.005 -9"><span class='ocrx_word' id='word_1_1568' title='bbox 1206 1423 1266 1455; x_wconf 74' lang='lat' dir='ltr'>pis,</span> <span class='ocrx_word' id='word_1_1569' title='bbox 1287 1428 1358 1455; x_wconf 84' lang='lat' dir='ltr'>quam</span> <span class='ocrx_word' id='word_1_1570' title='bbox 1371 1417 1476 1454; x_wconf 69' lang='lat' dir='ltr'>vestigia</span> <span class='ocrx_word' id='word_1_1571' title='bbox 1494 1419 1629 1446; x_wconf 76' lang='lat' dir='ltr'>terrebant.</span> 
     </span>
    </p>

    <p class='ocr_par' dir='ltr' id='par_1_51' title="bbox 1213 1451 2252 1525">
     <span class='ocr_line' id='line_1_157' title="bbox 1247 1451 2252 1487; baseline -0.001 -7"><span class='ocrx_word' id='word_1_1572' title='bbox 1247 1462 1266 1481; x_wconf 89' lang='lat' dir='ltr'><strong>D</strong></span> <span class='ocrx_word' id='word_1_1573' title='bbox 1278 1460 1295 1480; x_wconf 81' lang='lat' dir='ltr'><em>E</em></span> <span class='ocrx_word' id='word_1_1574' title='bbox 1305 1460 1354 1480; x_wconf 87' lang='lat' dir='ltr'>DV</span> <span class='ocrx_word' id='word_1_1575' title='bbox 1364 1461 1400 1487; x_wconf 85' lang='lat' dir='ltr'>x,</span> <span class='ocrx_word' id='word_1_1576' title='bbox 1419 1455 1482 1481; x_wconf 86' lang='lat' dir='ltr'>ucis.</span> <span class='ocrx_word' id='word_1_1577' title='bbox 1501 1463 1523 1480; x_wconf 91' lang='lat' dir='ltr'>c.</span> <span class='ocrx_word' id='word_1_1578' title='bbox 1557 1454 1616 1481; x_wconf 80' lang='lat' dir='ltr'>Nili</span> <span class='ocrx_word' id='word_1_1579' title='bbox 1631 1453 1701 1479; x_wconf 88' lang='lat' dir='ltr'>forte</span> <span class='ocrx_word' id='word_1_1580' title='bbox 1709 1452 1796 1479; x_wconf 87' lang='lat' dir='ltr'>Gallia</span> <span class='ocrx_word' id='word_1_1581' title='bbox 1810 1458 1855 1478; x_wconf 89' lang='lat' dir='ltr'>tua</span> <span class='ocrx_word' id='word_1_1582' title='bbox 1867 1451 1953 1479; x_wconf 89' lang='lat' dir='ltr'>dedux</span> <span class='ocrx_word' id='word_1_1583' title='bbox 1960 1452 1991 1479; x_wconf 82' lang='lat' dir='ltr'>fit</span> <span class='ocrx_word' id='word_1_1584' title='bbox 2004 1453 2174 1480; x_wconf 83' lang='lat' dir='ltr'>abHelicone</span> <span class='ocrx_word' id='word_1_1585' title='bbox 2181 1453 2252 1484; x_wconf 86' lang='lat' dir='ltr'>Sym-</span> 
     </span>
     <span class='ocr_line' id='line_1_158' title="bbox 1213 1487 1888 1525; baseline -0.006 -7"><span class='ocrx_word' id='word_1_1586' title='bbox 1213 1489 1298 1519; x_wconf 77' lang='lat' dir='ltr'>mach.</span> <span class='ocrx_word' id='word_1_1587' title='bbox 1311 1490 1358 1525; x_wconf 89' lang='lat' dir='ltr'>Ep.</span> <span class='ocrx_word' id='word_1_1588' title='bbox 1370 1496 1394 1524; x_wconf 88' lang='lat'>8,</span> <span class='ocrx_word' id='word_1_1589' title='bbox 1409 1495 1444 1520; x_wconf 85' lang='lat'>18.</span> <span class='ocrx_word' id='word_1_1590' title='bbox 1463 1493 1483 1516; x_wconf 80' lang='lat' dir='ltr'>i.</span> <span class='ocrx_word' id='word_1_1591' title='bbox 1498 1490 1611 1516; x_wconf 82' lang='lat' dir='ltr'>deriuata</span> <span class='ocrx_word' id='word_1_1592' title='bbox 1624 1488 1706 1524; x_wconf 77' lang='lat' dir='ltr'>quast,</span> <span class='ocrx_word' id='word_1_1593' title='bbox 1725 1495 1754 1513; x_wconf 85' lang='lat' dir='ltr'>vt</span> <span class='ocrx_word' id='word_1_1594' title='bbox 1765 1487 1888 1514; x_wconf 86' lang='lat' dir='ltr'>Tradux.</span> 
     </span>
    </p>
   </div>
   <div class='ocr_carea' id='block_1_42' title="bbox 1592 1559 1871 1591">
    <p class='ocr_par' dir='ltr' id='par_1_52' title="bbox 1592 1559 1871 1591">
     <span class='ocr_line' id='line_1_159' title="bbox 1592 1559 1871 1591; baseline -0.007 0"><span class='ocrx_word' id='word_1_1595' title='bbox 1592 1560 1622 1591; x_wconf 94' lang='lat' dir='ltr'>D</span> <span class='ocrx_word' id='word_1_1596' title='bbox 1720 1560 1747 1590; x_wconf 88' lang='lat' dir='ltr'>E</span> <span class='ocrx_word' id='word_1_1597' title='bbox 1843 1559 1871 1589; x_wconf 93' lang='lat' dir='ltr'>E</span> 
     </span>
    </p>
   </div>
   <div class='ocr_carea' id='block_1_43' title="bbox 1208 1625 2256 2332">
    <p class='ocr_par' dir='ltr' id='par_1_53' title="bbox 1211 1625 2254 1695">
     <span class='ocr_line' id='line_1_160' title="bbox 1249 1625 2254 1663; baseline -0.002 -7"><span class='ocrx_word' id='word_1_1598' title='bbox 1249 1635 1363 1662; x_wconf 78' lang='lat' dir='ltr'>DEEO,</span> <span class='ocrx_word' id='word_1_1599' title='bbox 1383 1630 1432 1655; x_wconf 76' lang='lat' dir='ltr'>rre.</span> <span class='ocrx_word' id='word_1_1600' title='bbox 1467 1627 1627 1663; x_wconf 75' lang='lat' dir='ltr'>Descendere.</span> <span class='ocrx_word' id='word_1_1601' title='bbox 1661 1625 1823 1653; x_wconf 84' lang='lat' dir='ltr'>Stat.Theb.</span> <span class='ocrx_word' id='word_1_1602' title='bbox 1837 1634 1860 1657; x_wconf 86' lang='lat'>2,</span> <span class='ocrx_word' id='word_1_1603' title='bbox 1876 1632 1924 1658; x_wconf 75' lang='lat'>551.</span> <span class='ocrx_word' id='word_1_1604' title='bbox 1937 1625 1989 1661; x_wconf 76' lang='lat' dir='ltr'>fic.</span> <span class='ocrx_word' id='word_1_1605' title='bbox 2004 1626 2111 1653; x_wconf 75' lang='lat' dir='ltr'>Gronau.</span> <span class='ocrx_word' id='word_1_1606' title='bbox 2131 1628 2254 1656; x_wconf 84' lang='lat' dir='ltr'>Innume-</span> 
     </span>
     <span class='ocr_line' id='line_1_161' title="bbox 1211 1661 1878 1695; baseline -0.007 -4"><span class='ocrx_word' id='word_1_1607' title='bbox 1211 1665 1249 1691; x_wconf 86' lang='lat' dir='ltr'>ris</span> <span class='ocrx_word' id='word_1_1608' title='bbox 1264 1664 1337 1691; x_wconf 91' lang='lat' dir='ltr'>videt</span> <span class='ocrx_word' id='word_1_1609' title='bbox 1350 1664 1486 1690; x_wconf 84' lang='lat' dir='ltr'>excursare</span> <span class='ocrx_word' id='word_1_1610' title='bbox 1496 1662 1622 1694; x_wconf 71' lang='lat' dir='ltr'>latebris,</span> <span class='ocrx_word' id='word_1_1611' title='bbox 1641 1662 1698 1688; x_wconf 84' lang='lat' dir='ltr'>Hos</span> <span class='ocrx_word' id='word_1_1612' title='bbox 1712 1662 1785 1687; x_wconf 88' lang='lat' dir='ltr'>deire</span> <span class='ocrx_word' id='word_1_1613' title='bbox 1799 1661 1878 1695; x_wconf 85' lang='lat' dir='ltr'>iugis-</span> 
     </span>
    </p>

    <p class='ocr_par' dir='ltr' id='par_1_54' title="bbox 1212 1694 2256 2118">
     <span class='ocr_line' id='line_1_162' title="bbox 1248 1694 2254 1732; baseline -0.001 -8"><span class='ocrx_word' id='word_1_1614' title='bbox 1248 1706 1267 1724; x_wconf 92' lang='lat' dir='ltr'><strong>D</strong></span> <span class='ocrx_word' id='word_1_1615' title='bbox 1277 1706 1293 1725; x_wconf 80' lang='lat' dir='ltr'>E</span> <span class='ocrx_word' id='word_1_1616' title='bbox 1303 1706 1318 1725; x_wconf 79' lang='lat' dir='ltr'>E</span> <span class='ocrx_word' id='word_1_1617' title='bbox 1326 1707 1373 1732; x_wconf 58' lang='grc' dir='ltr'>,ΒΚ</span> <span class='ocrx_word' id='word_1_1618' title='bbox 1382 1706 1418 1732; x_wconf 82' lang='lat' dir='ltr'>o,</span> <span class='ocrx_word' id='word_1_1619' title='bbox 1448 1703 1501 1726; x_wconf 69' lang='lat' dir='ltr'>are.</span> <span class='ocrx_word' id='word_1_1620' title='bbox 1538 1696 1720 1732; x_wconf 65' lang='grc' dir='ltr'>[πλανάομκι]</span> <span class='ocrx_word' id='word_1_1621' title='bbox 1757 1699 1783 1723; x_wconf 88' lang='lat' dir='ltr'><em>A</em></span> <span class='ocrx_word' id='word_1_1622' title='bbox 1796 1699 1840 1722; x_wconf 75' lang='lat' dir='ltr'>via</span> <span class='ocrx_word' id='word_1_1623' title='bbox 1853 1703 1876 1722; x_wconf 78' lang='lat' dir='ltr'>et</span> <span class='ocrx_word' id='word_1_1624' title='bbox 1888 1694 2002 1728; x_wconf 79' lang='lat' dir='ltr'>instituto</span> <span class='ocrx_word' id='word_1_1625' title='bbox 2020 1699 2110 1724; x_wconf 78' lang='lat' dir='ltr'>itinere</span> <span class='ocrx_word' id='word_1_1626' title='bbox 2122 1707 2204 1724; x_wconf 79' lang='lat' dir='ltr'>errore</span> <span class='ocrx_word' id='word_1_1627' title='bbox 2216 1698 2254 1723; x_wconf 81' lang='lat' dir='ltr'>di-</span> 
     </span>
     <span class='ocr_line' id='line_1_163' title="bbox 1212 1731 2253 1769; baseline 0.001 -10"><span class='ocrx_word' id='word_1_1628' title='bbox 1212 1734 1284 1768; x_wconf 75' lang='lat' dir='ltr'>gredi</span> <span class='ocrx_word' id='word_1_1629' title='bbox 1297 1741 1321 1759; x_wconf 83' lang='lat' dir='ltr'>et</span> <span class='ocrx_word' id='word_1_1630' title='bbox 1333 1734 1465 1769; x_wconf 82' lang='lat' dir='ltr'>abscedere.</span> <span class='ocrx_word' id='word_1_1631' title='bbox 1501 1733 1600 1760; x_wconf 87' lang='lat' dir='ltr'>Itinere</span> <span class='ocrx_word' id='word_1_1632' title='bbox 1613 1732 1736 1758; x_wconf 86' lang='lat' dir='ltr'>deerrare</span> <span class='ocrx_word' id='word_1_1633' title='bbox 1756 1731 1888 1764; x_wconf 64' lang='lat' dir='ltr'>Quinctil.</span> <span class='ocrx_word' id='word_1_1634' title='bbox 1899 1740 1936 1763; x_wconf 88' lang='lat'>10,</span> <span class='ocrx_word' id='word_1_1635' title='bbox 1950 1740 1971 1763; x_wconf 79' lang='lat'>3.</span> <span class='ocrx_word' id='word_1_1636' title='bbox 2041 1733 2071 1758; x_wconf 90' lang='lat' dir='ltr'>In</span> <span class='ocrx_word' id='word_1_1637' title='bbox 2084 1733 2180 1759; x_wconf 86' lang='lat' dir='ltr'>itinere</span> <span class='ocrx_word' id='word_1_1638' title='bbox 2198 1734 2253 1760; x_wconf 89' lang='lat' dir='ltr'>Cic.</span> 
     </span>
     <span class='ocr_line' id='line_1_164' title="bbox 1212 1767 2252 1803; baseline 0 -9"><span class='ocrx_word' id='word_1_1639' title='bbox 1212 1768 1280 1803; x_wconf 78' lang='lat' dir='ltr'>apud</span> <span class='ocrx_word' id='word_1_1640' title='bbox 1291 1768 1408 1795; x_wconf 61' lang='lat' dir='ltr'>Laetam.</span> <span class='ocrx_word' id='word_1_1641' title='bbox 1429 1772 1456 1802; x_wconf 90' lang='lat'>6,</span> <span class='ocrx_word' id='word_1_1642' title='bbox 1476 1777 1520 1802; x_wconf 90' lang='lat'>24.</span> <span class='ocrx_word' id='word_1_1643' title='bbox 1593 1768 1742 1802; x_wconf 83' lang='lat' dir='ltr'>Angiporto</span> <span class='ocrx_word' id='word_1_1644' title='bbox 1761 1774 1819 1793; x_wconf 86' lang='lat' dir='ltr'>toto</span> <span class='ocrx_word' id='word_1_1645' title='bbox 1839 1767 1961 1793; x_wconf 86' lang='lat' dir='ltr'>deerrare</span> <span class='ocrx_word' id='word_1_1646' title='bbox 1992 1768 2093 1794; x_wconf 68' lang='lat' dir='ltr'>Auctor</span> <span class='ocrx_word' id='word_1_1647' title='bbox 2105 1769 2137 1795; x_wconf 86' lang='lat' dir='ltr'>ad</span> <span class='ocrx_word' id='word_1_1648' title='bbox 2153 1770 2252 1795; x_wconf 86' lang='lat' dir='ltr'>Heren.</span> 
     </span>
     <span class='ocr_line' id='line_1_165' title="bbox 1214 1803 2252 1839; baseline -0.001 -9"><span class='ocrx_word' id='word_1_1649' title='bbox 1214 1813 1243 1837; x_wconf 90' lang='lat'>4,</span> <span class='ocrx_word' id='word_1_1650' title='bbox 1281 1823 1287 1829; x_wconf 91' lang='lat'>.</span> <span class='ocrx_word' id='word_1_1651' title='bbox 1324 1823 1331 1830; x_wconf 93' lang='lat'>.</span> <span class='ocrx_word' id='word_1_1652' title='bbox 1368 1804 1418 1830; x_wconf 89' lang='lat' dir='ltr'>Vir</span> <span class='ocrx_word' id='word_1_1653' title='bbox 1439 1805 1524 1839; x_wconf 83' lang='lat' dir='ltr'>gregis</span> <span class='ocrx_word' id='word_1_1654' title='bbox 1536 1804 1590 1838; x_wconf 82' lang='lat' dir='ltr'>ipse</span> <span class='ocrx_word' id='word_1_1655' title='bbox 1603 1812 1679 1838; x_wconf 84' lang='lat' dir='ltr'>caper</span> <span class='ocrx_word' id='word_1_1656' title='bbox 1691 1803 1860 1829; x_wconf 85' lang='lat' dir='ltr'>deerrauerat</span> <span class='ocrx_word' id='word_1_1657' title='bbox 1892 1803 1968 1835; x_wconf 78' lang='lat' dir='ltr'>Virg.</span> <span class='ocrx_word' id='word_1_1658' title='bbox 1983 1803 2035 1827; x_wconf 84' lang='lat' dir='ltr'>Ecl.</span> <span class='ocrx_word' id='word_1_1659' title='bbox 2050 1810 2076 1836; x_wconf 88' lang='lat'>7,</span> <span class='ocrx_word' id='word_1_1660' title='bbox 2090 1810 2116 1836; x_wconf 89' lang='lat'>7.</span> <span class='ocrx_word' id='word_1_1661' title='bbox 2186 1804 2252 1829; x_wconf 86' lang='lat' dir='ltr'>Plin.</span> 
     </span>
     <span class='ocr_line' id='line_1_166' title="bbox 1213 1837 2254 1874; baseline 0.001 -10"><span class='ocrx_word' id='word_1_1662' title='bbox 1213 1844 1254 1870; x_wconf 84' lang='lat'>28,</span> <span class='ocrx_word' id='word_1_1663' title='bbox 1270 1844 1283 1868; x_wconf 83' lang='lat'>8</span> <span class='ocrx_word' id='word_1_1664' title='bbox 1299 1839 1317 1864; x_wconf 90' lang='lat' dir='ltr'>s.</span> <span class='ocrx_word' id='word_1_1665' title='bbox 1330 1846 1361 1874; x_wconf 83' lang='lat'>27</span> <span class='ocrx_word' id='word_1_1666' title='bbox 1381 1839 1556 1874; x_wconf 89' lang='lat' dir='ltr'>Tantumque</span> <span class='ocrx_word' id='word_1_1667' title='bbox 1569 1839 1605 1866; x_wconf 87' lang='lat' dir='ltr'>est</span> <span class='ocrx_word' id='word_1_1668' title='bbox 1617 1839 1755 1870; x_wconf 85' lang='lat' dir='ltr'>vanitatis,</span> <span class='ocrx_word' id='word_1_1669' title='bbox 1776 1845 1805 1864; x_wconf 92' lang='lat' dir='ltr'>vt</span> <span class='ocrx_word' id='word_1_1670' title='bbox 1816 1838 1833 1863; x_wconf 83' lang='lat' dir='ltr'>li</span> <span class='ocrx_word' id='word_1_1671' title='bbox 1848 1837 1880 1863; x_wconf 82' lang='lat' dir='ltr'>ad</span> <span class='ocrx_word' id='word_1_1672' title='bbox 1895 1837 2032 1863; x_wconf 87' lang='lat' dir='ltr'>brachium</span> <span class='ocrx_word' id='word_1_1673' title='bbox 2042 1837 2202 1872; x_wconf 73' lang='lat' dir='ltr'>adalligetur</span> <span class='ocrx_word' id='word_1_1674' title='bbox 2215 1840 2254 1865; x_wconf 91' lang='lat' dir='ltr'>su-</span> 
     </span>
     <span class='ocr_line' id='line_1_167' title="bbox 1212 1872 2254 1909; baseline 0 -9"><span class='ocrx_word' id='word_1_1675' title='bbox 1212 1874 1326 1909; x_wconf 83' lang='lat' dir='ltr'>perioris</span> <span class='ocrx_word' id='word_1_1676' title='bbox 1339 1875 1419 1901; x_wconf 81' lang='lat' dir='ltr'>rostri</span> <span class='ocrx_word' id='word_1_1677' title='bbox 1431 1874 1537 1902; x_wconf 86' lang='lat' dir='ltr'>dextrae</span> <span class='ocrx_word' id='word_1_1678' title='bbox 1552 1876 1632 1909; x_wconf 77' lang='lat' dir='ltr'>partis</span> <span class='ocrx_word' id='word_1_1679' title='bbox 1652 1878 1730 1905; x_wconf 79' lang='lat' dir='ltr'>dens,</span> <span class='ocrx_word' id='word_1_1680' title='bbox 1751 1872 1920 1898; x_wconf 89' lang='lat' dir='ltr'>iaculantium</span> <span class='ocrx_word' id='word_1_1681' title='bbox 1942 1872 2011 1898; x_wconf 58' lang='lat' dir='ltr'>ierus</span> <span class='ocrx_word' id='word_1_1682' title='bbox 2031 1872 2197 1899; x_wconf 86' lang='lat' dir='ltr'>deerraturos</span> <span class='ocrx_word' id='word_1_1683' title='bbox 2210 1883 2254 1900; x_wconf 88' lang='lat' dir='ltr'>ne-</span> 
     </span>
     <span class='ocr_line' id='line_1_168' title="bbox 1212 1907 2255 1944; baseline 0 -9"><span class='ocrx_word' id='word_1_1684' title='bbox 1212 1916 1282 1944; x_wconf 79' lang='lat' dir='ltr'>gent.</span> <span class='ocrx_word' id='word_1_1685' title='bbox 1352 1911 1493 1937; x_wconf 85' lang='lat' dir='ltr'>Deerrauit</span> <span class='ocrx_word' id='word_1_1686' title='bbox 1504 1920 1518 1937; x_wconf 86' lang='lat' dir='ltr'>a</span> <span class='ocrx_word' id='word_1_1687' title='bbox 1533 1917 1604 1944; x_wconf 84' lang='lat' dir='ltr'>patre</span> <span class='ocrx_word' id='word_1_1688' title='bbox 1618 1919 1684 1943; x_wconf 89' lang='lat' dir='ltr'>puer</span> <span class='ocrx_word' id='word_1_1689' title='bbox 1699 1909 1780 1935; x_wconf 91' lang='lat' dir='ltr'>Plaut.</span> <span class='ocrx_word' id='word_1_1690' title='bbox 1794 1907 1929 1933; x_wconf 86' lang='lat' dir='ltr'>Menaech.</span> <span class='ocrx_word' id='word_1_1691' title='bbox 1944 1916 1967 1939; x_wconf 82' lang='lat'>5,</span> <span class='ocrx_word' id='word_1_1692' title='bbox 1981 1916 2006 1939; x_wconf 89' lang='lat'>9,</span> <span class='ocrx_word' id='word_1_1693' title='bbox 2021 1915 2061 1941; x_wconf 76' lang='lat'>34.</span> <span class='ocrx_word' id='word_1_1694' title='bbox 2117 1909 2255 1942; x_wconf 78' lang='lat' dir='ltr'>Deerrare,</span> 
     </span>
     <span class='ocr_line' id='line_1_169' title="bbox 1213 1941 2255 1980; baseline 0.001 -10"><span class='ocrx_word' id='word_1_1695' title='bbox 1213 1945 1275 1971; x_wconf 76' lang='lat' dir='ltr'>idem</span> <span class='ocrx_word' id='word_1_1696' title='bbox 1288 1945 1353 1980; x_wconf 85' lang='lat' dir='ltr'>quod</span> <span class='ocrx_word' id='word_1_1697' title='bbox 1365 1947 1471 1972; x_wconf 80' lang='lat' dir='ltr'>Errare:</span> <span class='ocrx_word' id='word_1_1698' title='bbox 1491 1945 1623 1972; x_wconf 90' lang='lat' dir='ltr'>Columcl.</span> <span class='ocrx_word' id='word_1_1699' title='bbox 1639 1954 1659 1976; x_wconf 91' lang='lat'>1,</span> <span class='ocrx_word' id='word_1_1700' title='bbox 1671 1954 1700 1978; x_wconf 93' lang='lat'>4,</span> <span class='ocrx_word' id='word_1_1701' title='bbox 1714 1946 1731 1970; x_wconf 90' lang='lat'>6</span> <span class='ocrx_word' id='word_1_1702' title='bbox 1762 1943 1862 1969; x_wconf 88' lang='lat' dir='ltr'>Multos</span> <span class='ocrx_word' id='word_1_1703' title='bbox 1876 1943 1948 1968; x_wconf 86' lang='lat' dir='ltr'>enim</span> <span class='ocrx_word' id='word_1_1704' title='bbox 1963 1941 2105 1975; x_wconf 79' lang='lat' dir='ltr'>deerraffe,</span> <span class='ocrx_word' id='word_1_1705' title='bbox 2123 1945 2255 1971; x_wconf 86' lang='lat' dir='ltr'>memoria</span> 
     </span>
     <span class='ocr_line' id='line_1_170' title="bbox 1213 1976 2256 2014; baseline 0 -8"><span class='ocrx_word' id='word_1_1706' title='bbox 1213 1980 1350 2014; x_wconf 88' lang='lat' dir='ltr'>prodidit,</span> <span class='ocrx_word' id='word_1_1707' title='bbox 1367 1986 1396 2007; x_wconf 88' lang='lat' dir='ltr'>vt</span> <span class='ocrx_word' id='word_1_1708' title='bbox 1410 1981 1439 2006; x_wconf 90' lang='lat' dir='ltr'>L.</span> <span class='ocrx_word' id='word_1_1709' title='bbox 1454 1981 1609 2012; x_wconf 89' lang='lat' dir='ltr'>Lucullum,</span> <span class='ocrx_word' id='word_1_1710' title='bbox 1628 1986 1674 2005; x_wconf 79' lang='lat' dir='ltr'>etc.</span> <span class='ocrx_word' id='word_1_1711' title='bbox 1746 1979 1874 2004; x_wconf 83' lang='lat' dir='ltr'>Deerrare</span> <span class='ocrx_word' id='word_1_1712' title='bbox 1887 1976 1920 2002; x_wconf 86' lang='lat' dir='ltr'>ab</span> <span class='ocrx_word' id='word_1_1713' title='bbox 1927 1985 1970 2008; x_wconf 87' lang='lat' dir='ltr'>eo,</span> <span class='ocrx_word' id='word_1_1714' title='bbox 1983 1977 2055 2011; x_wconf 89' lang='lat' dir='ltr'>quod</span> <span class='ocrx_word' id='word_1_1715' title='bbox 2063 1979 2197 2012; x_wconf 87' lang='lat' dir='ltr'>coepimus</span> <span class='ocrx_word' id='word_1_1716' title='bbox 2211 1989 2256 2006; x_wconf 85' lang='lat' dir='ltr'>ex-</span> 
     </span>
     <span class='ocr_line' id='line_1_171' title="bbox 1213 2012 2255 2050; baseline -0.002 -8"><span class='ocrx_word' id='word_1_1717' title='bbox 1213 2024 1313 2050; x_wconf 88' lang='lat' dir='ltr'>ponere</span> <span class='ocrx_word' id='word_1_1718' title='bbox 1332 2016 1433 2042; x_wconf 66' lang='lat' dir='ltr'>Auctor</span> <span class='ocrx_word' id='word_1_1719' title='bbox 1444 2017 1476 2042; x_wconf 88' lang='lat' dir='ltr'>ad</span> <span class='ocrx_word' id='word_1_1720' title='bbox 1493 2017 1591 2042; x_wconf 87' lang='lat' dir='ltr'>Heren.</span> <span class='ocrx_word' id='word_1_1721' title='bbox 1607 2022 1625 2044; x_wconf 83' lang='lat'>1,</span> <span class='ocrx_word' id='word_1_1722' title='bbox 1641 2022 1671 2046; x_wconf 83' lang='lat'>¹4</span> <span class='ocrx_word' id='word_1_1723' title='bbox 1684 2022 1705 2038; x_wconf 88' lang='lat' dir='ltr'>c.</span> <span class='ocrx_word' id='word_1_1724' title='bbox 1721 2020 1745 2044; x_wconf 90' lang='lat'>9.</span> <span class='ocrx_word' id='word_1_1725' title='bbox 1819 2012 1962 2039; x_wconf 88' lang='lat' dir='ltr'>Deerrabat</span> <span class='ocrx_word' id='word_1_1726' title='bbox 1974 2013 2027 2039; x_wconf 84' lang='lat' dir='ltr'>sors</span> <span class='ocrx_word' id='word_1_1727' title='bbox 2042 2013 2073 2039; x_wconf 85' lang='lat' dir='ltr'>ad</span> <span class='ocrx_word' id='word_1_1728' title='bbox 2089 2023 2181 2047; x_wconf 88' lang='lat' dir='ltr'>parum</span> <span class='ocrx_word' id='word_1_1729' title='bbox 2196 2014 2255 2041; x_wconf 83' lang='lat' dir='ltr'>ido.</span> 
     </span>
     <span class='ocr_line' id='line_1_172' title="bbox 1212 2048 2255 2083; baseline 0 -7"><span class='ocrx_word' id='word_1_1730' title='bbox 1212 2059 1276 2076; x_wconf 87' lang='lat' dir='ltr'>neos</span> <span class='ocrx_word' id='word_1_1731' title='bbox 1303 2051 1394 2077; x_wconf 90' lang='lat' dir='ltr'>Tacit.</span> <span class='ocrx_word' id='word_1_1732' title='bbox 1409 2052 1477 2076; x_wconf 84' lang='lat' dir='ltr'>Anu.</span> <span class='ocrx_word' id='word_1_1733' title='bbox 1492 2059 1525 2082; x_wconf 80' lang='lat'>13,</span> <span class='ocrx_word' id='word_1_1734' title='bbox 1539 2058 1582 2082; x_wconf 88' lang='lat'>29,</span> <span class='ocrx_word' id='word_1_1735' title='bbox 1598 2057 1617 2074; x_wconf 81' lang='lat'>2.</span> <span class='ocrx_word' id='word_1_1736' title='bbox 1690 2048 1818 2074; x_wconf 87' lang='lat' dir='ltr'>Deerrare</span> <span class='ocrx_word' id='word_1_1737' title='bbox 1830 2048 1955 2073; x_wconf 85' lang='lat' dir='ltr'>sententia</span> <span class='ocrx_word' id='word_1_1738' title='bbox 1970 2054 1995 2073; x_wconf 84' lang='lat' dir='ltr'>et</span> <span class='ocrx_word' id='word_1_1739' title='bbox 2009 2049 2064 2074; x_wconf 84' lang='lat' dir='ltr'>visu</span> <span class='ocrx_word' id='word_1_1740' title='bbox 2083 2049 2214 2075; x_wconf 88' lang='lat' dir='ltr'>Columel.</span> <span class='ocrx_word' id='word_1_1741' title='bbox 2228 2059 2255 2083; x_wconf 89' lang='lat'>2,</span> 
     </span>
     <span class='ocr_line' id='line_1_173' title="bbox 1212 2083 2253 2118; baseline 0 -6"><span class='ocrx_word' id='word_1_1742' title='bbox 1212 2094 1237 2117; x_wconf 84' lang='lat'>2,</span> <span class='ocrx_word' id='word_1_1743' title='bbox 1253 2093 1287 2117; x_wconf 76' lang='grc' dir='ltr'>ις.</span> <span class='ocrx_word' id='word_1_1744' title='bbox 1323 2086 1466 2111; x_wconf 87' lang='lat' dir='ltr'>Deerrans:</span> <span class='ocrx_word' id='word_1_1745' title='bbox 1485 2086 1543 2111; x_wconf 86' lang='lat' dir='ltr'>Sen.</span> <span class='ocrx_word' id='word_1_1746' title='bbox 1557 2084 1636 2118; x_wconf 88' lang='lat' dir='ltr'>Epist.</span> <span class='ocrx_word' id='word_1_1747' title='bbox 1651 2090 1686 2118; x_wconf 93' lang='lat'>97</span> <span class='ocrx_word' id='word_1_1748' title='bbox 1706 2084 1810 2109; x_wconf 88' lang='lat' dir='ltr'>Artium</span> <span class='ocrx_word' id='word_1_1749' title='bbox 1823 2091 1924 2116; x_wconf 87' lang='lat' dir='ltr'>peccata</span> <span class='ocrx_word' id='word_1_1750' title='bbox 1932 2083 2068 2109; x_wconf 84' lang='lat' dir='ltr'>offendunt</span> <span class='ocrx_word' id='word_1_1751' title='bbox 2081 2084 2253 2113; x_wconf 84' lang='lat' dir='ltr'>deerrantem.</span> 
     </span>
    </p>

    <p class='ocr_par' dir='ltr' id='par_1_55' title="bbox 1249 2118 2219 2155">
     <span class='ocr_line' id='line_1_174' title="bbox 1249 2118 2219 2155; baseline 0.001 -9"><span class='ocrx_word' id='word_1_1752' title='bbox 1249 2126 1268 2146; x_wconf 91' lang='lat' dir='ltr'>D</span> <span class='ocrx_word' id='word_1_1753' title='bbox 1280 2127 1294 2146; x_wconf 78' lang='grc' dir='ltr'><strong><em>Ε</em></strong></span> <span class='ocrx_word' id='word_1_1754' title='bbox 1304 2126 1320 2145; x_wconf 78' lang='grc' dir='ltr'><strong><em>Ε</em></strong></span> <span class='ocrx_word' id='word_1_1755' title='bbox 1331 2122 1408 2146; x_wconf 65' lang='grc' dir='ltr'>ΚΚᾹ</span> <span class='ocrx_word' id='word_1_1756' title='bbox 1418 2126 1439 2146; x_wconf 92' lang='lat' dir='ltr'>T</span> <span class='ocrx_word' id='word_1_1757' title='bbox 1448 2128 1468 2146; x_wconf 92' lang='lat' dir='ltr'>V</span> <span class='ocrx_word' id='word_1_1758' title='bbox 1478 2126 1518 2151; x_wconf 87' lang='lat' dir='ltr'>M,</span> <span class='ocrx_word' id='word_1_1759' title='bbox 1535 2120 1553 2145; x_wconf 93' lang='lat' dir='ltr'>i.</span> <span class='ocrx_word' id='word_1_1760' title='bbox 1570 2129 1595 2146; x_wconf 93' lang='lat' dir='ltr'>n.</span> <span class='ocrx_word' id='word_1_1761' title='bbox 1622 2120 1756 2146; x_wconf 79' lang='lat' dir='ltr'>Tribuimr</span> <span class='ocrx_word' id='word_1_1762' title='bbox 1769 2118 1891 2153; x_wconf 89' lang='lat' dir='ltr'>Apuleio.</span> <span class='ocrx_word' id='word_1_1763' title='bbox 1928 2121 2013 2155; x_wconf 78' lang='lat' dir='ltr'>Negat</span> <span class='ocrx_word' id='word_1_1764' title='bbox 2026 2120 2099 2146; x_wconf 72' lang='lat' dir='ltr'>index</span> <span class='ocrx_word' id='word_1_1765' title='bbox 2115 2121 2219 2147; x_wconf 75' lang='lat' dir='ltr'>Ftomdi.</span> 
     </span>
    </p>

    <p class='ocr_par' dir='ltr' id='par_1_56' title="bbox 1247 2154 2078 2188">
     <span class='ocr_line' id='line_1_175' title="bbox 1247 2154 2078 2188; baseline -0.004 -6"><span class='ocrx_word' id='word_1_1766' title='bbox 1247 2161 1497 2188; x_wconf 79' lang='lat' dir='ltr'>DEERRATIO,</span> <span class='ocrx_word' id='word_1_1767' title='bbox 1515 2156 1583 2181; x_wconf 71' lang='lat' dir='ltr'>onis.</span> <span class='ocrx_word' id='word_1_1768' title='bbox 1602 2155 1621 2180; x_wconf 90' lang='lat' dir='ltr'>f.</span> <span class='ocrx_word' id='word_1_1769' title='bbox 1659 2154 1795 2188; x_wconf 83' lang='lat' dir='ltr'>Augustin.</span> <span class='ocrx_word' id='word_1_1770' title='bbox 1833 2173 1839 2180; x_wconf 95' lang='lat'>.</span> <span class='ocrx_word' id='word_1_1771' title='bbox 1874 2173 1881 2180; x_wconf 98' lang='lat'>.</span> <span class='ocrx_word' id='word_1_1772' title='bbox 2034 2176 2037 2177; x_wconf 23' lang='lat'><em>⁷</em></span> <span class='ocrx_word' id='word_1_1773' title='bbox 2074 2169 2078 2172; x_wconf 47' lang='grc' dir='ltr'><em>ι</em></span> 
     </span>
    </p>

    <p class='ocr_par' dir='ltr' id='par_1_57' title="bbox 1249 2189 1920 2223">
     <span class='ocr_line' id='line_1_176' title="bbox 1249 2189 1920 2223; baseline -0.006 -5"><span class='ocrx_word' id='word_1_1774' title='bbox 1249 2193 1585 2223; x_wconf 75' lang='lat' dir='ltr'>DEERRABVNDVS,</span> <span class='ocrx_word' id='word_1_1775' title='bbox 1604 2199 1634 2222; x_wconf 89' lang='lat' dir='ltr'>a,</span> <span class='ocrx_word' id='word_1_1776' title='bbox 1655 2199 1709 2216; x_wconf 86' lang='lat' dir='ltr'>um.</span> <span class='ocrx_word' id='word_1_1777' title='bbox 1746 2189 1806 2216; x_wconf 90' lang='lat' dir='ltr'>Adi.</span> <span class='ocrx_word' id='word_1_1778' title='bbox 1844 2189 1920 2215; x_wconf 85' lang='lat' dir='ltr'>Idem.</span> 
     </span>
    </p>

    <p class='ocr_par' dir='ltr' id='par_1_58' title="bbox 1208 2222 2254 2332">
     <span class='ocr_line' id='line_1_177' title="bbox 1249 2222 2254 2259; baseline -0.001 -6"><span class='ocrx_word' id='word_1_1779' title='bbox 1249 2233 1267 2253; x_wconf 88' lang='lat' dir='ltr'><strong>D</strong></span> <span class='ocrx_word' id='word_1_1780' title='bbox 1278 2233 1357 2253; x_wconf 69' lang='lat'>121381</span> <span class='ocrx_word' id='word_1_1781' title='bbox 1369 2232 1397 2258; x_wconf 81' lang='lat' dir='ltr'>S,</span> <span class='ocrx_word' id='word_1_1782' title='bbox 1416 2227 1446 2252; x_wconf 88' lang='lat' dir='ltr'>is.</span> <span class='ocrx_word' id='word_1_1783' title='bbox 1464 2227 1484 2252; x_wconf 88' lang='lat' dir='ltr'>f.</span> <span class='ocrx_word' id='word_1_1784' title='bbox 1506 2222 1507 2225; x_wconf 72' lang='grc'>’</span> <span class='ocrx_word' id='word_1_1785' title='bbox 1522 2224 1635 2259; x_wconf 69' lang='grc' dir='ltr'>[δέησις]</span> <span class='ocrx_word' id='word_1_1786' title='bbox 1671 2223 1772 2258; x_wconf 72' lang='lat' dir='ltr'>DeeGS,</span> <span class='ocrx_word' id='word_1_1787' title='bbox 1798 2224 1864 2259; x_wconf 84' lang='lat' dir='ltr'>apud</span> <span class='ocrx_word' id='word_1_1788' title='bbox 1880 2224 1978 2251; x_wconf 88' lang='lat' dir='ltr'>Iulium</span> <span class='ocrx_word' id='word_1_1789' title='bbox 1998 2224 2168 2252; x_wconf 82' lang='lat' dir='ltr'>Rufinianum</span> <span class='ocrx_word' id='word_1_1790' title='bbox 2184 2226 2254 2252; x_wconf 82' lang='lat' dir='ltr'>inter</span> 
     </span>
     <span class='ocr_line' id='line_1_178' title="bbox 1210 2260 2253 2296; baseline 0.001 -9"><span class='ocrx_word' id='word_1_1791' title='bbox 1210 2261 1305 2296; x_wconf 85' lang='lat' dir='ltr'>figuras</span> <span class='ocrx_word' id='word_1_1792' title='bbox 1321 2262 1525 2292; x_wconf 85' lang='lat' dir='ltr'>sententiarum,</span> <span class='ocrx_word' id='word_1_1793' title='bbox 1546 2261 1581 2287; x_wconf 89' lang='lat' dir='ltr'>est</span> <span class='ocrx_word' id='word_1_1794' title='bbox 1594 2261 1750 2287; x_wconf 85' lang='lat' dir='ltr'>Obsecratio</span> <span class='ocrx_word' id='word_1_1795' title='bbox 1764 2260 1806 2286; x_wconf 90' lang='lat' dir='ltr'>vel</span> <span class='ocrx_word' id='word_1_1796' title='bbox 1820 2260 1983 2294; x_wconf 84' lang='lat' dir='ltr'>Obtestatio‚</span> <span class='ocrx_word' id='word_1_1797' title='bbox 2003 2270 2053 2295; x_wconf 73' lang='lat' dir='ltr'>qua</span> <span class='ocrx_word' id='word_1_1798' title='bbox 2068 2260 2131 2286; x_wconf 77' lang='lat' dir='ltr'>deos</span> <span class='ocrx_word' id='word_1_1799' title='bbox 2147 2270 2253 2288; x_wconf 71' lang='lat' dir='ltr'>oramus</span> 
     </span>
     <span class='ocr_line' id='line_1_179' title="bbox 1208 2296 2141 2332; baseline 0 -8"><span class='ocrx_word' id='word_1_1800' title='bbox 1208 2297 1252 2324; x_wconf 89' lang='lat' dir='ltr'>vel</span> <span class='ocrx_word' id='word_1_1801' title='bbox 1265 2297 1395 2324; x_wconf 81' lang='lat' dir='ltr'>homines.</span> <span class='ocrx_word' id='word_1_1802' title='bbox 1429 2299 1462 2324; x_wconf 83' lang='lat' dir='ltr'>Et</span> <span class='ocrx_word' id='word_1_1803' title='bbox 1472 2298 1574 2323; x_wconf 82' lang='lat' dir='ltr'>Latinis</span> <span class='ocrx_word' id='word_1_1804' title='bbox 1585 2298 1669 2323; x_wconf 73' lang='lat' dir='ltr'>literis</span> <span class='ocrx_word' id='word_1_1805' title='bbox 1675 2296 1800 2332; x_wconf 51' lang='lat' dir='ltr'>‚scribitur</span> <span class='ocrx_word' id='word_1_1806' title='bbox 1813 2299 1840 2322; x_wconf 83' lang='lat' dir='ltr'>in</span> <span class='ocrx_word' id='word_1_1807' title='bbox 1852 2296 1910 2322; x_wconf 76' lang='lat' dir='ltr'>edic.</span> <span class='ocrx_word' id='word_1_1808' title='bbox 1946 2297 2044 2322; x_wconf 81' lang='lat' dir='ltr'>Pithoei</span> <span class='ocrx_word' id='word_1_1809' title='bbox 2056 2303 2086 2331; x_wconf 75' lang='lat' dir='ltr'>p.</span> <span class='ocrx_word' id='word_1_1810' title='bbox 2102 2305 2141 2331; x_wconf 79' lang='lat'>²7·</span> 
     </span>
    </p>
   </div>
   <div class='ocr_carea' id='block_1_44' title="bbox 1588 2369 1863 2401">
    <p class='ocr_par' dir='ltr' id='par_1_59' title="bbox 1588 2369 1863 2401">
     <span class='ocr_line' id='line_1_180' title="bbox 1588 2369 1863 2401; baseline 0 -1"><span class='ocrx_word' id='word_1_1811' title='bbox 1588 2370 1618 2400; x_wconf 93' lang='lat' dir='ltr'>D</span> <span class='ocrx_word' id='word_1_1812' title='bbox 1715 2370 1742 2401; x_wconf 90' lang='lat' dir='ltr'>E</span> <span class='ocrx_word' id='word_1_1813' title='bbox 1840 2369 1863 2400; x_wconf 92' lang='lat' dir='ltr'>F</span> 
     </span>
    </p>
   </div>
   <div class='ocr_carea' id='block_1_45' title="bbox 1207 2436 2252 2611">
    <p class='ocr_par' dir='ltr' id='par_1_60' title="bbox 1207 2436 2252 2611">
     <span class='ocr_line' id='line_1_181' title="bbox 1245 2436 2252 2474; baseline -0.002 -8"><span class='ocrx_word' id='word_1_1814' title='bbox 1245 2445 1264 2465; x_wconf 90' lang='lat' dir='ltr'>D</span> <span class='ocrx_word' id='word_1_1815' title='bbox 1274 2445 1291 2466; x_wconf 84' lang='lat' dir='ltr'>E</span> <span class='ocrx_word' id='word_1_1816' title='bbox 1303 2445 1400 2466; x_wconf 85' lang='lat' dir='ltr'>FAEC</span> <span class='ocrx_word' id='word_1_1817' title='bbox 1410 2445 1445 2470; x_wconf 93' lang='lat' dir='ltr'>o,</span> <span class='ocrx_word' id='word_1_1818' title='bbox 1469 2443 1521 2466; x_wconf 64' lang='lat' dir='ltr'>are.</span> <span class='ocrx_word' id='word_1_1819' title='bbox 1557 2439 1570 2474; x_wconf 92' lang='lat'>[</span> <span class='ocrx_word' id='word_1_1820' title='bbox 1585 2436 1707 2473; x_wconf 70' lang='grc' dir='ltr'>ὃιυλίζω]</span> <span class='ocrx_word' id='word_1_1821' title='bbox 1747 2439 1776 2465; x_wconf 88' lang='grc' dir='ltr'><em>Α</em></span> <span class='ocrx_word' id='word_1_1822' title='bbox 1786 2438 1905 2473; x_wconf 77' lang='lat' dir='ltr'>faecibus</span> <span class='ocrx_word' id='word_1_1823' title='bbox 1916 2444 2036 2472; x_wconf 77' lang='lat' dir='ltr'>purgare.</span> <span class='ocrx_word' id='word_1_1824' title='bbox 2071 2436 2148 2463; x_wconf 68' lang='lat' dir='ltr'>Plin.⁴</span> <span class='ocrx_word' id='word_1_1825' title='bbox 2162 2442 2198 2470; x_wconf 89' lang='lat'>18,</span> <span class='ocrx_word' id='word_1_1826' title='bbox 2219 2439 2252 2464; x_wconf 85' lang='lat'>26</span> 
     </span>
     <span class='ocr_line' id='line_1_182' title="bbox 1208 2471 2250 2508; baseline -0.003 -6"><span class='ocrx_word' id='word_1_1827' title='bbox 1208 2475 1227 2501; x_wconf 92' lang='lat' dir='ltr'>s.</span> <span class='ocrx_word' id='word_1_1828' title='bbox 1242 2477 1272 2508; x_wconf 81' lang='lat'>63</span> <span class='ocrx_word' id='word_1_1829' title='bbox 1293 2475 1341 2501; x_wconf 86' lang='lat' dir='ltr'>Per</span> <span class='ocrx_word' id='word_1_1830' title='bbox 1352 2474 1474 2501; x_wconf 84' lang='lat' dir='ltr'>brumam</span> <span class='ocrx_word' id='word_1_1831' title='bbox 1494 2476 1576 2502; x_wconf 88' lang='lat' dir='ltr'>vitem</span> <span class='ocrx_word' id='word_1_1832' title='bbox 1599 2484 1632 2501; x_wconf 88' lang='lat' dir='ltr'>ne</span> <span class='ocrx_word' id='word_1_1833' title='bbox 1652 2475 1748 2500; x_wconf 88' lang='lat' dir='ltr'>colito:</span> <span class='ocrx_word' id='word_1_1834' title='bbox 1767 2475 1828 2499; x_wconf 85' lang='lat' dir='ltr'>vina</span> <span class='ocrx_word' id='word_1_1835' title='bbox 1843 2479 1929 2498; x_wconf 86' lang='lat' dir='ltr'>tamen</span> <span class='ocrx_word' id='word_1_1836' title='bbox 1942 2471 2088 2503; x_wconf 82' lang='lat' dir='ltr'>defaecari,</span> <span class='ocrx_word' id='word_1_1837' title='bbox 2107 2473 2184 2498; x_wconf 86' lang='lat' dir='ltr'>etiam</span> <span class='ocrx_word' id='word_1_1838' title='bbox 2199 2473 2250 2499; x_wconf 88' lang='lat' dir='ltr'>dif-</span> 
     </span>
     <span class='ocr_line' id='line_1_183' title="bbox 1207 2507 2250 2544; baseline -0.003 -7"><span class='ocrx_word' id='word_1_1839' title='bbox 1207 2511 1286 2537; x_wconf 89' lang='lat' dir='ltr'>fundi</span> <span class='ocrx_word' id='word_1_1840' title='bbox 1306 2511 1427 2544; x_wconf 83' lang='lat' dir='ltr'>Hyginus</span> <span class='ocrx_word' id='word_1_1841' title='bbox 1447 2510 1545 2536; x_wconf 83' lang='lat' dir='ltr'>suadet.</span> <span class='ocrx_word' id='word_1_1842' title='bbox 1582 2510 1687 2535; x_wconf 88' lang='lat' dir='ltr'>Colum.</span> <span class='ocrx_word' id='word_1_1843' title='bbox 1703 2508 1745 2533; x_wconf 82' lang='lat' dir='ltr'>lib.</span> <span class='ocrx_word' id='word_1_1844' title='bbox 1761 2509 1806 2532; x_wconf 77' lang='lat' dir='ltr'>vlt.</span> <span class='ocrx_word' id='word_1_1845' title='bbox 1826 2507 1857 2533; x_wconf 86' lang='lat' dir='ltr'>Et</span> <span class='ocrx_word' id='word_1_1846' title='bbox 1872 2507 2033 2532; x_wconf 86' lang='lat' dir='ltr'>defaecatum</span> <span class='ocrx_word' id='word_1_1847' title='bbox 2048 2508 2140 2533; x_wconf 89' lang='lat' dir='ltr'>vinum</span> <span class='ocrx_word' id='word_1_1848' title='bbox 2156 2509 2182 2533; x_wconf 89' lang='lat' dir='ltr'>in</span> <span class='ocrx_word' id='word_1_1849' title='bbox 2196 2517 2250 2534; x_wconf 90' lang='lat' dir='ltr'>am-</span> 
     </span>
     <span class='ocr_line' id='line_1_184' title="bbox 1207 2542 2251 2581; baseline -0.002 -9"><span class='ocrx_word' id='word_1_1850' title='bbox 1207 2546 1302 2581; x_wconf 86' lang='lat' dir='ltr'>phoras</span> <span class='ocrx_word' id='word_1_1851' title='bbox 1319 2546 1400 2571; x_wconf 81' lang='lat' dir='ltr'>bonas</span> <span class='ocrx_word' id='word_1_1852' title='bbox 1416 2545 1534 2571; x_wconf 88' lang='lat' dir='ltr'>adiicito.</span> <span class='ocrx_word' id='word_1_1853' title='bbox 1572 2544 1647 2578; x_wconf 84' lang='lat' dir='ltr'>Conf.</span> <span class='ocrx_word' id='word_1_1854' title='bbox 1666 2542 1744 2576; x_wconf 89' lang='lat' dir='ltr'>Apul.</span> <span class='ocrx_word' id='word_1_1855' title='bbox 1758 2543 1822 2568; x_wconf 88' lang='lat' dir='ltr'>Met.</span> <span class='ocrx_word' id='word_1_1856' title='bbox 1843 2550 1859 2573; x_wconf 91' lang='lat'>9</span> <span class='ocrx_word' id='word_1_1857' title='bbox 1873 2550 1897 2575; x_wconf 90' lang='lat' dir='ltr'>p.</span> <span class='ocrx_word' id='word_1_1858' title='bbox 1911 2549 1973 2575; x_wconf 83' lang='lat'>227,</span> <span class='ocrx_word' id='word_1_1859' title='bbox 1994 2550 2020 2573; x_wconf 89' lang='lat'>19</span> <span class='ocrx_word' id='word_1_1860' title='bbox 2049 2542 2116 2568; x_wconf 82' lang='lat' dir='ltr'>Vina</span> <span class='ocrx_word' id='word_1_1861' title='bbox 2136 2544 2251 2577; x_wconf 86' lang='lat' dir='ltr'>pretiosa</span> 
     </span>
     <span class='ocr_line' id='line_1_185' title="bbox 1207 2577 2249 2611; baseline -0.002 -4"><span class='ocrx_word' id='word_1_1862' title='bbox 1207 2581 1333 2607; x_wconf 86' lang='lat' dir='ltr'>defaecat.</span> <span class='ocrx_word' id='word_1_1863' title='bbox 1374 2580 1432 2606; x_wconf 84' lang='lat' dir='ltr'>Vid.</span> <span class='ocrx_word' id='word_1_1864' title='bbox 1454 2579 1562 2605; x_wconf 80' lang='lat' dir='ltr'>Elmenh.</span> <span class='ocrx_word' id='word_1_1865' title='bbox 1591 2578 1638 2606; x_wconf 78' lang='lat' dir='ltr'>Sed</span> <span class='ocrx_word' id='word_1_1866' title='bbox 1655 2578 1780 2604; x_wconf 79' lang='lat' dir='ltr'>Defaecat</span> <span class='ocrx_word' id='word_1_1867' title='bbox 1799 2579 1888 2603; x_wconf 74' lang='lat' dir='ltr'>aerem</span> <span class='ocrx_word' id='word_1_1868' title='bbox 1915 2578 1980 2611; x_wconf 79' lang='lat' dir='ltr'>Veg.</span> <span class='ocrx_word' id='word_1_1869' title='bbox 1995 2577 2108 2604; x_wconf 87' lang='lat' dir='ltr'>Mulom.</span> <span class='ocrx_word' id='word_1_1870' title='bbox 2125 2587 2146 2610; x_wconf 88' lang='lat'>1,</span> <span class='ocrx_word' id='word_1_1871' title='bbox 2169 2588 2208 2610; x_wconf 84' lang='lat'>20,</span> <span class='ocrx_word' id='word_1_1872' title='bbox 2226 2587 2249 2611; x_wconf 81' lang='lat'>3.</span> 
     </span>
    </p>
   </div>
   <div class='ocr_carea' id='block_1_46' title="bbox 1205 2616 2248 2680">
    <p class='ocr_par' dir='ltr' id='par_1_61' title="bbox 1205 2616 2248 2680">
     <span class='ocr_line' id='line_1_186' title="bbox 1205 2616 2248 2680; baseline -0.001 -4"><span class='ocrx_word' id='word_1_1873' title='bbox 1205 2616 1235 2642; x_wconf 62' lang='lat' dir='ltr'>de</span> <span class='ocrx_word' id='word_1_1874' title='bbox 1243 2617 1286 2676; x_wconf 40' lang='lat' dir='ltr'>iffi:</span> <span class='ocrx_word' id='word_1_1875' title='bbox 1297 2623 1368 2676; x_wconf 39' lang='lat' dir='ltr'>FliiE</span> <span class='ocrx_word' id='word_1_1876' title='bbox 1376 2654 1393 2675; x_wconf 91' lang='lat' dir='ltr'>C</span> <span class='ocrx_word' id='word_1_1877' title='bbox 1402 2650 1452 2675; x_wconf 78' lang='grc' dir='ltr'>ᾸΤ</span> <span class='ocrx_word' id='word_1_1878' title='bbox 1461 2655 1482 2674; x_wconf 83' lang='grc' dir='ltr'><strong><em>ν</em></strong></span> <span class='ocrx_word' id='word_1_1879' title='bbox 1491 2656 1513 2679; x_wconf 88' lang='lat' dir='ltr'>s,</span> <span class='ocrx_word' id='word_1_1880' title='bbox 1525 2657 1551 2680; x_wconf 88' lang='lat' dir='ltr'>a,</span> <span class='ocrx_word' id='word_1_1881' title='bbox 1564 2656 1618 2673; x_wconf 89' lang='lat' dir='ltr'>um.</span> <span class='ocrx_word' id='word_1_1882' title='bbox 1638 2646 1732 2673; x_wconf 84' lang='lat' dir='ltr'>Partic.</span> <span class='ocrx_word' id='word_1_1883' title='bbox 1751 2647 1859 2679; x_wconf 89' lang='lat' dir='ltr'>Purum,</span> <span class='ocrx_word' id='word_1_1884' title='bbox 1873 2646 2037 2673; x_wconf 85' lang='lat' dir='ltr'>inturbatmn</span> <span class='ocrx_word' id='word_1_1885' title='bbox 2045 2667 2054 2680; x_wconf 89' lang='lat'>,</span> <span class='ocrx_word' id='word_1_1886' title='bbox 2062 2647 2088 2674; x_wconf 80' lang='lat' dir='ltr'>et</span> <span class='ocrx_word' id='word_1_1887' title='bbox 2101 2648 2153 2674; x_wconf 84' lang='lat' dir='ltr'>fine</span> <span class='ocrx_word' id='word_1_1888' title='bbox 2166 2647 2248 2675; x_wconf 88' lang='lat' dir='ltr'>sordi-</span> 
     </span>
    </p>
   </div>
   <div class='ocr_carea' id='block_1_47' title="bbox 1206 2682 2249 2755">
    <p class='ocr_par' dir='ltr' id='par_1_62' title="bbox 1206 2682 2249 2755">
     <span class='ocr_line' id='line_1_187' title="bbox 1206 2682 2249 2719; baseline -0.002 -7"><span class='ocrx_word' id='word_1_1889' title='bbox 1206 2685 1256 2712; x_wconf 86' lang='lat' dir='ltr'>bus</span> <span class='ocrx_word' id='word_1_1890' title='bbox 1277 2686 1408 2719; x_wconf 79' lang='lat' dir='ltr'>poss&#39;umus</span> <span class='ocrx_word' id='word_1_1891' title='bbox 1426 2683 1531 2715; x_wconf 84' lang='lat' dir='ltr'>dicere,</span> <span class='ocrx_word' id='word_1_1892' title='bbox 1562 2686 1644 2717; x_wconf 79' lang='lat' dir='ltr'>inquit</span> <span class='ocrx_word' id='word_1_1893' title='bbox 1663 2682 1770 2708; x_wconf 90' lang='lat' dir='ltr'>Nouius</span> <span class='ocrx_word' id='word_1_1894' title='bbox 1791 2684 1823 2714; x_wconf 79' lang='lat'>6,</span> <span class='ocrx_word' id='word_1_1895' title='bbox 1842 2689 1874 2716; x_wconf 82' lang='lat'>37</span> <span class='ocrx_word' id='word_1_1896' title='bbox 1907 2689 1936 2709; x_wconf 86' lang='lat' dir='ltr'>vt</span> <span class='ocrx_word' id='word_1_1897' title='bbox 1955 2683 2055 2708; x_wconf 88' lang='lat' dir='ltr'>Vinum</span> <span class='ocrx_word' id='word_1_1898' title='bbox 2076 2683 2249 2717; x_wconf 79' lang='lat' dir='ltr'>defaecatum,</span> 
     </span>
     <span class='ocr_line' id='line_1_188' title="bbox 1206 2718 2249 2755; baseline -0.002 -10"><span class='ocrx_word' id='word_1_1899' title='bbox 1206 2720 1279 2754; x_wconf 72' lang='lat' dir='ltr'>Qod</span> <span class='ocrx_word' id='word_1_1900' title='bbox 1292 2718 1386 2752; x_wconf 62' lang='lat' dir='ltr'>estsine</span> <span class='ocrx_word' id='word_1_1901' title='bbox 1393 2718 1519 2755; x_wconf 72' lang='lat' dir='ltr'>sordibus.</span> <span class='ocrx_word' id='word_1_1902' title='bbox 1568 2719 1637 2744; x_wconf 73' lang='lat' dir='ltr'>Him-</span> <span class='ocrx_word' id='word_1_1903' title='bbox 1649 2718 1803 2744; x_wconf 86' lang='lat' dir='ltr'>Defaecatus</span> <span class='ocrx_word' id='word_1_1904' title='bbox 1816 2720 1918 2744; x_wconf 84' lang='lat' dir='ltr'>animus</span> <span class='ocrx_word' id='word_1_1905' title='bbox 1927 2738 1935 2750; x_wconf 88' lang='lat'>,</span> <span class='ocrx_word' id='word_1_1906' title='bbox 1951 2725 1997 2753; x_wconf 78' lang='lat' dir='ltr'>per</span> <span class='ocrx_word' id='word_1_1907' title='bbox 2009 2720 2197 2745; x_wconf 77' lang='lat' dir='ltr'>translationem</span> <span class='ocrx_word' id='word_1_1908' title='bbox 2210 2720 2249 2746; x_wconf 87' lang='lat' dir='ltr'>di.</span> 
     </span>
    </p>
   </div>
   <div class='ocr_carea' id='block_1_48' title="bbox 1205 2753 2248 2860">
    <p class='ocr_par' dir='ltr' id='par_1_63' title="bbox 1205 2753 2248 2860">
     <span class='ocr_line' id='line_1_189' title="bbox 1205 2753 2246 2789; baseline 0.002 -9"><span class='ocrx_word' id='word_1_1909' title='bbox 1205 2758 1285 2785; x_wconf 84' lang='lat' dir='ltr'>citur,</span> <span class='ocrx_word' id='word_1_1910' title='bbox 1313 2755 1393 2780; x_wconf 78' lang='lat' dir='ltr'>Purus</span> <span class='ocrx_word' id='word_1_1911' title='bbox 1414 2760 1437 2780; x_wconf 79' lang='lat' dir='ltr'>et</span> <span class='ocrx_word' id='word_1_1912' title='bbox 1459 2756 1525 2780; x_wconf 82' lang='lat' dir='ltr'>omni</span> <span class='ocrx_word' id='word_1_1913' title='bbox 1542 2756 1697 2785; x_wconf 65' lang='lat' dir='ltr'>anxietatum</span> <span class='ocrx_word' id='word_1_1914' title='bbox 1718 2761 1740 2778; x_wconf 85' lang='lat' dir='ltr'>et</span> <span class='ocrx_word' id='word_1_1915' title='bbox 1762 2753 1870 2780; x_wconf 83' lang='lat' dir='ltr'>dolorum</span> <span class='ocrx_word' id='word_1_1916' title='bbox 1885 2753 1960 2789; x_wconf 79' lang='lat' dir='ltr'>fiere</span> <span class='ocrx_word' id='word_1_1917' title='bbox 1979 2763 2079 2780; x_wconf 75' lang='lat' dir='ltr'>vacuus.</span> <span class='ocrx_word' id='word_1_1918' title='bbox 2165 2756 2246 2782; x_wconf 79' lang='lat' dir='ltr'>Plaut-</span> 
     </span>
     <span class='ocr_line' id='line_1_190' title="bbox 1206 2788 2248 2823; baseline 0.002 -8"><span class='ocrx_word' id='word_1_1919' title='bbox 1206 2789 1296 2816; x_wconf 83' lang='lat' dir='ltr'>Aulul.</span> <span class='ocrx_word' id='word_1_1920' title='bbox 1309 2798 1327 2821; x_wconf 87' lang='lat'>1,</span> <span class='ocrx_word' id='word_1_1921' title='bbox 1340 2797 1366 2822; x_wconf 82' lang='lat'>2,</span> <span class='ocrx_word' id='word_1_1922' title='bbox 1381 2798 1390 2815; x_wconf 90' lang='lat'>1</span> <span class='ocrx_word' id='word_1_1923' title='bbox 1419 2788 1497 2815; x_wconf 87' lang='lat' dir='ltr'>Nunc</span> <span class='ocrx_word' id='word_1_1924' title='bbox 1509 2788 1645 2815; x_wconf 86' lang='lat' dir='ltr'>defaecato</span> <span class='ocrx_word' id='word_1_1925' title='bbox 1659 2788 1765 2814; x_wconf 86' lang='lat' dir='ltr'>demum</span> <span class='ocrx_word' id='word_1_1926' title='bbox 1779 2789 1869 2814; x_wconf 87' lang='lat' dir='ltr'>animo</span> <span class='ocrx_word' id='word_1_1927' title='bbox 1882 2788 2101 2823; x_wconf 78' lang='lat' dir='ltr'>egrediordomo.</span> <span class='ocrx_word' id='word_1_1928' title='bbox 2173 2791 2248 2817; x_wconf 82' lang='lat' dir='ltr'>Ideni</span> 
     </span>
     <span class='ocr_line' id='line_1_191' title="bbox 1205 2823 2247 2860; baseline 0.002 -9"><span class='ocrx_word' id='word_1_1929' title='bbox 1205 2825 1309 2852; x_wconf 86' lang='lat' dir='ltr'>Mostel.</span> <span class='ocrx_word' id='word_1_1930' title='bbox 1329 2833 1349 2857; x_wconf 88' lang='lat'>1,</span> <span class='ocrx_word' id='word_1_1931' title='bbox 1368 2832 1397 2857; x_wconf 76' lang='lat'>3,</span> <span class='ocrx_word' id='word_1_1932' title='bbox 1417 2833 1438 2850; x_wconf 88' lang='lat'>2.</span> <span class='ocrx_word' id='word_1_1933' title='bbox 1493 2825 1594 2852; x_wconf 85' lang='lat' dir='ltr'>Literas</span> <span class='ocrx_word' id='word_1_1934' title='bbox 1614 2823 1784 2851; x_wconf 85' lang='lat' dir='ltr'>defaecandas</span> <span class='ocrx_word' id='word_1_1935' title='bbox 1816 2823 1905 2851; x_wconf 84' lang='lat' dir='ltr'>Sidon.</span> <span class='ocrx_word' id='word_1_1936' title='bbox 1925 2825 1970 2860; x_wconf 89' lang='lat' dir='ltr'>Ep.</span> <span class='ocrx_word' id='word_1_1937' title='bbox 1992 2833 2011 2857; x_wconf 88' lang='lat'>1,</span> <span class='ocrx_word' id='word_1_1938' title='bbox 2030 2833 2049 2851; x_wconf 90' lang='lat'>1.</span> <span class='ocrx_word' id='word_1_1939' title='bbox 2107 2826 2247 2853; x_wconf 85' lang='lat' dir='ltr'>Defaecata</span> 
     </span>
    </p>
   </div>
   <div class='ocr_carea' id='block_1_49' title="bbox 1199 2859 2246 3853">
    <p class='ocr_par' dir='ltr' id='par_1_64' title="bbox 1205 2859 1708 2894">
     <span class='ocr_line' id='line_1_192' title="bbox 1205 2859 1708 2894; baseline 0 -7"><span class='ocrx_word' id='word_1_1940' title='bbox 1205 2867 1293 2887; x_wconf 88' lang='lat' dir='ltr'>mente</span> <span class='ocrx_word' id='word_1_1941' title='bbox 1321 2859 1440 2886; x_wconf 85' lang='lat' dir='ltr'>Macrob.</span> <span class='ocrx_word' id='word_1_1942' title='bbox 1452 2860 1540 2886; x_wconf 84' lang='lat' dir='ltr'>Somn.</span> <span class='ocrx_word' id='word_1_1943' title='bbox 1554 2860 1619 2894; x_wconf 86' lang='lat' dir='ltr'>Scip.</span> <span class='ocrx_word' id='word_1_1944' title='bbox 1634 2868 1657 2890; x_wconf 83' lang='lat'>2,</span> <span class='ocrx_word' id='word_1_1945' title='bbox 1674 2868 1708 2887; x_wconf 78' lang='lat'>12.</span> 
     </span>
    </p>

    <p class='ocr_par' dir='ltr' id='par_1_65' title="bbox 1240 2895 1782 2923">
     <span class='ocr_line' id='line_1_193' title="bbox 1240 2895 1782 2923; baseline -0.004 0"><span class='ocrx_word' id='word_1_1946' title='bbox 1240 2902 1486 2923; x_wconf 79' lang='lat' dir='ltr'>DEFAECATE.</span> <span class='ocrx_word' id='word_1_1947' title='bbox 1522 2895 1590 2922; x_wconf 81' lang='lat' dir='ltr'>Adu.</span> <span class='ocrx_word' id='word_1_1948' title='bbox 1626 2896 1694 2923; x_wconf 87' lang='lat' dir='ltr'>Cels.</span> <span class='ocrx_word' id='word_1_1949' title='bbox 1731 2915 1737 2921; x_wconf 92' lang='lat'>.</span> <span class='ocrx_word' id='word_1_1950' title='bbox 1775 2915 1782 2921; x_wconf 98' lang='lat'>.</span> 
     </span>
    </p>

    <p class='ocr_par' dir='ltr' id='par_1_66' title="bbox 1207 2929 2246 3002">
     <span class='ocr_line' id='line_1_194' title="bbox 1243 2929 2246 2967; baseline -0.003 -8"><span class='ocrx_word' id='word_1_1951' title='bbox 1243 2938 1261 2958; x_wconf 88' lang='lat' dir='ltr'>D</span> <span class='ocrx_word' id='word_1_1952' title='bbox 1270 2938 1311 2959; x_wconf 73' lang='lat' dir='ltr'>rr</span> <span class='ocrx_word' id='word_1_1953' title='bbox 1320 2939 1341 2958; x_wconf 86' lang='lat' dir='ltr'>A</span> <span class='ocrx_word' id='word_1_1954' title='bbox 1350 2938 1419 2958; x_wconf 76' lang='lat' dir='ltr'>ECA</span> <span class='ocrx_word' id='word_1_1955' title='bbox 1428 2937 1449 2956; x_wconf 80' lang='lat' dir='ltr'>T</span> <span class='ocrx_word' id='word_1_1956' title='bbox 1459 2939 1468 2957; x_wconf 92' lang='lat'>1</span> <span class='ocrx_word' id='word_1_1957' title='bbox 1477 2938 1511 2964; x_wconf 94' lang='lat'>0,</span> <span class='ocrx_word' id='word_1_1958' title='bbox 1531 2931 1598 2957; x_wconf 74' lang='lat' dir='ltr'>onis.</span> <span class='ocrx_word' id='word_1_1959' title='bbox 1624 2931 1643 2956; x_wconf 92' lang='lat' dir='ltr'>s.</span> <span class='ocrx_word' id='word_1_1960' title='bbox 1677 2933 1807 2967; x_wconf 81' lang='lat' dir='ltr'>Purgatio.</span> <span class='ocrx_word' id='word_1_1961' title='bbox 1843 2929 1963 2957; x_wconf 85' lang='lat' dir='ltr'>Tertull.</span> <span class='ocrx_word' id='word_1_1962' title='bbox 1972 2929 2003 2956; x_wconf 83' lang='lat' dir='ltr'>de</span> <span class='ocrx_word' id='word_1_1963' title='bbox 2017 2930 2113 2957; x_wconf 89' lang='lat' dir='ltr'>Anima</span> <span class='ocrx_word' id='word_1_1964' title='bbox 2127 2938 2189 2967; x_wconf 59' lang='grc' dir='ltr'>αν]</span> <span class='ocrx_word' id='word_1_1965' title='bbox 2208 2932 2246 2959; x_wconf 79' lang='lat' dir='ltr'>Ex</span> 
     </span>
     <span class='ocr_line' id='line_1_195' title="bbox 1207 2966 1773 3002; baseline -0.004 -8"><span class='ocrx_word' id='word_1_1966' title='bbox 1207 2968 1291 2994; x_wconf 86' lang='lat' dir='ltr'>carnis</span> <span class='ocrx_word' id='word_1_1967' title='bbox 1305 2967 1492 2993; x_wconf 85' lang='lat' dir='ltr'>defaecatione.</span> <span class='ocrx_word' id='word_1_1968' title='bbox 1530 2967 1603 3002; x_wconf 79' lang='lat' dir='ltr'>Conf.</span> <span class='ocrx_word' id='word_1_1969' title='bbox 1617 2966 1685 2992; x_wconf 89' lang='lat' dir='ltr'>Cels.</span> <span class='ocrx_word' id='word_1_1970' title='bbox 1722 2986 1728 2992; x_wconf 97' lang='lat'>.</span> <span class='ocrx_word' id='word_1_1971' title='bbox 1767 2985 1773 2991; x_wconf 90' lang='lat'>.</span> 
     </span>
    </p>

    <p class='ocr_par' dir='ltr' id='par_1_67' title="bbox 1242 2999 2244 3036">
     <span class='ocr_line' id='line_1_196' title="bbox 1242 2999 2244 3036; baseline -0.001 -7"><span class='ocrx_word' id='word_1_1972' title='bbox 1242 3010 1260 3029; x_wconf 90' lang='lat' dir='ltr'><strong>D</strong></span> <span class='ocrx_word' id='word_1_1973' title='bbox 1271 3009 1287 3029; x_wconf 83' lang='lat' dir='ltr'>E</span> <span class='ocrx_word' id='word_1_1974' title='bbox 1296 3009 1341 3029; x_wconf 82' lang='lat' dir='ltr'>FA</span> <span class='ocrx_word' id='word_1_1975' title='bbox 1350 3009 1366 3028; x_wconf 83' lang='lat' dir='ltr'>E</span> <span class='ocrx_word' id='word_1_1976' title='bbox 1375 3008 1392 3028; x_wconf 92' lang='lat' dir='ltr'>c</span> <span class='ocrx_word' id='word_1_1977' title='bbox 1402 3010 1423 3028; x_wconf 81' lang='lat' dir='ltr'>A</span> <span class='ocrx_word' id='word_1_1978' title='bbox 1433 3008 1448 3029; x_wconf 82' lang='grc' dir='ltr'><em>Β</em></span> <span class='ocrx_word' id='word_1_1979' title='bbox 1457 3010 1466 3029; x_wconf 82' lang='grc'><strong>1</strong></span> <span class='ocrx_word' id='word_1_1980' title='bbox 1474 3009 1489 3028; x_wconf 89' lang='lat' dir='ltr'>L</span> <span class='ocrx_word' id='word_1_1981' title='bbox 1499 3009 1508 3028; x_wconf 86' lang='lat'>1</span> <span class='ocrx_word' id='word_1_1982' title='bbox 1518 3009 1542 3034; x_wconf 84' lang='lat' dir='ltr'>s,</span> <span class='ocrx_word' id='word_1_1983' title='bbox 1559 3011 1582 3028; x_wconf 91' lang='lat' dir='ltr'>e.</span> <span class='ocrx_word' id='word_1_1984' title='bbox 1602 3001 1662 3028; x_wconf 85' lang='lat' dir='ltr'>Adi.</span> <span class='ocrx_word' id='word_1_1985' title='bbox 1687 3003 1730 3034; x_wconf 82' lang='lat' dir='ltr'>Vt,</span> <span class='ocrx_word' id='word_1_1986' title='bbox 1746 3001 1863 3028; x_wconf 77' lang='lat' dir='ltr'>Cisterna</span> <span class='ocrx_word' id='word_1_1987' title='bbox 1872 2999 2040 3026; x_wconf 83' lang='lat' dir='ltr'>defaecabilis</span> <span class='ocrx_word' id='word_1_1988' title='bbox 2049 3000 2138 3028; x_wconf 86' lang='lat' dir='ltr'>Sidon.</span> <span class='ocrx_word' id='word_1_1989' title='bbox 2147 3003 2212 3036; x_wconf 58' lang='lat' dir='ltr'>Epa.</span> <span class='ocrx_word' id='word_1_1990' title='bbox 2221 3009 2244 3033; x_wconf 75' lang='grc' dir='ltr'>ς.</span> 
     </span>
    </p>

    <p class='ocr_par' dir='ltr' id='par_1_68' title="bbox 1204 3034 2243 3181">
     <span class='ocr_line' id='line_1_197' title="bbox 1241 3034 2243 3073; baseline -0.001 -9"><span class='ocrx_word' id='word_1_1991' title='bbox 1241 3045 1260 3064; x_wconf 90' lang='lat' dir='ltr'>D</span> <span class='ocrx_word' id='word_1_1992' title='bbox 1271 3044 1288 3064; x_wconf 84' lang='lat' dir='ltr'>E</span> <span class='ocrx_word' id='word_1_1993' title='bbox 1299 3044 1316 3065; x_wconf 85' lang='lat' dir='ltr'>F</span> <span class='ocrx_word' id='word_1_1994' title='bbox 1326 3045 1372 3066; x_wconf 85' lang='grc' dir='ltr'>ΑΕ</span> <span class='ocrx_word' id='word_1_1995' title='bbox 1385 3043 1402 3063; x_wconf 93' lang='lat' dir='ltr'>C</span> <span class='ocrx_word' id='word_1_1996' title='bbox 1416 3045 1424 3063; x_wconf 90' lang='lat'>1</span> <span class='ocrx_word' id='word_1_1997' title='bbox 1436 3045 1449 3064; x_wconf 84' lang='lat' dir='ltr'>S</span> <span class='ocrx_word' id='word_1_1998' title='bbox 1458 3056 1464 3065; x_wconf 65' lang='lat'>2</span> <span class='ocrx_word' id='word_1_1999' title='bbox 1482 3036 1538 3072; x_wconf 81' lang='lat' dir='ltr'>stne</span> <span class='ocrx_word' id='word_1_2000' title='bbox 1558 3038 1649 3073; x_wconf 73' lang='lat' dir='ltr'>faece,</span> <span class='ocrx_word' id='word_1_2001' title='bbox 1686 3038 1794 3073; x_wconf 76' lang='lat' dir='ltr'>Scaliger</span> <span class='ocrx_word' id='word_1_2002' title='bbox 1814 3034 1940 3069; x_wconf 65' lang='lat' dir='ltr'>restituere</span> <span class='ocrx_word' id='word_1_2003' title='bbox 1970 3037 2065 3062; x_wconf 69' lang='lat' dir='ltr'>volebat</span> <span class='ocrx_word' id='word_1_2004' title='bbox 2082 3037 2178 3063; x_wconf 88' lang='lat' dir='ltr'>Seuero</span> <span class='ocrx_word' id='word_1_2005' title='bbox 2210 3036 2243 3063; x_wconf 87' lang='lat' dir='ltr'>de</span> 
     </span>
     <span class='ocr_line' id='line_1_198' title="bbox 1205 3070 2242 3109; baseline -0.002 -9"><span class='ocrx_word' id='word_1_2006' title='bbox 1205 3075 1282 3101; x_wconf 90' lang='lat' dir='ltr'>Aetn.</span> <span class='ocrx_word' id='word_1_2007' title='bbox 1290 3082 1356 3108; x_wconf 84' lang='lat'>422,</span> <span class='ocrx_word' id='word_1_2008' title='bbox 1368 3081 1417 3108; x_wconf 81' lang='lat' dir='ltr'>pro</span> <span class='ocrx_word' id='word_1_2009' title='bbox 1430 3082 1455 3099; x_wconf 79' lang='lat' dir='ltr'>eo</span> <span class='ocrx_word' id='word_1_2010' title='bbox 1470 3074 1534 3109; x_wconf 83' lang='lat' dir='ltr'>quod</span> <span class='ocrx_word' id='word_1_2011' title='bbox 1545 3075 1638 3109; x_wconf 83' lang='lat' dir='ltr'>legitur</span> <span class='ocrx_word' id='word_1_2012' title='bbox 1667 3074 1753 3106; x_wconf 75' lang='lat' dir='ltr'>Quam</span> <span class='ocrx_word' id='word_1_2013' title='bbox 1767 3072 1833 3098; x_wconf 89' lang='lat' dir='ltr'>leuis</span> <span class='ocrx_word' id='word_1_2014' title='bbox 1845 3070 1954 3097; x_wconf 70' lang='lat' dir='ltr'>excoeio</span> <span class='ocrx_word' id='word_1_2015' title='bbox 1968 3071 2063 3097; x_wconf 83' lang='lat' dir='ltr'>defecit</span> <span class='ocrx_word' id='word_1_2016' title='bbox 2083 3073 2180 3098; x_wconf 83' lang='lat' dir='ltr'>robore</span> <span class='ocrx_word' id='word_1_2017' title='bbox 2196 3081 2242 3106; x_wconf 90' lang='lat' dir='ltr'>pu-</span> 
     </span>
     <span class='ocr_line' id='line_1_199' title="bbox 1204 3106 2242 3144; baseline -0.002 -8"><span class='ocrx_word' id='word_1_2018' title='bbox 1204 3118 1272 3136; x_wconf 81' lang='lat' dir='ltr'>mex.</span> <span class='ocrx_word' id='word_1_2019' title='bbox 1316 3109 1373 3136; x_wconf 82' lang='lat' dir='ltr'>Vid.</span> <span class='ocrx_word' id='word_1_2020' title='bbox 1388 3110 1479 3144; x_wconf 77' lang='lat' dir='ltr'>Scalig.</span> <span class='ocrx_word' id='word_1_2021' title='bbox 1493 3112 1521 3134; x_wconf 86' lang='lat' dir='ltr'>in</span> <span class='ocrx_word' id='word_1_2022' title='bbox 1536 3108 1660 3135; x_wconf 68' lang='lat' dir='ltr'>Catalee&#39;t.</span> <span class='ocrx_word' id='word_1_2023' title='bbox 1674 3118 1699 3143; x_wconf 92' lang='lat' dir='ltr'>p.</span> <span class='ocrx_word' id='word_1_2024' title='bbox 1714 3117 1761 3140; x_wconf 80' lang='lat'>¹33·</span> <span class='ocrx_word' id='word_1_2025' title='bbox 1796 3108 1866 3134; x_wconf 82' lang='lat' dir='ltr'>Mihi</span> <span class='ocrx_word' id='word_1_2026' title='bbox 1879 3106 1973 3142; x_wconf 79' lang='lat' dir='ltr'>quidem</span> <span class='ocrx_word' id='word_1_2027' title='bbox 1986 3116 2033 3133; x_wconf 83' lang='lat' dir='ltr'>non</span> <span class='ocrx_word' id='word_1_2028' title='bbox 2047 3110 2126 3143; x_wconf 70' lang='lat' dir='ltr'>magis</span> <span class='ocrx_word' id='word_1_2029' title='bbox 2139 3108 2242 3143; x_wconf 71' lang='lat' dir='ltr'>perfica-</span> 
     </span>
     <span class='ocr_line' id='line_1_200' title="bbox 1204 3145 1467 3181; baseline -0.004 -10"><span class='ocrx_word' id='word_1_2030' title='bbox 1204 3145 1260 3178; x_wconf 66' lang='grc' dir='ltr'><strong>ἀει,</strong></span> <span class='ocrx_word' id='word_1_2031' title='bbox 1280 3154 1351 3181; x_wconf 82' lang='lat' dir='ltr'>quam</span> <span class='ocrx_word' id='word_1_2032' title='bbox 1366 3145 1467 3170; x_wconf 83' lang='lat' dir='ltr'>Clerico.</span> 
     </span>
    </p>

    <p class='ocr_par' dir='ltr' id='par_1_69' title="bbox 1205 3176 2241 3252">
     <span class='ocr_line' id='line_1_201' title="bbox 1240 3176 2241 3213; baseline -0.003 -6"><span class='ocrx_word' id='word_1_2033' title='bbox 1240 3188 1259 3207; x_wconf 90' lang='lat' dir='ltr'><strong>D</strong></span> <span class='ocrx_word' id='word_1_2034' title='bbox 1268 3188 1284 3207; x_wconf 82' lang='lat' dir='ltr'>E</span> <span class='ocrx_word' id='word_1_2035' title='bbox 1295 3187 1310 3207; x_wconf 86' lang='lat' dir='ltr'>F</span> <span class='ocrx_word' id='word_1_2036' title='bbox 1319 3188 1364 3207; x_wconf 80' lang='lat' dir='ltr'>AL</span> <span class='ocrx_word' id='word_1_2037' title='bbox 1374 3186 1391 3206; x_wconf 92' lang='lat' dir='ltr'>C</span> <span class='ocrx_word' id='word_1_2038' title='bbox 1403 3187 1423 3206; x_wconf 80' lang='grc' dir='ltr'>Α</span> <span class='ocrx_word' id='word_1_2039' title='bbox 1434 3186 1453 3206; x_wconf 86' lang='lat' dir='ltr'>R</span> <span class='ocrx_word' id='word_1_2040' title='bbox 1465 3185 1492 3205; x_wconf 88' lang='lat' dir='ltr'>E.</span> <span class='ocrx_word' id='word_1_2041' title='bbox 1529 3179 1542 3212; x_wconf 92' lang='lat'>[</span> <span class='ocrx_word' id='word_1_2042' title='bbox 1554 3178 1694 3204; x_wconf 67' lang='lat' dir='ltr'>dnono&#39;m-av</span> <span class='ocrx_word' id='word_1_2043' title='bbox 1707 3179 1719 3212; x_wconf 94' lang='lat'>]</span> <span class='ocrx_word' id='word_1_2044' title='bbox 1766 3176 1899 3213; x_wconf 72' lang='lat' dir='ltr'>Significat</span> <span class='ocrx_word' id='word_1_2045' title='bbox 1924 3177 2033 3209; x_wconf 81' lang='lat' dir='ltr'>Tollere,</span> <span class='ocrx_word' id='word_1_2046' title='bbox 2060 3183 2084 3202; x_wconf 84' lang='lat' dir='ltr'>et</span> <span class='ocrx_word' id='word_1_2047' title='bbox 2103 3183 2241 3213; x_wconf 74' lang='lat' dir='ltr'>amputare,</span> 
     </span>
     <span class='ocr_line' id='line_1_202' title="bbox 1205 3214 1766 3252; baseline -0.005 -10"><span class='ocrx_word' id='word_1_2048' title='bbox 1205 3215 1350 3252; x_wconf 72' lang='lat' dir='ltr'>qziafifalce</span> <span class='ocrx_word' id='word_1_2049' title='bbox 1363 3215 1510 3252; x_wconf 80' lang='lat' dir='ltr'>abscindere.</span> <span class='ocrx_word' id='word_1_2050' title='bbox 1546 3215 1615 3240; x_wconf 86' lang='lat' dir='ltr'>lCtis</span> <span class='ocrx_word' id='word_1_2051' title='bbox 1628 3214 1766 3240; x_wconf 90' lang='lat' dir='ltr'>tribuitur.</span> 
     </span>
    </p>

    <p class='ocr_par' dir='ltr' id='par_1_70' title="bbox 1241 3247 1975 3282">
     <span class='ocr_line' id='line_1_203' title="bbox 1241 3247 1975 3282; baseline -0.005 -4"><span class='ocrx_word' id='word_1_2052' title='bbox 1241 3259 1259 3278; x_wconf 87' lang='lat' dir='ltr'><strong>D</strong></span> <span class='ocrx_word' id='word_1_2053' title='bbox 1269 3258 1285 3277; x_wconf 87' lang='lat' dir='ltr'>E</span> <span class='ocrx_word' id='word_1_2054' title='bbox 1295 3258 1311 3278; x_wconf 82' lang='lat' dir='ltr'>F</span> <span class='ocrx_word' id='word_1_2055' title='bbox 1320 3258 1342 3278; x_wconf 84' lang='lat' dir='ltr'>A</span> <span class='ocrx_word' id='word_1_2056' title='bbox 1351 3258 1366 3276; x_wconf 92' lang='lat' dir='ltr'>L</span> <span class='ocrx_word' id='word_1_2057' title='bbox 1375 3258 1392 3277; x_wconf 88' lang='lat' dir='ltr'>C</span> <span class='ocrx_word' id='word_1_2058' title='bbox 1401 3252 1423 3277; x_wconf 66' lang='lat' dir='ltr'>A*</span> <span class='ocrx_word' id='word_1_2059' title='bbox 1434 3257 1456 3277; x_wconf 90' lang='lat' dir='ltr'>T</span> <span class='ocrx_word' id='word_1_2060' title='bbox 1466 3258 1485 3276; x_wconf 91' lang='lat' dir='ltr'>V</span> <span class='ocrx_word' id='word_1_2061' title='bbox 1495 3257 1507 3277; x_wconf 89' lang='lat' dir='ltr'>s</span> <span class='ocrx_word' id='word_1_2062' title='bbox 1516 3269 1524 3282; x_wconf 93' lang='lat'>,</span> <span class='ocrx_word' id='word_1_2063' title='bbox 1540 3258 1564 3282; x_wconf 88' lang='lat' dir='ltr'>a,</span> <span class='ocrx_word' id='word_1_2064' title='bbox 1585 3258 1639 3275; x_wconf 89' lang='lat' dir='ltr'>um.</span> <span class='ocrx_word' id='word_1_2065' title='bbox 1675 3249 1767 3275; x_wconf 88' lang='lat' dir='ltr'>Partic.</span> <span class='ocrx_word' id='word_1_2066' title='bbox 1803 3247 1975 3274; x_wconf 90' lang='lat' dir='ltr'>Columellae.</span> 
     </span>
    </p>

    <p class='ocr_par' dir='ltr' id='par_1_71' title="bbox 1239 3278 2230 3319">
     <span class='ocr_line' id='line_1_204' title="bbox 1239 3278 2230 3319; baseline -0.008 -6"><span class='ocrx_word' id='word_1_2067' title='bbox 1239 3292 1259 3313; x_wconf 90' lang='lat' dir='ltr'>D</span> <span class='ocrx_word' id='word_1_2068' title='bbox 1268 3293 1284 3313; x_wconf 86' lang='lat' dir='ltr'>E</span> <span class='ocrx_word' id='word_1_2069' title='bbox 1294 3293 1340 3313; x_wconf 84' lang='lat' dir='ltr'>FA</span> <span class='ocrx_word' id='word_1_2070' title='bbox 1351 3293 1367 3311; x_wconf 92' lang='lat' dir='ltr'>L</span> <span class='ocrx_word' id='word_1_2071' title='bbox 1380 3292 1396 3312; x_wconf 94' lang='lat' dir='ltr'>C</span> <span class='ocrx_word' id='word_1_2072' title='bbox 1411 3293 1432 3312; x_wconf 88' lang='lat' dir='ltr'>A</span> <span class='ocrx_word' id='word_1_2073' title='bbox 1441 3293 1462 3312; x_wconf 88' lang='grc' dir='ltr'><strong>Τ</strong></span> <span class='ocrx_word' id='word_1_2074' title='bbox 1472 3292 1525 3318; x_wconf 87' lang='lat'>10,</span> <span class='ocrx_word' id='word_1_2075' title='bbox 1546 3286 1613 3311; x_wconf 72' lang='lat' dir='ltr'>onis.</span> <span class='ocrx_word' id='word_1_2076' title='bbox 1638 3284 1657 3310; x_wconf 92' lang='lat' dir='ltr'>f.</span> <span class='ocrx_word' id='word_1_2077' title='bbox 1694 3284 1794 3310; x_wconf 89' lang='lat' dir='ltr'>Eidem.</span> <span class='ocrx_word' id='word_1_2078' title='bbox 1833 3284 1916 3309; x_wconf 85' lang='lat' dir='ltr'>Nolim</span> <span class='ocrx_word' id='word_1_2079' title='bbox 1929 3292 1970 3319; x_wconf 77' lang='lat' dir='ltr'>ego</span> <span class='ocrx_word' id='word_1_2080' title='bbox 1978 3278 2112 3316; x_wconf 83' lang='lat' dir='ltr'>praestare.</span> <span class='ocrx_word' id='word_1_2081' title='bbox 2228 3302 2230 3305; x_wconf 95' lang='lat'>.</span> 
     </span>
    </p>

    <p class='ocr_par' dir='ltr' id='par_1_72' title="bbox 1202 3316 2237 3464">
     <span class='ocr_line' id='line_1_205' title="bbox 1239 3316 2237 3355; baseline -0.009 -7"><span class='ocrx_word' id='word_1_2082' title='bbox 1239 3329 1257 3348; x_wconf 89' lang='lat' dir='ltr'><strong>D</strong></span> <span class='ocrx_word' id='word_1_2083' title='bbox 1267 3329 1283 3348; x_wconf 80' lang='lat' dir='ltr'>E</span> <span class='ocrx_word' id='word_1_2084' title='bbox 1292 3329 1309 3349; x_wconf 76' lang='lat' dir='ltr'>r</span> <span class='ocrx_word' id='word_1_2085' title='bbox 1318 3323 1339 3348; x_wconf 81' lang='grc' dir='ltr'><em>Ᾱ</em></span> <span class='ocrx_word' id='word_1_2086' title='bbox 1349 3329 1373 3347; x_wconf 87' lang='grc' dir='ltr'><strong>Μ</strong></span> <span class='ocrx_word' id='word_1_2087' title='bbox 1383 3328 1417 3354; x_wconf 90' lang='grc' dir='ltr'>ο,</span> <span class='ocrx_word' id='word_1_2088' title='bbox 1438 3330 1491 3347; x_wconf 82' lang='lat' dir='ltr'>are.</span> <span class='ocrx_word' id='word_1_2089' title='bbox 1530 3322 1605 3347; x_wconf 81' lang='lat' dir='ltr'>Fama</span> <span class='ocrx_word' id='word_1_2090' title='bbox 1614 3323 1688 3355; x_wconf 78' lang='lat' dir='ltr'>prino</span> <span class='ocrx_word' id='word_1_2091' title='bbox 1697 3340 1703 3350; x_wconf 89' lang='lat'><strong>‚</strong></span> <span class='ocrx_word' id='word_1_2092' title='bbox 1715 3319 1783 3353; x_wconf 76' lang='lat' dir='ltr'>ficut</span> <span class='ocrx_word' id='word_1_2093' title='bbox 1795 3318 1915 3352; x_wconf 78' lang='lat' dir='ltr'>Dzffamo.</span> <span class='ocrx_word' id='word_1_2094' title='bbox 1951 3316 2017 3343; x_wconf 88' lang='lat' dir='ltr'>Gell.</span> <span class='ocrx_word' id='word_1_2095' title='bbox 2030 3324 2056 3349; x_wconf 85' lang='lat'>9,</span> <span class='ocrx_word' id='word_1_2096' title='bbox 2070 3325 2087 3343; x_wconf 87' lang='lat'>2</span> <span class='ocrx_word' id='word_1_2097' title='bbox 2106 3317 2142 3343; x_wconf 89' lang='lat' dir='ltr'>Vt</span> <span class='ocrx_word' id='word_1_2098' title='bbox 2162 3325 2237 3344; x_wconf 84' lang='lat' dir='ltr'>voca.</span> 
     </span>
     <span class='ocr_line' id='line_1_206' title="bbox 1202 3351 2236 3392; baseline -0.005 -8"><span class='ocrx_word' id='word_1_2099' title='bbox 1202 3358 1264 3385; x_wconf 90' lang='lat' dir='ltr'>bula</span> <span class='ocrx_word' id='word_1_2100' title='bbox 1277 3366 1370 3384; x_wconf 87' lang='lat' dir='ltr'>eorum</span> <span class='ocrx_word' id='word_1_2101' title='bbox 1385 3365 1491 3392; x_wconf 88' lang='lat' dir='ltr'>quoque</span> <span class='ocrx_word' id='word_1_2102' title='bbox 1504 3355 1633 3382; x_wconf 85' lang='lat' dir='ltr'>defamata</span> <span class='ocrx_word' id='word_1_2103' title='bbox 1643 3376 1651 3388; x_wconf 92' lang='lat'>,</span> <span class='ocrx_word' id='word_1_2104' title='bbox 1669 3362 1748 3390; x_wconf 82' lang='lat' dir='ltr'>atque</span> <span class='ocrx_word' id='word_1_2105' title='bbox 1767 3355 1904 3380; x_wconf 87' lang='lat' dir='ltr'>demortua</span> <span class='ocrx_word' id='word_1_2106' title='bbox 1923 3361 1981 3377; x_wconf 86' lang='lat' dir='ltr'>cum</span> <span class='ocrx_word' id='word_1_2107' title='bbox 2000 3351 2060 3386; x_wconf 85' lang='lat' dir='ltr'>ipsis</span> <span class='ocrx_word' id='word_1_2108' title='bbox 2074 3351 2236 3392; x_wconf 76' lang='lat' dir='ltr'>viderentur.</span> 
     </span>
     <span class='ocr_line' id='line_1_207' title="bbox 1203 3387 2236 3427; baseline -0.006 -7"><span class='ocrx_word' id='word_1_2109' title='bbox 1203 3394 1276 3420; x_wconf 87' lang='lat' dir='ltr'>Idem</span> <span class='ocrx_word' id='word_1_2110' title='bbox 1297 3402 1335 3426; x_wconf 85' lang='lat'>14,</span> <span class='ocrx_word' id='word_1_2111' title='bbox 1355 3402 1368 3418; x_wconf 90' lang='lat'><em>2</em></span> <span class='ocrx_word' id='word_1_2112' title='bbox 1396 3391 1555 3427; x_wconf 83' lang='lat' dir='ltr'>Spurciffima</span> <span class='ocrx_word' id='word_1_2113' title='bbox 1574 3392 1629 3418; x_wconf 88' lang='lat' dir='ltr'>vita</span> <span class='ocrx_word' id='word_1_2114' title='bbox 1643 3400 1671 3417; x_wconf 91' lang='lat' dir='ltr'>ac</span> <span class='ocrx_word' id='word_1_2115' title='bbox 1689 3388 1892 3417; x_wconf 85' lang='lat' dir='ltr'>defamatiffima.</span> <span class='ocrx_word' id='word_1_2116' title='bbox 1928 3389 1959 3413; x_wconf 77' lang='lat' dir='ltr'>Et</span> <span class='ocrx_word' id='word_1_2117' title='bbox 1971 3392 2005 3419; x_wconf 82' lang='lat'>18,</span> <span class='ocrx_word' id='word_1_2118' title='bbox 2019 3395 2032 3420; x_wconf 86' lang='lat'><em>3</em></span> <span class='ocrx_word' id='word_1_2119' title='bbox 2052 3387 2236 3422; x_wconf 84' lang='lat' dir='ltr'>Turpitudine</span> 
     </span>
     <span class='ocr_line' id='line_1_208' title="bbox 1202 3426 1649 3464; baseline -0.007 -9"><span class='ocrx_word' id='word_1_2120' title='bbox 1202 3429 1327 3464; x_wconf 85' lang='lat' dir='ltr'>pristinae</span> <span class='ocrx_word' id='word_1_2121' title='bbox 1339 3429 1410 3454; x_wconf 89' lang='lat' dir='ltr'>vitae</span> <span class='ocrx_word' id='word_1_2122' title='bbox 1430 3426 1649 3454; x_wconf 77' lang='lat' dir='ltr'>defamatiffimus.</span> 
     </span>
    </p>

    <p class='ocr_par' dir='ltr' id='par_1_73' title="bbox 1237 3460 1910 3496">
     <span class='ocr_line' id='line_1_209' title="bbox 1237 3460 1910 3496; baseline -0.013 -4"><span class='ocrx_word' id='word_1_2123' title='bbox 1237 3472 1256 3492; x_wconf 92' lang='lat' dir='ltr'><strong>D</strong></span> <span class='ocrx_word' id='word_1_2124' title='bbox 1264 3472 1280 3491; x_wconf 81' lang='lat' dir='ltr'><strong>E</strong></span> <span class='ocrx_word' id='word_1_2125' title='bbox 1290 3471 1306 3491; x_wconf 76' lang='lat' dir='ltr'>r</span> <span class='ocrx_word' id='word_1_2126' title='bbox 1315 3472 1336 3491; x_wconf 86' lang='lat' dir='ltr'>A</span> <span class='ocrx_word' id='word_1_2127' title='bbox 1345 3471 1370 3490; x_wconf 87' lang='grc' dir='ltr'><strong>Μ</strong></span> <span class='ocrx_word' id='word_1_2128' title='bbox 1380 3465 1403 3490; x_wconf 70' lang='grc' dir='ltr'><strong><em>Ᾱ</em></strong></span> <span class='ocrx_word' id='word_1_2129' title='bbox 1411 3470 1432 3490; x_wconf 84' lang='grc' dir='ltr'>Τ</span> <span class='ocrx_word' id='word_1_2130' title='bbox 1440 3471 1449 3489; x_wconf 87' lang='grc'><strong>1</strong></span> <span class='ocrx_word' id='word_1_2131' title='bbox 1459 3470 1478 3490; x_wconf 89' lang='lat'>0</span> <span class='ocrx_word' id='word_1_2132' title='bbox 1487 3483 1495 3495; x_wconf 93' lang='lat'>,</span> <span class='ocrx_word' id='word_1_2133' title='bbox 1515 3464 1582 3489; x_wconf 72' lang='lat' dir='ltr'>onis.</span> <span class='ocrx_word' id='word_1_2134' title='bbox 1603 3463 1622 3488; x_wconf 90' lang='lat' dir='ltr'>f.</span> <span class='ocrx_word' id='word_1_2135' title='bbox 1640 3461 1706 3496; x_wconf 76' lang='lat' dir='ltr'>apud</span> <span class='ocrx_word' id='word_1_2136' title='bbox 1717 3460 1823 3487; x_wconf 86' lang='lat' dir='ltr'>Firmic.</span> <span class='ocrx_word' id='word_1_2137' title='bbox 1859 3477 1866 3483; x_wconf 90' lang='lat'>.</span> <span class='ocrx_word' id='word_1_2138' title='bbox 1904 3476 1910 3483; x_wconf 95' lang='lat'>.</span> 
     </span>
    </p>

    <p class='ocr_par' dir='ltr' id='par_1_74' title="bbox 1202 3492 2235 3570">
     <span class='ocr_line' id='line_1_210' title="bbox 1237 3492 2235 3532; baseline -0.007 -6"><span class='ocrx_word' id='word_1_2139' title='bbox 1237 3506 1256 3526; x_wconf 92' lang='lat' dir='ltr'><strong>D</strong></span> <span class='ocrx_word' id='word_1_2140' title='bbox 1265 3507 1281 3526; x_wconf 87' lang='lat' dir='ltr'>E</span> <span class='ocrx_word' id='word_1_2141' title='bbox 1291 3500 1338 3526; x_wconf 75' lang='grc' dir='ltr'>ῈᾸ</span> <span class='ocrx_word' id='word_1_2142' title='bbox 1346 3507 1368 3526; x_wconf 84' lang='grc' dir='ltr'>Ν</span> <span class='ocrx_word' id='word_1_2143' title='bbox 1378 3506 1413 3531; x_wconf 94' lang='lat' dir='ltr'>o,</span> <span class='ocrx_word' id='word_1_2144' title='bbox 1445 3503 1499 3524; x_wconf 61' lang='lat' dir='ltr'>are.</span> <span class='ocrx_word' id='word_1_2145' title='bbox 1536 3498 1602 3524; x_wconf 74' lang='lat' dir='ltr'>Idem</span> <span class='ocrx_word' id='word_1_2146' title='bbox 1614 3507 1643 3527; x_wconf 83' lang='lat' dir='ltr'>ac</span> <span class='ocrx_word' id='word_1_2147' title='bbox 1660 3497 1813 3532; x_wconf 73' lang='lat' dir='ltr'>profanare,</span> <span class='ocrx_word' id='word_1_2148' title='bbox 1824 3492 1872 3528; x_wconf 76' lang='lat' dir='ltr'>sed</span> <span class='ocrx_word' id='word_1_2149' title='bbox 1878 3495 1983 3528; x_wconf 80' lang='lat' dir='ltr'>perrari</span> <span class='ocrx_word' id='word_1_2150' title='bbox 1998 3492 2064 3531; x_wconf 60' lang='lat' dir='ltr'>vsuf.</span> <span class='ocrx_word' id='word_1_2151' title='bbox 2101 3492 2202 3520; x_wconf 87' lang='lat' dir='ltr'>Arnob.</span> <span class='ocrx_word' id='word_1_2152' title='bbox 2216 3503 2235 3527; x_wconf 87' lang='lat'>4</span> 
     </span>
     <span class='ocr_line' id='line_1_211' title="bbox 1202 3529 1896 3570; baseline -0.013 -8"><span class='ocrx_word' id='word_1_2153' title='bbox 1202 3543 1265 3562; x_wconf 83' lang='lat' dir='ltr'>extr.</span> <span class='ocrx_word' id='word_1_2154' title='bbox 1282 3545 1307 3570; x_wconf 90' lang='lat' dir='ltr'>p.</span> <span class='ocrx_word' id='word_1_2155' title='bbox 1320 3543 1358 3567; x_wconf 76' lang='lat'>1-53</span> <span class='ocrx_word' id='word_1_2156' title='bbox 1375 3534 1490 3569; x_wconf 84' lang='lat' dir='ltr'>Spatiola</span> <span class='ocrx_word' id='word_1_2157' title='bbox 1503 3533 1639 3565; x_wconf 87' lang='lat' dir='ltr'>defanata,</span> <span class='ocrx_word' id='word_1_2158' title='bbox 1656 3535 1673 3558; x_wconf 84' lang='grc' dir='ltr'>ι’.</span> <span class='ocrx_word' id='word_1_2159' title='bbox 1688 3533 1741 3558; x_wconf 77' lang='lat' dir='ltr'>loca</span> <span class='ocrx_word' id='word_1_2160' title='bbox 1748 3529 1896 3565; x_wconf 77' lang='lat' dir='ltr'>profanata.</span> 
     </span>
    </p>

    <p class='ocr_par' dir='ltr' id='par_1_75' title="bbox 1201 3561 2233 3632">
     <span class='ocr_line' id='line_1_212' title="bbox 1238 3561 2233 3601; baseline -0.009 -4"><span class='ocrx_word' id='word_1_2161' title='bbox 1238 3570 1383 3598; x_wconf 75' lang='lat' dir='ltr'>DEFA&#39;RI</span> <span class='ocrx_word' id='word_1_2162' title='bbox 1396 3571 1548 3600; x_wconf 75' lang='grc' dir='ltr'><strong>ΝᾹΤνς,</strong></span> <span class='ocrx_word' id='word_1_2163' title='bbox 1577 3578 1610 3601; x_wconf 80' lang='lat' dir='ltr'>a,</span> <span class='ocrx_word' id='word_1_2164' title='bbox 1635 3576 1686 3593; x_wconf 86' lang='lat' dir='ltr'>um.</span> <span class='ocrx_word' id='word_1_2165' title='bbox 1723 3565 1783 3592; x_wconf 83' lang='lat' dir='ltr'>Adi.</span> <span class='ocrx_word' id='word_1_2166' title='bbox 1823 3562 1942 3591; x_wconf 82' lang='lat' dir='ltr'>Tertull.</span> <span class='ocrx_word' id='word_1_2167' title='bbox 1968 3561 2000 3589; x_wconf 86' lang='lat' dir='ltr'>ad</span> <span class='ocrx_word' id='word_1_2168' title='bbox 2023 3562 2080 3590; x_wconf 83' lang='lat' dir='ltr'>Val.</span> <span class='ocrx_word' id='word_1_2169' title='bbox 2100 3571 2122 3588; x_wconf 84' lang='lat' dir='ltr'>c.</span> <span class='ocrx_word' id='word_1_2170' title='bbox 2142 3571 2166 3594; x_wconf 80' lang='lat'>31</span> <span class='ocrx_word' id='word_1_2171' title='bbox 2193 3561 2233 3589; x_wconf 85' lang='lat' dir='ltr'>Ad</span> 
     </span>
     <span class='ocr_line' id='line_1_213' title="bbox 1201 3604 1624 3632; baseline -0.007 0"><span class='ocrx_word' id='word_1_2172' title='bbox 1201 3607 1284 3632; x_wconf 82' lang='lat' dir='ltr'>molas</span> <span class='ocrx_word' id='word_1_2173' title='bbox 1298 3605 1399 3632; x_wconf 89' lang='lat' dir='ltr'>delatus</span> <span class='ocrx_word' id='word_1_2174' title='bbox 1415 3612 1440 3631; x_wconf 88' lang='lat' dir='ltr'>et</span> <span class='ocrx_word' id='word_1_2175' title='bbox 1456 3604 1624 3631; x_wconf 83' lang='lat' dir='ltr'>defarinatus.</span> 
     </span>
    </p>

    <p class='ocr_par' dir='ltr' id='par_1_76' title="bbox 1199 3632 2232 3853">
     <span class='ocr_line' id='line_1_214' title="bbox 1237 3632 2230 3672; baseline -0.006 -8"><span class='ocrx_word' id='word_1_2176' title='bbox 1237 3648 1256 3668; x_wconf 84' lang='lat' dir='ltr'><strong>D</strong></span> <span class='ocrx_word' id='word_1_2177' title='bbox 1268 3644 1284 3668; x_wconf 67' lang='grc' dir='ltr'>Ε</span> <span class='ocrx_word' id='word_1_2178' title='bbox 1294 3648 1311 3668; x_wconf 74' lang='lat' dir='ltr'>F</span> <span class='ocrx_word' id='word_1_2179' title='bbox 1320 3640 1342 3667; x_wconf 71' lang='lat' dir='ltr'>A⁹</span> <span class='ocrx_word' id='word_1_2180' title='bbox 1351 3648 1372 3667; x_wconf 84' lang='lat' dir='ltr'>T</span> <span class='ocrx_word' id='word_1_2181' title='bbox 1384 3642 1398 3667; x_wconf 80' lang='grc' dir='ltr'><strong><em>ῖ</em></strong></span> <span class='ocrx_word' id='word_1_2182' title='bbox 1406 3647 1426 3667; x_wconf 84' lang='lat' dir='ltr'>G</span> <span class='ocrx_word' id='word_1_2183' title='bbox 1436 3647 1455 3668; x_wconf 92' lang='lat'>0</span> <span class='ocrx_word' id='word_1_2184' title='bbox 1463 3660 1471 3670; x_wconf 86' lang='lat'><em>‚</em></span> <span class='ocrx_word' id='word_1_2185' title='bbox 1500 3644 1553 3666; x_wconf 63' lang='lat' dir='ltr'>are,</span> <span class='ocrx_word' id='word_1_2186' title='bbox 1589 3639 1602 3672; x_wconf 94' lang='lat'>[</span> <span class='ocrx_word' id='word_1_2187' title='bbox 1614 3636 1749 3662; x_wconf 71' lang='grc' dir='ltr'>καταπονέω</span> <span class='ocrx_word' id='word_1_2188' title='bbox 1762 3636 1773 3668; x_wconf 89' lang='grc'>]</span> <span class='ocrx_word' id='word_1_2189' title='bbox 1808 3634 1901 3661; x_wconf 76' lang='lat' dir='ltr'>Labore</span> <span class='ocrx_word' id='word_1_2190' title='bbox 1913 3632 2039 3668; x_wconf 80' lang='lat' dir='ltr'>conficere.</span> <span class='ocrx_word' id='word_1_2191' title='bbox 2074 3632 2142 3659; x_wconf 89' lang='lat' dir='ltr'>Ter.</span> <span class='ocrx_word' id='word_1_2192' title='bbox 2151 3632 2230 3659; x_wconf 88' lang='lat' dir='ltr'>Andr.</span> 
     </span>
     <span class='ocr_line' id='line_1_215' title="bbox 1201 3667 2231 3710; baseline -0.013 -5"><span class='ocrx_word' id='word_1_2193' title='bbox 1201 3686 1229 3709; x_wconf 91' lang='lat'>4,</span> <span class='ocrx_word' id='word_1_2194' title='bbox 1250 3686 1270 3709; x_wconf 91' lang='lat'>1,</span> <span class='ocrx_word' id='word_1_2195' title='bbox 1290 3685 1323 3710; x_wconf 77' lang='lat'>43</span> <span class='ocrx_word' id='word_1_2196' title='bbox 1355 3677 1482 3710; x_wconf 84' lang='lat' dir='ltr'>Deceptus</span> <span class='ocrx_word' id='word_1_2197' title='bbox 1502 3675 1572 3705; x_wconf 76' lang='lat' dir='ltr'>sinn,</span> <span class='ocrx_word' id='word_1_2198' title='bbox 1596 3680 1621 3698; x_wconf 88' lang='lat' dir='ltr'>at</span> <span class='ocrx_word' id='word_1_2199' title='bbox 1639 3680 1694 3697; x_wconf 91' lang='lat' dir='ltr'>non</span> <span class='ocrx_word' id='word_1_2200' title='bbox 1712 3670 1877 3704; x_wconf 81' lang='lat' dir='ltr'>defatigatus.</span> <span class='ocrx_word' id='word_1_2201' title='bbox 1948 3668 2021 3695; x_wconf 85' lang='lat' dir='ltr'>Idem</span> <span class='ocrx_word' id='word_1_2202' title='bbox 2041 3667 2115 3694; x_wconf 86' lang='lat' dir='ltr'>Adel.</span> <span class='ocrx_word' id='word_1_2203' title='bbox 2134 3677 2162 3700; x_wconf 91' lang='lat'>4,</span> <span class='ocrx_word' id='word_1_2204' title='bbox 2180 3677 2200 3699; x_wconf 86' lang='lat'>1,</span> <span class='ocrx_word' id='word_1_2205' title='bbox 2220 3676 2231 3699; x_wconf 82' lang='lat'>3</span> 
     </span>
     <span class='ocr_line' id='line_1_216' title="bbox 1200 3702 2231 3746; baseline -0.011 -7"><span class='ocrx_word' id='word_1_2206' title='bbox 1200 3714 1238 3739; x_wconf 88' lang='lat' dir='ltr'>Ita</span> <span class='ocrx_word' id='word_1_2207' title='bbox 1258 3713 1283 3738; x_wconf 88' lang='lat' dir='ltr'>se</span> <span class='ocrx_word' id='word_1_2208' title='bbox 1303 3712 1453 3746; x_wconf 82' lang='lat' dir='ltr'>defatigarit</span> <span class='ocrx_word' id='word_1_2209' title='bbox 1471 3711 1566 3740; x_wconf 86' lang='lat' dir='ltr'>velim,</span> <span class='ocrx_word' id='word_1_2210' title='bbox 1589 3714 1616 3734; x_wconf 89' lang='lat' dir='ltr'>vt</span> <span class='ocrx_word' id='word_1_2211' title='bbox 1630 3714 1675 3733; x_wconf 80' lang='lat' dir='ltr'>etc,</span> <span class='ocrx_word' id='word_1_2212' title='bbox 1747 3705 1953 3737; x_wconf 80' lang='lat' dir='ltr'>Cic.deOrat.3‚</span> <span class='ocrx_word' id='word_1_2213' title='bbox 1965 3713 2008 3743; x_wconf 71' lang='lat'>143</span> <span class='ocrx_word' id='word_1_2214' title='bbox 2032 3702 2231 3743; x_wconf 38' lang='lat' dir='ltr'>Profecffo&#39;nun-</span> 
     </span>
     <span class='ocr_line' id='line_1_217' title="bbox 1201 3740 2232 3783; baseline -0.012 -8"><span class='ocrx_word' id='word_1_2215' title='bbox 1201 3758 1280 3783; x_wconf 87' lang='lat' dir='ltr'>quam</span> <span class='ocrx_word' id='word_1_2216' title='bbox 1299 3748 1496 3782; x_wconf 83' lang='lat' dir='ltr'>conquiescam,</span> <span class='ocrx_word' id='word_1_2217' title='bbox 1516 3752 1600 3778; x_wconf 86' lang='lat' dir='ltr'>neque</span> <span class='ocrx_word' id='word_1_2218' title='bbox 1619 3741 1800 3776; x_wconf 84' lang='lat' dir='ltr'>defatigabor,</span> <span class='ocrx_word' id='word_1_2219' title='bbox 1821 3749 1960 3779; x_wconf 82' lang='lat' dir='ltr'>antequam</span> <span class='ocrx_word' id='word_1_2220' title='bbox 1980 3740 2088 3779; x_wconf 79' lang='lat' dir='ltr'>illorum</span> <span class='ocrx_word' id='word_1_2221' title='bbox 2107 3746 2232 3772; x_wconf 73' lang='lat' dir='ltr'>ancipites</span> 
     </span>
     <span class='ocr_line' id='line_1_218' title="bbox 1199 3774 2230 3817; baseline -0.012 -7"><span class='ocrx_word' id='word_1_2222' title='bbox 1199 3785 1255 3809; x_wconf 89' lang='lat' dir='ltr'>vias</span> <span class='ocrx_word' id='word_1_2223' title='bbox 1268 3785 1433 3817; x_wconf 88' lang='lat' dir='ltr'>rationesque</span> <span class='ocrx_word' id='word_1_2224' title='bbox 1446 3788 1471 3806; x_wconf 88' lang='lat' dir='ltr'>et</span> <span class='ocrx_word' id='word_1_2225' title='bbox 1483 3789 1531 3814; x_wconf 90' lang='lat' dir='ltr'>pro</span> <span class='ocrx_word' id='word_1_2226' title='bbox 1547 3778 1670 3805; x_wconf 90' lang='lat' dir='ltr'>omnibus</span> <span class='ocrx_word' id='word_1_2227' title='bbox 1684 3785 1710 3804; x_wconf 84' lang='lat' dir='ltr'>et</span> <span class='ocrx_word' id='word_1_2228' title='bbox 1723 3783 1813 3803; x_wconf 78' lang='lat' dir='ltr'>contra</span> <span class='ocrx_word' id='word_1_2229' title='bbox 1826 3778 1915 3802; x_wconf 86' lang='lat' dir='ltr'>omnia</span> <span class='ocrx_word' id='word_1_2230' title='bbox 1926 3774 2074 3809; x_wconf 75' lang='lat' dir='ltr'>dlsputandi</span> <span class='ocrx_word' id='word_1_2231' title='bbox 2084 3781 2230 3813; x_wconf 73' lang='lat' dir='ltr'>percepero.</span> 
     </span>
     <span class='ocr_line' id='line_1_219' title="bbox 1200 3808 2228 3853; baseline -0.013 -7"><span class='ocrx_word' id='word_1_2232' title='bbox 1200 3820 1344 3853; x_wconf 79' lang='lat' dir='ltr'>Defatigati</span> <span class='ocrx_word' id='word_1_2233' title='bbox 1359 3818 1432 3844; x_wconf 87' lang='lat' dir='ltr'>cursu</span> <span class='ocrx_word' id='word_1_2234' title='bbox 1445 3822 1469 3841; x_wconf 88' lang='lat' dir='ltr'>ct</span> <span class='ocrx_word' id='word_1_2235' title='bbox 1483 3815 1566 3849; x_wconf 87' lang='lat' dir='ltr'>spatio</span> <span class='ocrx_word' id='word_1_2236' title='bbox 1578 3823 1678 3849; x_wconf 82' lang='lat' dir='ltr'>pugnae</span> <span class='ocrx_word' id='word_1_2237' title='bbox 1703 3814 1774 3839; x_wconf 87' lang='lat' dir='ltr'>Caes.</span> <span class='ocrx_word' id='word_1_2238' title='bbox 1791 3813 1818 3838; x_wconf 82' lang='lat' dir='ltr'>B.</span> <span class='ocrx_word' id='word_1_2239' title='bbox 1831 3813 1863 3839; x_wconf 89' lang='lat' dir='ltr'>G.</span> <span class='ocrx_word' id='word_1_2240' title='bbox 1879 3820 1898 3843; x_wconf 90' lang='lat'>1,</span> <span class='ocrx_word' id='word_1_2241' title='bbox 1936 3831 1942 3836; x_wconf 94' lang='lat'>.</span> <span class='ocrx_word' id='word_1_2242' title='bbox 1981 3830 1986 3835; x_wconf 91' lang='lat'>.</span> <span class='ocrx_word' id='word_1_2243' title='bbox 2024 3811 2172 3842; x_wconf 76' lang='lat' dir='ltr'>Defatigare</span> <span class='ocrx_word' id='word_1_2244' title='bbox 2185 3808 2228 3833; x_wconf 85' lang='lat' dir='ltr'>ali-</span> 
     </span>
    </p>
   </div>
   <div class='ocr_carea' id='block_1_50' title="bbox 1201 3844 2227 3888">
    <p class='ocr_par' dir='ltr' id='par_1_77' title="bbox 1201 3844 2227 3888">
     <span class='ocr_line' id='line_1_220' title="bbox 1201 3844 2227 3888; baseline -0.012 -8"><span class='ocrx_word' id='word_1_2245' title='bbox 1201 3864 1278 3888; x_wconf 84' lang='lat' dir='ltr'>quem</span> <span class='ocrx_word' id='word_1_2246' title='bbox 1292 3853 1388 3879; x_wconf 83' lang='lat' dir='ltr'>assiduo</span> <span class='ocrx_word' id='word_1_2247' title='bbox 1400 3851 1490 3877; x_wconf 87' lang='lat' dir='ltr'>labore</span> <span class='ocrx_word' id='word_1_2248' title='bbox 1519 3850 1592 3877; x_wconf 91' lang='lat' dir='ltr'>Idem</span> <span class='ocrx_word' id='word_1_2249' title='bbox 1605 3851 1632 3876; x_wconf 86' lang='lat' dir='ltr'>B.</span> <span class='ocrx_word' id='word_1_2250' title='bbox 1647 3850 1678 3875; x_wconf 91' lang='lat' dir='ltr'>G.</span> <span class='ocrx_word' id='word_1_2251' title='bbox 1693 3856 1720 3882; x_wconf 84' lang='lat'>7,</span> <span class='ocrx_word' id='word_1_2252' title='bbox 1730 3857 1769 3881; x_wconf 90' lang='lat'>41.</span> <span class='ocrx_word' id='word_1_2253' title='bbox 1842 3847 1931 3873; x_wconf 90' lang='lat' dir='ltr'>Animi</span> <span class='ocrx_word' id='word_1_2254' title='bbox 1949 3845 2083 3878; x_wconf 82' lang='lat' dir='ltr'>defatigati</span> <span class='ocrx_word' id='word_1_2255' title='bbox 2096 3844 2130 3869; x_wconf 89' lang='lat' dir='ltr'>ab</span> <span class='ocrx_word' id='word_1_2256' title='bbox 2140 3844 2227 3869; x_wconf 86' lang='lat' dir='ltr'>aduer-</span> 
     </span>
    </p>
   </div>
   <div class='ocr_carea' id='block_1_51' title="bbox 1141 3878 2230 3986">
    <p class='ocr_par' dir='ltr' id='par_1_78' title="bbox 1141 3878 2230 3986">
     <span class='ocr_line' id='line_1_221' title="bbox 1200 3878 2229 3919; baseline -0.013 -4"><span class='ocrx_word' id='word_1_2257' title='bbox 1200 3891 1274 3915; x_wconf 76' lang='lat' dir='ltr'>sariis</span> <span class='ocrx_word' id='word_1_2258' title='bbox 1287 3887 1457 3915; x_wconf 88' lang='lat' dir='ltr'>multitudine</span> <span class='ocrx_word' id='word_1_2259' title='bbox 1468 3885 1612 3912; x_wconf 85' lang='lat' dir='ltr'>verborum</span> <span class='ocrx_word' id='word_1_2260' title='bbox 1638 3883 1738 3911; x_wconf 66' lang='lat' dir='ltr'>Auctor</span> <span class='ocrx_word' id='word_1_2261' title='bbox 1751 3882 1782 3910; x_wconf 90' lang='lat' dir='ltr'>ad</span> <span class='ocrx_word' id='word_1_2262' title='bbox 1798 3884 1896 3909; x_wconf 89' lang='lat' dir='ltr'>Heren.</span> <span class='ocrx_word' id='word_1_2263' title='bbox 1910 3891 1932 3914; x_wconf 80' lang='lat'>3,</span> <span class='ocrx_word' id='word_1_2264' title='bbox 1946 3889 1974 3914; x_wconf 88' lang='lat'>17</span> <span class='ocrx_word' id='word_1_2265' title='bbox 1987 3889 2008 3905; x_wconf 87' lang='lat' dir='ltr'>c.</span> <span class='ocrx_word' id='word_1_2266' title='bbox 2021 3889 2057 3912; x_wconf 85' lang='lat'>9..</span> <span class='ocrx_word' id='word_1_2267' title='bbox 2105 3878 2229 3919; x_wconf 27' lang='lat' dir='ltr'>Nec-lani:</span> 
     </span>
     <span class='ocr_line' id='line_1_222' title="bbox 1141 3914 2230 3986; baseline -0.014 -33"><span class='ocrx_word' id='word_1_2268' title='bbox 1141 3938 1186 3964; x_wconf 83' lang='lat'>¹05</span> <span class='ocrx_word' id='word_1_2269' title='bbox 1200 3926 1237 3952; x_wconf 88' lang='lat' dir='ltr'>mi</span> <span class='ocrx_word' id='word_1_2270' title='bbox 1250 3934 1297 3952; x_wconf 86' lang='lat' dir='ltr'>nee</span> <span class='ocrx_word' id='word_1_2271' title='bbox 1316 3924 1435 3986; x_wconf 61' lang='lat' dir='ltr'>corlporis</span> <span class='ocrx_word' id='word_1_2272' title='bbox 1453 3922 1588 3950; x_wconf 76' lang='lat' dir='ltr'>laboribus</span> <span class='ocrx_word' id='word_1_2273' title='bbox 1608 3920 1748 3954; x_wconf 77' lang='lat' dir='ltr'>defatigari</span> <span class='ocrx_word' id='word_1_2274' title='bbox 1776 3919 1831 3946; x_wconf 88' lang='lat' dir='ltr'>Cic.</span> <span class='ocrx_word' id='word_1_2275' title='bbox 1845 3919 1915 3945; x_wconf 85' lang='lat' dir='ltr'>Fam.</span> <span class='ocrx_word' id='word_1_2276' title='bbox 1936 3925 1975 3948; x_wconf 81' lang='lat'>14,</span> <span class='ocrx_word' id='word_1_2277' title='bbox 1993 3923 2011 3941; x_wconf 80' lang='grc' dir='ltr'>ι.</span> <span class='ocrx_word' id='word_1_2278' title='bbox 2084 3914 2230 3975; x_wconf 54' lang='grc' dir='ltr'>ῡῗ-ξῗξὲῗζξὲ</span> 
     </span>
    </p>
   </div>
  </div>
 </body>
</html>
