2479 4225
11 153 128 221 ‘²373
270 193 273 195 -
472 171 531 213 <E
643 173 680 213 o
1557 179 1593 220 E
1679 181 1715 221 o
1805 183 1831 223 s
2127 203 2195 241 374

66 247 190 284 carcerem.
291 257 372 285 Plaut.
390 259 448 286 Mil.
468 267 491 292 3,
504 267 533 293 3,
547 262 564 287 6
595 261 711 289 Stultitia
727 270 821 296 inagna
840 266 920 296 atque
938 260 1096 295 insipientia,
1158 263 1226 292 Ter.
1240 264 1289 292 Ad.
1304 272 1326 298 5,
1337 273 1360 298 3,
1372 272 1399 298 35
1419 267 1484 294 Istuc
1498 267 1578 295 ibam.
1597 271 1616 295 i.
1631 268 1659 295 de
1671 278 1698 296 ea
1711 279 1738 296 re
1751 269 1866 299 <imum
1880 284 1954 302 eram.
2032 277 2065 304 Et
2082 285 2109 311 4,
2131 287 2154 310 2,
2166 287 2196 312 41

67 301 119 319 non
132 290 232 319 fallacia
243 290 306 320 haee
318 294 363 326 sit,
382 303 424 320 me
437 295 477 322 ire
490 297 518 322 in
531 297 604 331 Opus
619 298 750 330 alienum,
765 303 810 324 ant
822 296 873 323 tibi
887 305 973 323 meam
987 306 1095 331 operam
1157 300 1211 326 Ibit
1226 300 1258 327 ad
1272 300 1337 327 illud
1350 301 1437 332 illico,
1457 313 1511 338 quo
1524 305 1637 334 maxime
1650 305 1718 340 apud
1731 311 1756 332 te
1769 307 1794 332 se
1807 308 1894 335 valere
1907 311 2007 338 sentiet.
2097 314 2139 339 Ire
2147 320 2196 348 pro

66 327 213 363 pollicitati.
316 330 359 356 Ire
371 329 398 356 in
412 330 529 363 Orbem,
545 332 598 358 vid.
612 340 712 360 oanis.
800 331 887 358 Valer.
901 332 1033 367 Argon·7‚
1042 341 1095 367 294
1163 336 1260 363 Venire.
1297 337 1365 364 Ter.
1379 336 1452 363 Adcl-
1466 348 1492 371 4,
1508 348 1551 375 3‚7
1571 342 1675 374 Qiaeso
1689 347 1716 367 vt
1730 350 1780 368 vna
1793 351 1896 370 mecum
1912 346 1942 372 ad
1957 354 2067 375 matrem
2080 349 2195 383 virginis

59 363 116 390 ‚Vix
134 363 249 394 animos,
268 363 438 399 dextramque
456 372 561 399 tenens,
581 368 646 402 quin
670 368 723 402 ipsa
741 366 876 401 loquentis
918 368 971 394 Iret
991 367 1020 394 in
1039 369 1093 394 Ora
1159 379 1208 397 eas.
1315 371 1388 399 Idem
1403 373 1477 399 Adel.
1492 383 1512 405 3,
1526 384 1547 407 3,
1563 383 1579 410 7
1618 376 1665 403 Sed
1678 386 1766 403 eccum
1781 378 1874 410 Syrum
1887 380 1927 406 irc
1941 382 2028 409 video.
2072 385 2128 411 Vid.
2143 385 2196 411 Do.

64 397 124 424 deae
137 406 143 422 ε
177 403 246 428 tanta
259 400 345 433 pudor
356 402 454 427 aestuat
468 402 516 428 ira.
532 406 550 429 i.
563 406 670 430 irrueret
682 399 784 437 infestis
796 402 916 428 manibus.
1031 403 1095 430 Plin.
1118 403 1132 430 5
1158 411 1211 431 nat.
1226 407 1300 441 Virg.
1315 409 1380 434 Aen.
1394 416 1419 439 2,
1434 416 1477 442 373
1513 425 1557 430 —-—
1594 413 1647 438 Vos
1668 412 1740 438 celsis
1753 422 1821 439 nunc
1841 415 1957 448 primuni
1974 425 1989 442 a
2008 419 2121 446 nauibus
2141 420 2195 446 itis.

61 432 138 467 Epist.
150 438 172 465 8,
185 442 215 466 14
235 434 290 461 Lex
325 450 372 456 —-
406 437 444 462 ita
456 438 616 465 secessionem
629 437 687 464 fieri
700 436 782 463 iubet.
826 437 883 470 Qui
903 437 966 463 haec
986 438 1095 470 sentiris,
1164 441 1222 467 Vid.
1236 442 1306 469 Seru.
1343 443 1415 469 Idem
1430 444 1494 470 Aen.
1509 448 1535 477 6,
1548 454 1602 477 392.
1674 448 1730 475 Sen.
1746 448 1817 475 Med.
1832 452 1892 484 684.
1929 452 1991 477 Stat.
2004 452 2093 480 Theb.
2103 463 2129 489 7,
2138 463 2195 488 ²29·

50 462 92 494 'iii
104 468 165 494 hanc
180 469 281 496 Partem
294 481 301 496 :
338 471 386 506 qui
399 472 450 498 alia
464 475 568 507 onmia,
588 474 615 500 in
629 473 701 499 illam
719 478 819 506 partein
840 473 893 504 ite,
914 482 965 507 qua
983 474 1092 500 sentitis.
1157 477 1240 503 Plaut.
1254 478 1316 504 Cist.
1329 486 1349 512 ς,
1364 487 1387 508 2,
1402 487 1414 510 3
1436 479 1506 505 Herc
1521 482 1587 507 vnde
1600 483 1621 508 is
1635 484 1644 508 3
1678 484 1715 510 Ex
1727 484 1831 511 Senatu.
1925 487 1949 513 It
1961 488 2087 514 contrat‘h
2102 499 2149 525 pro
2163 492 2196 517 iit

67 503 156 538 Vidp.
169 513 192 529 a.
206 505 248 531 Ire
261 506 289 531 in
302 506 362 533 Alia
375 509 474 534 omnia.
579 507 657 535 Ouid.
671 508 734 533 Met.
747 509 779 540 6,
794 516 843 533 200
875 508 977 535 Ibimus
990 509 1017 535 iii
1031 510 1093 535 Poe·
1156 515 1175 538 i.
1190 512 1241 538 iuit
1254 513 1299 540 Sil.
1311 522 1334 546 3,
1347 519 1391 542 228
1410 513 1465 539 Nec
1480 523 1595 549 vnquam
1609 518 1717 545 Saeuior
1732 518 1754 546 it
1768 520 1885 547 trucibus
1905 522 2040 556 tempestas
2059 524 2115 551 aeia
2135 535 2196 560 pro-

42 563 44 565 ,
61 547 121 570 nas,
141 545 166 565 et
180 548 232 574 qna
246 547 322 568 vocat
335 543 390 574 ira,
409 545 554 578 sequemur.
659 542 714 569 Cit-
729 544 804 570 Verr·
818 552 838 576 1,
854 551 895 575 125
912 544 1022 570 Dicebat
1035 544 1092 577 iste,
1158 547 1238 573 cellis.
1310 549 1352 575 Ire
1365 549 1435 575 inter
1445 549 1568 576 funebria
1584 552 1663 580 verba
1676 554 1757 588 refert
1770 556 1888 582 Donatus
1901 557 1935 584 ad
1958 557 2026 584 Ter.
2041 560 2121 588 Andr.
2137 570 2157 593 i,
2175 571 2195 593 i,

58 572 106 599 nisi
120 582 179 600 cum
196 575 308 603 muliere
322 576 500 611 decideretur,
520 580 548 605 in
560 577 734 604 Poffeffioneni
748 579 773 604 se
793 579 832 605 ire
852 579 978 606 iuffiirum
991 599 998 609 .
1019 581 1091 605 Prae·
1109 588 1138 606 io
1155 591 1190 615 90
1211 583 1339 618 Eti'ertur‚
1359 585 1437 610 imus.
1544 587 1586 611 Ire
1594 593 1642 622 pro
1657 588 1714 621 [stin
1751 592 1825 617 Curt.
1839 601 1872 624 4,
1886 600 1926 626 14,
1939 600 1970 625 25
1995 594 2037 620 Ite
2054 594 2150 622 alacres
2169 603 2196 623 et

57 611 122 635 toris
133 604 261 637 de'cretum.
369 613 449 641 Ouid.
462 614 495 641 de
505 615 578 640 Rem.
592 614 683 639 Amor.
699 618 749 647 482
768 615 798 639 In
812 623 868 640 mea
887 614 1023 642 Thersites
1042 616 1092 641 Rc-
1155 619 1199 651 spe
1213 618 1293 651 pleni.
1364 620 1422 646 Sen.
1438 620 1517 646 Herc.
1530 621 1591 647 Oct.
1606 628 1653 652 282
1673 624 1736 650 Non
1750 626 1798 652 ibo
1810 627 1903 655 inulta.
1959 627 2051 655 Claud.
2066 629 2099 656 de
2116 631 2194 658 Coris.

57 652 106 677 gna
120 643 225 678 licebit,
247 652 297 673 eat.
367 650 396 676 In
410 651 502 676 Rixam
513 657 566 675 non
578 647 676 674 ibimus
696 649 860 682 Qiinffll.6‚
873 659 900 682 4,
910 659 943 682 13-
1009 651 1090 677 Ouid.
1155 654 1259 680 Honor.
1273 663 1301 686 4,
1318 663 1363 687 109
1380 654 1434 688 Qii
1448 655 1566 682 vindicet
1580 657 1638 684 ibit.
1652 661 1670 684 ι’.
1686 661 1751 687 Erit.
1947 662 1970 726 p
1991 672 2020 690 10
2047 666 2127 692 Etiam
2136 667 2196 702 Pas-

60 678 125 706 Fast.
139 682 165 712 6,
178 683 227 714 526
251 682 282 708 Et
295 683 373 710 furiis
388 686 414 711 in
428 685 513 712 Scelus
526 684 569 710 isse
584 683 672 718 pudet.
770 685 835 711 Plin.
850 686 940 720 Pancg.
955 695 976 712 c.
991 693 1017 719 55
1037 685 1090 712 Ibit
1147 688 1217 722 fiuae
1225 690 1326 724 formae
1338 688 1380 722 est.
1434 692 1491 717 Itur
1505 693 1608 727 imperf.
1660 695 1683 720 V
1687 695 1735 730 irg.
1749 697 1814 724 Aen.
1829 699 1855 730 6,
1869 706 1916 732 179
1961 705 2004 726 tur
2016 699 2046 726 in
2058 701 2196 736 antiquam

58 714 88 741 in
133 715 237 743 Saecula
274 718 349 745 fuiss‘e
387 717 544 754 principem,
567 719 610 746 cui
645 719 752 746 florenti
783 726 809 747 et
838 721 967 747 incolumi
977 741 986 753 ‚
1025 730 1090 747 nun.
1155 724 1264 751 Siluani.
1335 725 1404 752 Ter.
1424 726 1506 753 Andr.
1528 735 1548 759 i,
1568 736 1589 759 5,
1602 730 1631 754 16
1667 730 1702 756 Ea
1720 732 1847 765 quoniam
1867 734 1968 761 nemini
1981 734 2090 763 obtrudi
2102 737 2197 771 potest,

54 751 137 784 'quam
150 751 196 777 nisi
211 752 312 780 modici
324 754 451 787 honores,
471 754 570 788 saepius
581 755 649 781 nulli
662 754 875 783 decernerentur.
945 757 990 782 Sil.
1007 765 1042 788 12,
1054 766 1089 787 311
1108 762 1132 789 ¹3
1154 760 1210 787 itur
1223 759 1256 786 ad
1270 768 1320 786 nie.
1436 761 1510 795 Virg.
1526 763 1590 788 Aen.
1603 772 1629 796 9,
1643 766 1691 798 641
1728 781 1773 787 —
1808 768 1850 794 Sic
1863 769 1919 796 itur
1929 770 1962 798 ad
1973 771 2048 797 astra.
2119 772 2195 809 Conf.

57 799 102 805 —
136 786 270 822 Facioque
290 789 319 815 in
339 791 440 816 Saecula
463 790 545 816 ituro.
615 790 707 817 Claud.
730 791 808 818 Cons.
832 790 905 818 Mall.
927 791 1036 818 Theod.
1052 801 1088 825 115
1154 795 1211 822 Sen.
1225 794 1302 829 Epist.
1317 803 1356 829 73.
1426 796 1507 823 Plaut.
1522 799 1612 825 Pseud.
1651 820 1657 826 .
1695 820 1702 827 .
1758 804 1883 830 Aeternas
1902 805 1957 831 itur
1969 806 1997 831 in
2013 816 2095 842 vsque
2107 817 2196 835 moras

55 832 100 840 ·-·
134 820 210 848 Ibant
221 824 250 849 in
264 824 368 852 Saecula
380 825 452 851 libri.
494 824 552 851 Vid.
571 824 607 851 ibi
627 826 766 853 Barthium.
781 833 811 862 p.
832 835 883 853 120.
1000 829 1042 854 Ire
1060 828 1089 854 in
1153 829 1246 858 Claud.
1260 830 1290 856 ad
1304 830 1411 857 Probin.
1426 833 1451 858 6.
1522 834 1588 859 Illuc
1603 834 1708 868 publice
1723 836 1778 864 itui·
1799 839 1902 873 leian.
1918 841 1946 866 in
1958 840 1976 867 l.
1988 850 2004 867 2
2019 843 2051 868 D.
2073 843 2116 870 Ne
2129 841 2195 879 quid

0 862 3 883 2
53 854 211 884 Sententiam
225 860 350 892 alicuius,
366 862 405 886 vel
416 859 527 887 Pedibus
539 861 579 887 ire
594 861 622 887 in
646 862 819 894 Sententiam,
836 860 870 896 est
899 863 1013 888 Alterius
1031 863 1088 899 fin-
1153 867 1182 892 in
1194 866 1244 892 loc.
1258 865 1357 899 public.
1428 867 1516 895 Ibitur
1535 869 1616 896 Plaut.
1632 871 1717 897 Truc.
1733 880 1756 904 3,
1773 882 1790 904 ι,
1802 882 1839 900 21.
1892 875 1965 902 Idem
1979 877 2061 904 Trin.
2070 888 2093 910 2,
2100 889 2128 912 4,
2138 886 2201 914 177:

52 894 159 924 tentiae,
179 902 228 920 non
243 896 331 928 verbo,
339 895 387 931 fid
395 901 494 931 corpore
508 895 628 924 accedere.
666 897 726 924 Liu.
740 906 759 929 i,
772 906 811 930 32.
847 904 872 923 et
886 905 908 930 5,
921 906 946 930 9.
982 898 1088 934 ldem7,
1153 902 1209 928 Cic.
1224 902 1261 935 Q
1279 901 1365 927 Fratr.
1377 910 1406 942 .²’
1442 923 1449 929 .
1489 924 1495 930 .
1533 904 1623 932 Ibatur
1651 906 1679 932 in
1696 915 1753 933 eam
1773 909 1926 937 sententiam
1941 922 1947 937 :
1983 921 2065 946 quum
2083 915 2196 941 Clodius

0 927 5 957 'f
50 933 80 958 ξς
100 928 192 954 Decius
203 929 238 956 ad
248 932 352 962 milites,
372 931 475 964 Quibus
490 931 580 958 eadem
591 932 746 967 placebunt,
764 934 792 959 in
805 931 922 960 dextram
935 940 1035 968 partein
1050 941 1087 961 ta-
1105 943 1137 960 20
1152 943 1257 971 rogatus
1272 935 1343 962 diem
1356 936 1469 964 dicendo
1482 940 1599 967 eximere
1612 942 1708 975 coepit.
1780 944 1858 971 Eatur
1874 946 1932 972 Scn.
1944 947 2038 974 Medea
2050 957 2076 983 7.
2120 950 2196 977 Idem

50 961 99 987 citi
111 963 267 998 transibitis,
284 973 351 1000 quae
362 966 448 993 maior
457 976 514 1002 pars
527 968 595 1000 erit,
614 977 647 995 eo
661 968 771 995 stabitur
782 968 901 995 consilio.
951 969 1047 995 Deinde
1059 973 1087 996 in
1150 972 1262 1004 Thyest.
1275 979 1297 1004 5.
1367 973 1467 1000 Iretur:
1504 976 1638 1010 Papinian.
1653 977 1681 1002 in
1692 977 1709 1002 1.
1721 977 1814 1011 Pupill.
1828 980 1861 1005 D.
1874 980 1906 1006 de
1924 980 2031 1009 fideiussl
2045 990 2112 1012 tuto.
2151 987 2196 1012 Iu-

42 995 115 1032 fine,
135 999 240 1032 Qiibns
260 1000 322 1028 haec
340 1000 462 1029 salutaria
481 1002 620 1034 videntur,
640 1004 708 1038 agite
727 1004 790 1030 dum
810 1005 840 1031 in
851 1004 969 1031 dextram
986 1011 1086 1039 partem
1151 1007 1210 1034 dice
1223 1006 1366 1040 defuneto,
1386 1010 1459 1043 prius
1475 1019 1553 1045 quain
1567 1011 1599 1037 ad
1615 1020 1676 1039 eum
1688 1012 1781 1038 iretur.
1851 1015 1890 1040 Iri
1904 1026 1910 1041 :
1929 1017 1984 1043 Cic.
1998 1019 2051 1045 Att.
2067 1028 2141 1054 2,1p.
2151 1028 2195 1055 173

50 1032 162 1066 pedibus
175 1035 285 1062 transite.
335 1036 418 1063 Addit
430 1039 532 1071 Liuius,
549 1046 640 1065 omnes
654 1039 816 1066 transierunt.
900 1040 956 1066 Cic.
971 1040 1083 1076 Philipp.
1150 1044 1247 1070 Gracu.
1266 1044 1333 1069 Item
1348 1050 1407 1070 ante
1420 1054 1474 1072 non
1487 1047 1536 1072 esse
1548 1046 1618 1072 itum
1637 1046 1764 1080 obuiam,
1784 1056 1818 1074 nc
1840 1054 1896 1074 tuin
1910 1051 2032 1084 quidem,
2050 1064 2133 1088 quum
2158 1057 2197 1083 iri

52 1076 88 1100 11,
126 1088 133 1096 .
169 1090 177 1096 .
211 1070 285 1098 Dixit
293 1075 388 1104 tamen,
402 1072 420 1099 si
434 1073 492 1108 quis
505 1083 606 1106 eorum,
620 1074 667 1109 qui
678 1074 735 1109 post
748 1075 774 1101 se
785 1075 873 1109 rogati
886 1076 979 1108 essent,
997 1078 1085 1111 graui·
1149 1079 1265 1105 maxime
1278 1078 1379 1109 debuit.
1574 1080 1595 1118 ff
1615 1090 1640 1108 11
1656 1117 1661 1122 Ι
1680 1083 1802 1118 Frequens
1814 1086 1841 1109 in
1848 1087 1943 1119 primis
1954 1087 2012 1122 vsi«,-
2023 1087 2057 1120 est
2077 1099 2131 1116 cum
2151 1093 2196 1118 Su.

49 1111 125 1130 orem
138 1106 289 1132 sententiam
301 1106 420 1140 dixisset,
436 1109 465 1134 in
477 1118 534 1136 eam
548 1111 573 1136 se
588 1111 696 1137 iturum.
814 1111 924 1144 Qiin&.
937 1111 1001 1138 decl.
1011 1121 1055 1146 14,
1068 1114 1086 1139 6
1103 1112 1133 1139 25
1143 1117 1217 1150 pinis
1224 1114 1370 1150 prioribus,
1391 1114 1419 1141 de
1431 1115 1517 1150 quibus
1529 1125 1553 1142 n.
1567 1123 1603 1157 73
1624 1118 1686 1157 Cic.
1702 1117 1734 1143 de
1746 1119 1805 1157 Inu.
1818 1127 1841 1151 2,
1854 1127 1888 1154 27
1904 1129 1925 1146 c.
1938 1127 1951 1150 3
1973 1123 2055 1155 Qiod
2067 1124 2086 1150 fi
2100 1125 2127 1151 id
2136 1134 2196 1152 con.

49 1147 75 1172 p-
90 1142 143 1173 246
161 1139 269 1168 Pedibus
290 1142 414 1169 Manibus
436 1144 536 1172 inimus
558 1146 587 1172 in
607 1145 759 1172 sententiam
778 1146 939 1173 neceslitatis.
1010 1148 1085 1183 Cous.
1149 1149 1271 1180 cedatur,
1288 1149 1354 1176 illud
1367 1159 1421 1177 non
1434 1153 1578 1178 concessum
1595 1160 1640 1179 iri.
1660 1156 1678 1179 i.
1692 1162 1739 1180 non
1751 1156 1874 1188 futurum,
1882 1162 1912 1182 vt
1922 1158 2079 1184 concedatur.
2126 1160 2196 1187 Ter.

49 1173 120 1209 Lips.
134 1175 165 1202 ad
177 1176 244 1204 Tac.
257 1176 325 1204 Hist.
339 1186 367 1211 4,
379 1187 406 1212 4.
477 1180 545 1207 Gell.
558 1189 581 1214 3,
595 1186 629 1212 18.
655 1187 679 1207 et
687 1187 716 1216 p.
728 1191 752 1207 α.
765 1182 806 1208 Ire
819 1182 848 1208 in
861 1182 929 1208 Alia.
1019 1183 1084 1210 Plin.
1148 1186 1214 1212 Hec.
1239 1185 1309 1212 Prol.
1340 1194 1376 1218 40
1413 1187 1481 1213 Cum
1510 1188 1611 1214 interea
1634 1197 1729 1215 rumor
1751 1190 1842 1223 venit,
1860 1190 1957 1220 Datum
1974 1193 2011 1220 iri
2029 1193 2195 1228 gladiatores.

50 1212 113 1242 26‚8
132 1211 216 1238 Datur
225 1218 252 1239 et
263 1212 291 1238 in
303 1212 429 1240 Somnum
441 1215 574 1243 euntibus.
643 1217 686 1243 Ire
699 1216 883 1244 inSubsidium
903 1218 1051 1251 Cic.Att.8,
1060 1227 1085 1254 7.
1148 1220 1295 1249 Metell..ad
1308 1221 1364 1247 Cic.
1378 1222 1450 1248 Fam.
1464 1230 1487 1255 5,
1502 1231 1512 1249 1
1536 1223 1720 1250 Existiinaram
1757 1240 1801 1245 —-
1835 1235 1922 1261 neque
1941 1237 1984 1254 me
2002 1229 2136 1258 absentem
2156 1231 2197 1264 Iurv

47 1245 248 1275 Item,Subfidio
276 1248 347 1275 Caes.
367 1250 396 1277 B.
418 1251 450 1277 G.
471 1257 498 1285 7,
534 1270 541 1277 .
579 1271 585 1278 .
622 1258 646 1278 et
662 1252 730 1286 Nep.
747 1260 768 1285 1,
782 1258 805 1285 8,
819 1261 841 1278 2.
912 1253 982 1280 Flor.
991 1263 1014 1287 2,
1027 1264 1054 1288 4,
1068 1263 1085 1281 2
1149 1255 1241 1283 dibrio
1260 1257 1371 1283 Laesum
1389 1257 1440 1290 iri,
1462 1259 1666 1298 nec-Metellum
1679 1260 1794 1300 'fratrem
1830 1276 1875 1302 '—
1909 1272 1958 1297 per
1971 1270 1999 1304 te
2008 1265 2050 1299 Op
2070 1272 2197 1300 ugnatiim

48 1280 143 1314 Alpina
171 1291 282 1317 corpora
315 1298 360 1304 ——
396 1285 494 1312 habent
519 1286 645 1321 quiddam
671 1287 754 1314 simile
780 1287 890 1314 niuibus
909 1289 979 1315 suis:
1015 1299 1083 1324 quae
1101 1297 1134 1322 30
1148 1292 1195 1319 iri.
1266 1292 1339 1328 Cous.
1354 1292 1473 1328 responsto
1492 1294 1630 1321 Ciceronis
1644 1295 1753 1330 epistola
1767 1305 1897 1331 proxuna.
1967 1300 2024 1326 Cic.
2073 1302 2109 1328 iu.
2125 1310 2152 1334 1,
2164 1305 2196 1332 68

47 1324 111 1342 mox
124 1322 152 1342 vt
162 1317 264 1346 caluere
279 1327 364 1354 pugna
376 1320 461 1348 statim
475 1321 504 1348 iii
524 1322 651 1350 Sudorem
665 1328 736 1350 eunt.
829 1324 894 1350 Plin.
908 1329 943 1357 18,
956 1326 972 1351 6
991 1326 1083 1359 Qnim
1148 1336 1170 1354 c.
1184 1331 1214 1360 32
1231 1327 1409 1354 Madesafimm
1421 1329 1457 1354 iri
1465 1329 1602 1356 Graeciam
1616 1331 1750 1365 sanguine.
1806 1333 1923 1373 Lac'tant.
1939 1343 1958 1367 1,
1972 1338 1997 1375 6,
2013 1345 2036 1368 ¹3
2059 1336 2090 1363 de
2103 1338 2197 1372 Silyalla

45 1350 76 1376 in
89 1351 241 1387 Suffragium
254 1354 340 1381 tribus
353 1362 487 1391 oporteret
500 1357 550 1385 ire.
620 1358 716 1384 Lucan.
731 1363 752 1390 8,
766 1363 794 1389 88
816 1360 841 1386 O
854 1361 956 1386 vtinam
971 1360 1084 1387 in‘rha-
1149 1363 1304 1398 Erythraea,
1321 1365 1397 1398 Qae
1411 1370 1436 1390 et
1449 1373 1547 1391 nomen
1561 1367 1637 1392 suum
1651 1376 1745 1394 verum
1756 1369 1869 1395 carmini
1883 1370 2004 1403 inseruit,
2024 1378 2049 1398 et
2056 1373 2195 1405 Erythrae-

0 1383 2 1394 '
44 1385 129 1413 lmnds
142 1387 217 1415 inuisi
231 1390 348 1417 Caesaris
361 1392 441 1419 issem.
533 1393 615 1419 Plaut.
629 1393 718 1419 Pseud.
732 1403 761 1427 4,
776 1403 799 1427 2,
813 1400 846 1429 84
866 1395 958 1423 Noetu
972 1396 1001 1422 in
1010 1397 1084 1431 Vigi-
1148 1407 1190 1426 am
1206 1400 1231 1425 se
1246 1399 1423 1426 Nominatum
1435 1400 1472 1427 iri
1486 1401 1637 1435 praelocuta
1650 1402 1702 1434 est,
1720 1412 1802 1438 quum
1815 1405 1873 1430 ess'et
1887 1412 1944 1432 orta
1958 1407 2099 1439 Babylone.
2150 1407 2198 1436 Sed

43 1419 108 1448 liam
125 1423 227 1457 quando
241 1425 297 1452 ibat
309 1426 399 1458 miles,
419 1434 475 1454 tuni
488 1433 518 1454 tu
531 1428 588 1455 ibas
607 1428 684 1455 simul
699 1430 708 1455 ζ
905 1429 926 1469 ᾖ
948 1433 965 1457 6
1002 1433 1084 1458 Etiam
1147 1436 1181 1461 al.
1196 1435 1227 1461 Se
1240 1435 1377 1468 nominat,
1398 1436 1445 1462 vbi
1460 1436 1610 1470 praelocuta
1624 1438 1669 1464 est.
1743 1439 1865 1466 Scaeuola
1881 1440 1908 1466 in
1921 1442 2047 1476 l.Rcspic.
2062 1444 2193 1471 D.Sicer-

34 1455 158 1492 frequens
169 1458 203 1492 est
211 1469 268 1487 cum
281 1461 460 1497 Praepositione
475 1464 523 1490 Per
534 1462 692 1498 constructio.
747 1465 808 1492 Liu.
821 1474 866 1500 42,
879 1469 910 1498 36
938 1467 1083 1495 Neminem
1100 1468 1130 1496 35
1147 1475 1203 1496 tum
1218 1476 1339 1504 petatur,
1357 1471 1558 1506 Respiciendnm
1572 1473 1644 1499 enim
1657 1473 1708 1506 est,
1724 1483 1758 1501 an
1777 1478 1922 1510 (quantum
1947 1478 1974 1503 in
1996 1485 2088 1506 natura
2108 1479 2195 1506 homi-

40 1498 136 1522 eorum
147 1502 193 1528 per
204 1495 308 1522 Italiam
321 1497 361 1524 ire
373 1498 520 1525 liciturum.
625 1499 706 1526 Ouid.
721 1501 785 1527 Met.
799 1509 845 1534 14,
859 1508 902 1534 591
936 1518 982 1523 —-
1017 1504 1083 1531 Satis
1147 1515 1212 1532 num
1224 1506 1271 1538 sit)
1291 1506 1364 1541 possit
1380 1507 1442 1533 sciri
1457 1516 1514 1534 eam
1527 1508 1647 1535 debitum
1661 1510 1704 1535 iri.
1778 1511 1898 1543 Datuiri,
1912 1520 1962 1547 pro
1979 1514 2077 1541 Datum
2097 1515 2150 1548 iri,
2170 1522 2195 1542 et

38 1525 76 1552 est
89 1527 231 1556 inamabile
243 1540 353 1566 regnum
386 1533 532 1568 Adspexisse
545 1534 632 1566 semel,
641 1535 743 1569 Stygios
760 1537 840 1563 semel
854 1538 898 1563 isse
912 1547 958 1572 per
965 1540 1081 1566 Amncis.
1138 1541 1235 1576 fimilia
1249 1545 1276 1567 in
1289 1541 1425 1569 ΡιιηάεέῖιίΓ
1439 1543 1606 1582 Florentinis,
1620 1544 1649 1570 de
1668 1544 1755 1580 quibus
1777 1548 1872 1572 Amori.
1895 1550 2052 1584 Augustinus
2077 1551 2194 1578 Emmdd.

40 1561 122 1590 Ouid.
136 1565 166 1590 ad
179 1566 285 1594 Liuiam
299 1576 342 1600 413
363 1569 464 1604 Perque
477 1571 566 1596 Annos
580 1570 721 1597 diuturnus
739 1580 781 1598 eas
799 1572 944 1607 fratrisque
961 1580 1082 1609 tuosque.
1146 1586 1171 1609 2,
1186 1587 1210 1609 2,
1218 1583 1248 1612 p.
1263 1587 1300 1603 111
1310 1577 1352 1613 sq.
1365 1577 1483 1604 videntur
1497 1577 1540 1611 este
1551 1588 1566 1605 a
1579 1579 1702 1607 librariis.
1740 1580 1798 1607 Cum
1812 1583 1942 1609 Nominat.
1964 1585 2093 1618 Quietis.
2100 1594 2128 1618 9,
2136 1595 2160 1618 2,
2167 1591 2195 1616 88

5 1598 8 1606 “
37 1597 106 1624 Hor.
123 1600 204 1627 Serm.
220 1611 241 1632 2,
256 1611 276 1635 1,
291 1612 319 1635 19
340 1603 427 1630 Verba
438 1614 484 1639 per
505 1610 630 1631 attentam
655 1614 710 1632 non
731 1606 809 1633 ibunt
831 1608 948 1635 Caesaris
972 1610 1080 1637 Aurem.
1147 1613 1216 1638 Reus
1235 1612 1377 1638 videbatur
1393 1613 1546 1640 damnatum
1566 1614 1611 1640 iri.
1653 1616 1748 1642 Rarius
1763 1618 1877 1651 loquendi
1887 1626 1980 1652 genus,
1996 1620 2045 1654 fid
2056 1624 2195 1655 antiquum,

0 1646 2 1649 ·
35 1631 92 1659 Ibit
124 1644 169 1668 per
203 1634 327 1670 Glffiiios,
345 1638 408 1670 (hei
430 1640 516 1672 milii)
538 1640 626 1667 noster
648 1649 724 1667 amor
751 1641 833 1668 Ouid.
857 1643 935 1684 Epist.
959 1651 996 1678 17,
1021 1647 1080 1677 246.
1088 1655 1127 1681 40
1145 1646 1211 1682 quod
1222 1645 1400 1679 illustrabimur
1411 1649 1463 1674 loco
1478 1649 1577 1682 Gellii,
1597 1651 1656 1676 licet
1666 1652 1752 1684 paullo
1764 1653 1891 1686 longiore,
1913 1661 1952 1684 10,
1971 1662 2002 1686 14
2029 1655 2133 1687 Audio,
2154 1652 2195 1682 dli·

37 1667 168 1702 Qiintffil.
181 1679 210 1704 4,
223 1681 236 1698 2
252 1674 397 1708 Tanquam
409 1676 506 1702 necesse
519 1675 549 1702 sit
561 1676 676 1710 longam,
696 1681 740 1703 aut
754 1676 863 1704 breuem
877 1680 926 1705 esse
941 1680 1081 1714 expositio·
1144 1685 1265 1709 iniuriam
1275 1680 1380 1717 fat‘lum
1392 1686 1428 1709 iri
1439 1694 1450 1712 ‚·
1484 1683 1581 1716 audio,
1600 1685 1788 1711 contumeliam
1802 1685 1896 1712 ded-‘sum
1914 1689 1951 1727 irj
1986 1703 2031 1709 —
2069 1690 2118 1716 Sed
2137 1700 2194 1716 con-

12 1710 13 1739 l
36 1711 99 1730 neni
114 1715 120 1730 :
153 1715 201 1733 nec
214 1707 293 1734 liceat
306 1709 346 1735 ire
358 1719 404 1744 per
417 1710 547 1737 Medium.
642 1711 724 1738 Ouid.
738 1712 771 1738 de
784 1716 847 1739 Arte
859 1715 917 1740 Ain.
931 1723 954 1746 2,
967 1717 1004 1748 46
1022 1716 1080 1742 ssei-
1144 1719 1246 1743 tumelia
1258 1720 1313 1750 illi,
1332 1717 1376 1744 vel
1389 1720 1486 1744 iniuria
1491 1718 1594 1753 fabium
1607 1722 1676 1750 itur,
1694 1720 1784 1753 paullo
1797 1720 1834 1747 est
1846 1728 1985 1750 remotius.
2037 1725 2194 1760 Exemplum

12 1749 13 1753 ¹
35 1737 115 1773 laque
129 1749 175 1774 per
187 1747 274 1776 turpes
289 1744 392 1778 longius
407 1745 450 1771 isse
462 1747 560 1773 Moras.
663 1747 711 1773 Per
725 1746 835 1781 singulas
855 1750 991 1775 causarum
1011 1750 1082 1775 iudi·
1144 1752 1229 1785 igitur
1241 1761 1377 1786 ponemus.
1428 1754 1466 1779 M.
1482 1755 1548 1780 Cato
1561 1762 1610 1788 pro
1622 1755 1648 1780 se
1661 1761 1752 1781 contra
1765 1756 1796 1782 C.
1810 1757 1936 1790 Cassium,
1956 1760 2039 1795 Atque
2052 1765 2133 1788 euenit
2145 1765 2194 1794 ita,

13 1791 14 1812 ἢ
37 1773 145 1801 cialium
160 1777 245 1804 Partes
266 1780 395 1813 Qiinffll.
409 1788 434 1814 7,
447 1790 471 1807 z.
577 1782 625 1807 Per
637 1789 727 1806 omnes
741 1788 766 1808 et
779 1783 903 1808 Personas
917 1789 943 1808 et
963 1784 1079 1809 Affectus
1144 1788 1275 1820 Qcirites,
1291 1789 1333 1813 vti
1343 1790 1370 1813 in
1382 1787 1429 1813 hac
1440 1790 1602 1822 contumelia,
1621 1798 1681 1824 quae
1702 1791 1766 1816 mihi
1783 1799 1830 1826 per
1850 1792 1949 1819 huiusce
1964 1798 2132 1830 petulantiam
2144 1798 2193 1833 fa-

34 1809 211 1838 Comoediani
229 1813 269 1839 ire
299 1815 427 1847 Qiinffil.
449 1824 471 1846 i,
482 1820 505 1844 8.
610 1816 658 1840 Per
677 1824 768 1841 omnes
785 1824 875 1841 rerum
895 1817 996 1849 Species
1010 1823 1078 1843 artes
1090 1821 1126 1847 45
1144 1820 1210 1846 &um
1223 1824 1290 1851 itur,
1310 1825 1349 1847 rei
1359 1830 1451 1857 quoque
1462 1823 1576 1858 publicae
1611 1839 1657 1844 —
1692 1826 1826 1854 miserear.
1881 1829 1952 1855 Sicut
1971 1837 2060 1858 autem
2071 1840 2193 1859 contume-

0 1855 5 1870 ε
33 1848 99 1870 enne
114 1846 244 1878 Qiinotil.
258 1855 284 1878 2,
298 1855 318 1878 5.
425 1849 478 1873 Sub
492 1847 626 1881 amplexus
639 1848 750 1874 alicuius
782 1849 864 1874 Ouid.
885 1850 964 1883 Epist.
981 1853 1020 1883 16,
1032 1860 1078 1885 94.
1141 1856 1201 1881 liam
1209 1853 1314 1890 facium
1326 1859 1364 1882 iri
1375 1856 1518 1891 fignificat,
1537 1859 1574 1885 iri
1587 1859 1619 1886 ad
1634 1862 1823 1889 contumeliam
1837 1863 2002 1897 faciendam,
2023 1866 2050 1892 id
2066 1867 2116 1899 est,
2129 1876 2192 1902 ope-

0 1885 5 1906 ε
32 1877 86 1904 Sub
103 1879 205 1905 fui-cam
235 1881 303 1906 Hor.
319 1881 400 1906 Serm.
415 1890 440 1912 2,
455 1888 481 1915 7,
494 1883 536 1907 66.
645 1883 779 1909 Comitem
792 1883 874 1910 alicui
889 1884 928 1910 ire
942 1885 970 1911 in
978 1886 1076 1913 Lucan.
1144 1899 1200 1917 ram
1216 1890 1289 1923 dari,
1307 1900 1362 1926 quo
1374 1891 1420 1919 fiat
1433 1895 1595 1921 contumelia
1610 1906 1618 1927 ;
1654 1896 1691 1922 ita
1702 1899 1848 1924 contumelia
1860 1899 1923 1924 mihi
1930 1900 2035 1935 fabium
2049 1905 2117 1933 itur,
2131 1905 2191 1930 casu

0 1909 4 1943 l
33 1920 60 1946 9,
93 1932 101 1939 .
138 1932 145 1939 .
180 1913 260 1941 Ouid.
281 1915 314 1941 de
331 1916 396 1941 Arte
415 1917 474 1943 Ain.
487 1924 510 1948 3,
525 1923 554 1950 17
579 1916 686 1953 Respice
699 1917 866 1950 Phyllacideii
878 1939 887 1951 ,
907 1926 933 1947 et
947 1930 1014 1955 quae
1033 1931 1077 1948 co-
1141 1931 1244 1952 tantum
1258 1926 1416 1960 immutato,
1434 1929 1505 1956 idem
1519 1930 1593 1957 dicit.
1630 1932 1699 1958 Haec
1713 1933 1814 1959 Gellius.
1849 1933 1931 1961 Plaut.
1943 1935 2013 1963 Rud.
2025 1947 2054 1971 4,
2062 1945 2087 1972 7,
2095 1940 2125 1964 16
2137 1939 2191 1965 Mi-

0 1950 4 1973 Ι
33 1955 88 1975 mes
102 1947 145 1975 isse
156 1949 253 1976 marito
288 1950 391 1977 Fertur.
497 1951 573 1986 Virg.
586 1952 651 1979 Aen.
664 1961 691 1985 2,
704 1961 755 1988 547
790 1969 835 1974 --
870 1961 896 1981 et
910 1957 1077 1984 nuntiusibis
1142 1960 1171 1987 hi
1185 1961 1262 1988 istaec
1276 1962 1381 1989 videtur
1393 1964 1488 1997 praeda
1501 1966 1655 1999 praedatum
1668 1967 1743 1993 irier.
1781 1968 1868 2004 Senfiu
1880 1967 1929 2002 est,
1948 1969 1992 2003 aste
2004 1973 2114 2005 vidulus,
2122 1984 2192 2009 quem

33 1983 137 2011 Pelidae
148 1985 272 2019 genitori.
466 1984 489 2024 ff
514 1994 532 2022 7
566 1988 681 2014 Aliorum
694 1990 822 2016 verborum
835 1990 937 2026 Supinis
951 1991 1076 2026 z'mzi‘lum,
1093 1998 1126 2025 50
1141 2003 1167 2022 tu
1176 1996 1297 2031 praedam
1307 2004 1400 2032 putas,
1420 1999 1509 2026 damno
1520 2001 1568 2027 tibi
1580 2004 1638 2028 erit.
1674 2003 1744 2029 Haec
1751 2003 1878 2038 sententia
1891 2009 2033 2039 exorietur,
2046 2008 2072 2041 Ji
2085 2011 2125 2034 vel
2136 2019 2191 2035 cum

27 2020 100 2056 facit
114 2023 171 2055 peri
188 2020 270 2054 hraJin
286 2021 389 2055 Futuri,
409 2028 474 2049 certe
494 2020 618 2056 confilium
630 2023 749 2059 faciendi
758 2024 898 2061 fignificat.
970 2028 1012 2054 Ire
1027 2029 1076 2055 Ar·
1139 2032 1283 2059 Boxhornio
1309 2033 1436 2066 emender,
1456 2034 1520 2062 Istae
1548 2036 1659 2070 praeda,
1676 2038 1796 2064 Ablatiuo
1816 2039 1900 2074 Casu:
1919 2041 2000 2068 .1stac
2021 2044 2116 2077 praeda
2135 2045 2190 2074 itur

13 2081 14 2086 ,
35 2055 144 2082 ceffitum
195 2065 231 2082 er.
246 2056 312 2082 Eun.
326 2064 351 2090 5,
362 2065 386 2088 2,
399 2065 436 2090 53.
543 2057 624 2085 Plaut.
638 2059 728 2086 Bacch.
742 2069 766 2093 3,
779 2063 805 2093 6,
819 2063 849 2094 36
869 2062 1010 2097 Occipcres
1018 2069 1074 2090 tute
1139 2067 1184 2101 (it
1196 2068 1310 2103 aliquis)
1328 2069 1482 2102 praedatum
1498 2081 1504 2096 ε
1539 2073 1581 2097 vel
1600 2081 1654 2098 cum
1674 2073 1789 2107 salmasto
1809 2074 1874 2101 irier
1893 2075 1966 2102 dicas
1984 2077 2190 2113 deponeritialiter

13 2089 15 2102 ³
36 2099 136 2122 amare,
155 2097 181 2119 et
199 2100 242 2118 me
261 2092 329 2127 (pro
348 2092 418 2119 mihi
428 2094 470 2120 vel
481 2093 542 2128 mi)
562 2094 614 2121 ires
629 2095 786 2122 Consultuin
800 2096 889 2123 male?
992 2099 1075 2127 Plaut.
1129 2103 1255 2138 sumipro
1269 2104 1325 2135 ire,
1346 2111 1375 2130 vt
1388 2104 1442 2132 itur
1455 2108 1482 2131 in
1496 2107 1556 2133 XII
1565 2107 1714 2143 tabulis-pro
1728 2108 1766 2141 it,
1787 2109 1865 2142 fitur,
1884 2112 2002 2145 potestur
2009 2122 2059 2148 pro
2074 2114 2114 2147 fit,
2131 2122 2190 2150 pot-
2212 2140 2222 2148 ,

36 2126 98 2154 Cist.
111 2135 130 2158 1,
144 2135 163 2159 1,
175 2135 205 2160 39
224 2127 285 2155 Suas
304 2127 410 2162 pellices
432 2129 481 2155 esse
500 2130 590 2163 aiunt,
607 2136 670 2157 eunt
687 2131 859 2167 Depressum,
881 2133 945 2168 quia
966 2143 1013 2161 nos
1033 2136 1074 2161 su-
1137 2138 1182 2164 est.
1256 2138 1454 2173 Firmaripotest
1467 2141 1526 2167 haec
1534 2140 1658 2177 posterior
1672 2144 1739 2170 ratIo
1754 2146 1804 2171 loco
1817 2145 1918 2172 Naeuii
1931 2148 1998 2183 apud
2012 2150 2116 2176 Festum
2133 2160 2190 2178 uoce

14 2180 15 2194 ,
39 2170 95 2189 mus
107 2161 257 2190 libertinae:
292 2166 411 2190 meretrix
422 2165 532 2200 quuitur
544 2165 573 2192 de
583 2169 714 2193 matronis.
821 2168 904 2195 Plant.
923 2170 1001 2197 I'ocn.
1013 2179 1037 2203 3,
1052 2179 1072 2204 1,
1091 2169 1120 2198 55
1138 2173 1319 2206 Rutabulum,
1338 2175 1387 2201 Vel
1402 2184 1469 2210 quae
1486 2177 1570 2211 sperat
1584 2178 1610 2203 se
1623 2184 1767 2212 nupturam
1779 2180 1814 2206 iri
1828 2181 2033 2212 adulescentulo.
2068 2187 2111 2213 Sic
2123 2193 2189 2214 certe

39 2205 59 2230 9
76 2196 172 2224 Siccine
183 2203 286 2234 oportet
298 2199 338 2225 ire
351 2199 449 2226 amicos
465 2200 571 2227 homini
584 2202 682 2228 amanti
698 2211 807 2237 operam
820 2203 910 2231 datum
924 2205 933 2231 3
998 2228 1004 2235 .
1031 2207 1073 2233 Sic
1136 2209 1227 2236 editur.
1264 2209 1417 2244 Nupturani
1432 2211 1484 2244 iri,
1505 2212 1528 2239 h.
1536 2222 1555 2238 e.
1566 2213 1622 2246 ire,
1639 2214 1704 2240 idem
1717 2213 1750 2248 est
1764 2216 1830 2251 quod
1841 2224 1951 2252 nuptum
1966 2221 2015 2246 ire.
2123 2220 2144 2260 q
2160 2231 2190 2250 12,

32 2232 125 2267 pqffiue
138 2233 181 2260 Iri.
215 2234 281 2261 Ter.
296 2234 378 2261 Andr.
393 2244 412 2266 1,
426 2244 447 2268 2,
460 2238 477 2262 6
497 2236 635 2271 Postquam
647 2237 766 2265 audierat
779 2248 834 2265 non
846 2239 936 2266 datum
957 2241 993 2268 iri
1012 2241 1071 2268 silio
1142 2246 1263 2280 Tempora
1277 2247 1329 2272 alia
1343 2256 1351 2270 .·
1389 2246 1454 2272 Viae
1479 2248 1578 2274 eundae
1601 2255 1627 2274 et
1650 2250 1773 2277 vitandae
1800 2252 1891 2279 Claud.
1919 2256 1947 2280 in
1971 2256 2080 2291 Euri-op.
2095 2268 2115 2289 z,
2127 2267 2188 2291 420.

0 2265 2 2298 ζ
36 2275 143 2295 vxorem
155 2269 202 2295 suo
214 2279 221 2296 :
255 2279 284 2296 cx
297 2279 343 2306 quo
356 2277 380 2296 et
384 2270 508 2304 similibus
521 2273 671 2310 intelligitur
684 2277 766 2307 ratio,
781 2275 975 2311 curperzplbrafi
984 2278 1073 2304 futuri
1134 2281 1205 2307 Itum
1221 2279 1256 2306 est
1271 2289 1276 2304 :
1312 2280 1393 2307 Ouid.
1406 2282 1470 2308 Met.
1487 2291 1507 2314 i,
1522 2289 1561 2316 138
1585 2284 1643 2310 Nec
1656 2291 1758 2313 tantinn
1773 2287 1885 2321 segetes,
1904 2290 2082 2326 alimentaque
2097 2293 2188 2320 debita

34 2302 126 2337 Paffiui
137 2303 288 2332 adhibeatur.
323 2307 384 2332 Alia
398 2306 483 2337 damus
497 2316 524 2335 n.
536 2317 569 2334 11.
665 2310 707 2336 Ire
720 2310 873 2338 Dormitum
893 2311 976 2339 Plaut.
991 2313 1070 2340 Cure.
1136 2315 1212 2342 diues
1248 2316 1405 2343 Poscebatur
1417 2316 1514 2344 humus
1528 2329 1535 2346 ε
1570 2320 1613 2346 sed
1626 2321 1695 2347 iturn
1708 2322 1745 2348 est
1760 2322 1787 2348 in
1802 2324 1902 2351 viscera
1915 2332 2009 2353 terrae.
2050 2328 2092 2354 Ad
2105 2330 2188 2356 Arma

0 2363 3 2370 .
31 2345 59 2370 4,
72 2346 94 2370 3,
108 2347 142 2371 ²3·
212 2341 268 2373 Sic,
287 2342 329 2368 Ire
342 2341 462 2369 cubitum
481 2343 538 2370 Cic.
553 2352 602 2378 pro
616 2344 789 2373 Rosc.Amer.
801 2349 846 2380 64.
953 2349 996 2375 Ire
1008 2349 1069 2376 Ere·
1079 2351 1115 2378 60
1134 2351 1203 2378 ituni
1218 2351 1255 2377 est
1275 2352 1372 2378 Patere.
1386 2360 1412 2385 2,
1426 2358 1469 2386 48,
1483 2362 1508 2380 2.
1581 2355 1649 2382 Cels.
1670 2357 1699 2383 in
1713 2357 1730 2383 l.
1751 2357 1823 2384 Nam
1841 2360 1901 2387 satis
1918 2361 1964 2393 est,
1986 2363 2063 2390 fundi
2077 2373 2186 2391 nomine

0 2383 4 2400 ι
31 2378 105 2407 ptum
118 2374 202 2402 aliena
215 2375 285 2403 bona
303 2377 382 2404 Plant.
395 2379 462 2405 Pers.
476 2387 496 2411 i,
511 2388 532 2412 i,
546 2388 579 2405 ie.
614 2380 681 2407 Add.
695 2381 760 2408 Plin.
774 2383 834 2408 Pan.
852 2390 889 2415 35,
903 2391 925 2415 3.
987 2384 1070 2411 Plaut.
1134 2387 1203 2414 itum
1213 2388 1261 2413 effe
1275 2387 1307 2413 D.
1329 2388 1486 2421 Qiemadm.
1500 2389 1589 2418 seruit.
1603 2392 1678 2418 amit.
1715 2392 1822 2427 leian.
1837 2395 1866 2421 in
1879 2396 1914 2422 l.i
1928 2396 1951 2433 §.
1962 2407 1970 2424 i
1983 2399 2048 2425 D.S'1
2063 2407 2185 2434 aparent.

32 2408 93 2435 cist.
109 2418 128 2442 1,
141 2419 161 2444 1,
174 2419 192 2444 4
213 2411 261 2437 Tu
275 2418 353 2446 atque
366 2412 444 2443 haec,
467 2414 544 2441 soror
557 2414 574 2441 fl
587 2424 644 2442 inea
659 2418 734 2450 esses,
752 2418 800 2453 qui
813 2418 881 2444 mihi
896 2419 977 2452 magis
993 2425 1070 2454 potu-
1133 2423 1193 2457 quis
1210 2431 1325 2449 manum.
1339 2424 1432 2451 fuerit.
1630 2423 1652 2465 ff
1674 2437 1698 2460 13
1727 2430 1758 2455 In
1767 2430 1840 2456 Codd.
1849 2432 1905 2459 MS.
1913 2434 2079 2469 confunditur
2094 2436 2119 2462 It
2128 2445 2185 2462 cum

29 2444 103 2471 eritis
116 2445 156 2472 ire
169 2445 300 2473 honorem
315 2447 442 2474 Habitum
454 2449 550 2481 nescio.
621 2451 689 2477 Tac.
706 2454 755 2478 An.
772 2460 844 2487 13,17
864 2454 990 2481 Tradunt
1024 2469 1070 2476 —-
1132 2459 1180 2491 Et,
1200 2459 1247 2485 Isse
1271 2468 1324 2484 cum
1348 2460 1402 2486 Esse
1425 2467 1470 2486 etc.
1490 2461 1544 2488 vid.
1568 2462 1755 2491 Drakenborch.
1774 2466 1809 2492 ad
1829 2466 1874 2493 Sil.
1895 2476 1921 2499 2,
1944 2476 1993 2501 521.
2027 2476 2054 2495 et
2075 2478 2111 2502 15,
2134 2478 2182 2503 151.

26 2479 184 2514 scriptores,
219 2496 264 2501 —-
299 2482 405 2507 Illusuni
420 2483 464 2509 iffe
476 2484 605 2518 pueritiae
617 2486 763 2514 Britannici
782 2488 929 2516 Neronem.
1000 2491 1069 2518 Gell.
1132 2496 1219 2523 Burin.
1232 2494 1266 2520 ad
1278 2494 1405 2529 Calpurn.
1417 2496 1471 2522 Ecl.
1485 2505 1510 2529 2,
1523 2505 1566 2530 99.

14 2529 16 2539 >
29 2522 72 2548 ¹4>
85 2518 101 2540 6
120 2516 196 2541 Meae
207 2515 311 2548 ηοὲἲες,
332 2525 394 2551 quas
408 2518 563 2546 Instructam
577 2521 759 2557 Ornatuiiique
776 2523 827 2550 isti.
931 2524 1012 2552 Plaut.
1020 2527 1068 2553 Ca·
1083 2524 1115 2557 65
1168 2537 1178 2556 1
1187 2536 1234 2556 EN
1244 2537 1256 2557 s
1265 2550 1273 2562 ,
1292 2531 1387 2560 euntis.
1408 2532 1502 2559 Partic.
1537 2531 1712 2567 [ἇδενὸμενος]
1748 2534 1829 2561 Plaut.
1842 2535 1903 2562 Mil.
1916 2544 1939 2569 3,
1953 2545 1974 2567 1,
1987 2542 2012 2568 8¹
2033 2539 2120 2566 Desim
2127 2541 2183 2568 vir-

14 2549 76 2576 lfin.
91 2550 161 2576 Prol.
173 2552 207 2579 86
227 2551 369 2585 Argentum
384 2552 402 2578 si
416 2554 474 2588 quis
489 2554 607 2588 dederit,
627 2557 698 2584 vltro
714 2558 766 2585 ibit
786 2559 923 2594 Nuptum,
940 2570 994 2587 non
1014 2571 1068 2589 nia·
1133 2570 1190 2592 tute
1203 2572 1310 2592 euntem
1324 2566 1442 2600 hospitio
1454 2567 1589 2601 accipere,
1610 2569 1677 2601 apud
1691 2577 1734 2594 me
1747 2569 1783 2595 est
1790 2571 1909 2598 comitas.
2018 2573 2079 2601 Stat.
2089 2576 2181 2604 Theb„

15 2583 104 2612 inebit
118 2585 242 2619 auspices.
345 2588 427 2615 Plaut.
440 2589 500 2616 Mil.
515 2598 538 2623 3,
553 2600 572 2623 1,
585 2594 619 2618 26
652 2593 776 2629 Mihique
790 2596 887 2623 amanti
901 2597 940 2623 ire
948 2598 1068 2631 Opitula-
1131 2609 1156 2635 ς,
1170 2606 1217 2634 483
1237 2601 1424 2635 Prosequimur
1436 2602 1511 2633 visu,
1531 2602 1614 2628 donec
1627 2603 1729 2629 lassauit
1742 2612 1831 2631 euntes
1869 2606 1927 2633 Lux
1940 2608 2040 2635 oculos.
2114 2612 2182 2638 Inci-

16 2625 97 2648 ,tum.
165 2620 239 2647 Idem
251 2620 341 2649 Bacch.
357 2631 380 2656 5,
392 2633 418 2656 2,
433 2632 463 2657 52
496 2627 531 2653 Vt
543 2627 609 2653 istuc
624 2627 749 2656 delieium
762 2630 865 2657 desistas
879 2638 1014 2666 tantopere
1026 2634 1066 2659 ire
1133 2637 1196 2661 dere
1221 2636 1295 2661 eunti
1317 2641 1344 2661 et
1365 2641 1488 2668 euntem,
1506 2636 1559 2662 vid.
1581 2643 1709 2665 meino.
1813 2641 1871 2667 Cic.
1894 2643 1948 2668 Att.
1973 2652 1994 2676 1,
2008 2647 2037 2670 16
2063 2646 2182 2681 Neapoli

29 2655 224 2689 oppugnatum.
331 2659 390 2685 Sall.
403 2661 459 2694 Iug.
472 2669 508 2693 31,
520 2670 555 2696 27
590 2663 633 2689 Ne
647 2664 806 2697 ignoscendo
821 2667 894 2692 malis
908 2667 992 2693 bonos
1008 2669 1068 2694 Pei--
1131 2670 1200 2704 apud
1214 2670 1325 2695 Laetum
1337 2676 1397 2696 ante
1411 2670 1482 2697 diem
1495 2672 1556 2698 1111.
1570 2672 1678 2700 Calend.
1692 2675 1761 2701 Maii
1770 2694 1780 2707 ,
1798 2676 1855 2702 iens
1868 2677 1897 2703 in
1910 2679 2100 2712 Pompeianum
2114 2682 2182 2710 bene

27 2690 114 2717 ditinn
129 2692 202 2718 eatis.
238 2692 311 2728 Coris.
324 2694 361 2720 Id.
377 2695 433 2721 Cat.
447 2703 487 2727 52,
499 2704 535 2723 12.
605 2698 665 2724 Liu.
677 2708 714 2731 32,
751 2719 758 2725 .
794 2701 855 2726 Neu
871 2701 1014 2735 pertinacia
1023 2703 1067 2728 sua
1075 2709 1112 2735 70
1131 2714 1206 2731 mane
1218 2705 1281 2730 haec
1294 2705 1381 2739 scripsi
1391 2726 1400 2739 ‚
1420 2707 1491 2733 Anni
1504 2713 1603 2734 euntes.
1639 2709 1707 2735 Hor.
1722 2710 1800 2743 Epist.
1816 2720 1837 2742 2,
1849 2720 1875 2745 2,
1889 2720 1925 2745 55.
1967 2715 2097 2743 Verficuli
2112 2718 2180 2744 mol-

26 2732 131 2760 gentem
145 2727 293 2754 vniuersam
306 2728 438 2756 Pei-ditum
452 2730 512 2756 iret.
548 2731 603 2757 Cur
615 2737 640 2758 te
659 2734 682 2758 is
701 2734 835 2761 Pei-ditum
851 2737 860 2761 3
895 2736 963 2762 Ter.
982 2737 1065 2764 Andr.
1130 2740 1182 2767 lius
1206 2746 1296 2767 euntes
1324 2741 1399 2767 Idem
1420 2742 1502 2769 Serm.
1525 2751 1544 2773 i,
1557 2752 1596 2775 10,
1608 2748 1644 2775 58.
1696 2745 1772 2779 Virg.
1785 2746 1851 2773 Aen.
1865 2756 1890 2779 2,
1904 2757 1938 2775 111
1965 2749 2081 2779 Terruit
2092 2754 2180 2781 auster

9 2770 11 2774 ¹
26 2769 49 2794 1,
63 2769 83 2793 1,
97 2770 152 2796 107.
223 2763 272 2789 Tu
286 2763 337 2790 tibi
351 2764 454 2791 laudem
466 2765 488 2791 is
501 2766 653 2799 Qaesitum
673 2768 712 2795 Id.
725 2770 821 2796 Heaut.
832 2779 884 2803 2‚3‚
897 2779 943 2805 74.
996 2772 1065 2799 Gell.
1131 2781 1237 2808 euntes,
1253 2779 1271 2802 i.
1286 2779 1441 2812 nauigantes.
1474 2777 1545 2805 Add.
1557 2778 1596 2804 Id.
1610 2780 1677 2805 Aen.
1691 2786 1713 2812 ς,
1729 2782 1782 2815 607
1803 2783 1901 2810 Ventos
1914 2784 2028 2819 adspirat
2041 2790 2122 2815 eunti.

26 2804 51 2829 3,
62 2805 89 2830 2,
102 2806 128 2824 12
156 2797 298 2825 Mulierem
317 2800 374 2834 lege
391 2809 446 2826 non
464 2801 512 2827 esse
531 2802 698 2836 vsurpatam,
723 2814 790 2838 quae
823 2820 869 2826 —
906 2807 1065 2841 Vsurpatum
1167 2813 1270 2837 1Tx7R
1281 2818 1342 2843 vs,
1362 2820 1392 2844 a,
1408 2821 1462 2839 um.
1482 2812 1574 2840 Partic.
1611 2812 1625 2847 [
1639 2814 1824 2853 πορευσόμενος]
1858 2819 1916 2846 Cic.
1932 2822 2008 2848 Verr.
2023 2831 2042 2854 i,
2051 2832 2082 2857 50
2101 2825 2179 2853 Dete

24 2831 91 2860 isset.
286 2831 307 2871 fl
327 2840 340 2865 8
377 2837 518 2870 formulae,
541 2840 569 2863 in
595 2839 681 2873 quibus
709 2841 879 2875 Metaphorice
901 2842 1000 2868 verbum
1020 2843 1065 2870 hoc
1127 2846 1156 2872 in
1169 2846 1307 2873 consilium
1323 2847 1425 2874 iturum
1447 2848 1550 2882 putasti.

10 2867 167 2904 'usurpatum
203 2868 272 2895 Eunt
282 2870 353 2896 Anni
362 2872 637 2907 morefluentisaquae
655 2874 737 2901 Ouid.
745 2876 801 2903 Art.
810 2877 868 2903 Am.
876 2886 899 2909 3,
907 2879 950 2903 62.
987 2878 1036 2904 Con
1054 2897 1062 2905 .
1077 2881 1110 2910 75
1164 2888 1272 2914 1Tvs,
1293 2880 1331 2908 sis.
1369 2892 1405 2909 m.
1442 2882 1596 2919 [βοίὸὶσμοι]
1631 2885 1689 2913 Cic.
1713 2888 1766 2914 Att.
1790 2894 1827 2922 iz,
1851 2897 1865 2923 5
1895 2891 1963 2924 Quis
1982 2902 2066 2927 porro
2088 2896 2177 2926 noster

24 2903 93 2930 Hor.
114 2903 193 2938 Epist.
215 2912 242 2937 2,
265 2913 286 2936 2,
308 2914 344 2939 55.
439 2907 522 2935 Plaut.
542 2908 632 2936 Pseud.
648 2919 668 2943 i,
682 2919 705 2943 3,
718 2919 746 2937 12
776 2912 800 2938 It
813 2913 894 2938 Dies:
931 2921 980 2947 ego
994 2914 1031 2940 mi
1052 2914 1062 2941 i
1125 2917 1195 2949 itus,
1215 2917 1333 2950 reditus,
1353 2919 1456 2950 vultus,
1475 2919 1582 2946 incessus
1602 2920 1673 2949 inter
1691 2922 1754 2950 istos
1771 2925 1781 2950 ἔ
1849 2926 1920 2953 Suet.
1941 2928 1970 2954 in
1989 2929 2087 2957 Tiber.
2101 2936 2123 2958 c.
2136 2938 2175 2964 38·

25 2939 111 2966 cesso:
144 2939 156 2965 i
175 2947 236 2973 prae
256 2949 344 2975 puere.
438 2943 519 2970 Plaut.
541 2944 625 2971 Casiri.
644 2954 670 2978 2,
683 2951 706 2979 8,
721 2953 757 2981 74
783 2947 893 2975 Pulchre
906 2955 1062 2982 praeuortar
1125 2959 1148 2979 et
1168 2953 1276 2979 Nonius
1296 2962 1319 2986 2,
1334 2962 1391 2987 419.
1427 2955 1496 2981 Vitr.
1512 2964 1548 2986 10,
1565 2964 1587 2987 3.

9 2988 11 2990 -
25 2974 113 3007 viros,
131 2975 221 3001 nostro
234 2977 326 3003 omine
337 2977 358 3003 it
371 2977 433 3004 Dies
445 2978 514 3012 iam,
533 2979 599 3007 vieti
612 2981 734 3008 vicimus.
804 2984 879 3018 Virg.
894 2985 957 3010 Aen.
966 2991 995 3017 8,
1010 2987 1063 3020 726
1162 2995 1204 3015 1T
1217 2996 1269 3020 10,
1290 2989 1357 3015 onis.
1378 2990 1398 3016 f.
1434 2988 1569 3026 [βάδισις]
1604 2990 1671 3019 Ter.
1685 2993 1791 3021 Phorm.
1806 3003 1827 3028 5,
1839 3002 1863 3029 8,
1884 3006 1917 3031 24
1954 2999 2086 3027 Haeccine
2101 3007 2176 3030 erant

0 2979 9 3040 l
26 3009 166 3044 Euphrates
180 3010 235 3037 ibat
245 3012 298 3039 iam
311 3013 422 3041 mollior
434 3014 520 3042 vndis.
589 3016 670 3044 Plaut.
686 3018 763 3045 Poen.
778 3027 801 3051 3,
815 3028 838 3051 3,
853 3027 887 3054 70
907 3020 1006 3047 Bonam
1020 3021 1064 3048 de·
1125 3024 1223 3051 itiones
1238 3023 1362 3056 crebrae,
1381 3031 1407 3051 et
1419 3026 1564 3053 mansiones
1579 3026 1698 3055 diutinae
1711 3030 1823 3058 Lemni?
1893 3034 1949 3060 Cic.
1964 3036 2017 3061 Att.
2031 3045 2068 3068 11,
2084 3046 2111 3062 io
2132 3039 2173 3065 De

0 3041 9 3069 i
26 3044 98 3075 distis
109 3045 175 3072 mihi
187 3055 301 3081 operam.
340 3055 366 3075 1..
379 3049 401 3076 it
412 3048 444 3077 ad
459 3060 501 3078 me
513 3051 639 3079 Lucrum.
728 3054 803 3089 Virg.
818 3055 917 3090 Georg.
933 3065 952 3089 i,
965 3065 1012 3090 433
1033 3057 1062 3083 de
1076 3059 1108 3085 80
1125 3059 1234 3086 obuiam
1248 3060 1334 3086 itione
1347 3061 1385 3087 ita
1401 3061 1544 3094 faciani,vt
1558 3062 1657 3090 suades.
1694 3064 1825 3099 Id.i3‚50.
1881 3069 1937 3096 Cic.
1952 3069 1984 3096 de
1997 3071 2088 3096 Diuin.
2104 3081 2124 3104 i,
2138 3076 2174 3103 68

2 3080 112 3113 „Luna2
126 3081 206 3114 Pura,
223 3092 272 3110 nec
290 3084 387 3112 obtusis
406 3094 454 3120 per
473 3087 575 3114 caelum
594 3087 719 3115 cornibus
732 3088 792 3116 ibit.
899 3091 961 3118 Liu.
976 3093 1061 3120 Praef.
1123 3095 1297 3130 Fugientibus
1321 3096 1499 3123 miserabilem
1521 3097 1667 3132 respeemm
1686 3101 1875 3129 incendiorum
1893 3105 1968 3135 fore,
1989 3106 2031 3132 sed
2051 3107 2171 3135 Rhodio-

0 3122 3 3138 :
18 3114 142 3146 lLabente
153 3116 244 3144 deinde
256 3120 392 3154 paullatim
406 3121 557 3156 disciplina,
577 3124 650 3150 velut
663 3123 804 3152 desidentes
818 3126 907 3161 primo
920 3128 1010 3154 Mores
1024 3129 1061 3155 se-
1124 3141 1185 3158 rum
1199 3131 1264 3158 clasii
1277 3132 1456 3166 propinquum
1470 3132 1603 3167 reditum,
1626 3144 1654 3162 ac
1665 3135 1776 3163 domun-i
1791 3138 1902 3165 itionem
1916 3138 1982 3166 dari.

1 3158 3 3174 ῑ
19 3155 123 3188 {quatur
134 3152 221 3180 animo
234 3164 240 3180 ε
275 3155 369 3183 deinde
380 3163 409 3184 vt
423 3159 505 3193 magis
518 3159 653 3195 magisque
667 3159 728 3194 lapsi
742 3161 790 3188 sint
804 3172 811 3193 3
846 3167 902 3188 tum
915 3163 956 3189 ire
969 3172 1061 3198 coepe·
1162 3165 1176 3193 f
1184 3172 1205 3192 T
1215 3174 1234 3194 0
1242 3187 1251 3199 ,
1275 3171 1329 3193 ἥτε,
1364 3167 1495 3203 [Qum-iim]
1535 3171 1683 3206 Frequenter
1695 3175 1739 3198 ire.
1777 3173 1882 3200 Sueton.
1897 3172 1929 3201 de
1942 3176 2014 3202 Clar.
2026 3175 2105 3203 Rhet.
2121 3187 2146 3205 c.
2160 3187 2172 3206 1

27 3185 83 3212 rint
99 3189 265 3223 praecipites,
282 3190 380 3225 donec,
400 3199 447 3220 etc.
552 3195 614 3223 Stat.
636 3196 732 3223 Achill.
745 3205 768 3230 2,
781 3206 804 3230 2,
817 3205 870 3232 454
894 3199 1001 3234 lamque
1015 3209 1062 3234 pei:
1125 3202 1241 3228 Maiores
1255 3202 1338 3229 nostri
1352 3204 1399 3238 qni
1412 3203 1512 3231 liberos
1526 3205 1586 3232 suos
1599 3205 1714 3237 discere,
1733 3213 1760 3234 et
1770 3218 1838 3243 quos
1853 3210 1881 3235 in
1894 3210 1970 3237 ludos
1986 3212 2051 3238 itare
2063 3213 2169 3246 vellent,

26 3221 127 3254 Aegeos
138 3222 192 3249 ibat
203 3224 306 3253 La‘e'rtia
320 3228 413 3255 fluetus
449 3230 553 3265 Puppis.
669 3232 719 3258 Res
737 3232 775 3266 it,
791 3239 840 3268 pro
861 3234 982 3261 Succedit.
1020 3236 1059 3261 De
1078 3235 1107 3263 85
1124 3238 1303 3264 instituerunt.
1375 3239 1431 3266 Cic.
1446 3241 1516 3266 Fam.
1531 3249 1556 3273 9,
1570 3250 1603 3274 24
1621 3242 1666 3269 Te
1680 3242 1713 3269 ad
1727 3252 1819 3271 coenas
1831 3245 1899 3272 itare
1912 3245 1997 3273 desisse
2011 3248 2117 3274 moleste
2127 3249 2170 3276 se-

2 3272 4 3276 .
25 3256 127 3289 Attica,
146 3259 245 3292 optime
257 3260 287 3289 it,
317 3263 371 3290 Cic.
385 3265 439 3292 Att.
453 3274 491 3298 12,
504 3274 539 3300 24
552 3272 616 3293 extr.
686 3267 725 3294 Id.
738 3268 791 3295 Att.
807 3277 886 3302 i4‚22
907 3269 1061 3297 Dolabellae
1122 3282 1163 3300 ro.
1200 3273 1274 3309 Conf.
1287 3274 1354 3300 Plin.
1364 3283 1394 3307 9,
1410 3280 1432 3305 8.
1468 3282 1492 3302 et
1504 3276 1584 3303 Plaut.
1598 3277 1676 3305 Most.
1691 3287 1710 3309 1,
1723 3288 1746 3311 2,
1760 3285 1802 3312 48.

25 3297 52 3318 et
65 3292 149 3326 prima
160 3293 206 3320 illa
217 3295 302 3329 aetio,
321 3305 346 3325 et
358 3299 421 3327 haec
435 3307 526 3328 contra
538 3302 684 3329 Antonium
704 3304 813 3337 concio,
834 3304 903 3330 mihi
922 3306 1059 3340 profecisse
1161 3315 1172 3335 1
1183 3311 1278 3336 Ti'ro
1288 3329 1296 3341 ‚
1317 3313 1368 3336 are.
1404 3311 1485 3337 Aliud
1498 3312 1639 3347 Frequent.
1676 3312 1806 3350 Exequias
1820 3315 1910 3343 ititare
1929 3315 2028 3345 Naeuii
2045 3317 2087 3353 ff
2101 3319 2168 3347 dici·-

44 3327 186 3354 ermultum
199 3330 317 3366 videtur,
335 3336 438 3369 prorsus
451 3336 507 3364 ibat
520 3346 569 3364 res.
662 3338 732 3366 Ibid.
745 3347 780 3373 15,
794 3345 808 3369 8
839 3340 937 3375 Incipit
950 3350 991 3368 res
1005 3351 1059 3368 me-
1121 3350 1165 3372 eur
1178 3355 1187 3371 .·
1216 3344 1266 3381 sed
1277 3345 1444 3382 Putfibianus
1454 3354 1479 3373 ee
1494 3347 1706 3384 Gothqfredianus
1716 3351 1816 3378 Indices
1825 3358 1928 3388 negant.

13 3380 15 3382 v
40 3362 77 3389 'us
90 3363 139 3395 ire,
153 3372 230 3398 quam
242 3373 366 3400 putaram.
419 3373 460 3399 Sic
473 3373 530 3399 Seri.
544 3372 645 3408 Epist.5
662 3374 752 3402 Miror
764 3375 811 3402 ista
825 3375 857 3402 sic
871 3375 920 3403 ire.
975 3376 1059 3405 Ouid.

10 3420 13 3421 ν
49 3407 117 3425 mor·
130 3407 152 3431 3,
167 3408 205 3432 10,
218 3408 244 3432 33
261 3402 413 3441 Seminaque
427 3407 456 3434 in
468 3408 535 3435 latos
549 3409 633 3436 ierant
643 3411 789 3444 aequaliter
801 3419 886 3445 agros.
1000 3411 1020 3450 fl
1041 3421 1101 3447 990
1508 3420 1536 3452 E
1633 3422 1663 3454 0
1757 3424 1789 3456 N

79 3434 377 3473 coniugandipraefimm
388 3446 508 3470 rationem
517 3464 525 3476 ‚
541 3443 589 3477 ista
603 3444 771 3480 obseruamus:
806 3447 817 3472 I
830 3453 858 3472 tu
873 3447 934 3474 hinc
948 3457 1003 3483 quo
1017 3448 1057 3476 di-

25 3477 90 3504 gnus
104 3478 146 3500 θ’,
167 3479 245 3504 quam
259 3480 337 3505 paene
347 3481 391 3503 tua
401 3487 444 3504 me
454 3479 569 3514 perdidit
581 3481 740 3514 proteruitas
756 3482 824 3508 Ter.
837 3483 933 3509 Heaut.
948 3486 1010 3517 4³⁶²
1019 3493 1056 3512 io.
1156 3493 1173 3513 E
1182 3486 1203 3514 ὀ
1212 3493 1272 3519 ΝΕ,
1286 3495 1323 3514 es·
1344 3487 1365 3515 f.
1401 3489 1494 3517 Arbor.
1528 3488 1595 3518 Plin.
1614 3499 1650 3525 13,
1670 3500 1703 3519 22
1724 3492 1742 3519 s.
1756 3501 1786 3525 39
1810 3492 1958 3520 Alexander
1970 3492 2114 3523 Cornelius
2125 3506 2166 3525 ai·-

7 3533 10 3535 .
25 3504 106 3532 1²1³OE
121 3505 214 3540 Amph·
230 3515 250 3539 1,
263 3515 286 3539 3,
298 3516 310 3539 3
330 3510 503 3542 Mihi‘iiecesse
516 3515 552 3542 est
565 3516 606 3542 ire
619 3515 689 3543 hinc.
770 3519 878 3548 Inunc,
898 3525 922 3544 ct
934 3520 973 3545 Ite
986 3529 1056 3548 nunc
1119 3521 1213 3549 borem
1235 3532 1329 3550 eonem
1343 3525 1498 3559 appellauit,
1520 3535 1552 3553 ex
1572 3536 1625 3562 qua
1645 3528 1714 3554 faeta
1732 3529 1791 3554 esset
1812 3529 1901 3562 Argo,
1932 3529 2044 3557 similem
2068 3532 2167 3560 robori

2 3546 11 3597 Ι
27 3539 133 3575 formula
145 3543 334 3577 increpantium.
367 3547 440 3582 Virg.
453 3550 518 3578 Aen.
533 3558 558 3586 7,
565 3559 613 3586 425
630 3553 643 3578 Ι
657 3561 725 3578 nunc
738 3553 847 3588 ingratis
860 3553 964 3581 offerte
978 3556 1055 3583 irrise
1120 3558 1221 3585 viscum
1235 3559 1350 3592 ferenti,
1369 3570 1436 3594 quae
1454 3571 1501 3587 nec
1523 3571 1606 3597 aqua,
1626 3571 1674 3589 nec
1687 3564 1743 3597 igni
1757 3564 1835 3597 posset
1848 3566 2001 3600 coi-nimpi,
2017 3566 2098 3596 sicuti
2115 3578 2166 3595 nee

27 3575 138 3609 periclis·
242 3578 334 3605 quen·
347 3579 396 3607 Sat.
411 3590 447 3616 12,
461 3592 491 3620 57
525 3587 537 3613 I
554 3596 623 3613 nunc
635 3593 660 3614 et
675 3588 760 3615 ventis
777 3589 891 3616 animam
910 3592 1056 3619 committe.
1069 3593 1102 3620 93
1121 3593 1239 3625 viscum,
1260 3595 1327 3622 nulli
1341 3595 1388 3622 alii
1401 3598 1550 3631 cognitam,
1566 3598 1639 3633 quod
1651 3598 1773 3632 equidem
1788 3599 1874 3625 sciam.
1911 3600 2016 3634 Itastne
2030 3607 2165 3631 variemus

2 3613 8 3629 ³
27 3610 82 3636 sen·
94 3611 185 3639 Medea
198 3614 247 3645 650
265 3615 304 3639 Ite
317 3623 385 3640 nune
397 3617 492 3652 fortes,
511 3629 626 3655 perarate
639 3630 759 3658 pontum.
864 3626 967 3652 Petron.
980 3636 1002 3653 c.
1017 3635 1056 3660 [ις
1118 3635 1178 3655 nota
1192 3630 1275 3657 Hard.
1311 3630 1393 3664 Potes}
1404 3635 1486 3669 igitur
1497 3633 1626 3666 dubitari,
1643 3633 1757 3669 auferte
1765 3634 1951 3670 primapcfitio
1963 3637 2021 3664 Eon
2028 3638 2127 3674 suerit.

28 3646 65 3672 Ite
75 3655 143 3679 nunc
155 3648 277 3675 mortales
291 3656 317 3675 et
329 3652 428 3684 magnis
439 3655 642 3689 cogitationibus
655 3659 763 3693 pectora
776 3659 900 3694 implete,
919 3662 955 3687 ite
974 3663 1055 3695 cauti,

28 3687 70 3707 etc.
111 3683 166 3709 Vid.
181 3693 239 3719 quos
251 3685 353 3712 laudant
365 3686 476 3714 Pithoeus
489 3698 511 3716 et
523 3693 606 3720 Burm.
618 3694 653 3720 ad
666 3695 768 3721 Petron.
790 3704 814 3729 p.
829 3703 883 3729 534.
922 3697 1008 3733 Heius.
1021 3695 1057 3724 ad
1492 3706 1519 3738 Ε
1627 3704 1657 3735 Ο
1765 3706 1785 3738 S

29 3715 103 3744 Ouid.
118 3718 173 3744 Ain.
188 3728 210 3752 3,
222 3728 246 3753 3,
260 3728 279 3747 1.
359 3723 371 3748 I
383 3731 461 3756 prae,
475 3731 523 3759 pro
535 3729 615 3755 Praei.
650 3728 733 3756 Plaut.
748 3731 826 3757 Curc.
839 3741 867 3764 4,
884 3740 906 3763 2,
920 3741 940 3759 i.
1011 3734 1054 3761 Sic
1800 3774 1801 3777 ,
1952 3777 1955 3780 ,

29 3749 92 3786 Ter.
117 3753 197 3781 Andr.
217 3764 237 3788 1,
262 3764 282 3788 1,
307 3765 355 3790 144
383 3758 477 3784 Eamus
499 3760 550 3787 iam
562 3764 640 3791 'nnnc
661 3765 742 3792 intro.
777 3773 813 3793 ss.
829 3768 840 3792 1
856 3776 933 3801 prae,
951 3768 1052 3803 sequar.
1062 3774 1109 3793 100
1154 3769 1239 3804 fios,
1255 3771 1293 3803 is,
1316 3773 1343 3806 i,
1362 3773 1510 3810 a.fipern.
1548 3771 1707 3810 &Osfiper
1725 3786 1745 3803 ε.
1787 3775 1846 3804 Vid.
1872 3776 1937 3812 Voffi
1955 3779 2034 3813 [Ἢῶς
2052 3779 2162 3816 εεἿΞως]

30 3783 105 3814 Plaut,
128 3789 187 3816 Aul.
207 3799 227 3823 1,
249 3801 273 3823 2,
286 3801 316 3825 41
346 3793 424 3819 Nunc
438 3802 491 3828 quo
506 3797 637 3828 profectus
650 3802 705 3827 suni
719 3801 781 3832 ibo,
801 3802 928 3835 postideni
941 3803 1053 3832 domum
1116 3805 1226 3833 Aurora.
1262 3809 1343 3835 Ouid.
1363 3810 1428 3836 Fast.
1446 3819 1469 3842 3,
1485 3815 1535 3843 877
1560 3809 1632 3835 Tres
1652 3810 1701 3837 Vbi
1721 3811 1846 3840 luciferos
1866 3815 1974 3842 veniens
1995 3818 2160 3851 praemiserit

30 3824 176 3865 nte-rursum
190 3832 317 3860 quantum
331 3835 440 3863 potere,
449 3835 561 3869 *tantuin
574 3834 625 3859 reci
645 3836 705 3866 ‘ann
776 3837 857 3864 Plaut.
869 3838 944 3873 Epid.
958 3849 976 3871 i,
990 3847 1010 3871 1,
1021 3848 1052 3875 73
1116 3841 1175 3868 Eos.
1246 3843 1320 3871 Idem
1334 3845 1400 3872 Fast.
1414 3854 1442 3878 4,
1455 3850 1501 3877 389
1535 3845 1658 3872 Proxima
1679 3846 1819 3875 vi&ricem
1844 3858 1928 3884 qutun
1950 3851 2063 3879 Romani
2075 3853 2158 3888 inspe-

22 3836 82 3883 lAbi
93 3865 107 3883 a
117 3866 156 3885 nie
167 3869 196 3887 in
209 3863 304 3890 malam
317 3873 373 3891 rem
387 3873 528 3891 maximam
543 3868 623 3894 cumi
664 3879 692 3897 ac
711 3872 872 3900 conditione.
910 3881 936 3901 F.
958 3876 976 3902 i.
990 3877 1052 3902 sane
1114 3877 1184 3904 xerit
1203 3878 1261 3904 Eos.

23 3888 48 3932 la
62 3891 124 3925 qnid
135 3894 234 3930 festinas
246 3900 337 3934 magis.
431 3900 492 3927 Stat.
506 3900 570 3927 Silii.
584 3911 612 3936 4,
625 3912 653 3936 4,
667 3907 694 3931 6i
727 3906 845 3935 Forsitan
859 3909 987 3937 Ausonias
999 3911 1051 3938 ibis
1151 3913 2159 3958 136vs‚a,um.Adi.['Hffiois{aasJOrientaliaprimamhabetindgfferewztem‚quia

23 3925 131 3981 ¹{frenare
150 3929 275 3962 cohortes.
390 3935 458 3965 Tot.
471 3936 576 3964 Phorm.
593 3945 614 3970 1,
628 3946 650 3970 2,
663 3947 691 3971 53
716 3942 836 3972 Voltisne
847 3953 936 3973 eamus
950 3947 1052 3975 visere!
1066 3944 1108 3973 ¹¹05
1115 3948 1240 3977 interdum
1248 3955 1296 3985 per
1309 3960 1323 3979 η
1330 3950 1481 4012 firmuis}
1488 3951 1612 4013 igtergum
1623 3958 1668 3988 Per
1680 3963 1692 3978 ἒ
1700 3953 1789 3989 Pfi¹⁰⁷20
1825 3955 1900 3990 virg*
1916 3957 1979 3983 ‘³⁸⁶¹'-
1991 3964 2019 3988 3›
2033 3965 2075 3990 533
2095 3959 2156 4019 pass
