2479 4225
79 124 122 162 73
437 101 719 145 DEL

80 199 207 226 Deltoton
223 202 343 224 vocatur.-
362 193 441 256 dqmd
457 190 576 229 inspeflio
590 191 709 228 sphaerae
720 188 833 223 stellatae
863 191 912 214 atis
930 187 1007 214 docet.
1043 187 1114 228 Ada'c

81 235 231 268 Hyginum,
243 231 270 266 Ji
289 234 344 267 quis
381 231 473 256 abitare
488 235 573 264 potes,
592 231 662 255 l‘oet.
676 226 742 253 Astr.
756 233 782 256 2,
796 229 821 254 18
872 224 974 250 eltoton
986 228 1073 250 autem
1086 233 1114 249 111

81 269 242 303 triangulum
257 267 422 293 deformatur
433 272 479 291 etc.

117 311 135 331 D
145 311 160 330 E
170 304 236 330 LVD
246 310 263 329 R
273 309 292 328 V
302 309 326 328 M
335 322 343 334 ,
360 302 379 327 i.
399 310 425 327 n.
462 301 539 330 Locus
557 298 599 324 (leo
617 296 777 332 constcratus.
814 294 899 320 Varro
917 292 983 328 apud
996 293 1113 320 Macrob.

81 340 132 366 Sat.
146 348 168 372 3,
182 349 200 372 4
226 338 373 364 Delubrum
387 337 424 363 ait
437 335 503 362 alios
516 335 665 362 aestimare,
684 330 712 356 ln
725 338 779 363 quo
796 335 898 363 praeter
911 329 1001 354 aedem
1014 328 1044 354 fit
1055 338 1115 355 area
1140 331 1151 339 ”

83 375 188 401 assumta
201 372 278 399 desim
293 373 383 404 causa,
399 379 427 398 vt
441 371 475 397 est
491 371 518 396 in
532 371 602 396 circo
615 365 747 393 Flaminio
759 365 831 404 Iouis
845 364 973 404 Statoris;
998 363 1073 397 alios,
1086 365 1115 404 in

84 419 137 445 quo
158 410 219 435 loco
238 409 288 434 Dei
308 408 472 434 simulacrum
491 406 634 432 dedicatum
652 400 700 427 est:
730 406 755 426 et
767 399 878 431 adiecit,
898 399 959 425 ficut
979 399 1066 426 locum
1087 409 1116 426 ιη

62 463 65 465 -
83 454 138 480 quo
159 445 268 478 figerent
282 443 423 470 Candelam
439 440 634 469 candelabrum,
650 435 795 470 appellatur
811 435 856 475 (s.
870 435 1049 469 appellarunt)
1070 436 1114 467 ita,

84 481 112 506 in
126 489 180 514 quo
197 480 277 505 deum
295 484 436 513 ponerent,
455 477 619 503 nominatum
635 471 784 497 delubrum.
822 471 871 496 1-11s
884 479 898 496 a
913 472 1030 497 Varrone
1044 479 1116 505 prae-

83 516 185 549 scriptis
206 515 353 548 intelligere
376 514 517 548 possumus,
539 508 565 535 id
586 506 743 542 potissimum
761 505 794 532 ab
817 514 850 532 eo
870 505 1025 540 probatum,
1046 507 1117 540 quod
1144 511 1172 529 ¹0
1216 514 1358 539 DELVO,
1386 507 1429 538 ui,
1456 513 1542 536 utum,
1563 509 1615 532 ere.

85 560 117 577 ex
130 552 173 577 sua
185 549 373 577 consuetudine
390 550 419 575 in
433 548 526 575 vltimo
544 543 647 579 posuit,
665 548 693 569 vt
707 551 721 568 a
735 541 779 568 dei
792 541 911 568 dedicato
923 542 1061 568 linmlaero
1075 542 1117 568 de-

84 586 191 612 lubrum
210 585 326 619 coeperit
344 582 495 618 nuncupari.
558 579 660 618 .As⁰⁰¹l·
680 577 740 604 Ped.
760 576 792 603 ad
815 577 871 604 Cic.
891 578 952 603 Diu.
971 577 999 602 in
1012 578 1087 604 Caec.
1106 587 1118 610 3

85 622 142 648 Sese
162 621 214 647 iam
228 629 260 646 ne
278 620 340 646 deos
355 620 460 654 quidem
478 616 506 642 in
526 614 577 640 suis
590 613 716 644 vrbibus,
736 613 768 639 ad
786 622 851 646 quos
870 613 1056 652 confugerent,
1076 613 1119 639 ha-

85 657 163 684 bere:
200 655 272 690 quod
290 665 379 682 earum
399 651 529 684 simulacra
548 648 699 675 sanenffima
714 649 744 675 C.
759 648 855 674 Verres
874 657 906 675 cx
928 647 1044 674 delubris
1058 649 1119 675 reli-

86 691 229 727 giolissimis
254 692 394 717 sustulisset.
432 686 476 714 Ad
491 685 550 712 haec
567 687 648 721 igitur
660 683 699 718 fic
716 684 858 710 Asconius:
890 683 1005 710 Delubra
1025 684 1120 718 templa
1141 690 1165 716 ις
1183 684 1259 709 Varr.
1288 703 1295 709 .

86 728 149 759 effe,
164 726 206 753 hic
227 727 303 753 aliter
321 722 430 753 ostendit
442 721 568 751 Tullius;
605 720 697 751 aliter,
710 729 770 746 eum
789 719 853 745 dicit
871 719 973 752 templis
985 725 1064 754 atque
1078 720 1120 745 de-

86 762 178 789 lubris.
215 763 245 788 Et
260 763 332 793 sunt,
352 759 398 794 qui
416 757 512 791 templa
527 756 576 782 else
590 755 677 782 dicant
692 754 853 790 singulorum
868 754 918 780 diis
931 753 1120 781 attributorum

85 798 222 832 locorum,
240 797 348 823 delubra
365 792 507 820 multarum
528 791 633 817 aedium
653 790 701 816 sub
726 800 780 817 vno
808 789 878 816 meio
903 799 917 815 a
943 790 1048 816 diluuio
1067 791 1120 825 plu-

85 834 145 860 viae
163 828 331 859 munitarum.
366 828 421 855 Alii
443 827 552 854 delubra
568 826 659 853 dicunt
676 834 706 852 ea
726 825 839 860 templa,
860 826 888 851 in
906 825 1002 860 quibus
1017 826 1074 852 sunt
1086 826 1120 852 la-

1548 100 1835 141 DEM
2160 114 2204 152 75

1177 188 1236 214 culo
1255 188 1352 215 leuiter
1370 189 1553 216 conuelluntur
1570 187 1684 222 radices,
1698 195 1725 215 vt
1745 189 1910 217 delumbatae
1922 191 1992 217 alant
2001 209 2010 224 ,
2022 197 2108 225 neque
2121 189 2212 216 distra-

1177 223 1249 250 hant.
1396 222 1416 259 ἦ
1434 234 1446 251 2
1483 227 1529 251 Per
1548 226 1744 251 translataznrm.
1766 225 1821 251 Cic.
1841 226 1868 251 in
1883 228 1956 253 Orat.
1979 235 2017 258 231
2039 236 2061 252 c.
2081 229 2115 259 69
2147 226 2209 252 »Nec

1177 259 1293 284 minutos
1310 258 1433 285 numeros
1450 260 1558 295 sequens
1577 259 1712 292 concidat,
1729 260 1913 295 delumbetque
1934 262 2079 289 sententias.
2097 265 2115 288 i.
2137 263 2211 288 Ener-

1176 302 1232 326 vct,
1248 294 1411 330 decurtctquc.
1484 321 1498 334 ,

1213 337 1231 356 D
1242 337 1257 356 E
1266 337 1282 356 L
1292 335 1312 355 V
1322 336 1345 354 M
1354 336 1387 356 131
1398 338 1410 356 s
1419 349 1427 361 ,
1451 340 1472 356 c.
1504 329 1562 357 Adi.
1600 329 1671 365 de
1684 330 1772 356 lumbis
1784 338 1868 359 carcn·
1890 338 1913 357 ct
1926 331 1979 357 ideo
1994 331 2091 358 Debile:
2111 333 2138 357 in
2151 332 2211 358 Ium-

1177 364 1216 390 bis
1229 368 1307 396 cuim,
1321 368 1432 402 corporis
1448 368 1530 391 uirtus
1537 366 1590 399 stra
1603 370 1643 400 qu.
1680 366 1745 392 Pliu.
1762 375 1799 398 ιο,
1813 375 1838 398 33
1852 367 1869 392 s.
1886 373 1910 398 51
1936 366 2028 393 Perdix
2043 375 2211 401 praegrauem

1178 406 1222 426 aut
1237 400 1387 426 delumbem
1403 401 1455 426 sese
1468 400 1595 427 simulans.
1649 401 1736 427 Mollis
1754 410 1775 427 ct
1792 402 1955 434 dli-minatus.
1982 403 2049 428 Pers.
2064 403 2114 428 Sat.
2130 411 2149 433 1,
2163 411 2210 436 104

1179 437 1283 462 Summa
1297 435 1420 462 delumbe
1440 435 1519 462 saliua
1544 438 1600 462 Hoc
1621 443 1690 463 natat
1704 437 1732 463 in
1745 436 1834 464 labris.
1906 438 2018 472 Metaph.
2038 437 2128 463 metio
2140 439 2212 464 exos-

1179 470 1209 496 fis
1218 491 1224 501 ,
1239 478 1342 504 tenera,
1356 470 1485 498 delumbis
1499 471 1589 497 Sidou.
1602 473 1645 506 Ep.
1661 477 1674 501 8
1688 473 1734 498 vlt.

1651 506 1787 542 [εἰπολέω]
1825 509 1968 543 Depurgare
1989 513 2013 532 et
2031 506 2162 543 diligenter
2179 508 2214 534 la-

1179 551 1248 568 vare.
1274 542 1377 574 Festus,
1397 542 1503 573 Deluit,
1518 541 1602 567 Soluit
1616 551 1630 567 a
1644 544 1745 569 Gracco
1763 541 1872 569 διαλύειν.
1912 544 2002 577 Nempe
2021 548 2119 569 notione
2132 543 2214 578 sacri·

1177 576 1248 612 ficali
1266 576 1382 611 inucnffi
1398 577 1505 603 videtur.
1546 577 1607 603 Talc
1623 575 1665 609 est,
1686 579 1712 604 Si
1726 578 1789 613 quid
1808 578 1837 604 in
1852 578 1941 604 animo
1955 577 1996 603 vel
2010 577 2122 611 frigidae
2136 578 2215 604 tristi-

1181 613 1234 638 tiae
1254 613 1296 638 vel
1318 613 1447 646 torpentis
1467 611 1640 639 verecundiae
1659 612 1754 646 suerit,
1775 612 1910 640 deluamus
1929 613 1996 639 Gell.
2017 620 2050 644 15,
2068 621 2093 639 2.
2128 613 2176 641 Sed
2194 619 2217 639 et

1184 648 1314 680 Deluere,
1343 647 1542 675 Madefacicndo
1574 647 1676 681 aliquid
1707 649 1804 676 delere.
1857 648 2001 680 Laudatur,
2030 647 2110 684 nescio
2141 648 2216 679 vnde,

1324 702 1331 709 .
1358 703 1365 709 .
1402 683 1572 717 Obortaeque
1588 683 1655 709 inter
1671 683 1811 718 legendum
1825 683 1949 710 lacrimae
1966 683 2054 710 literas
2065 682 2217 710 deluebant.

1182 719 1289 752 Agroet.
1303 727 1327 752 p.
1341 720 1410 753 2267
1419 726 1461 754 pr.
1482 718 1571 744 Deluit
1581 739 1588 751 ,
1600 725 1707 753 purgat:
1726 719 1805 746 diluit
1820 723 1955 754 temperat.
1989 719 2086 779 Repetit
2105 718 2172 745 Beda
2186 718 2219 745 de

1183 753 1311 788 Orthogr.
1325 763 1349 788 p.
1363 762 1433 786 2333.
1451 754 1503 780 On.
1519 755 1576 780 Vct.
1590 754 1675 781 Deluo
1692 754 1841 788 ἐγκαλέομαι.
1878 755 1945 780 Hinc
1956 752 2023 779 Delu
2044 762 2102 780 rum
2122 753 2220 780 deriua-

1181 792 1273 815 vimus.
1311 790 1436 816 Caeterum
1450 796 1473 814 et
1486 789 1545 815 libri
1558 790 1656 824 quidam
1669 796 1693 815 et
1711 790 1818 817 homiues
1830 789 1924 815 eruditi
1935 788 2060 816 Ciceroni
2077 798 2110 814 an
2123 790 2221 816 Catoni

1177 827 1284 860 potius?
1302 824 1346 851 hoc
1359 825 1458 851 verbum
1472 824 1584 851 tribuunt
1597 825 1629 850 de
1642 823 1694 851 off.
1710 834 1731 856 3,
1747 833 1792 850 120
1805 834 1826 850 c.
1845 834 1867 855 33
1888 826 1922 851 Vt
1937 824 2084 856 amicitias,
2098 833 2165 858 quae
2171 825 2222 852 mi-

85 868 134 895 bra
153 876 293 903 corporum
312 864 503 892 abluendorum
523 869 691 889 mortuorum
708 865 894 893 (mortuorum
914 862 980 887 tollit
999 862 1068 902 Lips.
1090 862 1121 888 ad
1132 868 1165 886 20
1182 868 1232 886 nus
1244 859 1374 886 delectent
1387 866 1413 886 et
1426 860 1512 886 minus
1525 859 1686 893 probentur,
1706 859 1788 893 magis
1808 858 1898 885 decere
1911 860 2012 886 censent
2027 860 2154 894 sapientes
2168 861 2222 888 sen-

86 905 154 931 Tac.
168 905 235 930 Hist.
248 911 275 935 4,
290 904 334 934 33)
355 906 382 926 vt
397 898 537 925 Dodonaci
550 898 637 930 Iouis,
651 904 696 923 aut
715 896 847 931 Apollinis
863 896 1001 930 Delphici,
1016 906 1044 923 m
1058 907 1122 932 quo-

86 949 145 967 rum
165 938 278 966 delubris
297 935 393 962 lebetes
413 934 584 969 tripodesque
604 933 733 959 visuntur.
760 931 929 964 (Delubrum
944 935 1026 968 igitur
1036 933 1123 969 suerit

86 978 161 1001 etlam
177 972 252 1006 MoJis
267 971 447 997 tabernaculum
466 969 529 995 illud
546 976 570 995 et
582 970 716 996 Salomonis
737 968 873 1002 templum)
896 968 959 994 Sunt
973 968 1061 1000 etiam,
1076 969 1124 1004 qui

87 1010 201 1037 Delubra
214 1009 282 1041 ligna
294 1005 439 1037 delibrata,
459 1005 486 1032 id
500 1005 536 1035 est
551 1004 710 1031 decorticata
723 1012 772 1037 pro
785 1002 927 1029 simulacris
940 1003 1050 1030 deornm
1065 1013 1121 1031 mo—

86 1055 117 1073 re
130 1051 245 1072 veterum
260 1042 340 1076 posita
359 1041 522 1067 existimentz
549 1040 593 1066 sed
606 1039 683 1065 male.
722 1040 790 1064 Haec
803 1038 937 1064 Asconius.

86 1084 123 1108 tio
136 1079 239 1116 probata
259 1077 334 1104 Festo
353 1078 370 1103 s.
389 1077 481 1103 Paullo
499 1075 572 1108 adeo,
593 1074 741 1101 Delubrum
762 1073 882 1100 dicebant
899 1074 996 1101 sustum
1009 1074 1123 1102 delibra-

89 1123 160 1148 tum,
172 1114 197 1141 h.
210 1122 232 1140 e.
246 1112 449 1144 decorticatum,
469 1120 548 1146 quem
568 1110 762 1137 venerabantur
780 1118 829 1144 pro
848 1109 907 1136 deo.
955 1111 986 1136 Et
1005 1111 1077 1138 Seru.
1090 1110 1123 1137 ad

88 1153 150 1178 Aen.
169 1158 194 1182 2,
215 1156 261 1181 223
292 1147 403 1175 Masurii
423 1147 514 1174 Sabini
533 1146 607 1173 verba
625 1145 713 1181 adfert
729 1142 791 1178 illa:
813 1144 961 1171 Delubrum
980 1144 1096 1181 effigies,
1109 1155 1124 1173 a

87 1185 261 1213 delibratione
279 1183 401 1210 corticis:
427 1192 488 1209 nam
508 1181 611 1216 antiqui
632 1181 753 1208 felicium
771 1180 898 1207 arborum
919 1190 1007 1208 ramos
1025 1183 1124 1208 cortice

86 1219 202 1248 detrafib
228 1220 256 1246 in
279 1218 377 1253 effigies
396 1219 508 1245 deorum
526 1216 692 1244 formabant:
725 1216 795 1243 vnde
807 1217 903 1244 Graeci
922 1217 1001 1249 ξόανον
1025 1217 1164 1245 dicunt.30

87 1257 189 1283 Interim
201 1255 279 1290 nescto
292 1265 323 1280 an
338 1252 413 1287 exstet
425 1253 496 1281 hodie
507 1254 589 1285 Iocus,
609 1256 636 1279 in
649 1261 694 1288 quo
707 1259 757 1287 pro
769 1251 843 1289 figito
857 1252 897 1278 dci
910 1251 1038 1286 necqffario
1051 1253 1126 1279 delu-

85 1291 163 1319 brum
182 1293 263 1325 accipi
278 1290 369 1316 debeat.
406 1290 532 1316 Caeterum
552 1290 618 1315 alias
635 1296 742 1324 quoque,
764 1296 826 1323 quas
844 1289 973 1314 attulimus
984 1288 1127 1324 sententias

86 1332 253 1353 commemorat
273 1326 344 1351 Seru.
360 1325 377 1351 1.
393 1334 414 1351 e.
431 1331 456 1351 et
475 1324 508 1351 ad
527 1324 591 1351 Aen.
611 1332 639 1357 4,
651 1326 692 1356 56.
737 1323 814 1349 Nulla
832 1330 910 1349 autem
925 1324 1080 1358 probabilior
1098 1331 1128 1350 vt

89 1361 182 1396 lsoffio,
197 1365 235 1388 ita
247 1362 316 1387 nobis
331 1360 431 1387 videtur
445 1369 489 1393 ea,
504 1369 563 1395 quae
577 1366 606 1386 vt
625 1369 641 1385 a
654 1358 800 1385 Polluendo
814 1358 983 1390 Pollubrum,
995 1362 1034 1385 ita
1047 1360 1127 1386 Delu-

84 1392 162 1423 bru⁴m
175 1406 190 1422 a
209 1396 340 1423 deluendo
359 1394 453 1422 dz't‘lum
468 1401 551 1431 putat.
588 1396 629 1422 Sic
647 1401 672 1421 et
691 1393 749 1421 lfid.
766 1403 800 1427 15,
815 1403 841 1427 4.
877 1396 909 1420 Et
927 1396 1008 1421 Corn.
1024 1396 1125 1422 Fronto
1135 1399 1163 1426 35

85 1441 111 1466 p.
125 1440 184 1466 2195
205 1432 369 1464 Delubrum,
384 1432 412 1457 in
424 1440 479 1466 quo
493 1430 615 1457 homines
630 1430 746 1465 pericula
761 1431 805 1456 sua
818 1430 937 1457 deluunt.
973 1432 1127 1466 ,Quamquam

83 1468 125 1494 hic
143 1477 191 1493 non
215 1467 243 1494 de
265 1467 387 1494 ablutione
406 1470 515 1501 accepit,
530 1466 577 1502 sed
595 1468 623 1492 de
641 1465 751 1497 luendo,
768 1469 786 1492 i.
801 1466 920 1501 soluenda
939 1468 1015 1492 multa
1032 1469 1126 1502 aliqua.

36 1532 41 1536 ἱ
83 1502 166 1529 Addit
178 1506 258 1535 enim,
277 1504 380 1530 Ponunt
394 1502 466 1528 enim
480 1502 522 1528 vel
540 1502 639 1536 pilum,
653 1502 696 1528 vel
710 1502 809 1528 scutum
818 1521 826 1533 ,
839 1501 881 1528 vel
895 1501 945 1527 alia
958 1502 1033 1535 plura
1047 1502 1127 1534 susce-

85 1544 128 1573 pta
144 1538 315 1574 votis.,Conf.
338 1545 452 1565 DELVO.

82 1575 276 1609 περιρῥαντηρίσις
300 1572 370 1600 dista
394 1572 445 1607 este.
671 1603 681 1606 -

79 1616 182 1645 promtu
194 1608 244 1641 lim
257 1612 302 1636 vix
309 1611 381 1640 alius,
393 1618 466 1644 quam
479 1615 508 1634 vt
527 1610 604 1634 locum
618 1608 674 1633 Deo
688 1608 727 1633 vel
742 1607 800 1633 Diis
819 1607 984 1641 consecratum
995 1606 1131 1642 Jig7uficct.

84 1654 112 1670 υ.
125 1654 151 1680 g.
172 1645 238 1671 Plin.
256 1653 289 1677 13,
306 1647 334 1671 16
350 1646 367 1671 s.
382 1653 412 1676 3ο
433 1643 601 1677 Praecipuam
614 1649 702 1668 autem
715 1642 763 1667 esse
775 1651 832 1668 eam
847 1641 969 1668 arborem
983 1642 1051 1667 circa
1067 1643 1128 1667 Am-

85 1680 172 1705 monis
189 1679 339 1706 delubrum.
376 1681 417 1706 Sic
436 1681 477 1711 36,
493 1687 516 1710 1)·
532 1680 549 1704 s.
564 1687 615 1704 22..
676 1677 752 1710 Virg.
772 1678 837 1703 Aen.
851 1685 876 1707 2,
898 1684 942 1708 223
973 1677 1007 1701 At
1027 1676 1128 1709 gemini

86 1712 175 1748 lapsu,
195 1714 305 1741 delubra
323 1714 354 1740 ad
373 1715 474 1740 summa
493 1714 617 1739 dracones
634 1711 772 1744 effugiunt.
844 1711 901 1735 Cic.
921 1711 953 1734 de
966 1710 1029 1735 Nat.
1044 1710 1126 1735 Deor.

507 1538 662 1564 Probabilms
680 1535 727 1569 est,
740 1537 770 1563 ab
788 1537 840 1563 illis
859 1540 931 1571 aquis
942 1535 1086 1570 lustralibus
1104 1544 1128 1562 ct

84 1757 108 1779 3,
122 1751 159 1781 46
172 1757 193 1773 c.
211 1754 235 1777 18
254 1749 283 1774 de
302 1751 406 1781 Hecate,
426 1750 468 1773 An
488 1748 550 1773 haec
567 1754 674 1779 quoque
693 1746 741 1771 dea
755 1744 808 1769 est?
842 1744 967 1769 Vidimus
986 1745 1058 1769 enim
1071 1745 1169 1772 eius43

83 1784 151 1808 Aras
168 1782 329 1815 delubraque
348 1783 376 1807 in
395 1781 513 1807 Graecia.
551 1780 618 1806 Idem
635 1780 690 1804 Cic.
710 1778 743 1803 de
762 1778 798 1804 N.
820 1778 851 1803 D.
872 1787 896 1810 3,
917 1787 952 1811 94
966 1779 984 1804 s.
1000 1786 1063 1805 extr.
1086 1779 1127 1805 Est

81 1817 156 1843 enim
175 1815 242 1842 mihi
257 1823 344 1841 tecum
358 1824 407 1849 pro
420 1816 472 1841 aris
493 1820 518 1840 et
537 1814 605 1840 focis
626 1820 773 1842 certamen,
793 1818 818 1839 et
831 1822 880 1847 pro
898 1813 1010 1840 deorum
1024 1814 1128 1849 templis

81 1858 161 1887 atque
173 1850 297 1878 delubris.
369 1850 443 1884 Virg.
455 1850 551 1883 Georg.
566 1858 594 1882 4,
607 1857 651 1882 541
677 1849 802 1882 Qiatnor
817 1848 858 1874 his
872 1857 929 1875 aras
943 1849 995 1876 alta
1010 1849 1042 1876 ad
1056 1849 1128 1876 delu-

82 1888 131 1915 bra
144 1886 260 1913 Deorum
273 1885 420 1913 Constitue.
456 1886 482 1912 Si
495 1885 544 1911 ullo
557 1888 583 1910 in
598 1886 648 1910 loco
657 1904 665 1916 ,
685 1884 726 1910 hic
744 1884 862 1910 videntur
874 1884 1039 1919 probabiliter
1055 1887 1128 1912 intel-

83 1924 133 1959 ligi
151 1922 225 1955 ξόανα
246 1921 363 1957 quaedam
382 1927 405 1947 et
418 1919 493 1957 signa
509 1920 691 1955 Nympharum.
727 1919 775 1946 Sed
792 1926 858 1945 totus
872 1921 938 1945 Iocus
951 1918 983 1952 est
1001 1920 1128 1946 videndus.
1139 1922 1170 1947 50

82 1959 179 1987 Similis
193 1956 225 1990 est
238 1961 306 1985 ratio
321 1957 425 1983 Lucret.
438 1965 465 1989 2,
478 1963 523 1988 352
544 1956 616 1982 Nam
635 1956 709 1989 saepe
726 1961 786 1981 ante
806 1954 884 1981 defun
897 1955 998 1981 vitulus
1018 1955 1129 1983 delubra

83 1993 181 2020 decora
192 1993 365 2019 Turicremas
383 1998 492 2026 propter
505 1991 633 2017 mactatus
646 1990 762 2017 concidit
777 1999 841 2016 aras.
885 1992 993 2026 Vtroque
1006 1992 1072 2024 loco,
1087 1994 1128 2017 im

81 2039 169 2066 quam,
184 2028 293 2055 delubra
301 2027 446 2064 fimtstgna
454 2027 478 2062 s
486 2025 597 2059 statuae,
616 2024 663 2059 mfi
676 2027 790 2052 malimus
803 2036 862 2052 aras
877 2033 934 2052 ante
947 2033 971 2052 ee
986 2033 1056 2052 extra
1069 2033 1128 2052 tem-

77 2067 124 2102 pla
139 2063 258 2098 statuere.
329 2062 389 2089 Alta
413 2062 493 2088 etiam
515 2060 639 2095 supersim
662 2060 772 2088 delubra
792 2067 920 2096 vaporant
940 2061 1129 2096 promissasque

85 2098 320 2134 trahunt'pecudes
339 2099 401 2125 Stat.
416 2097 507 2124 Theb.
527 2106 550 2129 5,
570 2104 626 2131 174.

85 2144 138 2170 que
151 2134 201 2162 hoc
214 2134 298 2161 solum
311 2135 340 2160 in
352 2133 441 2159 statuis
455 2132 583 2168 publicis,
604 2133 821 2167 ornamentisque
835 2132 899 2159 fecit
908 2152 916 2164 ,
933 2132 976 2158 sed
992 2132 1072 2158 etiam
1085 2132 1129 2158 de<

84 2171 161 2197 lubra
192 2170 283 2196 onmia
310 2168 470 2196 saneiissimis
494 2167 672 2202 religionibus
704 2168 852 2195 consecrata
883 2168 1050 2202 depeculatus
1083 2167 1128 2194 est.

83 2205 176 2232 Claud.
197 2205 229 2231 de
244 2205 320 2239 Rapt.
335 2205 404 2231 Pros.
419 2213 440 2237 1,
454 2212 472 2240 7
506 2205 561 2230 Iam
581 2203 650 2230 mihi
664 2210 809 2230 cernuntur
821 2203 930 2238 trepidis
951 2203 1060 2230 delubra
1073 2213 1130 2230 mo-

81 2242 142 2268 veri
161 2240 279 2267 Sedibus.
351 2240 425 2272 Diria
444 2239 554 2267 delubra
573 2239 649 2266 donis
666 2239 747 2266 Ouid.
762 2240 826 2266 Met.
840 2249 866 2272 2,
879 2247 922 2274 77.
994 2239 1049 2266 Cic.
1065 2239 1129 2265 Diu.

83 2277 113 2304 in
125 2278 203 2303 Verr.
219 2285 231 2308 3

84 2311 281 2346 religiofiffimis
309 2311 454 2338 sustulisset.
532 2310 625 2337 Sancta
653 2309 731 2337 desim
755 2310 867 2337 delubra
899 2311 1003 2337 Lucret.
1024 2313 1049 2343 6,
1070 2313 1129 2343 416.

85 2348 142 2374 Cic.
157 2355 206 2382 pro
214 2346 291 2374 Arch.
307 2356 335 2379 19
350 2347 486 2379 Smyrnaei
499 2346 640 2374 delubrum
648 2347 763 2373 Homeri
774 2347 803 2373 in
816 2347 915 2382 oppido
930 2346 1129 2372 dedicauerunt.

83 2383 220 2410 Musarum
239 2382 348 2409 delubra
368 2383 456 2410 colere
473 2382 546 2409 Idem
561 2391 610 2417 pro
623 2381 702 2409 Arch.
716 2391 738 2408 c.
760 2391 791 2409 11.
864 2384 1004 2417 Scriptores
1015 2379 1130 2415 christia-

82 2421 112 2444 ni
123 2418 246 2444 interdum
260 2417 374 2444 Delubri
385 2421 482 2444 nomine
489 2425 644 2458 paganorum
659 2420 748 2452 templa
762 2428 777 2444 a
789 2418 847 2454 suis
860 2417 963 2451 ecclesiis
976 2417 1004 2442 di
1016 2423 1129 2443 cernunt.

978 1040 1070 1066 Vltima
1082 1050 1122 1066 ra·
1131 1045 1162 1071 25

510 1572 574 1608 Vsus
597 1572 692 1608 quidem
716 1575 838 1603 nominis,
861 1572 889 1598 cle
908 1581 953 1607 quo
970 1573 1078 1606 exempla
1103 1575 1174 1602 in40

697 2096 754 2122 Cic.
772 2097 802 2123 in
817 2099 892 2124 Verr.
908 2096 965 2123 Aet.
980 2105 999 2128 1,
1014 2105 1044 2130 14
1072 2097 1127 2123 Ne·
1137 2102 1165 2127 55

266 2275 346 2309 Qiod
367 2285 461 2302 eorum
479 2275 616 2302 simulacra
633 2274 785 2302 sanc'tiffima
800 2276 830 2302 C.
845 2277 944 2302 Verres
957 2283 989 2302 ex
1009 2274 1128 2302 delubris
1136 2275 1171 2300 60

1185 895 1230 921 11111
1243 895 1366 926 deluere,
1384 904 1464 930 quam
1478 902 1583 929 repente
1596 894 1754 929 praecidere.
1810 896 1840 919 Et
1854 894 1886 919 de
1899 894 1983 920 Amic.
1998 897 2033 928 76
2047 904 2068 920 c.
2082 903 2109 921 21
2139 896 2222 923 Tales

1185 931 1268 965 igitur
1281 931 1414 957 amicitiae
1427 932 1485 957 sunt
1498 930 1643 957 remissione
1655 931 1713 956 vsus
1733 928 1889 960 deluendae,
1911 935 1937 955 et
1950 935 1978 955 vt
1992 930 2119 956 Catonem
2133 930 2222 958 dicere

1185 966 1294 998 audiui,
1313 966 1460 993 dissuendae
1479 966 1561 1000 magis
1576 974 1655 1000 quam
1673 963 1867 991 discindendae.
1902 964 1950 991 Sed
1961 965 2002 992 bic
2014 965 2139 993 eluendae
2152 966 2223 995 hodie

1185 1002 1268 1028 editur
1276 1021 1283 1032 ‚
1296 1005 1323 1028 in
1334 1000 1434 1036 Officiis
1446 1001 1565 1028 dissuere.

1221 1044 1342 1064 DELvs
1364 1037 1463 1073 Insula,
1482 1036 1535 1063 vid.
1557 1040 1688 1062 DELOS.

1223 1079 1241 1099 D
1250 1079 1266 1099 E
1276 1079 1292 1098 L
1301 1079 1322 1097 V
1333 1079 1346 1098 s
1355 1078 1377 1098 Τ
1386 1080 1405 1098 R
1414 1080 1434 1098 o
1442 1092 1450 1104 ,
1466 1076 1519 1099 are.
1555 1072 1629 1098 Plane
1641 1077 1664 1096 et
1675 1079 1728 1096 cum
1743 1069 1804 1095 bono
1815 1075 1898 1095 euentu
1913 1066 2026 1102 lustrare.
2062 1070 2088 1096 Si
2100 1070 2159 1105 quis
2173 1080 2225 1098 ma.

1187 1108 1290 1134 leuolus
1313 1107 1480 1134 denotant-rit
1500 1106 1653 1137 hominem,
1676 1105 1772 1132 herbae
1791 1104 1908 1139 asparagi
1932 1104 2039 1138 agrestis
2057 1105 2145 1132 radice
2164 1106 2227 1135 sicca

1186 1152 1333 1204 cumbaqua
1350 1143 1459 1170 fontana
1479 1140 1634 1169 delustrabis
1652 1149 1729 1173 eum,
1746 1146 1772 1167 et
1788 1140 1916 1167 resolutus
1929 1140 1990 1167 erit.
2020 1134 2092 1167 ‘Haec
2105 1142 2182 1176 Apul.
2195 1143 2227 1168 de

1185 1180 1243 1205 Her
1264 1198 1270 1204 .
1291 1184 1305 1209 8
1329 1198 1334 1204 .

1222 1188 1578 1246 ΒΕιέΤΑΜΕΝΤνΜ,
1598 1211 1618 1238 i.
1641 1220 1668 1237 n.
1693 1219 1709 1237 a
1727 1211 1799 1237 verbo
1820 1211 1924 1237 Deluto.
1967 1211 2033 1237 Cato
2053 1219 2075 1237 c.
2089 1216 2129 1241 128
2159 1212 2230 1240 Ter.

1187 1259 1245 1277 ram
1257 1258 1337 1284 quam
1355 1249 1471 1276 maxime
1483 1249 1610 1275 cretosam
1623 1255 1730 1273 amurca
1744 1246 1879 1272 infundito
1887 1266 1895 1279 ,
1909 1245 1992 1281 paleas
2013 1245 2108 1272 indito.
2145 1247 2230 1275 Sinito

1188 1285 1377 1320 quatriduum,
1396 1285 1538 1312 fracescat:
1571 1282 1620 1309 vbi
1643 1281 1710 1308 bene
1730 1282 1871 1313 statuerit,
1895 1288 1972 1308 rutro
1991 1281 2146 1313 concidito;
2183 1284 2231 1310 vbi

1190 1321 1355 1353 concideris,
1368 1320 1496 1347 delutato.
1550 1320 1590 1345 Ita
1605 1326 1691 1352 neque
1709 1318 1817 1351 aspergo
1836 1316 1958 1349 nocebit,
1978 1325 2065 1352 neque
2084 1327 2172 1344 mures
2191 1328 2230 1346 ca-

1189 1366 1251 1384 veas
1267 1356 1381 1389 facient,
1393 1365 1479 1390 neque
1492 1353 1575 1382 herba
1589 1353 1708 1380 nascetur
1717 1373 1724 1384 ‚
1737 1361 1823 1387 neque
1837 1352 2013 1379 delutamenta
2033 1353 2149 1380 scindent
2163 1355 2207 1381 se.'

1226 1398 1431 1423 DELVTAT10‚
1452 1392 1520 1418 onis.
1546 1389 1566 1416 f.
1604 1388 1670 1415 Idem
1685 1388 1750 1424 quod
1761 1390 1862 1414 Lutatio
1880 1387 1947 1424 apud
1959 1387 2096 1422 Augustin.
2134 1409 2140 1415 .
2178 1410 2185 1416 .
2225 1409 2231 1416 .

1225 1434 1417 1460 DELVTio,
1437 1427 1504 1453 onis.
1524 1425 1543 1452 f.
1570 1425 1638 1451 Cels.

1227 1460 1401 1495 DELVTO,
1428 1467 1481 1491 are.
1517 1463 1580 1487 Luto
1603 1459 1637 1495 as
1648 1467 1745 1494 ergcre,
1767 1459 1807 1484 vel
1827 1463 1915 1493 tegere.
1951 1457 2019 1484 Cato
2039 1467 2060 1484 c.
2075 1467 2106 1491 92
2133 1460 2232 1488 Grana.

1190 1498 1260 1526 rium
1282 1503 1369 1524 totum
1395 1497 1513 1523 oblinito
1532 1495 1612 1521 crasl'o
1642 1500 1702 1520 uto:
1735 1493 1822 1527 postea
1846 1493 2012 1526 conspergite
2030 1502 2136 1521 amurca
2154 1505 2233 1522 omne

1191 1533 1264 1568 quod
1277 1533 1445 1559 delutaueris.
1482 1531 1535 1556 Vbi
1546 1529 1664 1561 aruerit,
1683 1535 1716 1554 eo
1729 1529 1893 1554 frumentum
1907 1527 2094 1561 refrigeratum
2109 1530 2233 1556 condito:

1190 1568 1310 1594 curculio
1323 1576 1377 1594 non
1389 1566 1505 1593 nocebit.
1541 1564 1589 1592 Sed
1601 1565 1642 1590 hle
1655 1563 1738 1589 editur
1752 1561 1898 1588 Lutaueris.
1924 1561 2008 1600 ‘Idem
2022 1571 2043 1588 c.
2059 1568 2100 1592 128
2123 1564 2233 1591 Habita.

1189 1604 1292 1629 tionem
1304 1602 1422 1629 delutare
1443 1609 1526 1636 quum
1539 1599 1630 1629 voles,
1651 1604 1749 1625 terram
1762 1606 1842 1632 quam
1859 1604 1976 1623 maxime
1988 1598 2116 1625 cretosam
2134 1600 2178 1626 vel
2190 1609 2234 1627 ru.

1190 1638 1323 1665 bricosam
1343 1637 1449 1664 sumito.

1572 1671 1603 1703 D
1697 1670 1725 1701 E
1818 1669 1859 1701 M

1228 1741 1442 1775 DEMJiDEo,
1462 1741 1511 1774 ui,
1533 1744 1587 1767 ere.
1605 1738 1632 1775 s.
1657 1744 1916 1772 DEMADEscm
1935 1740 1988 1767 Ere.
2025 1740 2130 1775 [ναι-ἕω]
2166 1741 2235 1769 Idem

1192 1778 1256 1812 quod
1270 1778 1383 1805 Madere.
1418 1778 1500 1805 Ouid.
1513 1775 1600 1803 Trist.
1612 1783 1634 1808 ς,
1647 1783 1676 1808 4,
1689 1784 1726 1808 40
1744 1775 1775 1800 Et
1784 1779 1810 1800 te
1825 1775 1903 1801 flente
1917 1776 1977 1801 suos
1990 1775 2147 1802 demaduifl'e
2155 1776 2235 1803 sinus.

1192 1813 1345 1840 Scribonius
1364 1814 1465 1848 Largus
1477 1812 1601 1847 Compos.
1620 1818 1660 1845 73.
1693 1809 1751 1836 lsid.
1766 1810 1856 1837 Barth.
1872 1810 1978 1846 Aduerfi
1991 1819 2038 1843 40,
2052 1821 2079 1845 4.

1229 1856 1248 1876 D
1258 1855 1274 1875 Ε
1283 1855 1308 1875 Μ
1317 1847 1339 1876 A
1348 1856 1366 1876 D
1376 1856 1392 1875 E
1402 1856 1415 1875 s
1425 1869 1432 1881 ‚
1452 1849 1484 1875 is.
1508 1857 1544 1874 m.
1580 1843 1696 1879 Δημάδης
1714 1855 1743 1871 cx
1763 1845 1873 1879 Remige
1885 1846 1984 1872 Orator
2004 1853 2033 1872 vt
2053 1849 2091 1872 ait
2104 1846 2236 1880 Qxineiss.

1194 1893 1217 1916 2,
1232 1892 1269 1919 17,
1282 1893 1318 1911 12.
1354 1885 1386 1910 In
1402 1883 1504 1919 agendo
1522 1881 1688 1912 clariffimus,
1704 1879 1773 1906 nihil
1793 1880 1955 1915 posteritati,
1975 1882 2157 1916 mansurisque
2177 1882 2236 1910 lite.

1191 1921 1228 1946 ris
1241 1918 1369 1954 reliquit(
1397 1920 1469 1946 Idem
1484 1927 1517 1949 12,
1533 1927 1571 1949 10,
1585 1925 1630 1949 49.
1665 1915 1734 1942 Add.
1749 1915 1803 1941 Cic.
1819 1915 1892 1941 Brut.
1906 1924 1928 1941 c.
1942 1924 1969 1948 9.
1983 1923 2006 1941 et
2020 1917 2093 1942 Orat.
2110 1926 2132 1942 c.
2148 1920 2191 1944 26.

1228 1962 1360 1982 DBMAE
1370 1962 1391 1980 N
1404 1953 1480 1981 1³⁹·Tv
1493 1961 1506 1980 s
1517 1973 1525 1985 ,
1551 1953 1568 1978 i.
1596 1961 1631 1978 m.
1672 1950 1835 1980 Parrhasius,
1850 1957 1933 1983 qun-m
1952 1951 1980 1976 in
1998 1951 2142 1982 sacrificio,
2163 1953 2236 1987 quod

1191 1990 1304 2017 Arcades
1322 1990 1383 2016 Ioui
1406 1991 1493 2022 Lyceo
1512 1987 1627 2014 humana
1650 1986 1731 2011 etiam
1745 1991 1803 2010 tum
1815 1984 1900 2010 hostia
1923 1985 2072 2019 faciebant,
2101 1988 2237 2015 immolati

1191 2026 1267 2060 pueri
1280 2032 1338 2051 exta
1353 2025 1521 2058 degustasset,
1545 2029 1570 2048 et
1584 2023 1610 2048 in
1624 2021 1715 2055 lupum
1732 2020 1792 2045 esset
1804 2021 1955 2059 conuersus,
1975 2021 2045 2047 idem
2060 2023 2164 2049 decimo
2179 2024 2236 2058 post

1193 2070 1261 2087 anno
1274 2060 1409 2086 restitutus
1419 2079 1428 2091 ,
1446 2058 1569 2085 athletice
1588 2056 1699 2083 certauit
1717 2055 1745 2081 in
1758 2054 1891 2088 pugilatu,
1904 2056 2046 2091 viciorque
2059 2058 2185 2093 Olympia
2196 2069 2236 2086 re-

1191 2097 1282 2122 versus
1293 2095 1342 2121 est:
1366 2094 1456 2131 Refert
1468 2093 1534 2119 Plin.
1549 2101 1577 2117 ex
1590 2094 1705 2127 Agriopa
1717 2089 1816 2116 afflare
1830 2095 1854 2123 8,
1868 2099 1909 2117 22.

1228 2137 1272 2158 DE
1281 2137 1306 2156 M
1315 2136 1366 2157 AG
1376 2137 1385 2156 1
1395 2137 1417 2156 s.
1443 2127 1510 2154 Adu.
1547 2128 1597 2154 Pro
1611 2127 1715 2158 Minus,
1728 2125 1832 2160 antiqui
1845 2125 1968 2153 dicebant
1980 2127 2079 2154 Festus.
2119 2129 2164 2155 Sed
2177 2131 2235 2157 Vet.

1193 2165 1273 2192 Gloss.
1293 2165 1416 2200 Demagis
1436 2162 1553 2199 σφοδρᾶς,
1574 2162 1657 2189 Valde
1676 2162 1765 2195 magis.
1812 2162 1853 2188 Sic
1871 2162 1944 2189 Non.
1966 2171 1992 2195 2,
2013 2172 2063 2196 229
2101 2165 2236 2200 Demagis,

1191 2201 1269 2228 valde
1288 2201 1386 2236 magis,
1398 2199 1529 2235 laudatque
1549 2208 1560 2225 e
1582 2197 1682 2224 Lucilii
1697 2199 1726 2223 16
1745 2197 1846 2232 ver-fias,
1866 2206 1927 2233 quos
1947 2198 2058 2225 dabimus
2076 2209 2106 2226 ex
2127 2201 2236 2228 emenda—

1175 2244 1177 2246 “
1190 2241 1258 2264 tione
1275 2244 1343 2264 certa
1357 2235 1437 2262 Hadr.
1454 2237 1523 2261 Iunii
1535 2233 1594 2259 edit.
1607 2233 1723 2267 Douficae
1737 2241 1760 2266 p.
1775 2234 1806 2264 36

1299 2273 1356 2299 Rex
1372 2273 1452 2303 Cotys
1467 2271 1513 2296 ille
1532 2269 1599 2295 duos
1615 2274 1710 2295 ventos
1724 2268 1846 2294 Austrum
1860 2273 1938 2303 atque
1950 2269 2113 2304 Aquilonem

1296 2307 1408 2335 Nouiss‘e
1429 2306 1516 2332 aiebat
1532 2305 1602 2331 solos
1623 2305 1663 2337 se,
1684 2303 1800 2338 demagis
1820 2303 1881 2329 illos

1295 2344 1332 2369 Ex
1353 2342 1446 2368 nimbo
1462 2340 1602 2372 austellos,
1619 2349 1666 2366 nec
1684 2340 1767 2371 noss'e,
1787 2348 1834 2365 nec
1854 2340 1903 2365 else
1922 2345 2022 2373 putare.

1193 2379 1317 2413 Demagis
1335 2378 1397 2404 illos
1418 2376 1461 2403 τὲς
1480 2376 1522 2402 ἐπὶ
1536 2378 1623 2408 πλέον,
1642 2378 1685 2411 qui
1704 2381 1834 2410 practerea
1860 2379 1930 2400 venti
1947 2382 2088 2410 putantur,
2112 2376 2235 2403 austellos

1190 2418 1272 2452 magis
1295 2424 1367 2450 quam
1386 2412 1502 2445 austros,
1519 2413 1631 2438 ventulos
1648 2421 1697 2437 non
1716 2417 1817 2442 ventos,
1836 2411 1947 2436 Thraces
1966 2411 2022 2441 illi,
2041 2418 2142 2444 quorum
2160 2412 2236 2447 Cotys

84 2453 206 2486 Chrysol.
218 2454 271 2480 Ser.
284 2461 309 2486 51
340 2454 546 2480 Commutantur
563 2462 592 2480 111
608 2453 723 2479 ecclesias
738 2452 862 2486 delubra,
877 2453 905 2479 in
917 2452 1010 2479 altaria
1023 2458 1130 2480 vertun-
1152 2448 1183 2480 63
1189 2461 1251 2483 rex,
1267 2450 1333 2476 nullo
1347 2457 1445 2475 numero
1464 2448 1560 2474 habent.

83 2494 128 2516 tur
140 2498 200 2516 arae
213 2495 258 2516 etc.
295 2488 342 2516 Sed
358 2488 418 2515 Ifid.
432 2489 508 2523 Orig.
524 2497 558 2522 15,
572 2498 590 2521 4
608 2486 665 2524 post
679 2489 849 2525 etymologiam
863 2498 878 2515 a
890 2487 1032 2521 deluendo,
1047 2488 1129 2519 addit,

84 2525 141 2559 Ipsa
154 2533 222 2551 nunc
237 2525 296 2551 sunt
308 2524 383 2550 aedes
396 2533 457 2552 cum
472 2525 550 2551 sacris
564 2523 684 2550 fontibus
693 2545 702 2557 ,
720 2524 749 2550 in
779 2524 856 2551 uibus
877 2524 966 2551 fideles
979 2524 1129 2558 regenerati

86 2560 269 2599 purificantur:
297 2566 322 2586 ct
340 2559 408 2587 bene
422 2560 539 2595 quodam
554 2560 691 2594 praesagio
704 2533 815 2587 delu‘bra
829 2561 888 2587 sunt
901 2559 1043 2595 appellata:
1069 2560 1130 2585 sunt

85 2603 157 2620 enim
171 2596 200 2621 in
212 2595 376 2622 ablutionem
390 2601 567 2629 peccatorum.
966 2594 969 2597 ’

122 2635 274 2656 Di-:ch'r
285 2636 346 2661 011,
369 2631 418 2656 ari.
454 2631 590 2663 [παλαίω]

84 2667 234 2691 incremento
251 2664 368 2699 quodam,
386 2671 416 2689 vt
436 2663 594 2698 depugnare.
629 2664 713 2690 Plaut.
729 2665 798 2691 Pers.
820 2673 840 2696 1,
863 2674 884 2696 1,
897 2673 916 2697 4
947 2665 1016 2690 Cum
1034 2663 1129 2690 auibus

86 2699 286 2733 Stymphalicis,
306 2708 366 2725 cum
380 2699 481 2725 Antaeo
494 2698 623 2725 delufflri
639 2698 775 2726 mauelim.

121 2741 139 2760 D
149 2741 165 2760 E
177 2741 191 2759 1.
202 2741 223 2759 ν
233 2742 250 2761 c
260 2740 280 2760 T
290 2741 309 2761 ο
319 2755 326 2767 ,
345 2743 386 2767 as,
411 2738 462 2760 are.
504 2733 592 2759 Aeiiu.
634 2733 716 2759 Plaut.
739 2733 870 2760 Trinum.
883 2742 912 2766 4,
925 2742 946 2765 1,
959 2741 993 2760 20
1022 2733 1128 2766 Quibus

85 2769 219 2797 aerumnis
232 2769 383 2803 deluetaui,
404 2769 462 2795 silio
475 2768 539 2795 dum
558 2768 666 2794 diuitias
681 2769 797 2802 quaero?

121 2813 139 2833 D
148 2812 164 2832 E
173 2813 190 2831 L
199 2812 219 2831 v
228 2811 244 2832 c
253 2811 273 2830 T
282 2812 304 2830 A
313 2812 334 2831 T
346 2812 382 2832 10
390 2825 399 2837 ,
415 2805 483 2831 onis.
507 2804 526 2831 f.
562 2804 599 2830 M.
612 2803 718 2837 Capella
733 2810 744 2835 ς
756 2812 780 2837 p.
794 2810 845 2835 139-

121 2846 411 2873 DELVCTATOR,
431 2840 495 2866 oris.
515 2848 552 2865 m.
585 2838 699 2865 Hieron.
969 2865 973 2866 ⁷

120 2883 139 2902 D
148 2883 164 2904 E
174 2883 190 2902 L
198 2877 219 2902 ὓ
228 2883 246 2903 1)
255 2882 274 2902 0
284 2895 292 2908 ‚
316 2874 353 2902 usi
361 2896 370 2908 ,
398 2876 472 2902 usum
480 2895 488 2906 ‚
515 2878 568 2902 ere.
611 2872 765 2908 [ἐπιπαῖζω]
807 2872 928 2900 Deridere
935 2892 943 2904 ,
964 2879 988 2899 ct
1009 2872 1127 2908 decipere.

85 2911 141 2939 Cic.
156 2921 205 2946 pro
219 2911 293 2938 Rosc.
308 2912 368 2937 Am.
382 2920 403 2937 c.
418 2919 434 2944 9
460 2912 498 2937 Ae
517 2911 605 2946 primo
623 2917 679 2936 rem
692 2909 800 2936 differre
812 2909 934 2943 quotidie
947 2917 976 2935 ac
990 2909 1128 2943 procrasti-

84 2956 147 2974 nare
158 2947 201 2973 illi
214 2953 368 2981 coeperunt:
390 2946 486 2973 deinde
498 2946 635 2981 aliquanto
646 2945 758 2977 lentius,
770 2944 840 2971 nihil
852 2953 945 2978 agere,
959 2950 1038 2979 atque
1058 2944 1129 2970 delu-

83 2983 154 3010 dere.

83 3027 113 3046 re
131 3027 173 3045 me
192 3017 322 3045 deludier.
384 3018 440 3044 Cic.
460 3018 493 3045 de
516 3018 579 3052 Leg.
601 3018 662 3052 Agr.
701 3037 706 3043 .
746 3037 752 3043 .
790 3036 797 3043 .
839 3015 936 3042 Deludi
953 3016 1129 3051 vosmetipsos

85 3054 184 3080 diutius
198 3062 214 3080 a
226 3053 309 3080 Trib.
323 3053 408 3087 plebis
421 3053 579 3088 patiemini?
633 3052 674 3079 Ab
687 3051 820 3079 incubone
835 3051 926 3078 deludi
937 3051 1057 3078 Scribon.
1072 3060 1127 3078 100.

85 3089 216 3116 Deludere
234 3089 302 3115 dolis
318 3090 386 3116 Ter.
400 3089 482 3116 Andr.
495 3097 518 3122 3,
531 3099 560 3123 4,
575 3098 602 3122 4.

86 3131 186 3152 arantes
204 3125 320 3159 Propert.
341 3134 367 3157 2,
381 3133 405 3158 ις
424 3128 485 3157 (12)
506 3133 540 3156 31.

659 3088 749 3115 Terra
762 3089 835 3123 prius
849 3087 916 3114 falso
930 3093 1006 3122 partu
1020 3087 1128 3114 deludet

611 3124 694 3151 Ouid.
712 3125 777 3151 Met.
796 3129 826 3156 8,
847 3125 897 3153 826
932 3123 1040 3158 Oraque
1060 3132 1128 3149 vana

627 2630 694 2656 Idem
715 2629 780 2665 quod
791 2630 899 2656 Lub'lari
911 2628 1058 2665 fignificat,
1076 2638 1129 2654 cum
1144 2638 1180 2664 70
1193 2627 1258 2661 quid
1271 2624 1428 2651 demandare
1440 2631 1517 2649 curae
1531 2621 1643 2647 alicuius
1660 2619 1698 2645 Id.
1715 2627 1737 2651 ς,
1752 2627 1795 2653 27.

225 2983 293 3009 Ter.
310 2982 389 3009 Andr.
405 2991 425 3013 1,
440 2991 465 3015 2,
480 2990 511 3014 32
537 2982 633 3008 Vbiuis
645 2981 749 3008 facilius
762 2981 843 3016 passus
859 2980 920 3011 sim,
939 2989 1018 3014 quarn
1031 2980 1059 3006 in
1080 2980 1127 3006 hac
1145 2985 1177 3011 80

1229 2494 1248 2513 D
1256 2493 1272 2513 E
1281 2493 1306 2512 M
1315 2493 1337 2512 A
1346 2492 1368 2511 N
1378 2492 1396 2511 D
1406 2491 1425 2511 ο
1434 2504 1442 2516 ,
1450 2488 1503 2509 are.
1524 2483 1661 2516 [ἔπιτρέκω,
1674 2479 1835 2511 iuvencam]
1857 2479 1969 2513 Simplici
1983 2479 2082 2505 Mando
2095 2480 2140 2506 hoc
2152 2482 2235 2516 addit,

1189 2520 1370 2558 vlfigmficet,
1384 2520 1415 2545 de
1427 2520 1456 2554 se
1471 2520 1571 2544 amoliri
1581 2515 1692 2549 aliquid,
1715 2521 1739 2539 ct
1751 2516 1825 2539 alteri
1840 2517 1996 2539 committere.
2033 2515 2166 2548 Liu.8‚36
2183 2518 2236 2544 Cu-

1192 2567 1248 2584 ram
1263 2565 1356 2582 eorum
1368 2553 1526 2580 nominatim
1541 2551 1644 2584 Legatis
1659 2548 1845 2583 Tribunisque
1860 2554 1886 2574 et
1898 2548 2038 2575 Praefectis
2054 2550 2235 2582 demandabat.

1192 2593 1266 2618 Idem
1282 2600 1301 2621 1,
1314 2599 1341 2622 33
1350 2596 1393 2624 pr.
1414 2589 1499 2614 Ancus
1513 2585 1667 2612 demandata
1682 2593 1744 2611 cura
1755 2585 1888 2610 sacrorum
1903 2584 2070 2617 flaminibus,
2089 2594 2134 2613 etc.
2179 2589 2235 2615 Ali-

1864 2619 1971 2646 Sueton.
1985 2620 2014 2645 in
2022 2621 2105 2656 Calig.
2119 2631 2139 2648 c.
2153 2632 2183 2658 41
2203 2625 2236 2652 Et

1191 2661 1298 2688 cuidam
1315 2660 1442 2695 proximo
1460 2656 1586 2683 collusori
1604 2654 1758 2681 demandata
1773 2654 1838 2681 Vice
1854 2655 1911 2685 sua,
1929 2657 2074 2689 progressus
2094 2660 2121 2684 in
2135 2660 2234 2687 atrium

1190 2697 1301 2727 domus,
1334 2703 1416 2729 quum
1432 2694 1630 2726 ‘praetereuntes
1650 2689 1717 2716 duos
1739 2691 1847 2724 Equites
1866 2690 1999 2717 Romanos
2019 2691 2163 2727 locupletes
2181 2695 2234 2722 fine

1191 2741 1267 2758 mora
1280 2729 1381 2763 corripi
1394 2727 1582 2761 confiscarique
1595 2725 1695 2753 iuslilset
1703 2746 1712 2758 ,
1729 2726 1858 2753 exsultans
1873 2726 1970 2759 rediit,
1987 2726 2157 2765 gloriansque
2168 2740 2235 2758 nun-

1191 2775 1272 2802 quam
1284 2766 1310 2792 se
1322 2763 1489 2800 prosperiore
1502 2763 1558 2789 alca
1572 2762 1655 2789 Vsum.

1227 2809 1246 2829 D
1255 2808 1272 2829 Ε
1282 2808 1307 2827 Μ
1318 2808 1340 2828 Α
1351 2807 1371 2826 Ν
1383 2806 1401 2825 D
1411 2806 1433 2826 A
1442 2806 1463 2825 T
1475 2807 1482 2825 1
1493 2805 1512 2825 ο
1523 2819 1531 2831 ,
1550 2798 1616 2824 anis.
1637 2797 1656 2823 f.
1691 2796 1810 2823 Tertull.
1825 2795 1856 2822 de
1870 2797 1975 2824 Resurr.
1989 2798 2066 2825 Carn.
2079 2809 2098 2825 c.
2112 2805 2154 2833 48.

1227 2844 1272 2864 DE
1282 2838 1393 2864 ΜᾹΝΟ
1403 2855 1411 2867 ,
1432 2839 1484 2861 are.
1504 2832 1653 2868 [οέποέρύω]
1692 2832 1759 2859 Idem
1772 2832 1836 2868 quod
1847 2834 1962 2861 Manare.
1978 2850 1983 2856 «
1998 2834 2085 2861 Catul,
2099 2842 2140 2869 52,
2153 2839 2202 2871 (5¹)
2216 2846 2234 2870 9

1388 2871 1492 2905 Lingua
1511 2869 1554 2896 sed
1568 2875 1669 2903 torpet,
1687 2870 1788 2895 tenueis
1802 2868 1847 2894 sub
1860 2875 1931 2895 artus

1388 2907 1505 2933 Flamma
1519 2905 1656 2936 demanat,
1676 2904 1763 2930 sonitu
1778 2905 1868 2937 suopte

1388 2942 1525 2969 Tinniunt
1539 2950 1627 2973 aures,
1646 2940 1751 2975 gemina
1765 2945 1890 2974 teguntur

1502 2977 1615 3003 Lumina
1629 2975 1716 3002 110610.

1191 3013 1265 3041 Idem
1280 3013 1348 3040 Gell.
1365 3020 1404 3047 17,
1418 3021 1440 3039 11
1460 3012 1532 3039 Plato
1546 3020 1637 3047 potum
1652 3011 1720 3038 dixit
1733 3010 1847 3037 defluere
1865 3009 1896 3037 ad
1910 3009 2077 3045 pulmonem,
2095 3019 2182 3046 eoque
2194 3013 2231 3038 sa-

1191 3049 1389 3082 tishumec'tato
1404 3049 1542 3075 demanare
1558 3058 1603 3083 per
1617 3056 1693 3079 eum,
1714 3047 1776 3081 quia
1788 3046 1818 3072 sit
1829 3046 1968 3079 rimosior,
1988 3052 2014 3073 et
2025 3047 2157 3073 confluere
2168 3047 2230 3074 inde

1191 3087 1220 3112 in
1231 3085 1350 3112 vesicam.
1389 3085 1436 3111 sed
1448 3087 1533 3110 melius
1548 3083 1581 3118 est
1595 3083 1737 3110 dimanare.

1226 3129 1245 3148 D
1255 3128 1271 3147 Ε
1282 3127 1306 3147 Μ
1318 3128 1339 3147 A
1351 3126 1370 3146 R
1382 3122 1458 3146 ᾹΤν
1468 3128 1480 3147 s
1489 3140 1498 3153 ,
1519 3120 1537 3146 i.
1558 3129 1593 3146 m.
1628 3118 1871 3145 Lacedaemoniorum
1882 3126 1941 3149 rex,
1958 3125 2030 3152 quum
2042 3118 2150 3142 exularet
2164 3117 2231 3152 apud

88 3166 177 3187 mouet
187 3180 197 3194 ‚
215 3160 372 3196 dentemque
387 3161 416 3187 in
432 3160 512 3187 dente
526 3160 621 3194 fatigat
648 3160 809 3194 Exercetque
827 3158 889 3185 cibo
903 3157 1023 3185 delusum
1037 3165 1128 3193 guttur
1145 3160 1173 3189 85
1190 3158 1313 3188 Xerxem,
1335 3156 1435 3192 bellique
1449 3163 1535 3182 contra
1549 3158 1662 3191 patriam
1679 3160 1788 3180 cerneret
1803 3159 1948 3188 apparatum
1958 3172 1965 3183 ,
1979 3154 2036 3187 plus
2047 3152 2076 3187 se
2094 3151 2175 3179 debere
2184 3160 2232 3188 pa-

89 3193 168 3222 inani.
322 3195 342 3233 q
367 3205 383 3223 2
419 3195 541 3223 Delusisse
552 3199 624 3222 etiam
642 3195 760 3222 dicuntur
772 3195 940 3232 gladiatores,
955 3204 1040 3230 quum,
1053 3201 1083 3221 vt
1101 3198 1129 3220 in

91 3228 247 3265 digladiando
259 3231 310 3267 fit,
328 3232 429 3268 aliquod
445 3232 575 3258 membrum
592 3233 712 3258 quarunt
724 3237 768 3257 aut
786 3230 924 3267 laeserunt,
939 3236 968 3256 vt
984 3233 1034 3256 iam
1047 3229 1128 3258 ludere

91 3274 139 3290 non
154 3266 255 3300 poffint:
281 3274 324 3294 aut
339 3276 411 3303 quum
430 3267 540 3303 causarii
552 3264 627 3303 fasti
638 3267 701 3303 fiant
713 3287 722 3300 ‚
745 3273 775 3293 vt
792 3265 979 3301 interquiescere
997 3272 1128 3302 cogantur,

90 3308 134 3325 nec
146 3299 309 3334 speflaculum
322 3304 368 3340 sui
387 3303 445 3329 dare
459 3302 562 3339 poffint.
618 3303 660 3330 Sic
682 3302 812 3329 Turnebus
835 3302 943 3336 explicat
961 3301 1024 3327 illud
1048 3302 1129 3328 Plinii

1191 3196 1271 3224 triae,
1294 3201 1366 3227 quam
1384 3195 1439 3228 regi
1459 3190 1618 3225 existimans,
1638 3191 1700 3216 clam
1714 3188 1915 3215 Lacedaemonios
1928 3191 2044 3214 certiores
2052 3190 2127 3221 jecit.
2171 3188 2230 3216 l'id.

1190 3228 1282 3254 lustin.
1297 3236 1322 3260 z,
1337 3236 1375 3260 10,
1391 3236 1424 3259 13.
1620 3223 1640 3262 ἢ
1661 3234 1676 3251 2
1716 3226 1771 3251 Fuit
1792 3230 1814 3249 et
1827 3224 1996 3254 Demaratus,
2021 3222 2169 3256 Tarquinii
2185 3224 2230 3250 Su.

1191 3263 1268 3299 perbi
1286 3269 1375 3298 pater,
1397 3263 1443 3297 qui
1458 3261 1592 3288 Corintho
1612 3261 1640 3287 in
1653 3259 1807 3287 Hetruriam
1824 3260 1849 3285 se
1867 3258 1978 3293 recepit,
1998 3257 2070 3292 quod
2090 3258 2230 3298 Cypselum

1191 3307 1331 3332 tyrannum
1341 3299 1410 3325 ferre
1421 3307 1476 3324 non
1488 3298 1578 3338 posset,
1591 3304 1620 3324 vt
1627 3297 1720 3332 scribit
1740 3295 1794 3322 Cic.
1802 3295 1883 3322 Tusc.
1892 3302 1915 3326 ς,
1926 3301 1979 3325 109.
2021 3292 2078 3319 Vsa.
2093 3294 2151 3320 L1u.
2160 3303 2179 3326 1,
2189 3303 2230 3329 34.

90 3336 132 3367 36,
146 3341 177 3368 27
189 3335 207 3359 s·
222 3344 250 3368 39
269 3338 376 3365 Luxatis
391 3344 467 3373 potus
481 3337 617 3371 medetur,
631 3343 660 3365 vt
679 3338 740 3364 licet
752 3337 844 3364 videre
857 3335 1030 3370 gladiatores,
1044 3346 1127 3371 quum
1147 3344 1182 3369 90
1226 3343 1245 3362 D
1254 3342 1270 3361 E
1280 3342 1305 3361 M
1314 3342 1335 3361 A
1344 3342 1361 3360 R
1371 3341 1387 3361 c
1396 3341 1416 3360 H
1426 3341 1445 3360 v
1455 3341 1467 3360 s
1476 3353 1483 3365 ,
1505 3342 1523 3359 1.
1543 3342 1578 3359 m.
1616 3334 1735 3367 Princeps
1748 3333 1850 3366 populi,
1871 3336 1914 3369 auf
1933 3327 2060 3355 Tribunus
2077 3330 2154 3364 piebis
2167 3330 2230 3356 dici-

91 3370 266 3402 deluserunt,
285 3372 331 3400 hac
360 3373 450 3401 iuuari
481 3375 600 3409 potione.

91 3405 212 3432 Scribon.
233 3413 283 3437 231.
851 3435 856 3437 ,

128 3446 147 3467 D
157 3447 173 3467 E
183 3447 199 3466 L
210 3446 230 3465 V
240 3447 259 3467 D
268 3448 278 3467 1
285 3447 302 3467 F
310 3440 323 3469 i'
331 3450 347 3470 c
354 3450 373 3470 ο
381 3451 401 3471 R
410 3464 418 3477 ,
437 3444 487 3471 ari.
523 3441 678 3479 [amalfia]
714 3443 791 3484 Idem.
800 3442 865 3479 quod
880 3442 1009 3470 Deludere.
1046 3443 1128 3470 Plaut.

90 3475 195 3540 {fg-gel·
213 3485 240 3509 4,
253 3485 274 3508 32
294 3485 326 3510 41
359 3479 547 3507 Deludificatus
565 3479 601 3507 est
621 3488 664 3506 me
684 3479 766 3506 hodie
784 3488 813 3506 111
832 3484 989 3514 perpetuum
1006 3478 1127 3506 modum.

127 3552 384 3579 ncrvnffico,
404 3553 455 3577 are.
490 3550 573 3578 Plaut.
587 3550 655 3577 Rud.
672 3558 692 3583 1,
706 3558 730 3580 2,
745 3557 781 3583 53-

129 3587 466 3622 DELVDIFICAJI'IO,
489 3587 557 3613 onis.
584 3587 604 3613 f.
640 3585 778 3620 Augustin.

129 3623 316 3649 DELVSio,
342 3619 409 3644 onis.
428 3620 448 3646 f.
475 3621 574 3648 Arnob.
589 3632 607 3655 4
626 3631 650 3656 p.
666 3629 721 3656 127.

128 3658 322 3685 DELVSOR,
342 3653 405 3679 oris.
431 3662 466 3680 m.
498 3657 575 3692 Apud
593 3658 702 3684 Firmic.
739 3676 746 3683 .
784 3675 791 3682 .

683 3373 796 3400 Delusus
827 3372 938 3405 multis,
968 3375 987 3399 i.
1011 3382 1027 3399 a
1043 3374 1129 3399 multis

127 3694 432 3720 DELVENTles,
458 3689 475 3715 i.
496 3700 532 3718 m.
573 3694 657 3725 Deus,
684 3701 752 3732 quem
764 3676 985 3728 firubuit‚puto,
1005 3690 1182 3719 Tertull.100

94 3723 170 3764 Apol.
186 3732 221 3756 24
242 3723 400 3764 ‘Vnicuiquc
418 3724 497 3750 etiam
516 3728 666 3759 prouinciae
685 3734 712 3754 et
730 3727 834 3754 ciuitati
853 3728 912 3753 suus
925 3727 994 3753 Deus
1009 3725 1046 3753 est
1081 3741 1127 3746 —

93 3758 249 3793 municipali
266 3760 460 3786 consecratione
474 3762 606 3789 censentur
617 3763 803 3790 Casiniensium
817 3763 999 3789 Deluentinus.

129 3800 147 3820 D
157 3801 173 3821 E
182 3802 198 3821 1.
207 3801 227 3819 v
237 3801 246 3820 1
255 3801 285 3820 Τ.
322 3795 415 3827 soluit,
429 3798 511 3831 inquit
530 3796 630 3830 Festus,
642 3807 656 3825 a
669 3800 770 3825 Graeco
790 3796 900 3824 διαλύειν.

128 3835 332 3863 DELVMBO,
352 3835 403 3857 dre.
440 3830 589 3865 [αἷπσσφύω]
625 3835 724 3860 Lumbos
743 3835 836 3860 laxare.
875 3833 939 3860 Plin.
962 3838 999 3865 28,
1019 3841 1037 3866 4
1066 3833 1126 3859 Hoc

1190 3377 1242 3397 tur.
1280 3371 1429 3405 Spartianus
1441 3369 1548 3395 Adrian.
1563 3377 1583 3395 c.
1599 3377 1626 3400 19
1646 3368 1706 3394 Fuit
1720 3365 1879 3393 Demarchus
1899 3373 1926 3390 111
1940 3364 2024 3398 patria
2039 3364 2099 3396 sua,
2120 3364 2230 3392 Athenis

1192 3406 1309 3433 Archon.
1379 3405 1459 3432 Plaut.
1469 3403 1576 3431 Curcul.
1591 3412 1615 3435 2,
1629 3412 1652 3436 3,
1666 3411 1682 3437 7
1701 3403 1758 3429 Nec
1772 3400 1947 3429 Deumrchus,
1965 3407 2011 3425 nec
2024 3400 2194 3428 Comarchus.

1226 3450 1245 3469 D
1254 3449 1270 3468 E
1280 3448 1359 3468 MAR
1368 3447 1388 3467 G
1401 3448 1410 3466 1
1421 3448 1442 3467 N
1454 3447 1489 3472 O,
1508 3444 1560 3466 are.
1603 3440 1652 3470 Vt,
1669 3437 1847 3471 demarginare
1860 3435 1965 3461 librum.
1984 3441 2076 3461 recent.

1228 3485 1272 3504 DE
1283 3485 1307 3503 M
1317 3483 1368 3504 AT
1378 3484 1397 3503 R
1408 3485 1416 3503 1
1426 3482 1442 3502 c
1454 3482 1534 3502 ATv
1545 3483 1556 3500 s
1566 3495 1574 3507 ,
1594 3483 1625 3506 a,
1644 3483 1695 3500 um.
1722 3473 1782 3499 Adi.
1823 3472 1861 3497 De
1880 3470 2015 3503 iumento,
2036 3470 2079 3497 cui
2095 3479 2161 3498 vena
2175 3479 2229 3499 ma-

1149 3520 1181 3546 95
1190 3513 1264 3540 tricis
1280 3513 1393 3548 perculsa
1411 3513 1502 3546 Veget.
1517 3510 1661 3537 Mulomed.
1678 3519 1706 3542 4,
1721 3515 1746 3542 7.

1229 3556 1247 3575 D
1256 3556 1272 3575 E
1282 3555 1307 3574 M
1317 3555 1334 3575 E
1343 3555 1364 3574 A
1374 3567 1381 3578 ‚
1399 3556 1438 3574 ae.
1454 3547 1472 3573 f.
1493 3545 1636 3582 Per-janam
1648 3543 1716 3579 apud
1732 3543 1799 3568 Ter.
1814 3541 1843 3567 in
1856 3540 1929 3567 Adel.
1935 3540 2006 3577 senis
2018 3540 2078 3568 duri
2089 3550 2120 3568 ac
2132 3540 2228 3575 rustici.

1228 3591 1273 3611 DE
1285 3590 1365 3610 MEA
1377 3589 1394 3609 c
1406 3588 1533 3614 vrviu,
1554 3581 1606 3607 vid.
1627 3584 1771 3606 DEMru,
1789 3581 1840 3603 are.

1228 3625 1395 3650 pemmo,
1415 3618 1523 3644 meiere.
1541 3616 1637 3651 οἰφερῶ,
1658 3614 1729 3645 ἐξερῶ
1750 3612 1827 3639 Glosr.
1842 3611 1897 3638 Lat.
1914 3612 1960 3638 Gr.

1226 3661 1447 3686 DEMEMINI,
1468 3653 1520 3679 iffe.
1550 3651 1615 3686 apud
1635 3648 1783 3675 Martialem
1803 3649 1894 3684 legitur
1909 3655 1957 3682 pro
1977 3645 2132 3682 Oblimscor,
2152 3654 2177 3681 2,
2197 3654 2228 3678 59

1192 3690 1248 3725 Ipse
1262 3690 1337 3717 iubet
1354 3689 1450 3716 mortis
1468 3686 1645 3714 demcminisse
1664 3685 1741 3711 Deus.
1796 3684 1842 3711 Sed
1858 3686 1971 3717 quoniam
1993 3683 2037 3708 hoc
2051 3681 2151 3707 verbum
2167 3681 2228 3707 alibi

1191 3736 1239 3752 non
1253 3728 1344 3762 legitur
1353 3745 1361 3758 ,
1377 3726 1489 3761 plerique
1506 3724 1599 3748 malunt
1611 3722 1706 3756 legere,
1727 3719 1772 3746 Te
1785 3719 1946 3750 meminisse,
1967 3717 2031 3754 quod
2049 3716 2226 3751 etiamfinterz-

1189 3769 1243 3825 nas)
1253 3768 1415 3824 {abiliimrzvitbn
1424 3801 1475 3821 AN
1483 3799 1495 3819 S
1504 3812 1512 3824 ,
1537 3791 1612 3819 antis.
1641 3790 1708 3828 apud
1724 3789 1781 3816 Val.
1795 3789 1878 3816 Flacc.
1899 3797 1921 3822 3,
1934 3791 1987 3822 640
2016 3786 2114 3823 quidam
2133 3787 2225 3822 legunt,

1190 3833 1234 3860 vbi
1248 3835 1332 3860 Burm.
1347 3831 1417 3857 idem
1431 3837 1517 3855 orans.

95 3863 167 3899 saepe
179 3865 327 3892 delumbata
342 3866 511 3902 quadrupede
524 3866 692 3901 approbatur.
728 3870 801 3896 Idem
817 3878 855 3904 19,
869 3872 886 3896 6
899 3870 917 3897 s.
929 3877 955 3901 33
985 3869 1064 3896 Nunc
1077 3869 1126 3897 sar·
1137 3879 1181 3907 105
1226 3874 1303 3896 DEM
1313 3874 1329 3895 Ε
1340 3874 1360 3892 N
1372 3874 1383 3893 s
1393 3885 1401 3899 ,
1425 3864 1500 3892 entis.
1528 3862 1588 3891 Adi.
1626 3861 1790 3899 [παράφρωῃ
1812 3859 1938 3896 παρέω]
1975 3858 2031 3886 Sine
2043 3862 2134 3889 mente,
2159 3854 2224 3890 insa-

226 3907 310 3929 voi..
348 3903 382 3930 11.

1343 3901 1365 3930 K
2168 3900 2222 3916 nus.
