2479 4225
282 200 348 240 575
661 173 940 220 FAC
1780 170 2042 211 FAC
2342 171 2464 234 576*

474 270 540 297 Plin.
560 275 599 302 ιε,
619 278 647 296 12
671 268 782 295 Fabacia
800 262 964 290 existimatur
979 259 1112 286 Insomssfa
1131 259 1232 290 facere,
1261 257 1286 284 h·
1298 267 1319 284 θ-
1380 269 1409 295 4,
1422 269 1444 292 2,
1456 263 1499 288 26.
1556 262 1611 288 Cic.
1626 260 1654 286 iu
1667 259 1756 286 Parad.
1771 261 1788 285 6
1816 259 1887 286 Nam
1904 264 1933 286 vt
1948 259 1998 294 iis,
2019 260 2066 295 qui
2086 259 2194 287 honeste
2212 267 2270 285 rem
2289 263 2418 294 quaerunt
2451 286 2454 287 ⁷

284 274 392 308 reperit.

284 308 418 335 nocturnas
433 306 553 341 illusiones
566 313 710 342 prouocare.
779 297 942 326 Intelleffi'm
962 296 1000 322 sui
1021 296 1111 322 multis
1128 294 1206 326 fecit,
1225 299 1250 320 et
1265 302 1320 334 ¹¹9¹!
1381 297 1536 323 Mercaturis
1549 296 1683 324 faciendis.
1754 295 1914 321 Mercaturas
1932 296 2074 323 Cic.Verr.
2090 304 2102 328 3
2122 298 2159 328 (5)
2178 304 2202 320 c.
2217 299 2256 324 28.
2302 295 2417 322 Mercern

283 346 370 376 aliter,
385 351 464 378 quam
479 343 507 369 in
520 341 634 369 tenebris
649 341 735 365 lumen
747 334 840 361 effulsit
853 333 910 358 Sen.
924 332 970 365 Ep.
984 340 1023 358 121
1044 331 1073 357 de
1085 334 1140 357 viro
1154 330 1231 370 bono.-
1261 330 1317 369 Ωιι..
1380 332 1536 359 beneficium
1545 353 1554 366 ,
1577 336 1594 359 ι’.
1608 334 1658 358 Ioco
1673 333 1762 357 mercis
1775 330 1861 357 habere
1874 331 1929 357 Seu.
1944 331 1975 357 de
1988 331 2079 357 Benef.
2092 339 2114 364 5,
2128 339 2166 364 14.
2236 329 2418 366 Meretriciuin
2446 343 2447 348 =

283 380 354 406 Fam.
370 382 407 411 16,
421 387 448 405 21
474 379 566 412 Itaque
579 386 620 403 me
636 376 687 401 iam
705 380 758 399 non
777 367 927 403 poenitebat
941 366 1164 405 Intercapedissem
1184 364 1318 391 scribendl
1383 368 1488 394 Sueton.
1511 369 1538 395 in
1555 368 1640 402 Caiig.
1660 377 1681 393 c.
1694 375 1739 399 40.
1777 368 1795 392 i.
1814 369 1892 399 vitam
1910 370 2073 394 meretriciam
2086 366 2214 401 profiteri.
2315 364 2419 394 Colum.

283 415 384 447 fecisse,
409 415 451 440 sed
473 415 559 448 potius
586 410 706 437 laetabar.
784 403 852 430 ΕΘΗ·
873 411 912 435 13,
938 410 965 432 17.
997 403 1088 428 Refert
1101 399 1316 434 Trlbunosplcb·
1344 403 1358 429 ⁵
1383 411 1409 435 2,
1424 412 1444 429 11
1464 404 1582 430 Tardius
1596 404 1698 429 Messem
1710 402 1822 436 primam
1838 403 1893 427 eius
1907 402 1992 428 facere
2005 402 2149 437 oportebit.
2219 399 2420 434 Tacit.Ann.6,'

282 457 382 477 creatos
393 449 520 476 faciendis
534 442 764 474 interceffionibus.
832 438 1004 465 Interuallum
1024 438 1124 464 faciunt
1144 445 1158 462 a
1173 436 1265 462 bruma
1285 435 1317 462 ad
1383 441 1413 470 36
1431 438 1537 465 Inanein
1553 440 1654 466 Metum
1668 439 1783 464 fecerant
1796 437 1877 463 Ouid.
1887 438 1950 464 Met.
1964 446 2056 470 5,322.
2127 435 2242 463 Mirifice
2255 436 2341 462 facere
2355 435 2420 463 Scri·

282 486 483 521 aequinoGhuin
498 486 572 510 Varr.
587 489 608 512 3,
622 488 648 512 7,
660 487 686 510 9·
779 474 840 500 Llu-
855 483 896 507 24,
911 482 927 508 7
952 474 1096 508 Tanquam
1111 473 1208 498 laxaret
1222 472 1320 511 elatum
1382 473 1445 500 bon.
1460 481 1507 507 158.
1528 475 1555 501 de
1568 474 1759 500 medicamentis.
1830 473 1898 499 Ter.
1907 473 1972 500 Eun.
1987 481 2008 506 5,
2027 482 2053 505 2,
2066 480 2096 506 25
2116 472 2190 498 Mifl'a
2205 471 2267 498 haec
2284 471 2426 504 faciamus,
2447 483 2450 498 l

283 522 375 557 pedem
388 520 511 548 abstricio
525 516 604 546 nodo,
621 517 738 539 moratus
751 510 855 536 turbam
871 509 1051 544 Indigimines,
1067 516 1167 534 tantum
1183 506 1321 533 Interualli
1382 512 1400 535 i.
1422 509 1451 536 de
1463 510 1509 537 hac
1521 520 1548 537 re
1561 520 1589 536 ηε
1602 511 1728 545 loquamur
1741 510 1856 543 amplius.
1928 507 2000 534 Idem
2016 508 2097 534 Andr.
2111 517 2137 541 4,
2152 516 2171 537 1,
2185 510 2216 539 56
2253 507 2302 532 Vel
2321 513 2348 532 tu
2367 515 2420 533 me·
2448 535 2449 538 Ἴ

283 557 363 589 fecit,
384 563 427 588 vt,
446 562 491 581 etc.
556 548 697 576 Introitum
711 546 753 572 Sol
767 546 830 572 facit
842 546 871 572 in
883 546 1002 580 geminos
1015 545 1160 575 Colunmi,
1173 551 1198 575 2,
1211 551 1251 576 43.
1292 543 1321 568 iu
1382 544 1434 571 lius
1447 545 1518 571 aliud
1539 545 1640 579 reperi,
1659 554 1700 570 me
1719 544 1822 571 Missum
1843 544 1906 570 face.
1978 544 2033 569 Cic.
2047 543 2099 570 off,
2112 552 2140 575 3,
2162 551 2201 569 112
2226 542 2380 577 Iurauitque
2395 542 2420 569 se
2448 543 2450 549 ’

284 602 377 620 cancro
397 600 427 622 ιι,
439 599 463 620 2,
474 596 516 620 49·
588 585 648 610 Liss·
662 588 699 615 38,
715 590 745 614 43
762 588 806 616 ΡΥ·
826 582 918 616 Itaque
933 581 965 607 ad
978 579 1110 606 Inuidiflm
1125 580 1150 605 ei
1164 578 1320 608 faciendam,
1342 589 1371 608 ιο
1384 580 1459 606 illuni
1474 581 1559 607 statim
1574 580 1791 612 interfecturum,
1809 579 1854 605 nili
1870 579 2052 606 iusiurandum
2066 579 2187 611 dedisset,
2207 578 2232 604 se
2246 576 2345 612 patrem
2358 577 2420 604 Mit'.
2448 577 2450 585 '

285 629 384 662 legatos
403 621 596 651 Ambracienses
615 620 644 645 in
661 619 783 644 Senatum
803 617 958 643 subornatos
985 616 1141 642 criminibus
1162 614 1320 641 introduxit.
1382 617 1439 642 suiu
1453 617 1501 642 effe
1514 616 1655 642 fa6turum.
1726 616 1799 642 Idem
1813 616 1864 641 Att.
1880 621 1902 646 8,
1917 620 1942 644 18
1966 616 2088 649 Aequum
2101 614 2136 640 est
2149 623 2191 640 me
2204 623 2218 640 a
2232 619 2257 639 te
2271 613 2422 647 impetrare,

285 663 436 690 Ouid.Met.
451 668 479 690 4,
493 664 543 690 547
562 656 650 689 thue
663 662 756 688 parum
771 652 868 684 iustae,
887 652 1053 686 nimiumque
1073 651 1100 676 in
1114 650 1206 685 pellite
1220 651 1322 680 saeuae,
1381 657 1410 677 vt
1429 651 1565 684 cohortes,
1585 660 1652 686 quae
1671 659 1702 677 ex
1722 652 1817 678 Piceno
1836 657 1860 676 et
1883 651 2027 677 Camerino
2047 655 2190 681 venerunt,
2215 657 2283 683 quae
2303 649 2421 675 fortunae

285 698 414 725 Inuidiam
428 694 512 719 fecere
532 690 604 717 deae.
712 688 845 714 Imlidiam
857 688 957 722 gratia,
981 688 1073 713 Odium
1088 686 1240 720 turpitudo,
1254 685 1322 711 iram
1383 687 1440 714 suas
1456 688 1636 722 reliquerunt,
1655 687 1687 713 ad
1705 696 1747 714 me
1763 687 1867 713 Miss'uiu
1887 687 1983 718 facias,
2002 686 2131 716 dimittas,
2149 695 2194 721 quo
2208 685 2236 721 se
2258 684 2372 720 conferre
2391 683 2424 710 ad

284 732 390 761 offensio
403 728 498 754 iudicis
512 727 575 752 facit
593 724 724 758 Quinem.
739 726 765 756 6,
780 732 800 749 1.
870 724 925 749 Cic.
940 722 972 748 de
984 724 1058 749 Orat.
1073 731 1091 752 ι,
1107 732 1137 747 ’.ο
1163 723 1253 754 Qrum
1269 721 1322 746 Ira·
1383 732 1419 749 me
1436 723 1533 758 poffim.
1606 723 1662 749 Cic.
1676 723 1748 748 Fam.
1762 731 1798 753 10,
1816 732 1826 753 3
1852 721 1970 748 Sciebam
1989 722 2061 747 enim
2083 729 2113 747 ex
2128 720 2222 747 iisdem
2239 726 2264 746 te
2279 719 2342 746 haec
2358 719 2423 745 hau.

284 776 339 795 tum
353 764 501 791 aduersario
521 762 637 788 iudicem
653 761 740 786 fatere
752 759 840 785 vellet·
912 758 991 784 Irrita
1008 758 1089 784 verba
1107 757 1233 788 alicuius,
1256 755 1324 791 apud
1343 764 1369 792 15
1383 759 1438 785 rire
1452 759 1589 791 fontibus,
1608 767 1638 784 ex
1658 757 1755 792 quibus
1773 758 1827 792 ipse
1846 757 1992 784 hauseram.
2035 758 2123 790 Qiare
2136 755 2247 782 Modum
2268 755 2379 787 faciam,
2404 757 2423 781 i.

283 804 363 829 Plaut.
378 801 404 825 in
419 798 514 832 Amph.
530 806 552 830 3,
566 805 591 829 2,
604 806 649 830 44.
717 795 774 821 Cic.
795 803 844 828 pro
867 794 896 819 L.
908 793 999 820 Manil.
1014 803 1038 826 15
1064 794 1148 820 Etiam
1168 793 1185 831 si
1206 792 1323 826 irruptio
1384 794 1571 821 moderationem
1584 794 1708 820 adhibebo.
1778 793 1850 819 Idem
1869 793 1899 819 de
1914 792 2006 827 Legib.
2021 801 2039 823 1,
2057 800 2086 825 53
2108 792 2144 818 Vt
2162 791 2305 826 aliquando
2320 796 2424 818 contro-

283 836 350 864 fafta
362 834 491 865 nullasu,
512 839 598 859 tamen
614 839 707 866 pecora
722 831 926 869 relinquuntur,
945 829 974 855 de
994 829 1078 855 bellica
1099 832 1228 862 inuajione.
1283 827 1323 853 1d.
1385 830 1527 856 vex-[iarum
1545 830 1661 864 aliquem
1681 829 1796 855 facerent
1810 828 1930 856 Modum.
2007 828 2066 854 Liu.
2080 837 2115 860 4,
2133 834 2164 860 50
2188 827 2322 853 Postremo
2341 833 2432 861 quum.

282 881 330 907 pro
344 872 391 897 Cn.
404 870 487 895 Planc.
501 876 535 903 97
551 869 585 894 At
599 875 659 901 ego,
674 875 756 901 quum
770 866 828 891 casu
844 865 938 890 diebus
953 865 987 891 iis
999 865 1105 892 Itineris
1120 863 1235 890 faciendi
1249 863 1324 889 causa
1385 866 1497 892 Modum
1510 866 1565 892 irae
1579 865 1681 891 nullum
1695 865 1800 895 faceret,
1820 871 1865 891 ης,
1935 863 2046 890 Modum
2060 863 2171 889 Veneris
2184 862 2232 889 fibi
2246 862 2310 888 fecit
2325 861 2352 887 in
2367 860 2423 894 illa³

282 906 406 933 decedens
420 914 433 930 e
446 904 585 932 Prouincia
598 902 719 929 Puteolos
733 902 803 928 forte
815 901 948 927 venissem.
1020 900 1093 926 Idem
1107 899 1138 926 de
1153 900 1242 926 Diuin.
1259 907 1277 929 ι,
1291 899 1325 924 26
1386 910 1435 927 non
1453 903 1558 937 amplius
1576 911 1629 927 cum
1648 901 1691 926 illa
1711 898 1848 936 congreffits
1865 898 1898 932 est
1916 899 1998 926 Ouid.
2013 900 2078 925 Met.
2091 907 2120 932 4,
2139 903 2191 931 258.
2243 900 2344 932 Aliter,
2364 896 2434 924 Liu.*

282 943 371 975 Qium
386 949 440 975 quo
453 940 562 975 quidam
575 937 687 965 Arcades
709 937 855 964 familiares
868 937 922 962 Iter
935 944 985 961 vna
998 936 1121 962 facerent.
1215 936 1269 961 Iter
1287 934 1324 960 fe·
1340 942 1375 960 20
1387 945 1416 968 5,
1454 956 1461 963 ,
1498 957 1504 963 ,
1540 937 1636 972 Neque
1656 937 1729 962 suum
1750 944 1846 970 cnlque
1865 935 1906 961 ius
1919 935 2032 962 Modum
2046 934 2176 966 faciebat,
2197 932 2239 959 sed
2253 933 2353 959 virium
2372 932 2426 966 spe,

281 979 316 1004 cit
329 986 343 1002 a
357 983 435 1011 portu
450 976 539 1002 nauita
554 973 635 1002 Ouid.
647 973 725 1008 Epist.
739 978 774 1004 18,
789 981 825 998 ιο.
845 972 888 998 ΑΙ.
904 971 993 997 Mouit
1007 971 1065 997 iter.
1138 972 1191 996 Iter
1206 970 1237 997 ad
1252 978 1326 1004 prae·
1388 971 1432 998 sed
1451 981 1528 998 manu
1551 971 1725 999 obtinendum
1748 977 1818 1003 crat,
1850 973 1868 997 i.
1887 971 2058 997 moderabatur
2075 970 2144 996 illius
2161 968 2311 1004 cupiditati,
2330 967 2436 1000 modun!

282 1014 383 1040 (orium
401 1012 459 1038 Liu·
481 1014 543 1044 (35)
580 1030 586 1037 ·
626 1029 632 1036 .
703 1010 757 1036 lter
772 1008 803 1033 ad
819 1008 924 1041 superos
944 1008 1002 1033 Sen.
1015 1009 1094 1033 Herc.
1109 1008 1169 1034 Oct.
1184 1008 1220 1032 16.
1272 1006 1326 1031 Iter
1381 1008 1573 1043 praescribebat.
1625 1009 1723 1038 Aliter,
1740 1008 1796 1034 Cic.
1811 1006 1842 1032 de
1855 1007 1930 1033 Orat.
1945 1012 1988 1039 198
2006 1006 2103 1040 Neque
2115 1004 2143 1031 id
2156 1004 2258 1031 actores
2270 1004 2343 1038 prius
2355 1003 2428 1029 vide-

282 1049 405 1074 infestum
421 1048 523 1074 Lucret.
538 1055 567 1079 5,
582 1053 645 1077 1¹23-
739 1045 792 1070 Iter
811 1042 859 1068 fibi
878 1043 1011 1068 occultum
1031 1041 1113 1068 Ouid.
1127 1041 1192 1068 Fast.
1214 1050 1246 1073 2,
1265 1049 1326 1075 574.
1388 1049 1467 1075 runt,
1486 1052 1564 1078 quam
1585 1043 1631 1078 ipsi
1644 1044 1755 1075 Poetae,
1774 1051 1853 1077 quam
1871 1042 1984 1077 denique
2006 1041 2049 1068 illi
2062 1042 2158 1073 etiam,
2175 1040 2223 1075 qui
2236 1040 2356 1066 fecerunt
2369 1039 2435 1065 Mos

283 1085 336 1111 Cic.
346 1085 399 1110 Att.
413 1091 460 1115 5,9
481 1082 559 1109 Actio
573 1081 715 1107 maluimus
729 1081 783 1106 Iter
796 1079 881 1105 facere
895 1077 1015 1112 pedibus,
1029 1078 1075 1112 qui
1089 1076 1324 1104 incommodissime
1388 1077 1452 1110 dos,
1479 1081 1497 1105 ι’.
1517 1079 1643 1105 melodiam
1663 1079 1854 1114 compoficerunt.
1946 1078 2008 1104 Liu.
2029 1085 2073 1110 23,
2090 1085 2122 1109 39
2146 1076 2269 1102 Tantum
2286 1074 2361 1101 nauis
2377 1082 2435 1106 vna*⁴

282 1120 479 1154 nauigaffemus.
574 1116 647 1143 Idem
662 1116 714 1141 Att.
729 1124 751 1147 3,
765 1124 783 1148 4
811 1114 872 1140 Siue
891 1123 937 1148 per
957 1114 1065 1148 Epirum
1079 1115 1133 1140 Iter
1152 1114 1211 1139 esset
1230 1112 1325 1138 facien·
1341 1116 1372 1143 25
1388 1120 1461 1148 capta
1478 1122 1538 1141 cum
1557 1114 1648 1149 legatis
1667 1113 1798 1141 Momeuti
1812 1113 1876 1139 fecit
1896 1112 1929 1139 ad
1946 1112 2103 1140 dilationem
2122 1111 2287 1138 imminentis
2301 1108 2429 1136 Romanii

283 1156 362 1187 dum,
381 1162 425 1180 etc.
496 1154 549 1179 Iter
568 1160 614 1186 per
626 1160 702 1179 auras
723 1150 804 1177 Ouid.
819 1158 849 1175 ex
863 1150 937 1175 Pont.
952 1158 974 1182 3,
989 1157 1014 1182 2,
1027 1152 1068 1175 62.
1141 1150 1193 1175 Iter
1212 1157 1326 1183 quacun·
1387 1149 1462 1176 belii.
1529 1150 1569 1177 Sic
1588 1159 1633 1183 24,
1670 1170 1677 1176 .
1716 1170 1722 1176 .
1759 1151 1854 1176 Facere
1868 1149 2035 1175 Momentum
2049 1156 2177 1179 annonae,
2190 1153 2239 1182 pro
2254 1148 2342 1173 limare
2354 1146 2429 1171 amm'.

283 1200 334 1226 que
349 1191 404 1217 Cic.
418 1190 494 1215 Verr.
510 1197 534 1220 1,
553 1197 599 1220 44.
669 1187 722 1212 Iter
743 1186 835 1212 sceleri
855 1185 936 1212 Ouid.
952 1186 1016 1211 Met.
1037 1193 1078 1217 15,
1099 1191 1150 1217 ¹05.
1218 1185 1270 1210 Iter
1289 1184 1326 1209 se·
1388 1194 1461 1215 nam,
1478 1186 1519 1211 vel
1529 1186 1619 1212 lauare
1628 1188 1738 1221 pretium
1758 1194 1877 1211 annonae.
1984 1185 2089 1212 Moram
2110 1183 2193 1210 Plaut.
2207 1181 2286 1208 Most.
2299 1189 2325 1214 1,
2345 1189 2372 1213 1,
2385 1182 2434 1215 722⁴

284 1227 396 1253 cundum
410 1233 482 1251 mare
495 1224 581 1250 facere
594 1222 650 1248 Cic·
665 1223 717 1248 Att.
735 1224 772 1253 16,
788 1230 820 1261 133
899 1221 1016 1261 Cic-‘ro
1031 1220 1060 1246 L·
1076 1220 1168 1246 Flacco
1181 1225 1214 1252 48
1234 1221 1326 1252 Qium
1389 1221 1444 1248 Cic.
1457 1229 1506 1255 pro
1523 1220 1591 1247 Sext.
1605 1229 1642 1256 74
1667 1221 1716 1247 Ille
1736 1221 1761 1247 se
1778 1219 1908 1247 affirmare
1928 1219 2031 1254 postero
2050 1218 2111 1252 die,
2137 1219 2243 1245 Moram
2261 1216 2361 1243 nullam
2380 1216 2431 1250 else

283 1262 429 1288 Iudicatum
443 1269 496 1286 non
510 1259 623 1291 faceret,
649 1261 666 1283 i.
686 1257 777 1283 iudicis
790 1259 931 1292 sententiae
952 1257 1001 1282 vion
1016 1262 1127 1291 pareret.
1170 1255 1271 1281 Verbum
1293 1253 1326 1286 est
1389 1255 1531 1283 fafiturum.
1602 1257 1707 1283 Moram
1728 1256 1866 1283 certamini
1885 1256 1945 1282 Liu.
1961 1264 1985 1288 3,
2019 1275 2025 1281 .
2059 1274 2070 1281 .
2142 1255 2174 1280 Et
2193 1262 2245 1288 24,
2284 1272 2291 1279 .
2327 1271 2334 1278 .
2364 1252 2430 1278 ‘Nee

284 1297 422 1324 duodecim
435 1295 621 1326 Tabularum,
645 1293 685 1320 Ni
700 1293 845 1319 Iudicatum
861 1292 942 1322 faxit,
963 1293 1048 1317 secum
1063 1291 1162 1317 ducito.
1258 1289 1325 1316 Cels.
1342 1296 1374 1321 30
1388 1291 1474 1318 hostes
1488 1292 1592 1319 Moram
1607 1292 1751 1318 dimicandi
1765 1292 1893 1318 fecerunt,
1965 1290 2046 1317 Paull.
2063 1290 2091 1317 in
2107 1289 2125 1316 1,
2135 1289 2156 1316 fi
2170 1289 2202 1321 is,
2216 1288 2263 1324 qui
2283 1288 2316 1314 D.
2326 1286 2358 1313 de
2371 1287 2431 1318 iurq

285 1333 301 1359 l.
315 1342 349 1366 42
371 1333 401 1358 D.
417 1331 434 1358 si
447 1337 508 1358 cert.
522 1336 599 1365 petat.
626 1330 660 1355 At
674 1328 692 1354 fi
706 1328 851 1355 iudicatum
867 1328 959 1353 fecerit
972 1327 1075 1356 Titius,
1091 1326 1159 1352 nihil
1173 1325 1241 1351 vltra
1254 1325 1327 1351 Seius
1390 1327 1444 1354 dot.
1464 1327 1561 1362 Neque
1573 1328 1683 1354 maritus
1696 1327 1724 1354 in
1739 1326 1839 1362 agendo
1852 1328 1956 1353 Moram
1970 1326 2077 1353 fecisset.
2137 1324 2206 1352 Ibid.
2226 1322 2331 1350 Etiamfi
2349 1322 2434 1350 mari&
2454 1334 2456 1338 ·

284 1368 426 1395 tenebitur.
480 1368 526 1394 Sed
545 1365 692 1392 Iudicatum
712 1364 861 1390 debitorem
882 1363 945 1390 facit
967 1363 1099 1393 creditor,
1118 1371 1189 1397 quum
1209 1368 1260 1400 eum
1273 1370 1328 1387 con-
1390 1368 1430 1389 tus
1444 1363 1549 1389 Moram
1562 1363 1657 1390 feccrit
1677 1363 1706 1390 in
1718 1362 1857 1397 exigendo,
1929 1362 2047 1388 Marcell,
2067 1362 2096 1387 jn
2115 1361 2132 1387 1,
2151 1361 2199 1396 qui
2212 1359 2301 1386 decem
2327 1355 2351 1395 §
2365 1367 2375 1384 1
2396 1356 2431 1385 m,
2465 1359 2468 1382 l

285 1404 395 1430 demnari
408 1403 480 1438 facit
499 1402 645 1429 Martianus
664 1400 692 1425 in
712 1399 729 1425 l.
744 1408 767 1430 ¹3
793 1400 880 1432 Grege
908 1396 963 1435 §.4
987 1399 1072 1424 Etiam
1101 1398 1131 1423 D.
1146 1396 1178 1422 de
1192 1396 1327 1430 pignorib.
1390 1398 1422 1425 de
1437 1398 1631 1430 solutionibus,
1648 1399 1675 1425 Si
1693 1400 1722 1425 in
1736 1398 1863 1425 soluendo
1876 1398 1982 1424 Moram
1997 1397 2106 1424 fecisses.
2178 1397 2209 1423 Et
2226 1395 2307 1422 Paull.
2328 1397 2357 1421 in
2375 1393 2394 1423 l.
2409 1390 2433 1422 fi,

284 1440 350 1466 Plin.
366 1439 444 1473 Epist.
458 1446 483 1473 7,
498 1447 528 1470 30
552 1438 616 1463 Non
635 1436 727 1461 desunt
748 1435 836 1466 enim,
857 1434 903 1468 qui
923 1442 965 1459 me
981 1440 1025 1460 aut
1043 1432 1176 1464 Iudicem,
1196 1439 1240 1458 aut
1259 1432 1329 1458 arbi·
1390 1435 1495 1461 seruum
1516 1432 1539 1470 ᾗ.
1561 1434 1680 1468 sequitur
1703 1435 1734 1460 D.
1753 1435 1784 1460 de
1802 1434 1875 1460 verb.
1896 1433 1981 1468 oblig.
2075 1432 2180 1459 Moram
2199 1431 2284 1458 facere
2303 1428 2413 1465 legatari
2459 1428 2463 1434 ‘

284 1482 355 1502 trum
368 1475 472 1501 faciant.
544 1473 600 1499 Cic.
614 1472 686 1498 Fam.
703 1480 737 1502 13,
757 1479 789 1503 3ο
812 1471 848 1496 Vt
860 1470 978 1504 primum
998 1478 1044 1504 pcr
1063 1474 1173 1495 aetatem
1195 1467 1328 1494 Iudicium
1348 1476 1375 1503 35
1390 1470 1496 1504 leian.
1513 1469 1572 1496 inl.
1595 1479 1676 1504 quum
1696 1479 1737 1496 res
1756 1470 1840 1503 legata
1860 1469 1892 1495 D.
1913 1469 1945 1494 de
1964 1467 2055 1502 legatis
2074 1468 2171 1502 primo.
2244 1465 2391 1497 Libertati,

286 1511 373 1537 facere
386 1510 519 1545 potueris,
540 1508 632 1543 quanti
647 1507 758 1542 quisque
777 1505 828 1532 tibi
848 1503 983 1531 faciendus
1003 1506 1072 1530 esset.
1143 1503 1216 1530 idem
1234 1512 1282 1537 pro
1297 1504 1328 1529 L.
1389 1505 1527 1532 libertatem
1540 1505 1645 1538 dtfferre
1658 1504 1763 1538 leian.
1778 1505 1805 1530 in
1819 1504 1836 1530 1.
1850 1504 1914 1530 statu
1927 1504 2027 1530 liberos
2045 1501 2068 1539 §.
2081 1512 2135 1529 non
2149 1501 2233 1528 solum
2247 1507 2334 1528 autem
2353 1501 2385 1527 D.
2399 1499 2415 1527 d

287 1547 380 1573 Manil.
393 1555 425 1578 43
451 1546 490 1571 De
510 1553 564 1578 quo
579 1543 689 1570 homine
707 1551 755 1568 vos
776 1541 820 1572 (id
833 1540 906 1575 quod
919 1540 1034 1567 maxime
1048 1539 1111 1565 facit
1125 1539 1329 1570 auctoritatem)
1392 1541 1458 1567 statu
1472 1540 1573 1566 liberis.
1661 1539 1856 1566 Manumiffioni
1871 1539 1932 1574 le.
1951 1540 1979 1566 in
2000 1540 2016 1564 l.
2031 1539 2048 1565 si
2070 1537 2224 1572 pecuniam,
2246 1546 2295 1563 non
2315 1537 2403 1572 procul
2416 1539 2432 1562 a

288 1587 358 1607 tauta
372 1587 398 1607 et
412 1587 464 1606 tam
478 1580 609 1613 praeclara
622 1578 723 1604 Iudicia
737 1577 843 1603 fecistis.
900 1576 956 1602 Cic.
967 1577 1079 1605 Fam.11,
1092 1583 1122 1607 29
1143 1574 1330 1600 Grauiffinium
1387 1576 1439 1611 fine
1463 1576 1495 1601 D.
1509 1575 1540 1601 de
1555 1574 1724 1601 condifflone
1738 1575 1812 1601 causa
1825 1575 1892 1601 data.
1999 1575 2105 1601 Moram
2117 1573 2205 1599 facere
2222 1581 2276 1606 quo
2290 1573 2376 1599 minus
2387 1572 2430 1598 Iu-

288 1625 353 1642 vero
366 1616 497 1641 Iudicium
512 1615 542 1640 de
555 1614 606 1640 fide
623 1620 648 1639 et
668 1613 700 1639 de
715 1612 857 1639 constantia
876 1611 971 1638 fecisti.
1042 1611 1114 1638 Hirt.
1129 1611 1156 1636 B.
1173 1610 1281 1645 Hispan.
1296 1617 1330 1636 22
1392 1612 1477 1638 lianus
1491 1611 1519 1637 in
1532 1611 1549 1637 l.
1569 1610 1587 1636 fi
1601 1611 1659 1645 quis
1672 1610 1801 1637 arbitratu
1822 1610 1853 1636 D.
1868 1610 1900 1636 de
1913 1609 2020 1636 verbor.
2035 1608 2144 1643 obligat.
2215 1608 2273 1634 Liu.
2285 1615 2321 1640 35,
2334 1614 2362 1639 33
2383 1606 2429 1632 Fe-

289 1653 379 1685 Qum
392 1651 458 1677 bene
473 1658 593 1686 magnam
606 1657 712 1673 manum
726 1648 835 1679 fecisset,
856 1653 881 1673 et
900 1647 1034 1674 nocturno
1052 1653 1170 1680 tempore
1190 1655 1237 1680 per
1256 1645 1330 1672 falla·
1340 1658 1376 1683 40
1393 1653 1463 1673 cerat
1477 1646 1524 1673 sibi
1539 1647 1643 1673 Morem
1657 1647 1832 1673 Alexamenus
1846 1655 1915 1672 nunc
1937 1655 1996 1672 cum
2010 1652 2121 1678 tyranno
2134 1644 2204 1670 inter
2217 1652 2310 1678 paucos
2323 1641 2431 1669 ordine·

290 1688 357 1713 ciam
370 1687 398 1712 in
411 1685 537 1720 oppidum
554 1686 612 1710 ess'et
625 1689 758 1716 receptus,
778 1683 970 1716 iugulationem
983 1691 1104 1716 magnam
1117 1682 1190 1708 facit.
1226 1681 1330 1717 Defor-
1391 1682 1588 1713 circumeundi,
1607 1689 1653 1708 etc.
1724 1683 1830 1708 Morem
1841 1681 1904 1707 facit
1917 1682 1977 1707 vsus
1992 1679 2074 1707 Ouid.
2088 1680 2152 1706 Met.
2166 1688 2189 1711 2,
2201 1687 2255 1712 345.
2325 1676 2430 1704 Colum.

289 1723 353 1748 mula
371 1723 549 1748 lui-amentum
568 1719 669 1750 facere,
695 1717 801 1752 vid.suh
821 1724 928 1744 IVRO.
1035 1718 1095 1742 Liu.
1114 1726 1154 1749 32,
1191 1736 1197 1743 -
1236 1737 1243 1743 -
1280 1717 1330 1743 Re-
1392 1727 1418 1750 2,
1431 1727 1446 1744 2
1473 1719 1545 1745 Nam
1565 1717 1611 1744 ille
1630 1718 1746 1745 Mortem
1765 1717 1848 1744 facit:
1880 1716 1923 1743 hic
1942 1717 2104 1743 teterrimam
2124 1715 2250 1742 comitem
2266 1713 2376 1746 mortis,
2395 1711 2432 1738 fa-

289 1766 349 1784 rum
369 1758 472 1784 suarum
496 1764 557 1790 quas
576 1755 690 1788 possent,
711 1751 878 1779 serendarum
900 1753 986 1777 secum
1005 1751 1121 1777 dominis
1135 1753 1176 1776 Ius
1191 1751 1284 1781 fiebat,
1309 1754 1327 1776 i.
1391 1763 1471 1779 mem.
1544 1753 1604 1778 Liu.
1620 1759 1658 1784 28,
1672 1756 1709 1786 46
1732 1753 1796 1779 Inde
1809 1752 1841 1779 ad
1853 1761 1928 1779 oram
1940 1753 2070 1787 Ligurum
2085 1751 2258 1786 Alpinorum,
2279 1748 2296 1775 si
2311 1756 2377 1783 quos
2391 1745 2431 1773 ibi

286 1789 402 1826 potestas.
473 1791 537 1817 Iuss'a
555 1789 635 1817 Ouid.
650 1790 713 1815 Met.
728 1797 754 1820 ε,
777 1796 829 1820 ¹54·
902 1787 957 1812 Cic.
977 1795 1026 1821 pro
1040 1786 1123 1812 flacc.
1139 1793 1170 1818 95
1197 1785 1264 1811 Iusta
1280 1786 1329 1810 Ca·
1391 1789 1482 1813 Motus
1496 1787 1582 1812 facere
1595 1789 1691 1819 posset,
1708 1789 1808 1813 classem
1821 1788 1931 1821 appulit.
2024 1787 2136 1813 Multam
2151 1786 2220 1812 Gell.
2233 1793 2260 1819 7,
2273 1793 2311 1817 14·
2331 1790 2355 1810 et
2366 1791 2399 1814 ιι,
2413 1789 2422 1808 ι

287 1826 380 1853 tilinae
392 1825 461 1852 fa&a
474 1827 540 1851 sunt.
577 1825 644 1851 Add.
662 1824 743 1849 Plaut.
757 1823 821 1849 Cist.
837 1831 855 1853 l,
867 1831 888 1854 3,
903 1827 942 1851 28.
1139 1820 1159 1855 Ἴ
1183 1828 1209 1846 iz
1244 1819 1327 1858 Plaut.
1341 1830 1374 1856 45
1395 1821 1529 1855 Lamprid.
1544 1821 1620 1847 Alex.
1639 1830 1659 1847 c.
1675 1830 1706 1854 50
1736 1823 1804 1847 Cum
1820 1822 1917 1855 quibus
1940 1822 2057 1850 Multum
2075 1822 2138 1847 fecit
2159 1821 2187 1846 in
2206 1819 2319 1849 Perside,
2344 1821 2362 1844 i.
2382 1827 2408 1843 re

287 1860 367 1887 Stich.
384 1869 405 1892 3,
421 1869 441 1890 ι,
454 1861 470 1884 6
490 1860 538 1884 Eos
550 1867 619 1883 nunc
635 1859 771 1883 Laetantes
783 1858 878 1883 faciam
893 1857 1006 1883 aduentu
1019 1864 1089 1882 meo.
1156 1856 1213 1882 Cic.
1226 1854 1258 1880 de
1271 1855 1328 1881 Fin.
1391 1856 1470 1892 geffit.
1539 1857 1606 1882 Cato
1624 1856 1655 1882 dc
1670 1857 1701 1883 R.
1716 1857 1747 1882 R.
1768 1866 1790 1882 c.
1807 1865 1820 1882 2
1846 1858 1949 1882 Pratum
1964 1856 2087 1891 purgari,
2106 1856 2194 1886 virgas
2212 1855 2328 1885 vinciri,
2349 1853 2421 1887 spina

289 1905 310 1928 1,
323 1904 350 1928 ες
378 1895 458 1921 Recta
478 1900 503 1920 et
526 1892 633 1918 honesta
655 1901 722 1925 quae
747 1891 812 1923 sint,
829 1900 858 1917 ea
876 1892 963 1917 facere
988 1891 1043 1923 ipsa
1060 1899 1109 1923 per
1130 1891 1155 1915 se
1179 1890 1329 1915 Laetitiam.
1392 1891 1513 1922 runcari,
1531 1891 1630 1925 expinfi
1650 1892 1707 1926 far,
1727 1891 1872 1918 Munditias
1890 1892 1957 1918 fieri.
2031 1891 2111 1918 Plaut.
2132 1885 2208 1917 Cinrc.
2231 1899 2256 1922 ι,
2277 1898 2297 1921 ι,
2316 1897 2352 1922 47
2378 1889 2437 1922 Ege*

288 1931 426 1958 Laetitiam
442 1931 575 1964 ingentem
595 1927 654 1953 Liu.
671 1931 716 1957 28,
753 1944 761 1964 ·.
798 1945 804 1950 .
876 1926 1028 1963 Q'¹¹¹3¹q¹¹e.
1040 1930 1144 1962 centum
1160 1924 1270 1956 Lagcnis
1289 1932 1330 1961 ae·
1392 1932 1482 1951 autem
1502 1935 1562 1950 cum
1587 1926 1632 1951 illa
1658 1927 1744 1952 facere
1763 1926 1827 1951 nolo
1846 1927 1987 1958 Mutuum,
2017 1930 2034 1952 i.
2054 1927 2123 1951 modo
2138 1932 2219 1951 mutuo
2235 1933 2318 1950 amare
2337 1932 2366 1949 ex
2383 1925 2433 1959 lege

288 1968 390 1993 stimata
411 1966 496 1992 fuisset
515 1964 617 1997 integra
635 1960 717 1988 adhuc
735 1968 829 1991 vinea,
853 1959 909 1993 post
929 1958 984 1997 dies
1003 1964 1099 1992 Viginti
1119 1963 1246 1984 trecentas
1267 1957 1331 1982 fecit
1391 1962 1462 1995 grati
1475 1963 1570 1989 animi,
1584 1960 1632 1994 scd
1649 1962 1716 1985 vltro
1735 1967 1758 1986 et
1772 1961 1870 1995 sponte.
2066 1958 2086 1995 ff
2107 1968 2136 1992 ¹4
2174 1960 2303 1986 Naturam
2323 1959 2434 1985 alicuiu)

288 2003 401 2029 Hieron.
420 2002 447 2027 in
462 2002 523 2027 Vita
537 1997 700 2028 Hilarionis,
725 1999 743 2022 i.
757 1995 832 2021 dedit.
905 1994 963 2020 Cic.
978 2001 1027 2028 pro
1041 1993 1130 2019 Domo
1150 1993 1193 2018 sua
1209 2000 1238 2025 14
1258 1993 1330 2026 Qias
1342 2005 1376 2031 50
1393 1995 1450 2026 rei,
1470 2001 1516 2029 pro
1536 1994 1736 2029 Corquetudinem
1754 2002 1777 2020 et
1794 1994 1863 2030 intm
1876 1993 1964 2029 facere
1984 1993 2115 2027 Qiinffii.
2128 2004 2156 2027 2,
2178 2004 2204 2028 4.
2313 1995 2432 2026 Nauem,

289 2039 335 2064 iste
349 2044 404 2064 tum
419 2036 516 2067 caedes,
534 2043 596 2069 quas
610 2031 806 2067 Lapffiadones,
824 2039 886 2064 quas
900 2029 973 2069 fugas
988 2029 1091 2068 fecerit,
1161 2027 1234 2068 Ideru
1247 2028 1330 2054 Tusc.
1387 2037 1438 2066 pro
1449 2029 1590 2065 Aedificare
1610 2039 1694 2056 naum
1715 2030 1797 2056 Plaut·
1810 2030 1869 2056 Mil·
1884 2037 1906 2061 3,
1920 2038 1943 2061 32
1956 2038 1997 2062 43·
2069 2030 2124 2056 Cit-
2139 2031 2216 2057 Verr-
2232 2038 2257 2062 ¹,
2274 2032 2312 2063 46
2330 2030 2430 2056 Decem

289 2083 311 2105 3,
325 2079 357 2106 48
377 2074 407 2099 Et
421 2072 531 2107 quidem
544 2072 573 2096 C.
588 2068 719 2095 Gracchus
740 2075 821 2101 quum
837 2066 1002 2099 Largitiones
1023 2072 1150 2090 maximas
1169 2063 1283 2094 feciffet,
1304 2068 1330 2089 et
1394 2066 1465 2092 enim
1480 2065 1569 2091 Naues
1590 2065 1656 2092 iufl'u
1671 2065 1700 2091 L.
1715 2066 1856 2092 Muraenae
1874 2065 1987 2099 Populus
2000 2065 2118 2092 Milesius
2135 2075 2166 2092 ex
2180 2065 2289 2100 pecunia
2306 2064 2431 2098 vefflgali

290 2108 415 2136 etsuduset
428 2108 574 2134 aerarium:
596 2104 685 2130 verbis
699 2110 785 2129 tamen
799 2100 956 2139 defendebat
969 2100 1110 2138 aerarium.
1155 2099 1332 2137 Lenocinium
1393 2101 1488 2134 Populi
1503 2101 1616 2126 Romani
1636 2102 1744 2127 fecerat.
1850 2100 1924 2127 Idem
1941 2100 1973 2126 de
1987 2101 2083 2128 Natur.
2098 2102 2178 2128 Deor.
2197 2110 2209 2134 3
2219 2121 2227 2134 ,
2245 2106 2275 2134 89
2303 2100 2345 2127 Illi
2358 2101 2429 2127 enim

288 2145 394 2170 Sueton.
407 2144 462 2170 Cal.
478 2152 522 2177 40.
594 2141 686 2167 Aliena
700 2137 767 2163 inihi
782 2145 862 2170 opera
876 2135 934 2161 fieri
951 2134 1038 2168 plures
1050 2133 1161 2159 Liberos
1175 2133 1255 2159 Plaut.
1267 2131 1331 2158 Cist.
1394 2144 1524 2169 nusquam
1539 2135 1606 2169 picti
1618 2136 1675 2162 sunt
1684 2156 1690 2166 ,
1706 2136 1752 2171 qui
1766 2136 1944 2170 Naufragium
1963 2136 2098 2171 fecerunt,
2113 2138 2142 2164 in
2154 2137 2274 2171 marique
2287 2137 2429 2170 perierunt,

290 2187 314 2212 5,
329 2188 348 2210 1,
362 2187 401 2211 50.
472 2178 583 2204 Librum
602 2175 667 2202 Plin.
687 2173 765 2208 Epist.
784 2180 840 2206 147.
913 2170 994 2196 Plaut.
1010 2168 1078 2194 Afin.
1093 2177 1127 2200 4,
1149 2176 1173 2199 1,
1191 2176 1223 2193 22
1251 2167 1331 2192 Tuus
1350 2181 1378 2206 55-
1395 2170 1536 2209 Μειαρρον.
1563 2171 1619 2196 Cic.
1634 2172 1712 2197 Verr.
1727 2180 1749 2205 5,
1762 2174 1796 2203 69
1822 2172 1873 2198 Hic
1892 2173 2006 2212 primuni
2027 2181 2089 2207 opes
2108 2173 2186 2208 ipsius
2204 2173 2319 2200 ciuitatis
2336 2171 2428 2205 vietae,

290 2215 431 2241 arbitratus
445 2213 491 2245 fit,
508 2212 645 2239 comburas
660 2210 677 2236 si
693 2209 756 2235 velis
766 2229 773 2240 ,
793 2216 826 2234 ne
841 2206 895 2233 vlla
906 2205 936 2232 fit
948 2213 1021 2245 cera,
1040 2203 1087 2229 vbi
1102 2201 1273 2243 facerepoffit
1288 2201 1331 2241 ¹1¹·
1394 2210 1586 2236 comminutae,
1604 2205 1787 2239 depressaeque
1802 2207 1860 2232 sunt
1874 2217 1879 2232 :
1910 2215 1939 2233 ln
1958 2206 2009 2232 hoc
2025 2214 2104 2242 portu
2117 2207 2314 2235 Atheniensium
2333 2206 2427 2236 nobili·
2478 2225 2479 2228 ,

291 2256 367 2277 teras.
440 2250 495 2275 Cic.
511 2247 589 2274 Acad.
604 2256 631 2278 4,
646 2248 662 2271 6
689 2245 738 2271 Sed
751 2253 782 2270 ne
796 2243 912 2269 Literam
932 2239 1039 2275 quidem
1054 2247 1132 2265 vnam
1148 2238 1268 2269 facimus,
1282 2236 1330 2262 nisi
1393 2240 1469 2270 tatis,
1489 2240 1612 2273 imperii,
1632 2240 1733 2273 gloriae
1747 2241 1923 2275 Naufragium
1942 2241 2042 2268 facium
2060 2243 2232 2269 existimatur.
2304 2242 2342 2269 Id·
2355 2243 2378 2269 V
2399 2236 2434 2259 ³*sp
2476 2251 2479 2254 Δ

291 2285 431 2312 forensem.
525 2283 593 2309 Ter.
608 2282 705 2313 Eun.4‚
720 2288 742 2312 5,
757 2284 769 2308 8
789 2279 860 2304 Lites
874 2278 932 2303 sunt
948 2277 1016 2315 inter
1029 2284 1073 2301 eos
1088 2273 1176 2313 faciae
1185 2281 1331 2299 maxumae.
1394 2283 1417 2308 ς,
1432 2282 1464 2309 45
1492 2275 1563 2308 Quid
1578 2276 1729 2302 existimare
1742 2284 1802 2307 eos,
1823 2278 1869 2310 qui
1882 2276 2039 2309 audiebant,
2060 2278 2223 2304 arbitrabare
2238 2278 2246 2303 Ξ
2282 2250 2423 2308 manenti&

291 2321 359 2347 Gell.
374 2329 412 2352 ιο,
426 2328 434 2345 ι
456 2320 510 2352 Ego
523 2317 645 2344 aduersus
660 2324 719 2341 euni
729 2334 738 2347 ,
758 2314 804 2348 qui
819 2312 910 2339 doctus
924 2313 971 2337 esse
985 2310 1133 2341 dicebatur,
1146 2309 1232 2335 Litem
1246 2317 1331 2348 ineam
1393 2319 1488 2337 nauem
1505 2311 1553 2337 eise
1567 2310 1596 2336 in
1608 2311 1711 2337 Italiam
1725 2310 1917 2338 dedudturum?
1954 2312 2152 2339 Nauiculariam
2168 2319 2202 2343 te,
2223 2321 2303 2346 quum
2320 2306 2425 2343 Romaifn
2470 2320 2479 2342 v1

290 2356 381 2383 absens
400 2356 486 2381 facere
506 2353 590 2380 nolui.
662 2351 781 2377 Lituram
799 2347 880 2375 Ouid.
895 2356 925 2373 ex
941 2348 1014 2373 Pont.
1029 2355 1056 2379 4,
1075 2354 1095 2377 1,
1113 2354 1149 2378 14.
1243 2344 1332 2370 Lacri-
1352 2351 1386 2375 60
1394 2346 1518 2379 venisses,
1539 2347 1587 2372 effe
1607 2346 1764 2373 faena-„1113
1798 2346 1852 2373 vid·
1871 2354 2009 2374 NAvis.
2080 2349 2211 2375 Nam-eam
2228 2347 2291 2374 facit
2309 2342 2426 2375 Scribo*—

252 2396 256 2404 ¹
292 2400 349 2418 mae
369 2391 454 2417 fecere
473 2389 576 2416 Lituras
592 2387 665 2414 Idem
685 2385 763 2420 Epist.
776 2393 805 2417 3,
823 2392 845 2416 3.
917 2382 1029 2409 Liuidos
1046 2381 1132 2407 facere
1150 2379 1331 2419 Scribon.188.
1394 2390 1455 2408 200.
1527 2381 1608 2408 Ouid.
1624 2383 1686 2409 Met.
1701 2387 1730 2414 8,
1744 2387 1791 2414 483
1816 2382 1951 2415 Vlciscor,
1972 2383 2095 2417 facioque
2110 2382 2210 2413 Nefas,
2226 2382 2281 2408 fera
2304 2383 2370 2408 bella
2390 2383 2425 2408 se·
2454 2392 2456 2398 .

290 2428 378 2454 Sencc.
402 2427 432 2451 de
452 2424 563 2451 Benefic.
601 2443 607 2449 .
645 2442 651 2448 .
689 2441 696 2447 .
732 2422 766 2447 Vt
785 2419 925 2445 deuotioni
948 2416 1098 2443 fortiffiinac
1117 2416 1217 2443 Locum
1238 2415 1332 2442 vltuna
1394 2423 1498 2452 quutus.
1570 2418 1654 2444 Nefas
1674 2416 1724 2443 fibi
1742 2418 1855 2452 quisque
1874 2418 1952 2450 fecit,
1985 2421 2002 2444 i.
2015 2417 2104 2455 prose
2118 2421 2220 2454 quisque
2237 2422 2329 2451 operam
2348 2416 2424 2448 dedit,

290 2461 418 2489 neccssitas
437 2461 542 2486 faceret.
613 2459 715 2484 Locum
730 2461 796 2482 voto
818 2453 898 2480 Ouid.
914 2454 1044 2492 Amen-2,
1062 2460 1099 2484 19,
1114 2454 1138 2477 6.
1209 2451 1332 2485 Longum
1391 2460 1422 2479 vt
1441 2453 1568 2488 nefarium
1580 2453 1662 2488 scelus
1682 2452 1782 2488 aliquod
1790 2459 1950 2489 perpetraret
1967 2454 2063 2480 Lucan.
2081 2462 2110 2486 2,
2132 2460 2188 2487 147.
2257 2451 2426 2486 Negligenter

291 2499 385 2525 Horat.
400 2498 480 2523 Serm.
495 2505 515 2528 1,
529 2504 551 2527 3,
566 2500 617 2527 137.
655 2510 658 2513 -
687 2492 743 2518 Cic.
764 2491 795 2516 de
809 2490 866 2516 Fin.
881 2498 903 2521 5,
917 2497 953 2522 40
978 2487 1057 2514 Nihil
1077 2496 1142 2522 opus
1161 2486 1197 2512 est
1217 2486 1267 2513 hoc
1288 2495 1331 2512 ex·
1393 2489 1462 2522 Nep.
1477 2496 1504 2523 7,
1518 2496 1546 2522 7,
1560 2497 1582 2514 2.
1653 2489 1801 2522 Negotium
1815 2488 1909 2522 alicui,
1924 2495 1973 2524 pro
1988 2488 2105 2515 Exhibcre
2122 2487 2286 2522 Qiiuftils5,
2301 2495 2336 2513 12.
2370 2486 2427 2513 Cic.

291 2533 384 2568 emplis
404 2531 520 2566 Longius
545 2530 644 2556 facere:
675 2527 710 2553 est
731 2527 804 2552 enim
823 2525 1005 2560 perspicuum,
1031 2529 1078 2549 etc.
1164 2522 1330 2557 Loquentem
1346 2528 1377 2560 65
1394 2533 1442 2559 pro
1456 2525 1485 2550 L.
1500 2525 1560 2557 Agr.
1576 2532 1599 2557 2,
1613 2533 1658 2550 102
1684 2524 1757 2556 Istos,
1773 2524 1869 2558 quibus
1882 2524 1960 2550 otiosi
1973 2525 2120 2558 Negotium
2140 2524 2299 2555 fecissemus,
2316 2521 2429 2548 otiofiffi-

292 2568 492 2603 Rempublicam
520 2565 594 2592 Idem
617 2564 645 2590 in
666 2564 739 2589 Orat.
763 2567 800 2594 85.
834 2564 853 2587 i.
873 2559 1028 2586 introducere
1052 2565 1167 2598 tanquam
1187 2559 1330 2592 loquentem.
1393 2568 1451 2585 mos
1465 2559 1583 2586 reddam,
1653 2559 1722 2585 Ter,
1736 2559 1816 2586 Andr,
1830 2568 1856 2592 2,
1870 2568 1893 2592 3,
1907 2568 1934 2591 23
1961 2560 2009 2586 Sed
2021 2560 2039 2586 fi
2060 2566 2085 2586 te
2099 2569 2185 2594 aequo
2199 2560 2288 2586 animo
2306 2558 2377 2584 ferre
2390 2565 2429 2584 ac,

292 2605 374 2631 Plaut.
388 2604 470 2630 Merc.
491 2601 558 2636 prol.
573 2609 609 2632 94
634 2600 727 2625 Facere
747 2597 911 2631 aliquantum
925 2595 1005 2621 Lucri
1024 2602 1133 2628 argenti.
1205 2594 1261 2619 Cic.
1283 2602 1331 2627 pro
1393 2595 1490 2629 cipiet,
1509 2595 1695 2629 Negligentem
1710 2595 1812 2621 feceris.
1884 2594 2002 2626 Nidum,
2031 2594 2083 2621 uid.
2106 2601 2237 2621 Ninvs.
2308 2593 2430 2620 Nimium

293 2640 375 2667 Flacc.
390 2647 418 2671 91
446 2637 535 2664 Minus
550 2636 631 2668 igitur
646 2635 727 2660 Lucri
741 2633 812 2659 facit.
884 2630 988 2662 Ludos,
1006 2629 1116 2656 Irridere
1129 2630 1232 2664 aliquem
1250 2627 1332 2654 Plaut.
1394 2629 1462 2656 mihi
1477 2630 1600 2656 facientia
1613 2630 1664 2656 tela
1677 2629 1758 2656 Ouid.
1766 2629 1878 2657 Heroid.
1887 2638 1954 2663 2³39-
1980 2633 1998 2656 i.
2014 2633 2135 2665 negotium
2143 2629 2301 2665 faccſjentia,
2315 2627 2431 2663 efficacia.

293 2677 371 2703 Poen.
387 2683 406 2706 1,
421 2682 439 2705 ι,
453 2678 494 2707 78.
549 2671 618 2696 Ter.
631 2668 737 2694 Phorm.
750 2675 772 2700 5,
784 2676 811 2700 7,
825 2674 852 2699 52
872 2668 908 2692 Vt
924 2665 1012 2692 Ludos
1027 2666 1099 2691 facit.
1170 2664 1258 2690 Ludos
1273 2663 1332 2696 fibi,
1394 2665 1540 2697 Nobilem,
1565 2665 1696 2691 nobilitare
1715 2665 1780 2691 Plin.
1795 2674 1834 2697 10,
1847 2668 1885 2691 26.
1938 2676 1941 2677 ⁷
1954 2665 2146 2692 Nobilitatem:
2173 2673 2210 2698 vt,
2229 2664 2406 2699 Longinquita
2426 2666 2436 2685 ἰ

292 2718 338 2737 vro
354 2706 532 2744 Ineptiendose
547 2703 657 2731 deludere
676 2703 763 2729 Senec.
777 2701 854 2735 Epist.
869 2711 918 2734 114.
972 2701 1076 2733 Ludos,
1095 2704 1114 2726 i.
1127 2700 1210 2726 ludere
1228 2700 1332 2726 Lucret.
1342 2709 1378 2736 70
1394 2701 1521 2727 nobilitas
1544 2700 1613 2726 faeta
1632 2700 1705 2726 Idem
1726 2709 1770 2733 10,
1791 2708 1835 2734 47.
1907 2700 2055 2727 Nocentem
2076 2701 2192 2735 aliquem
2211 2701 2307 2727 Lucan.
2324 2709 2355 2732 2,
2374 2709 2408 2727 20
2424 2697 2425 2701 ¹

295 2755 323 2779 4,
335 2753 398 2779 794.
470 2740 574 2772 Ludos,
597 2739 661 2765 idem
675 2737 739 2773 quod
751 2737 832 2762 Ludos
850 2737 916 2775 cdere
934 2737 989 2762 Cic.
1003 2738 1041 2770 Q
1052 2737 1136 2762 Fratr.
1150 2744 1172 2767 3,
1188 2740 1200 2764 8
1226 2736 1332 2768 Qianta
1394 2737 1518 2768 Nomen,
1537 2740 1663 2763 nominare
1682 2735 1763 2762 Plaut.
1779 2736 1849 2762 Men.
1862 2745 1882 2767 1,
1898 2744 1916 2766 ι,
1931 2745 1949 2763 ι.
2016 2736 2090 2762 Idem
2103 2737 2193 2763 Bacch.
2202 2747 2229 2770 4,
2244 2745 2269 2769 9,
2279 2744 2306 2762 ιι
2325 2736 2355 2761 Ei
2370 2745 2400 2770 pr

295 2781 400 2806 tandem
424 2778 534 2812 pecunia
555 2774 728 2810 penderetur,
753 2772 770 2798 si
789 2780 909 2797 omnium
930 2772 1038 2797 nomine
1059 2771 1211 2805 quicunque
1232 2771 1332 2798 Romae
1395 2771 1467 2798 fecto
1480 2772 1588 2798 Nomen
1602 2771 1672 2797 facio
1684 2780 1732 2805 ego
1746 2771 1806 2798 Ilio.
1876 2771 1969 2804 Liu.8‚
1982 2779 2006 2805 ις
2030 2772 2158 2798 Scelerato
2173 2780 2263 2806 campo
2283 2771 2379 2802 (credo
2398 2768 2424 2797 a'

295 2815 384 2841 Ludos
403 2812 542 2840 facerent?
618 2809 689 2835 Idem
710 2809 762 2834 Att.
800 2827 806 2832 .
843 2826 850 2831 .
887 2826 894 2832 .
930 2806 1019 2831 Ludos
1039 2806 1126 2833 facere
1146 2806 1236 2832 absens
1255 2806 1332 2832 male·
1394 2807 1492 2834 incesto
1507 2806 1533 2832 id
1546 2807 1570 2833 ei
1584 2807 1643 2833 loco
1659 2807 1767 2833 Nomen
1778 2806 1878 2833 facium
1886 2809 1907 2837 ).
1968 2808 2148 2842 Virg.Georg.
2163 2816 2182 2840 1,
2197 2815 2239 2840 137
2259 2806 2359 2833 Nauita
2372 2813 2401 2833 tu

296 2851 350 2878 bat.
422 2848 536 2875 Lumina
556 2846 598 2872 sua
615 2844 700 2871 facere
718 2842 798 2869 noxia
819 2840 899 2868 Ouid.
915 2841 1000 2867 Trist.
1016 2849 1041 2872 2,
1056 2849 1107 2872 103.
1131 2844 1149 2867 i.
1170 2841 1274 2867 videndo
1286 2843 1333 2868 ali·
1395 2843 1474 2869 stellis
1492 2851 1625 2874 numeros,
1640 2848 1665 2868 et
1680 2842 1799 2869 Nomina
1812 2842 1882 2868 fecit.
1952 2843 2062 2870 Nomen
2074 2843 2163 2874 alicui,
2176 2848 2225 2876 pro
2239 2841 2374 2868 Conciliare
2383 2843 2420 2877 fa

295 2885 356 2921 qiud
367 2886 461 2920 culpam
478 2881 629 2909 contrahere.
695 2914 701 2918 Ι
823 2875 844 2914 ff
866 2885 894 2909 13
929 2877 1041 2917 Maciem
1060 2875 1141 2902 Ouid.
1155 2876 1217 2902 Met.
1232 2885 1264 2907 11,
1277 2885 1334 2911 793.
1349 2887 1381 2915 7,-
1395 2888 1457 2905 mam
1471 2885 1494 2904 et
1506 2878 1669 2904 celebritatem
1683 2877 1743 2904 Liu.
1759 2883 1796 2910 28,
1833 2898 1839 2904 ,
1879 2897 1885 2904 ,
1939 2878 1987 2905 sed
1999 2879 2033 2904 ad
2040 2880 2218 2914 proprietatem
2235 2880 2308 2902 “iam
2328 2866 2435 2913 ‚afim-3³

297 2922 364 2948 Pliu.
380 2929 414 2952 ιε,
427 2927 456 2953 25
479 2919 586 2945 Summa
599 2913 721 2950 probatio
740 2912 883 2948 (balsami)
905 2912 956 2944 est,
975 2918 1003 2938 vt
1022 2920 1050 2938 in
1065 2911 1134 2937 veste
1147 2912 1259 2938 maculas
1280 2921 1334 2939 non
1395 2913 1476 2941 Ouid.
1492 2913 1556 2939 Fast.
1573 2921 1591 2944 1,
1605 2921 1653 2947 597
1680 2913 1710 2939 Et
1723 2920 1837 2939 mortem
1851 2919 1876 2940 et
1889 2922 1986 2940 nomen
1998 2914 2084 2940 Druso
2099 2912 2238 2938 Germania
2250 2913 2315 2939 fecit
2328 2924 2333 2939 :
2365 2914 2431 2939 Ger-'

297 2957 385 2983 faciat.
455 2953 619 2989 Magistratus
638 2950 739 2979 facere,
757 2950 796 2974 vel
815 2947 873 2975 fieri
888 2958 893 2974 ε
924 2947 977 2973 vid.
996 2948 1132 2974 Burmann.
1151 2947 1185 2973 ad
1202 2948 1334 2981 Qiintffll.
1396 2949 1512 2976 maniciis
1530 2952 1592 2975 enim
1607 2947 1690 2974 dicius
1702 2948 1798 2975 deuifla
1812 2949 1955 2976 Germania.
2025 2949 2080 2975 Cic.
2094 2947 2145 2974 Off.
2161 2957 2187 2979 3,
2201 2955 2231 2980 59
2257 2948 2328 2975 Emit
2347 2943 2443 2975 homo'

299 3001 321 3025 ς,
335 3001 363 3018 10
388 3000 412 3025 p.
432 2997 488 3023 4²3·
558 2989 654 3014 Horat.
668 2986 750 3011 Serm.
766 2993 785 3016 1,
801 2992 837 3015 ιο,
849 2992 884 3023 po
907 2984 940 3009 At
954 2984 1078 3022 Magnum
1093 2982 1169 3023 fecit,
1189 2983 1261 3017 quod
1276 2993 1334 3010 ver—
1395 2984 1504 3019 cupidus
1527 2991 1552 3010 et
1573 2984 1689 3018 locuples
1705 2985 1781 3017 tanti,
1793 2984 1884 3018 quanti
1898 2983 2004 3016 Pythius
2025 2983 2112 3009 voluit
2127 2993 2132 3008 t
2157 2989 2182 3009 et
2201 2983 2265 3010 emit
2278 2983 2429 3016 ἰηίὶιιιότος,

297 3028 339 3055 bis
352 3028 450 3053 Graeca
463 3023 564 3052 Latinis
598 3021 714 3048 Miscuit.
785 3019 820 3045 DI
836 3018 887 3045 tibi
901 3018 970 3044 Male
984 3018 1080 3044 faciant
1101 3019 1156 3045 Cic.
1170 3019 1240 3045 Fam.
1259 3027 1281 3052 5,
1302 3028 1333 3046 11.
1396 3020 1516 3047 Nomina
1530 3020 1609 3052 facit,
1628 3020 1765 3053 negotium
1779 3019 1893 3047 conficit.
1924 3022 1942 3044 i.
1962 3018 2093 3044 creditoris
2107 3025 2129 3043 et
2141 3017 2272 3050 debitoris,
2290 3012 2439 3050 ‘venditoris‘

298 3071 321 3090 ct
340 3072 372 3095 ιι,
385 3071 419 3090 21.
492 3059 561 3087 Male
575 3064 599 3085 et
614 3056 708 3083 iniuste
727 3055 796 3089 Nep.
811 3063 841 3088 2,
854 3061 881 3088 7,
889 3056 919 3093 ¹6.
988 3054 1120 3080 Malitiose
1139 3053 1212 3080 Idem
1227 3062 1253 3089 7,
1269 3063 1295 3089 7,
1309 3063 1334 3081 2.
1349 3061 1381 3085 κο
1396 3063 1419 3082 et
1437 3059 1537 3082 emtor-is
1556 3059 1654 3081 nomina
1673 3058 1700 3080 in
1716 3056 1806 3081 tabulis
1821 3057 1957 3089 trapezitae
1970 3054 2078 3088 publicis
2085 3053 2166 3089 scribi
2179 3061 2267 3087 curat,
2288 3062 2333 3081 etc.
2388 3054 2427 3082 Id.

299 3099 354 3125 Cic.
379 3097 410 3124 ad
432 3098 504 3123 Brut.
526 3102 550 3126 ις
587 3094 643 3120 Nec
664 3098 750 3118 tamen
768 3096 867 3116 tantum
888 3098 915 3115 ιιι
933 3089 1064 3115 statuenda
1085 3089 1178 3123 Lepidi
1197 3089 1278 3116 statua
1296 3090 1333 3116 fa·
1396 3092 1500 3125 Fam.7‚
1516 3100 1550 3123 24
1571 3090 1665 3125 Accepi
1677 3091 1774 3117 Auiani
1787 3091 1883 3121 literas,
1897 3090 1924 3115 in
1938 3088 2034 3123 quibus
2048 3088 2098 3115 hoc
2114 3089 2198 3116 inerat
2212 3090 2427 3123 iiber-alimmum,

299 3134 371 3160 c‘Ium
386 3132 421 3159 est
436 3132 516 3163 Mali,
533 3135 660 3165 quantum
674 3128 702 3153 in
715 3125 857 3152 euertenda
868 3124 942 3151 boni.
999 3126 1093 3164 Facere
1108 3127 1214 3152 Manere
1227 3125 1333 3152 sudores
1396 3127 1515 3153 Nomina
1528 3127 1554 3152 se
1568 3126 1715 3157 factm-um,
1736 3134 1788 3160 qua
1801 3134 1850 3159 ego
1862 3125 1957 3151 vellem
1970 3124 2030 3156 die,
2048 3127 2066 3150 ι’.
2081 3128 2208 3159 pecuniam
2221 3126 2380 3159 crediturum,
2399 3127 2427 3152 in

298 3170 416 3196 Scribon.
430 3172 478 3199 ¹38·
572 3165 654 3191 Plaut.
668 3162 736 3189 Afin.
753 3169 775 3193 ς,
786 3169 810 3192 2,
824 3162 854 3192 63
872 3160 921 3186 Ibo
935 3159 967 3185 ad
980 3160 1139 3192 Diabolum,
1159 3161 1281 3188 Mandata
1294 3161 1333 3187 di·
1394 3172 1444 3188 eam
1458 3162 1519 3188 diem
1527 3162 1678 3197 soluendam,
1687 3170 1756 3196 quam
1769 3170 1811 3196 ego
1821 3158 1977 3195 pcfiidaſjem.
2016 3161 2056 3187 Sic
2070 3160 2166 3186 Sen.de
2174 3160 2308 3188 Vit.Beata
2315 3170 2335 3187 c.
2343 3170 2378 3194 24
2386 3167 2427 3196 pr.

299 3215 355 3232 cam
368 3204 436 3231 facia
445 3223 453 3235 ,
472 3208 500 3228 vt
514 3200 640 3227 voluerit.
710 3197 765 3223 Cic.
780 3205 826 3230 pro
839 3197 943 3222 Caecin.
958 3203 983 3227 33
1008 3197 1096 3230 Qium
1110 3197 1219 3223 Manum
1233 3197 1334 3228 fecerit.
1393 3197 1509 3225 Add.1d.
1518 3198 1550 3223 de
1558 3198 1618 3223 Ben.
1627 3205 1635 3222 1
1645 3203 1688 3230 pr.
1725 3196 1869 3230 Nunquam
1876 3195 1956 3228 magis
1965 3195 2082 3221 Nomina
2090 3196 2250 3230 sacio,quam
2259 3206 2339 3258 quum
2348 3198 2427 3224 dono-¹

300 3241 385 3275 ‘opias
401 3238 516 3274 parm-113
533 3242 579 3262 etc.
615 3241 659 3263 vt,
673 3233 759 3272 facere
778 3232 889 3271 Gregem
899 3251 905 3262 ,
923 3231 1081 3258 Exercitum.
1185 3233 1241 3259 Cic.
1256 3234 1332 3258 Verr.
1353 3239 1381 3268 ες
1396 3234 1436 3262 Sic
1444 3234 1551 3260 Nomen
1560 3241 1618 3258 curu
1627 3231 1712 3257 vineis
1720 3231 1798 3266 ,quasi
1811 3231 1944 3257 fenerator
1951 3239 2010 3256 cum
2019 3230 2146 3262 debitore,
2154 3231 2216 3258 facit
2228 3241 2259 3259 ru
2284 3233 2338 3258 icus
2346 3233 2427 3268 (ἶοΙ.3ι

301 3286 321 3309 ι,
336 3284 380 3309 154
404 3274 576 3303 Dubitamus,
596 3269 660 3304 quid
678 3268 724 3295 iste
744 3276 770 3293 in
782 3267 896 3293 hostium
910 3266 1004 3301 praeda
1021 3267 1129 3294 molitus
1147 3267 1191 3300 fit,
1216 3268 1261 3302 qui
1279 3269 1333 3294 Ma·
1394 3277 1440 3301 3‚9.
1455 3272 1472 3295 i.
1481 3268 1567 3299 credit,
1575 3274 1597 3293 et
1609 3266 1733 3302 exspeHat
1746 3267 1840 3301 vfizras.
1876 3265 2021 3298 Liu.26,23
2038 3274 2101 3293 extr.
2119 3267 2247 3294 Otacilius
2256 3268 2356 3294 Crassus
2364 3270 2437 3295 Pon-,x

300 3311 394 3338 nubias
410 3309 456 3336 libi
471 3315 552 3335 tantas
567 3315 597 3332 ex
613 3307 641 3332 L.
658 3303 761 3330 Metelli
776 3302 909 3329 Manubiis
922 3303 1014 3328 fecerit
1029 3303 1037 3328 3
1105 3303 1186 3329 Ouid.
1201 3303 1286 3330 Trist.
1309 3312 1334 3335 2,
1395 3304 1463 3330 tifex
1470 3304 1502 3331 ab
1510 3303 1601 3330 endio
1614 3310 1682 3329 anno
1696 3308 1815 3328 mortuus
1822 3306 1886 3332 erat,
1895 3300 1956 3327 ideo
1965 3302 2122 3328 Nominatio
2134 3303 2163 3328 in
2170 3303 2225 3329 eius
2237 3303 2324 3330 locum
2332 3297 2430 3330 nonest

302 3353 350 3378 289
386 3361 431 3365 —-
466 3344 538 3370 Iouis
559 3343 688 3368 succurret
708 3339 735 3364 in
749 3337 811 3364 aede
847 3340 934 3371 Quam
953 3338 1048 3364 multas
1061 3336 1158 3364 Matres
1177 3338 1270 3364 fecerit
1289 3339 1335 3364 ille
1396 3340 1474 3367 fac'ia.
1543 3338 1647 3365 Notum
1666 3336 1730 3363 Plin.
1745 3336 1822 3371 Epist.
1839 3345 1876 3367 ιε),
1891 3345 1925 3368 23.
1960 3337 2039 3364 Ouid.
2054 3338 2117 3364 Met.
2132 3346 2168 3370 12,
2182 3341 2226 3372 64.
2297 3339 2426 3366 Numera·
2452 3357 2453 3364 1

302 3383 372 3408 deus.
445 3381 592 3409 Maturum,
620 3375 672 3402 vid.
694 3380 873 3400 MATVRVS.
939 3374 995 3400 Cic.
1015 3382 1063 3407 pro
1077 3373 1169 3406 Qiint.
1188 3377 1201 3402 8
1225 3373 1335 3399 Medici·
1397 3376 1514 3406 tionem,
1528 3380 1577 3409 pro
1593 3376 1728 3399 Numerare
1746 3373 1830 3398 Senec.
1845 3372 1923 3405 Epist.
1938 3376 1978 3398 26.
2048 3373 2116 3400 Ter.
2132 3373 2212 3401 Andr.
2226 3383 2248 3406 3,
2269 3382 2294 3407 2,
2312 3383 2348 3409 42
2377 3375 2424 3402 Tu

303 3426 350 3443 nae
368 3415 501 3442 faciendae
515 3414 587 3440 locus
603 3420 657 3438 non
669 3411 735 3440 crit,
755 3408 901 3449 s‘¹3²“t‘]⁰'²i.³
920 3411 1052 3448 curationi.
1123 3407 1196 3448 Idem
1210 3408 1281 3448 Fam.
1296 3417 1335 3441 14,
1345 3420 1380 3444 90
1396 3415 1483 3435 tamen
1498 3409 1542 3435 has
1555 3408 1668 3442 Nuptias
1687 3416 1764 3442 perge
1785 3407 1870 3433 facere
1890 3407 1941 3439 ita,
1959 3414 1986 3434 vt
2007 3408 2080 3435 facis.
2128 3409 2201 3445 Cous.
2219 3409 2308 3436 lustin.
2323 3418 2349 3444 7,
2361 3418 2383 3443 3,
2400 3417 2425 3443 9.
2452 3415 2453 3442 ζ

346 3453 384 3477 Ita
397 3452 452 3476 suni
466 3451 581 3481 leuatus,
601 3454 630 3474 vt
650 3446 712 3472 deus
730 3444 798 3470 mihi
811 3444 906 3479 aliquis
918 3444 1079 3470 Medicinam
1099 3443 1185 3469 fecisse
1204 3443 1333 3469 videatur.
1397 3442 1417 3480 q
1447 3452 1477 3476 15
1512 3444 1593 3470 Plaut.
1607 3443 1688 3469 Trin.
1702 3451 1726 3474 2,
1742 3451 1767 3474 1,
1781 3450 1807 3474 33
1838 3442 1900 3468 Sunt
1920 3450 2005 3469 tamen
2020 3453 2084 3478 quos
2104 3445 2229 3478 miseros,
2249 3446 2368 3480 maleque
2383 3445 2426 3473 ha·
2452 3452 2453 3455 ’

308 3487 359 3512 Mel
374 3487 458 3512 facere
476 3486 592 3511 dicuntur
612 3491 671 3518 apes
690 3480 755 3507 Plin.
770 3488 802 3511 ii,
820 3484 853 3508 18.
955 3479 1052 3505 Melius
1072 3478 1134 3505 facit
1155 3478 1274 3505 Scribon.
1291 3487 1335 3511 13¹-
1396 3479 1471 3509 beas,
1490 3487 1556 3513 quos
1575 3478 1625 3506 tibi
1639 3478 1777 3504 Obnoxios
1798 3477 1889 3504 fecisti.
1960 3479 2039 3506 Plaut.
2054 3479 2121 3505 Asin.
2136 3488 2162 3512 i,
2176 3488 2201 3512 1,
2215 3489 2246 3512 50
2280 3482 2335 3514 Qii
2357 3479 2430 3507 mihi>

309 3526 343 3551 38.
365 3523 408 3552 46.
427 3526 467 3550 80.
502 3527 525 3546 et
538 3520 653 3555 saepius,
673 3516 701 3543 de
718 3515 908 3542 medicamentis.
998 3514 1079 3540 Ouid.
1101 3513 1133 3539 de
1154 3514 1228 3539 Rem.
1246 3515 1335 3540 Amor.
1397 3514 1592 3543 auscultabunt,
1618 3513 1712 3539 facient
1737 3512 1929 3546 Obsequelam,
1965 3516 1989 3541 h.
2005 3524 2024 3540 e.
2043 3516 2205 3550 obsequentur.
2289 3516 2424 3543 Obsidium

307 3565 331 3586 2,
346 3558 391 3589 761
419 3556 462 3580 Me
480 3561 548 3581 certe
566 3554 668 3589 Sappho
686 3551 828 3579 Meliorem
847 3550 910 3575 fecit
928 3549 1035 3575 amicae.
1118 3549 1201 3575 Multa
1222 3550 1337 3576 Meliora
1398 3549 1479 3576 Plaut.
1493 3547 1582 3574 Bacch.
1596 3556 1623 3580 4,
1637 3556 1662 3580 9,
1676 3557 1715 3580 24.
1786 3548 1853 3574 Gell.
1870 3557 1903 3581 ις,
1924 3558 1955 3581 3ο
1986 3551 2006 3576 A
2028 3552 2138 3585 peritia,
2156 3550 2345 3586 disciplinaque
2364 3551 2425 3578 faci-

308 3591 393 3617 facere
414 3590 483 3623 Nep.
504 3598 535 3620 ιι,
557 3599 577 3621 ι,
596 3599 619 3615 2.
689 3588 748 3614 Liu.
762 3595 790 3618 4,
804 3594 834 3618 29
853 3584 978 3618 Egregiae
998 3584 1149 3610 Dieiaturae
1168 3584 1266 3610 tristem
1281 3586 1336 3611 Me·
1354 3591 1386 3618 95
1399 3584 1461 3611 endi
1475 3583 1587 3610 Obsidii.
1641 3582 1820 3610 Plaut.Baccl1.
1836 3593 1853 3615 1,
1868 3593 1886 3616 1,
1903 3588 1932 3616 63
1950 3585 1997 3612 Tu
2011 3586 2092 3612 facito
2104 3585 2258 3620 opulentum
2272 3587 2423 3622 Opsonium.

308 3626 422 3653 moriam
438 3625 552 3655 faciunt,
571 3625 617 3657 qui
635 3624 721 3650 filium
743 3622 775 3648 ab
794 3622 823 3647 A.
838 3620 1005 3651 Posthmnio,
1025 3627 1070 3645 etc.
1102 3619 1233 3646 vic‘iorem
1254 3620 1339 3647 securi
1401 3621 1456 3655 Ego
1477 3617 1618 3653 opsonabo.
1686 3618 1785 3644 Odium
1806 3619 1890 3652 vitae,
1911 3622 2012 3653 Facere,
2031 3629 2059 3647 vt
2078 3623 2168 3656 aliquis
2189 3625 2256 3648 uitae
2273 3622 2353 3648 taedio
2372 3629 2424 3648 tan-

309 3661 450 3696 percuffum
469 3659 584 3685 tradunt.
677 3658 778 3685 Menses
793 3658 816 3683 V
834 3665 892 3682 cum
912 3655 1009 3681 marito
1022 3655 1086 3681 fecit
1101 3657 1202 3687 mulier,
1229 3658 1248 3682 i.
1262 3658 1339 3682 vixit.
1398 3663 1474 3692 gutur
1487 3654 1551 3680 Plin.
1563 3661 1606 3685 20,
1621 3658 1653 3682 ¹8.
1724 3653 1773 3686 [fle
1784 3658 1855 3680 etiam
1871 3656 1965 3682 dicitur
1980 3657 2066 3682 Senec.
2080 3655 2164 3682 deira
2181 3664 2200 3688 ι,
2239 3677 2245 3683 .
2282 3677 2288 3683 .
2340 3657 2425 3684 Offarn

308 3696 452 3723 Vet.lnscr.
462 3695 537 3720 Grut.
552 3703 575 3727 p.
583 3700 647 3726 447,
656 3702 676 3724 3.
701 3693 754 3719 vid.
768 3693 861 3718 Facere
874 3693 971 3717 Annos.
1042 3690 1208 3717 Plaut.Most.
1222 3700 1245 3723 3,
1258 3694 1340 3724 3,126.
1399 3700 1430 3717 ex
1444 3690 1577 3719 hostibus,
1608 3688 1659 3713 vid.
1679 3688 1798 3714 Praeium
1812 3691 1904 3717 facere,
1975 3691 2043 3718 Ter,
2056 3691 2158 3718 Phorm.
2172 3700 2200 3724 4,
2214 3700 2236 3725 ς,
2257 3700 2283 3719 12
2309 3693 2372 3719 Non
2389 3686 2428 3718 Γᾶ(

307 3734 362 3760 Cic.
376 3730 535 3765 proCluent.
557 3748 562 3753 .
592 3748 598 3753 .
619 3730 679 3760 Qio
691 3728 794 3753 tandem
808 3727 890 3762 igitur
903 3735 950 3752 ore
963 3726 1126 3752 Mentionem
1139 3728 1256 3760 corrupti
1271 3727 1340 3757 iudi·
1400 3732 1473 3753 tuum
1489 3732 1514 3751 te
1527 3722 1649 3751 Officium
1671 3725 1769 3757 fecisse,
1788 3725 1804 3751 li
1825 3735 1877 3752 non
1900 3726 1926 3752 id
1945 3727 2014 3753 fama
2033 3726 2158 3760 approbat
2173 3727 2181 3752 3
2234 3726 2305 3753 Idem
2322 3729 2385 3754 Eun.
2397 3735 2425 3760 4,

310 3769 346 3795 cii
357 3766 460 3793 facitis?
516 3763 597 3789 Plaut.
612 3763 668 3788 Aul.
681 3771 704 3792 2,
716 3772 739 3792 2,
747 3770 780 3796 27
801 3763 848 3788 Fac
863 3762 1027 3789 Mentionein
1040 3770 1099 3787 cum
1113 3763 1244 3788 auunculo
1257 3768 1340 3788 mater
1349 3770 1423 3794 1005,
1438 3770 1450 3793 3
1476 3760 1610 3794 Postquam
1627 3759 1742 3792 surrexi,
1762 3769 1846 3796 neque
1865 3770 1926 3797 pes,
1946 3770 2030 3796 neque
2047 3770 2117 3787 mens
2137 3763 2195 3787 satis
2216 3763 2289 3788 suum
2301 3762 2422 3789 Officium
2458 3759 2459 3762 ¹

310 3812 376 3830 mea.
412 3800 623 3832 Cic.QFrat.2,11
638 3797 709 3823 Dete
722 3798 804 3830 magis
814 3797 846 3822 ab
854 3798 941 3831 Sipylo
949 3796 1051 3823 Mentio
1061 3796 1096 3822 est
1104 3795 1250 3824 honorifica
1262 3797 1338 3823 faciia.
1399 3797 1471 3823 facit.
1564 3794 1631 3820 Gell.
1647 3804 1669 3826 ς,
1686 3804 1708 3826 13
1738 3797 1827 3829 Quum
1844 3803 1996 3832 quaereret,
2015 3797 2109 3831 quibus
2123 3806 2169 3823 nos
2182 3796 2275 3824 Officia
2294 3798 2422 3832 prioribus
2460 3803 2471 3810 ⁷

308 3840 389 3866 Plaut.
398 3837 543 3869 Aul.4,7,3
560 3832 647 3859 Credo
660 3832 753 3871 hercle,
762 3832 807 3857 vbi
814 3833 977 3859 Mentionem
991 3841 1040 3867 ego
1053 3832 1141 3858 fecero
1155 3832 1186 3858 de
1199 3833 1340 3865 filia,mihi
1398 3830 1600 3866 potioribusque
1613 3831 1697 3856 facere
1712 3839 1854 3865 oporteret.
1890 3833 1961 3867 Conf.
1975 3832 2063 3857 lustin.
2081 3834 2118 3863 16,
2130 3841 2155 3864 2,
2168 3842 2192 3865 ς,
2264 3834 2347 3860 Omen
2361 3833 2422 3859 Plin.

309 3881 338 3902 vt
352 3871 521 3905 despondeat,
541 3870 566 3895 se
585 3876 599 3894 a
610 3876 652 3893 me
666 3866 780 3893 derideri
794 3867 903 3893 rebitur.
974 3867 1012 3894 Id.
1028 3868 1094 3894 Pers.
1111 3876 1133 3898 1,
1147 3876 1169 3899 3,
1183 3877 1216 3901 29
1239 3868 1286 3894 Sed
1300 3877 1340 3894 ec·
1399 3874 1433 3899 15,
1447 3874 1482 3898 19.
1551 3865 1642 3891 Oltam
1663 3866 1746 3892 facere
1765 3868 1859 3894 dicitnr
1877 3867 1990 3902 agricola
2008 3867 2064 3893 Cat.
2077 3869 2118 3899 65,
2131 3876 2149 3893 1.
2182 3868 2234 3894 vid.
2255 3869 2424 3895 Frumentum

311 3910 375 3945 quid
404 3905 545 3934 meministi
570 3903 633 3929 here
647 3922 655 3933 ‚
685 3910 736 3936 qua
754 3901 786 3928 de
803 3910 832 3927 re
855 3911 903 3935 ego
922 3909 1006 3929 tecum
1025 3903 1187 3930 Mentionem
1208 3904 1338 3929 feceram?
1399 3902 1492 3927 facere.
1563 3901 1658 3927 Omnia
1678 3902 1777 3934 facere,
1802 3910 1831 3929 vt
1843 3918 1887 3922 —
1901 3902 1982 3929 Scrib.
2001 3910 2044 3936 97.
2099 3903 2172 3938 Cous.
2188 3905 2243 3930 Cic.
2258 3905 2328 3930 Fam.
2337 3908 2372 3936 16,
2386 3908 2422 3936 17.

310 3947 393 3971 Plaut.
408 3941 504 3970 Cistell.
520 3949 538 3970 i,
549 3948 573 3970 2,
588 3946 612 3971 15
633 3938 694 3963 Eam
708 3945 780 3962 meae
792 3945 841 3969 ego
854 3938 951 3964 amicae
964 3938 1036 3964 dono
1051 3938 1110 3964 huic
1124 3939 1257 3965 meretrici
1271 3937 1339 3968 dedi,
1348 3936 1505 3975 105Optime
1518 3935 1581 3962 facit
1599 3936 1714 3963 Scribon.
1728 3946 1773 3964 112.
1794 3938 1822 3964 de
1834 3938 2023 3964 medicamentis.
2058 3937 2150 3972 it.174.
2222 3939 2281 3965 Liu.
2295 3948 2339 3975 27,
2373 3957 2379 3963 .
2420 3948 2422 3950 ’

310 3980 382 4015 quod
398 3981 471 4013 saepe
484 3973 756 4002 mecumMentionem
768 3971 869 4004 fecerit,
876 3978 914 4004 vt,
922 3980 965 3999 etc.
1001 3974 1176 4001 Mercaturam
1183 3973 1338 4000 Plaut.Rud.
2330 3955 2423 4006 Quales
