2479 4225
282 217 346 257 73¹
662 197 941 243 ΒΚΛ
1777 185 2049 228 FRA
2293 191 2470 242 ,732'

286 293 356 321 Fam,
371 302 408 326 η,
423 301 462 327 ¹4·
522 317 525 320 s
567 291 706 320 Libidine,
718 286 829 316 alicuius
853 283 909 311 Cic.
921 283 954 311 de
966 283 1058 318 Legib.
1073 291 1094 315 3,
1107 290 1131 314 31
1145 289 1167 307 c·
1181 287 1214 323 13-
1276 277 1323 305 Li·
1381 278 1452 308 lestis
1469 278 1601 307 Ammian.
1615 285 1656 317 31,ι
1663 282 1704 317 43.
1723 279 1741 303 i.
1754 266 1859 303 tonitru.
1883 311 1889 316 ·
1928 274 1976 304 sed
1987 275 2037 316 ipse
2048 276 2158 311 Quin&
2173 284 2209 308 12,
2227 283 2279 317 to,
2287 284 2319 310 24
2337 276 2364 303 de
2375 278 2417 306 Pe,-

287 334 342 355 κω
356 338 407 355 vna
419 329 526 355 alteram
539 327 651 363 frangit,
671 323 764 361 quando
778 325 805 347 in
816 319 914 346 eandem
922 320 1048 361 syllabam
1062 321 1125 344 coit:
1160 315 1214 343 v1d.
1223 314 1322 349 Gesner.
1383 318 1460 357 risle,
1480 317 1566 349 Quem
1580 312 1737 341 fulminibus
1750 317 1775 339 et
1787 311 1891 339 caelest1
1902 310 2006 346 fragori
2017 319 2166 353 comparant
2185 320 2290 353 comici.
2361 313 2418 341 Ful-

288 364 323 391 αα
336 364 465 398 Qflneffl,
479 373 500 396 ι,
513 372 541 398 4,
554 372 585 390 ῃ,
678 357 798 386 Mandata
816 356 883 383 Hor.
896 355 974 390 Epist.
991 364 1011 388 1,
1024 362 1101 387 13,19.
1195 350 1323 377 Morbum
1385 359 1488 378 mineus
1509 351 1596 379 Valer.
1611 350 1708 383 Argon.
1722 356 1747 381 2,
1762 355 1814 380 501.
1907 347 2029 381 Praeceps
2042 348 2140 375 Oceani
2158 348 2231 375 Idem
2247 347 2312 374 ibid.
2326 355 2417 383 3,4o4.

289 399 446 426 abstinentia
468 400 588 433 frangere
609 402 634 422 et
657 395 761 420 vincere
789 390 855 417 Plin.
875 391 953 425 Epist.
968 399 1043 424 1‚12,
1057 397 1079 422 ς.
1194 385 1324 413 Nationes
1386 387 1488 414 Raucus
1508 386 1600 413 Claud.
1624 385 1652 410 in
1680 384 1787 418 Eutrop.
1813 391 1834 414 2,
1862 384 1915 410 162.
2011 381 2116 409 Subitus
2145 384 2220 418 Virg.
2244 384 2308 410 Aen.
2324 391 2349 415 2,
2362 386 2420 416 692.

290 435 411 469 frangere
424 440 450 462 et
463 435 570 461 domare
597 431 650 457 Cic.
668 428 698 454 de
712 427 833 454 Prouinc.
849 427 926 453 Cons.
940 435 975 458 3²·
1046 424 1105 450 Liu.
1121 430 1147 454 2,
1161 430 1186 448 21
1202 422 1324 448 Mortuus
1353 431 1367 457 ς
1387 422 1478 449 Vastus
1503 422 1559 448 illic
1581 421 1687 454 fragor,
1702 427 1847 453 canumque
1869 419 1937 445 circa
1958 426 2031 445 mare
2068 417 2134 444 Plin.
2157 418 2235 453 Epist.
2257 423 2287 451 8,
2309 426 2333 450 31
2357 426 2419 448 extr.-

291 470 328 497 est
343 471 448 503 Cumis,
468 479 521 505 quo
533 470 558 495 se
569 465 624 501 post
635 463 727 490 fraoas
742 463 811 497 Opes
823 462 979 489 Latinorum
992 460 1025 487 ad
1032 457 1227 486 Aristodemum
1238 461 1326 495 tyran·
1388 454 1409 494 ff
1429 466 1445 483 2.
1486 458 1584 484 Verba:
1620 454 1724 482 Cecidit
1736 454 1827 489 fragor
1839 454 1926 489 pelagi
1955 453 2032 487 Virg.
2047 454 2112 480 Aen.
2128 462 2148 484 1,
2161 460 2209 486 158.
2302 454 2353 480 Dat
2371 453 2419 482 fras

291 515 356 533 num
371 506 525 533 contulerat,
627 500 697 532 Opes
719 498 840 532 frangere
862 503 888 524 et
912 497 1047 524 infirmare
1077 493 1132 521 Cic.
1159 501 1208 527 pro
1233 491 1325 517 Rabir.
1388 501 1480 525 goren]
1501 492 1620 527 propulsa
1642 490 1705 517 silua
1735 489 1817 517 Ouid.
1834 490 1898 516 Met.
1917 493 1940 520 8,
1959 497 2019 521 340.
2121 489 2247 516 Exoritur
2259 489 2421 518 miserrimun

292 541 359 569 Post.
373 546 412 571 28.
502 534 626 565 Patientia
644 534 761 568 aliquem
786 533 860 560 Idem
873 533 905 559 de
917 533 987 559 Clar.
1001 533 1074 558 Orat.
1087 536 1127 562 95.
1145 563 1150 568 ¹
1218 526 1326 554 Pectora
1386 527 1478 562 fragor
1495 529 1557 555 Stat.
1570 526 1660 554 Theb.
1676 534 1696 557 3,
1711 534 1760 558 123.
1808 525 1851 551 Fit
1865 525 1956 558 fragor
1975 523 2224 557 Ouid.Met.1,269.
2274 524 2348 560 Conf.
2362 525 2435 553 Am...

292 577 374 611 fregit
388 574 507 602 sublimia
519 572 609 597 vinum
628 569 708 596 Ouid.
723 569 786 595 Fast.
802 577 822 601 1,
833 577 884 600 301.
990 568 1085 593 Poenas
1098 565 1195 590 leuiter
1220 563 1324 589 Lucret.
1388 563 1468 589 mian.
1482 571 1518 595 31,
1530 572 1570 596 43.
1663 562 1768 588 Intonat
1783 561 1875 595 ingens
1887 561 1977 595 fragor
1994 560 2069 594 Virg.
2078 561 2142 586 Aen.
2157 565 2180 592 8,
2194 567 2251 595 527.
2321 557 2421 588 Sentire‘

294 621 321 646 4,
335 616 403 646 1078·
496 605 599 633 Saecula
612 605 684 639 turpi
697 605 761 631 luxu
773 604 909 639 fregerunt
921 603 1038 629 Diuitiae
1052 600 1145 628 molles
1168 597 1284 625 quenal.
1300 599 1327 629 6,
1343 606 1371 625 10
1387 598 1520 632 fragorem
1532 598 1598 626 belli
1616 597 1712 623 Lucan.
1725 604 1749 630 ς,
1759 603 1816 626 228.
1889 595 2027 622 Succidere
2040 595 2182 622 horrisono
2195 596 2301 629 fragore
2320 596 2423 629 Luci-et.
2443 623 2445 626 ,

294 656 355 681 299,
455 643 485 669 Se
497 642 581 676 ipsum
601 640 656 666 Cic.
670 641 742 667 Fam.
756 649 784 673 4,
797 642 821 666 6.
892 640 922 665 Se
937 638 1073 666 laboribus
1097 635 1170 662 Idem
1185 643 1234 669 pro
1246 632 1325 659 Arch.
1388 641 1477 667 5,110.
1583 633 1675 659 'Ponat
1705 632 1807 658 caelum
1840 640 1919 658 omne
1949 631 2055 664 fragore
2099 631 2173 665 Virg.
2206 632 2272 657 Aen.
2306 639 2339 663 9,
2370 631 2428 664 541,ss

295 691 329 715 29
343 691 362 707 c.
380 688 409 706 11.
513 677 544 703 Se
557 675 629 703 calor
642 676 740 710 frangit
770 675 825 702 Cic.
838 673 870 700 de
884 675 958 701 Orat.
971 683 991 706 1,
1006 677 1051 706 265
1064 673 1081 699 s.
1094 677 1158 698 extr.
1264 669 1327 695 Fre·
1388 667 1410 730 Ξ
1432 677 1445 701 3
1481 670 1530 695 Pro
1548 668 1645 704 Plausu.
1681 667 1811 702 Qtine'til.
1838 673 1862 700 8,
1884 675 1908 699 3,
1932 674 1945 697 3
1974 666 2033 693 Nec
2045 665 2160 693 fortibus
2173 666 2272 699 modo,
2289 666 2333 693 sed
2346 667 2438 697 aum*

293 721 384 752 gerunt
397 714 420 739 se
433 712 534 746 frigora
544 711 587 739 vel
599 711 696 738 calores
717 712 802 737 Varro
815 711 845 736 R.
858 711 889 736 R.
903 718 924 740 2,
936 718 961 741 2,
978 714 1012 739 18.
1118 707 1173 733 Cic.
1187 705 1257 731 Fam.
1274 712 1292 734 1,
1308 711 1327 736 4
1401 703 1549 739 ulgentibus
1563 704 1641 730 armis
1654 703 1792 737 praeliatus
1805 702 1834 728 in
1847 703 1921 728 causa
1932 701 1969 727 cst
1981 701 2077 728 Cicero
2090 702 2211 728 Cornelii
2222 713 2228 728 :
2262 702 2311 736 qui
2325 710 2379 728 non
2390 702 2433 730 ast'.

294 750 372 785 de
386 749 439 774 iam
450 748 523 774 illam
531 746 787 773 SententiamBibuli
798 745 829 771 de
843 745 928 772 tribus
941 744 1031 779 legatis
1044 742 1130 778 pridie
1142 741 1198 768 eius
1210 740 1265 766 diei
1276 739 1328 765 fre·
1389 740 1511 775 sequutus
1523 740 1583 766 efl'et
1595 738 1714 765 docendo
1728 738 1846 764 iudicem
1859 743 1959 764 tantum
1968 756 1976 768 ,
1997 742 2023 763 et
2035 737 2140 763 Vtiliter
2158 737 2265 763 demum
2284 746 2313 763 ac
2333 737 2431 766 Latina

292 792 418 822 geramus.
534 782 607 809 Idem
620 781 686 809 ibid.
700 784 725 813 6,
739 789 756 815 7
790 781 832 807 Sic
851 786 890 807 tot
903 779 979 806 malis
991 786 1047 806 tum
1059 778 1176 809 vietum,
1196 783 1251 802 tum
1276 774 1328 800 fra·
1346 785 1373 812 ις
1388 776 1575 810 perspicueque
1586 773 1713 807 dicendo,
1732 780 1761 800 vt
1775 773 1888 808 Populus
1902 773 2038 799 Romanus
2056 772 2260 800 admirationem
2282 773 2355 799 suam
2372 776 2436 805 noii-

292 822 362 848 fium
375 817 496 845 Studium
508 817 648 845 scribendi.
742 816 851 843 Tauros
864 816 988 849 frangunt
1001 823 1074 841 canes
1088 812 1185 840 Albani
1204 810 1269 846 apud
1282 810 1328 835 SO-
1388 811 1574 838 acclamatione
1587 816 1703 840 tantum,
1723 809 1765 843 sed
1778 809 1858 835 etiam
1873 809 1963 843 plausu
1975 807 2154 834 confiteretur.
2202 809 2356 835 Sublimitas
2369 816 2438 843 prm„

291 857 336 882 lin.
349 863 370 881 c.
386 861 424 887 25.
460 856 478 880 i.
499 853 636 888 superant,
657 855 770 879 vincunt.
874 852 988 877 Ventum
1026 850 1092 876 Plin.
1101 848 1177 883 Epist.
1185 856 1210 880 2,
1219 853 1254 880 17,
1263 847 1328 879 (41.)
1389 846 1476 880 feeto,
1496 852 1521 874 et
1534 845 1744 880 magnificentia,
1765 850 1791 871 et
1804 845 1891 877 nitor,
1910 850 1936 870 et
1949 843 2092 870 auetoritas
2112 843 2230 879 expressit
2246 844 2323 870 illum
2343 845 2428 879 frago-

289 891 353 917 Vim
365 889 482 923 aliquam
495 888 635 915 debilitare
646 894 672 914 et
685 888 806 922 frangere
823 885 879 912 Cic.
894 895 942 920 pro
956 886 1062 912 Marcel.
1076 891 1090 914 8
1103 893 1124 910 c.
1137 892 1158 916 3.
1264 881 1327 906 Vim
1389 891 1456 909 rem.
1561 882 1618 908 ὅση.
1634 882 1763 908 Controu.
1777 888 1789 905 2
1809 889 1833 914 p.
1847 885 1886 912 183
1923 880 1954 906 In
1967 879 2014 906 hac
2026 879 2203 906 controuerfia
2217 880 2344 906 Triarius
2357 874 2441 907 dixa'

291 926 402 953 alicuius
416 925 543 950 furiosam
557 924 678 958 superare
691 929 717 950 et
727 923 846 957 frangere
878 922 934 948 Cic.
948 930 996 955 pro
1011 921 1100 947 Domo
1113 927 1150 953 55.
1254 916 1329 943 Idem
1389 923 1446 950 rat,
1479 932 1524 938 ——
1560 917 1662 944 Deinde
1682 925 1742 943 cum
1761 914 1975 942 scholasticorum
1996 915 2099 941 summo
2112 915 2236 949 fragore,
2254 915 2284 941 Et
2298 920 2342 946 tu,
2359 916 2428 950 quise
2443 911 2447 917 ’

291 962 374 989 Tusc.
389 970 409 992 3,
422 962 453 992 36
473 961 548 992 Quae
566 966 594 986 vt
607 958 754 994 peruellere
773 964 798 984 te
813 956 920 984 forsitan
934 957 1066 991 potuerit,
1084 961 1109 982 et
1123 961 1254 990 pungere,
1274 960 1329 977 non
1340 964 1378 983 20
1391 954 1449 987 quis
1462 961 1504 985 es,
1524 953 1655 984 carnifex,
1690 967 1735 971 ——-
1770 950 1841 977 Belle
1854 950 1991 977 deridebat
2006 950 2056 977 hoc
2067 949 2169 977 Asinius
2182 950 2268 977 Pollio
2281 958 2328 977 etc.
2362 952 2428 986 Quia

290 996 378 1032 potuit
391 1000 460 1022 certe
468 996 544 1022 Vires
557 995 687 1030 frangere.
780 993 887 1027 Frangit
898 999 923 1019 et
935 991 1116 1019 attollitVires
1130 992 1158 1017 in
1172 989 1258 1015 milite
1272 995 1330 1013 cau·
1389 986 1469 1015 ridere
1482 988 1576 1014 dicitur
1589 987 1690 1022 Afinius
1703 985 1796 1013 difflant
1815 987 1927 1017 Triarii,
1935 986 2088 1022 Casaubonus
2099 986 2132 1012 ad
2150 986 2257 1012 Sueton.
2270 986 2362 1013 Claud.
2371 989 2433 1020 ²41.-
2444 1000 2447 1007 -

293 1034 320 1060 sa
341 1032 458 1066 Propert.
473 1040 502 1064 4,
513 1033 539 1063 6,
554 1038 588 1064 5¹·
693 1029 771 1056 Vires
789 1034 815 1055 et
830 1028 914 1056 robur
926 1027 1024 1061 frangit
1036 1026 1188 1053 minutatim
1225 1024 1330 1050 Lucret.
1384 1023 1507 1059 putabat,
1525 1023 1713 1059 praeferendam
1727 1020 1854 1049 lectionem
1866 1021 1960 1047 codicis
1967 1023 2010 1056 sui
2023 1022 2134 1056 frigore.
2205 1021 2253 1048 Sed
2262 1021 2354 1056 fragor
2366 1020 2434 1054 baud*

293 1077 315 1100 2,
330 1075 387 1099 1131.
459 1066 569 1093 Vultum
581 1066 646 1092 risus
660 1065 771 1099 frangit,
789 1068 807 1090 i.
821 1064 919 1090 Mollem
933 1063 1017 1090 reddit
1036 1063 1140 1089 Petron.
1154 1070 1175 1086 c.
1185 1066 1223 1088 128
1239 1069 1262 1093 p.
1272 1061 1329 1090 614.
1391 1059 1461 1085 dubie
1468 1059 1567 1094 plausus
1580 1057 1612 1092 qs?
1620 1079 1628 1091 ‚
1649 1062 1746 1094 ineptus
1759 1058 1800 1084 hic
1811 1057 1908 1093 quidem
1917 1076 1926 1089 ,
1939 1056 1986 1092 scd
1997 1056 2232 1090 Scholasticorum,
2252 1058 2366 1084 [iudica
2380 1064 2435 1090 cm

298 1102 356 1130 Vni.
372 1102 456 1128 Burm.
560 1101 683 1127 Passiuum
695 1104 768 1126 etiam
781 1099 1036 1135 hocfinficfrequens
1050 1095 1092 1132 est.
1127 1096 1212 1123 Vrbes
1232 1095 1249 1120 fi
1263 1102 1331 1129 quae
1391 1097 1463 1129 rupti
1486 1094 1622 1127 hominum,
1641 1101 1671 1121 vt
1692 1094 1748 1120 bene
1769 1092 1948 1119 animaduertit
1968 1092 2154 1129 Schultingius,
2172 1100 2194 1119 et
2214 1092 2323 1126 illustrat
2336 1093 2361 1120 h.
2374 1094 2392 1120 1.
2404 1102 2431 1126 οξ

292 1144 456 1165 contumaces
475 1137 551 1163 essent
569 1137 751 1170 frangerentur
780 1134 872 1161 lustin.
892 1143 934 1167 34,
950 1143 975 1167 1,
988 1142 1010 1167 5.
1125 1132 1181 1159 Cic.
1195 1130 1226 1157 de
1240 1131 1331 1161 Fin.2‚
1346 1141 1377 1166 23
1392 1131 1457 1160 alio,
1478 1130 1605 1156 Controu.
1620 1138 1648 1162 19
1661 1136 1725 1156 extr.
1743 1128 1772 1154 de
1786 1130 1873 1155 Porcio
1884 1129 2009 1160 Latrone,
2030 1128 2100 1155 Cum
2112 1128 2256 1154 scholastici
2273 1137 2371 1163 magno
2384 1127 2431 1163 ela&

295 1182 325 1208 95
344 1173 432 1199 Potius
445 1181 508 1206 ergo
523 1172 569 1198 illa
580 1172 714 1202 dicantur,
733 1171 828 1205 Turpe
841 1170 889 1196 esse
903 1170 964 1196 viro
977 1167 1130 1200 debilitari,
1149 1166 1249 1198 dolere,
1262 1165 1331 1191 fran-
1392 1173 1468 1192 more
1479 1165 1628 1197 laudarent,
1648 1164 1768 1191 inuefims
1782 1164 1817 1190 est
1832 1164 1860 1190 in
1875 1172 1936 1196 e08,
1952 1169 1981 1189 vt
1994 1163 2101 1196 debuit,
2119 1170 2146 1191 et
2164 1164 2214 1190 hoc
2234 1164 2339 1198 effecit,
2355 1170 2385 1190 vt
2403 1164 2435 1192 'm

292 1210 337 1243 gi,
358 1208 532 1234 succumbere.
645 1206 712 1232 Tib.
739 1214 758 1236 1,
780 1215 804 1238 9,
825 1212 854 1239 71
890 1205 997 1232 Desistas
1012 1204 1164 1234 lacrimare,
1180 1210 1259 1237 puer,
1276 1208 1331 1226 non
1393 1200 1526 1235 reliquum
1541 1201 1620 1227 etiam
1634 1209 1699 1235 quae
1712 1200 1781 1227 bene
1795 1199 1865 1225 dieta
1878 1205 1952 1226 erant
1965 1199 2065 1226 tardius
2078 1200 2229 1233 laudarent,
2246 1199 2312 1228 dum
2329 1194 2432 1231 infidifi

294 1245 425 1277 frangitur
439 1243 493 1269 illa.
571 1241 650 1269 Aeflu
663 1250 734 1268 mare
747 1241 881 1275 frangitur
912 1241 1016 1267 Lucret.
1029 1241 1056 1271 6,
1069 1242 1126 1271 695.
1230 1236 1332 1262 Dolore
1392 1242 1555 1263 vererentur.
1590 1235 1663 1271 de
1672 1236 1713 1262 hic
1725 1237 1803 1262 Latro
1809 1235 1894 1270 fecit,
1923 1234 1960 1261 ibi
1974 1238 2027 1270 egit
2038 1234 2150 1270 Asinius.
2404 1257 2406 1259 ,
2420 1240 2429 1265 J

294 1279 380 1312 frangi
400 1279 455 1304 Cic.
469 1278 552 1304 Tusc.
566 1286 587 1309 2,
601 1285 636 1309 35.
706 1277 779 1302 Metu
791 1276 879 1310 frangi
904 1276 978 1303 Idem
992 1274 1043 1302 Off.
1059 1283 1079 1306 1,
1094 1276 1125 1304 68
1139 1283 1161 1300 c.
1170 1281 1210 1299 20.
1281 1270 1332 1296 Mi·
1429 1278 1444 1297 F
1454 1279 1472 1298 R
1482 1273 1609 1298 AG6SV
1621 1279 1649 1304 s,
1668 1280 1698 1302 a,
1717 1280 1771 1297 um.
1791 1270 1852 1297 Adi.
1890 1269 2056 1306 [τραχώδης]
2099 1271 2181 1307 Asper
2200 1281 2230 1297 ac
2239 1274 2434 1308 praeruptus-‚⁴0⁷3

294 1315 334 1340 nis
346 1313 424 1339 nullis
439 1314 573 1347 frangitur
594 1313 656 1338 Stat.
669 1311 761 1338 Theb.
776 1320 802 1344 9,
814 1319 872 1346 471.
986 1309 1109 1339 Molestia
1122 1310 1224 1334 animos
1244 1306 1331 1341 frangi
1348 1319 1379 1344 30
1394 1308 1435 1334 vel
1453 1307 1581 1342 adsonum
1588 1307 1613 1342 s.
1630 1308 1764 1342 fragorem
1781 1305 1909 1341 rtfertur,
1927 1307 1968 1332 vel
1978 1306 2011 1332 ad
2022 1308 2071 1333 loci
2084 1308 2303 1343 inaequalitatem,
2321 1315 2359 1342 vr,
2375 1307 2441 1337 Lui·

292 1356 318 1375 et
330 1349 467 1375 debilitari
478 1358 533 1375 non
545 1353 649 1383 oportet
668 1347 725 1374 Cic.
740 1347 871 1381 QFratr.
886 1355 906 1379 1,
920 1355 940 1373 1.
1033 1344 1135 1372 Pudore
1149 1342 1237 1378 frangi
1260 1341 1334 1370 Idem
1394 1341 1496 1377 fragosa
1516 1343 1574 1369 Val.
1590 1343 1673 1369 Flacc.
1687 1351 1712 1373 2,
1727 1347 1770 1375 198
1789 1341 1822 1376 qs}
1828 1341 1923 1378 fulgur
1934 1351 1988 1368 cum
2001 1345 2113 1373 tonitru,
2127 1342 2192 1378 quod
2209 1343 2345 1378 fragorem
2357 1344 2418 1372 cael·

291 1384 375 1412 Tusc.
391 1393 414 1415 2,
427 1389 468 1417 48.
1173 1414 1177 1418 ·
1194 1413 1199 1418 ὑ
1395 1378 1459 1404 stem
1472 1381 1574 1410 vocari,
1591 1377 1660 1404 modo
1673 1378 1791 1404 vidimus.
1826 1378 1903 1405 Mons
1917 1377 2036 1412 fragosus
2057 1378 2130 1404 Grat.
2143 1385 2191 1412 527
2210 1377 2244 1410 ‘st
2264 1379 2386 1417 confraga
2397 1354 2433 1410 ἃ
2454 1383 2465 1406 ι’

331 1426 348 1446 F
360 1427 378 1446 R
388 1427 409 1446 A
419 1426 436 1446 c
448 1426 537 1452 Tvs,
556 1427 586 1451 a,
604 1427 657 1445 um.
679 1417 771 1444 Par-tic.
808 1417 1007 1451 [κεκλασμένας]
1043 1414 1124 1442 Plaut.
1139 1414 1221 1441 Mmt.
1236 1422 1262 1446 1,
1278 1421 1302 1443 1,
1317 1419 1335 1447 7
1396 1414 1491 1440 Oratio
1504 1414 1620 1447 fragosa,
1637 1416 1679 1440 cui
1689 1416 1818 1440 contraria
1833 1411 1865 1445 est
1878 1413 1958 1439 Lenis
1976 1412 2085 1447 Qun&
2098 1421 2125 1446 9,
2137 1422 2164 1446 4,
2179 1421 2196 1448 7
2210 1420 2235 1439 et
2247 1417 2296 1441 116.
2381 1380 2431 1446 its.
2454 1415 2455 1419 ’

294 1455 323 1482 de
338 1455 472 1482 Machaera
479 1456 527 1492 sua
540 1456 624 1485 miles,
645 1455 720 1493 Qae
735 1453 829 1479 misera
843 1452 919 1487 gestit
931 1452 1043 1480 frae'tum
1058 1451 1143 1477 facere
1158 1458 1189 1476 ex
1207 1448 1335 1476 hostibus.
1368 1446 1371 1447 ⁷
1395 1449 1453 1476 bies
1466 1455 1606 1476 ventorum
1619 1448 1723 1482 fragosa
1741 1449 1848 1474 quenc.
1862 1456 1885 1480 3,
1900 1456 1942 1474 22.
2046 1449 2171 1475 Tot-rens
2189 1447 2429 1486 Virg.Aen.7,568.

293 1491 342 1519 Sed
354 1494 427 1517 varia
440 1489 472 1523 cst
486 1488 567 1516 leftio.
656 1490 712 1516 Cic.
727 1489 780 1515 Att.
795 1497 839 1519 12,
853 1493 880 1520 38
906 1488 1074 1514 Deformatus
1089 1494 1216 1525 corpore,
1235 1482 1335 1512 fraeius
1353 1493 1381 1519 35
1395 1494 1448 1511 cum
1455 1484 1564 1520 fragore
1578 1492 1658 1510 ruens.
1748 1483 1822 1522 Vada
1840 1482 1929 1509 valer.
1943 1484 2041 1517 Argon.
2057 1492 2080 1515 ε,
2093 1486 2152 1510 622.
2169 1487 2189 1510 i.
2202 1485 2297 1520 aspera.
2368 1482 2430 1515 Μαι·

295 1528 400 1559 animo,
422 1535 476 1560 quo
489 1526 514 1551 se
526 1525 644 1552 conferat
657 1524 747 1551 nescit.
815 1523 978 1550 Frafflorem
993 1524 1040 1549 effe
1054 1522 1152 1548 Animo
1167 1522 1222 1547 Cic.
1238 1520 1289 1546 Att.
1301 1528 1334 1551 11,
1395 1520 1448 1550 lia,
1467 1520 1551 1551 lenta,
1571 1519 1688 1553 fragosa,
1707 1524 1844 1553 putricaua
1857 1525 1903 1544 cte.
1922 1518 2026 1544 Lucret.
2042 1527 2069 1550 2,
2083 1524 2137 1551 339.
2424 1535 2427 1537 -

298 1571 334 1589 12.
415 1562 488 1587 Bello
501 1560 579 1587 frae'ti
589 1580 598 1593 ‚
621 1560 673 1586 vid.
688 1559 761 1595 infra
770 1579 778 1591 ,
802 1558 940 1585 Didiiores.
1057 1557 1210 1584 Calamitate
1235 1555 1333 1581 fraftus
1432 1561 1448 1581 F
1457 1562 1476 1581 R
1486 1561 1533 1581 AG
1543 1555 1582 1580 os
1592 1561 1618 1580 E.
1636 1554 1706 1580 Adu.
1743 1551 1914 1588 [τραχωδῶς]
1950 1553 2015 1580 Ρ1111.
2028 1555 2102 1586 16,10
2122 1554 2230 1581 Secures
2242 1555 2272 1581 in
2281 1564 2436 1591 quocunque

297 1603 322 1623 et
334 1596 444 1623 afflietus
464 1597 521 1623 Cic.
533 1605 581 1630 pro
595 1595 658 1622 Sull.
672 1603 705 1628 ις.
797 1595 966 1621 Detrimento
986 1593 1078 1628 aliquo
1092 1592 1191 1619 stadtus
1220 1591 1291 1617 Hirt.
1305 1590 1333 1618 B.
1394 1598 1490 1624 genere
1502 1590 1635 1623 picearum
1650 1588 1849 1624 deprehendunt
1861 1597 1975 1616 marem:
2010 1589 2109 1624 quippe
2121 1590 2294 1624 respuuntur,
2311 1597 2337 1618 et
2349 1592 2436 1627 frago-

298 1632 372 1658 Alex.
386 1640 421 1658 12.
536 1630 639 1656 Labore
652 1631 736 1656 multo
749 1629 868 1656 membra
882 1630 936 1656 iam
948 1629 1046 1656 fraetus
1068 1630 1135 1655 Hor.
1147 1628 1228 1654 Serm.
1242 1635 1261 1657 1,
1276 1635 1295 1657 1,
1312 1634 1334 1658 ς.
1395 1626 1445 1652 iius
1457 1625 1560 1657 fidunt,
1580 1625 1683 1659 aegrius
1696 1624 1870 1652 reuelluntur.

298 1667 377 1695 Malis
389 1665 470 1692 fraGta
485 1666 592 1697 ciuitas,
611 1672 699 1697 muta,
716 1665 869 1698 debilitata,
888 1665 990 1691 abiecta
1004 1670 1076 1691 metu
1115 1663 1169 1690 Cic.
1185 1671 1233 1697 pro
1246 1663 1333 1688 Domo
1344 1673 1380 1699 40
1434 1667 1451 1687 F
1463 1668 1510 1688 ΚΑ
1520 1661 1569 1687 G6
1579 1668 1597 1687 R
1607 1663 1715 1693 osvs,
1731 1669 1762 1693 a,
1782 1669 1836 1687 um.
1856 1659 1918 1688 Adi.
1955 1661 2044 1687 Plenus
2056 1660 2186 1698 fragoris.
2227 1660 2285 1690 vid.
2300 1657 2437 1696 Augustin.

297 1710 339 1735 25.
441 1701 543 1727 Praelio
555 1700 653 1726 fractus
673 1701 744 1726 Caes.
757 1700 784 1725 B.
799 1701 830 1726 G.
840 1709 860 1731 1,
869 1708 902 1731 3¹·
974 1700 1085 1726 Animus
1098 1698 1196 1725 fractus
1210 1704 1235 1724 et
1248 1698 1335 1724 humi-
1394 1697 1453 1724 adu.
1468 1696 1588 1723 Petilian.
1601 1705 1623 1729 3,
1640 1698 1677 1723 16.

298 1738 347 1769 lis,
362 1744 411 1773 pro
424 1736 509 1763 eodem.
553 1736 608 1762 Cic.
623 1735 651 1761 in
664 1736 748 1761 Pison.
763 1736 797 1760 62
833 1735 872 1760 Ita
886 1734 972 1760 nescio
985 1734 1049 1768 quid
1063 1734 1126 1760 istuc
1140 1734 1269 1764 fraehnn,
1287 1732 1335 1758 hu-
1434 1738 1451 1759 r
1462 1738 1541 1759 RAG
1551 1739 1615 1760 ESC
1627 1738 1646 1758 o
1657 1752 1666 1765 ,
1699 1732 1753 1758 ere.
1790 1730 1922 1766 [χαλοέω]
1959 1730 1992 1758 ab
2014 1731 2125 1767 antiquo
2152 1731 2236 1758 verbo
2267 1733 2382 1767 Frageo,
2401 1739 2439 1760 en:

297 1773 379 1804 mile,
397 1772 548 1802 demiffum,
566 1770 716 1802 sordidum,
733 1769 847 1796 inferius
861 1769 941 1795 etiam
954 1769 1004 1800 est,
1022 1777 1100 1802 quam
1114 1774 1143 1793 vt
1156 1767 1336 1793 Mediolanen-
1402 1768 1536 1800 Frangor,
1551 1767 1696 1801 languesco.
1732 1767 1826 1792 Accius
1840 1765 1981 1801 Aegistho,
1999 1772 2028 1793 vt
2039 1771 2103 1794 citat
2116 1767 2222 1795 Nonius
2237 1775 2268 1800 2,
2282 1775 2330 1800 329
2345 1760 2430 1802 Νεῳί

297 1807 315 1833 fi
330 1815 458 1841 praecone
471 1815 522 1832 auo
535 1812 582 1832 tuo
596 1806 705 1840 dignum
719 1806 765 1831 esse
777 1805 904 1831 videatur.
996 1804 1106 1829 Animus
1120 1802 1230 1828 afflietus
1241 1807 1266 1826 et
1285 1801 1335 1826 fra·
1397 1801 1454 1827 fera
1477 1802 1617 1828 hominum
1641 1800 1747 1835 peciora
1772 1801 1936 1834 fragescunt,
1953 1802 2035 1828 donec
2053 1803 2110 1828 vim
2131 1803 2303 1836 persenserint
2323 1803 2427 1837 imperi·

299 1842 356 1868 eius
378 1841 431 1867 Cic.
446 1842 500 1866 Att.
514 1849 551 1871 12,
562 1849 603 1866 22.
698 1841 794 1866 Animo
807 1839 893 1866 stadio
905 1845 983 1873 atque
996 1839 1094 1864 afflicto
1106 1837 1181 1872 loqui
1199 1836 1273 1863 Idem
1286 1844 1334 1869 pro
1349 1843 1382 1870 45
1400 1835 1471 1862 Idem
1485 1836 1627 1868 Eurysace,
1646 1836 1792 1868 Nunquam
1805 1836 1857 1861 erit
1870 1841 1923 1862 tam
1937 1836 2075 1868 immanis,
2093 1845 2175 1871 quum
2186 1845 2244 1863 mea
2255 1846 2336 1873 opera
2346 1838 2412 1865 exsti

297 1877 386 1903 Domo
401 1883 436 1909 97
450 1884 470 1902 c.
484 1877 523 1906 36.
639 1875 737 1900 Animo
757 1874 843 1900 fracto
862 1880 887 1900 et
906 1874 1013 1900 demiffo
1032 1874 1080 1899 ess'e
1114 1874 1171 1899 Cic.
1190 1873 1261 1898 Fam.
1278 1880 1297 1902 1,
1310 1879 1336 1903 9.
1397 1871 1470 1898 &um
1484 1871 1561 1903 sciet,
1581 1872 1628 1906 qui
1642 1871 1777 1904 fragescat.
1814 1870 1887 1906 Conf.
1901 1877 2033 1898 FRACEO.
2422 1892 2425 1896 ,

299 1912 397 1939 Animo
420 1909 506 1937 fraelo
530 1914 556 1935 et
574 1907 712 1935 debilitata
733 1908 831 1934 virtute
845 1909 892 1933 esse
911 1908 983 1933 Idem
996 1908 1052 1940 post
1065 1907 1144 1933 redit.
1159 1908 1187 1932 in
1201 1908 1284 1932 Senat.
1298 1914 1334 1937 ¹9·
1434 1912 1577 1932 FRAGls
1587 1912 1605 1932 c
1619 1912 1638 1932 ο
1649 1925 1657 1937 ,
1696 1908 1750 1932 ἕπε.
1788 1905 1865 1932 Idem.
1900 1906 2030 1933 Laudatur
2060 1907 2153 1933 Pacuu.
2187 1908 2314 1942 Fragiscit
2339 1909 2410 1936 anim
2424 1910 2429 1916 ⁴

300 1948 418 1975 Annulus
438 1953 530 1972 aureus
552 1943 650 1970 fraehts
672 1950 698 1970 et
720 1943 896 1969 comminutus
923 1942 978 1967 Cic.
992 1943 1070 1967 Verr.
1085 1950 1110 1974 4,
1125 1943 1164 1973 56.
1269 1941 1336 1965 Crus
1397 1940 1521 1965 miseriis.
2435 1947 2438 1954 ι

298 1984 367 2010 Hor.
380 1982 456 2015 Epist.
473 1989 492 2013 1,
507 1986 531 2010 18
544 1983 554 2011 (
563 1983 606 2014 ¹7)
623 1987 661 2012 59.
732 1978 819 2005 Dolor
836 1978 893 2004 Sen.
907 1977 986 2003 Herc.
999 1977 1091 2010 Oct.7.
1162 1975 1263 2001 Domus
1277 1982 1339 1999 con·
1435 1980 1509 2000 FRA
1520 1972 1563 2000 εἴ
1573 1980 1628 2000 Lis
1639 1993 1647 2005 ,
1665 1982 1688 1999 e.
1727 1972 1789 1999 Adi.
1825 1973 1967 2008 [θραυςδς]
2003 1974 2140 2007 caducum,
2160 1975 2251 2010 debile,
2273 1968 2338 2014 quod
2359 1967 2440 2016 facili

298 2018 370 2045 ieelu
384 2017 500 2052 lapidum
512 2015 593 2041 fraeta
613 2016 668 2042 Cic.
681 2016 733 2041 Att.
748 2024 776 2047 4,
789 2022 809 2045 3.
917 2012 1047 2039 Dt1&ores
1058 2011 1138 2038 stadii
1158 2009 1231 2037 bello
1263 2010 1337 2043 Virg.
1357 2007 1490 2045 50srangi
1497 2007 1587 2044 pottst.
1622 2009 1677 2035 Cic.
1689 2007 1723 2035 de
1737 2008 1843 2035 Amicit.
1858 2017 1903 2035 102
1924 2009 1971 2035 Sed
1985 2010 2112 2044 quoniam
2131 2019 2172 2037 res
2190 2012 2318 2040 humanae
2333 2015 2440 2050 fragiles

299 2055 366 2081 Aen.
380 2062 405 2088 2,
418 2061 451 2084 13.
521 2050 626 2077 Fluctus
640 2050 718 2076 fraffi
736 2050 803 2075 Hor.
816 2049 903 2075 Carm.
917 2056 942 2080 2,
957 2056 994 2080 14,
1007 2056 1045 2081 14.
1153 2046 1269 2072 Foedera
1292 2045 1338 2071 Sil.
1402 2045 1567 2079 caducaeque
1584 2045 1651 2071 funt.
1721 2043 1787 2070 Plin.
1801 2044 1893 2078 Paneg.
1906 2052 1938 2079 37
1946 2052 1990 2080 pr.
2097 2046 2183 2074 Omne
2200 2056 2294 2075 aeuum
2314 2055 2342 2077 et
2360 2050 2440 2078 breue

302 2097 341 2124 17,
356 2097 408 2121 350.
480 2087 610 2113 Fluminis
623 2085 701 2112 fraffl
714 2084 796 2111 vndae
820 2085 917 2110 Lucan.
932 2091 1017 2114 1‚222.
1087 2082 1173 2108 Furor
1192 2081 1237 2107 Sil.
1251 2088 1277 2114 7,
1286 2088 1340 2113 253.
1401 2085 1426 2105 et
1439 2080 1535 2114 fragile
1549 2079 1594 2106 est.
1665 2079 1747 2106 Aluus
1760 2079 1936 2114 fragilissimus
1955 2081 2015 2107 Ace.
2029 2087 2068 2117 ap.
2082 2081 2154 2108 Non.
2168 2091 2191 2115 3,
2203 2092 2238 2110 21.
2257 2084 2291 2110 ad
2303 2095 2386 2111 nauem
2400 2090 2438 2113 m·-

301 2124 440 2159 Postquam
454 2123 522 2149 Gens
537 2121 675 2149 hominum
687 2120 814 2152 fractior,
837 2124 863 2145 et
879 2117 1013 2144 infirmior
1024 2117 1111 2150 eoepit
1124 2116 1210 2142 nostra
1231 2117 1277 2154 esse
1296 2123 1340 2140 na·
1400 2114 1473 2141 detur
1481 2118 1616 2150 pertinere.
1724 2115 1794 2141 Anni
1806 2115 1931 2150 fragiles,
1951 2122 1976 2143 et
1989 2117 2104 2144 interior
2117 2125 2186 2145 aetas
2222 2119 2302 2147 Ouid.
2315 2121 2399 2148 Trist.
2411 2130 2433 2156 4
2475 2137 2478 2144 ,

302 2165 362 2187 tura
377 2158 475 2185 Arnob.
491 2166 503 2184 2
509 2158 557 2193 sub
561 2157 612 2193 fin.
715 2157 806 2182 Homo
817 2153 915 2181 stadius
930 2158 955 2179 et
969 2160 1050 2187 prope
1063 2151 1193 2185 diffipatus
1213 2151 1269 2176 Cic.
1283 2149 1339 2183 post
1403 2154 1439 2180 83·
1555 2150 1657 2176 Bonum
1676 2150 1750 2176 Idem
1764 2150 1795 2176 de
1807 2152 1870 2177 Arte
1884 2152 1942 2177 Am.
1957 2161 1981 2184 2,
1996 2161 2042 2184 113.
2115 2154 2207 2181 Cicuta
2228 2155 2301 2189 Virg.
2314 2156 2364 2182 Ecl.
2376 2166 2385 2171 ’
2402 2142 2441 2191 85·,
2477 2152 2479 2177 Ῑ

302 2194 360 2226 red.
373 2195 401 2220 in
412 2194 496 2220 Senat.
511 2201 547 2223 23.
651 2192 737 2218 Nauis
757 2192 825 2217 Hor.
840 2190 872 2216 de
886 2190 947 2215 Arte
956 2189 1074 2214 Poenzo.
1147 2186 1253 2212 Nomen
1262 2186 1341 2210 Grae·
1358 2189 1387 2215 55
1402 2184 1508 2223 Corpus¹
1519 2184 1611 2218 fragile
1625 2190 1649 2209 et
1663 2185 1789 2211 caducum
1809 2186 1865 2212 Cic.
1879 2186 1911 2212 de
1923 2187 2013 2221 Legib,
2024 2196 2045 2220 1,
2056 2196 2102 2222 24.
2217 2190 2337 2225 Corpore
2349 2174 2436 2220 inaffi:
2470 2177 2479 2223 Ε

304 2231 358 2256 ciac
373 2228 485 2255 fraelum
497 2234 522 2253 et
535 2226 700 2253 debilitatum
720 2227 776 2253 Cic.
789 2234 838 2260 pro
852 2224 933 2251 Flacc.
950 2226 988 2250 62.
1104 2222 1140 2248 Vt
1159 2222 1228 2255 Opes
1244 2219 1340 2246 fractae
1403 2218 1452 2252 gili
1464 2219 1555 2244 odiosa
1569 2220 1655 2245 omnis
1670 2218 1778 2245 offenfio
1790 2220 1826 2245 est
1866 2222 1923 2246 Cic.
1938 2221 1970 2247 de
1985 2222 2084 2249 Sene&
2097 2225 2136 2254 63.
2232 2225 2333 2252 Glacies
2356 2227 2424 2254 Ouid
2473 2229 2479 2244 ⁴

303 2263 445 2292 Teucrsuu
460 2269 485 2290 et
497 2263 603 2289 fortuna
615 2262 711 2288 receffit
734 2262 809 2294 Virg.
822 2262 884 2286 Aen.
898 2269 916 2291 3,
932 2268 967 2292 53.
1073 2257 1192 2283 Partibus
1210 2255 1342 2294 Brutianis
1404 2254 1436 2294 de
1449 2254 1511 2280 Arte
1525 2255 1582 2280 Am.
1597 2263 1617 2287 1,
1630 2261 1690 2288 374.
1797 2255 1865 2281 Vrbs
1878 2256 2041 2289 fragilissimo
2049 2257 2139 2284 Lateri
2153 2266 2319 2294 comparatur
2329 2261 2433 2290 merom

304 2300 396 2328 sraelis
414 2300 510 2326 Patere.
525 2307 547 2330 2,
560 2305 606 2332 74,
620 2306 638 2323 1.
754 2296 954 2325 pronuntiatio,
986 2296 1004 2319 i.
1025 2294 1161 2323 Eun-uam,
1179 2293 1274 2323 mollis,
1288 2296 1343 2326 Jrc-
1405 2297 1433 2329 1n
1447 2288 1541 2329 Ezech.
1555 2298 1577 2315 c.
1591 2298 1617 2322 4.
1705 2289 1781 2323 Virg.
1795 2290 1847 2316 Ecl.
1864 2294 1887 2322 8,
1902 2295 1932 2320 82
1956 2291 2051 2326 Sparge
2066 2292 2163 2319 molam
2175 2299 2201 2320 et
2214 2295 2320 2331 fragiles
2333 2297 2433 2330 infflffle
2476 2318 2479 2324 ⁴

304 2340 361 2363 nica
379 2335 445 2362 Plin.
459 2333 537 2368 Epist.
552 2342 575 2365 2,
590 2341 629 2366 14,
641 2341 674 2358 12.
763 2331 841 2357 Ratio
854 2331 951 2361 fracta,
970 2329 1037 2364 apud
1054 2328 1184 2361 Qninffil.
1206 2327 1277 2353 Dccl.
1299 2328 1341 2351 261
1404 2324 1535 2351 bitumine
1547 2325 1655 2351 Lauros.
1670 2327 1688 2350 i.
1702 2327 1851 2359 crepitantes
1865 2325 2017 2361 inflamma,
2033 2334 2058 2353 et
2072 2328 2161 2361 sonum
2183 2330 2251 2364 quast
2273 2334 2340 2368 [igm—
2352 2331 2438 2368 fram

304 2382 329 2406 p.
344 2378 402 2404 489.
421 2373 439 2396 i.
465 2368 585 2396 Turbata.
627 2367 685 2393 Vici.
703 2367 789 2393 Rurm.
896 2365 977 2391 Plaut.
992 2364 1055 2389 Pers,
1071 2375 1097 2397 4,
1111 2373 1137 2396 4,
1152 2371 1193 2394 ¹03
1213 2363 1282 2389 Nam
1297 2360 1341 2387 etsi
1357 2362 1391 2387 60
1405 2360 1508 2386 edentes.
1550 2360 1607 2387 Vid.
1620 2370 1675 2386 mox
1689 2360 1794 2386 Sonitus
1808 2361 1924 2395 fragiles.
2030 2361 2178 2388 Mortalitas
2190 2364 2292 2398 fragilis
2303 2373 2329 2392 et
2342 2367 2440 2394 labori-

306 2408 356 2433 Res
381 2407 438 2432 sunt
461 2404 575 2435 fracffae,
596 2403 674 2429 amici
699 2403 755 2429 sunt
771 2408 864 2428 tamen.
970 2400 1107 2433 Postquam
1122 2398 1208 2425 omnis
1223 2399 1272 2424 Res
1285 2404 1344 2422 mea
1404 2396 1448 2422 osa
1466 2395 1531 2421 Plin.
1545 2404 1567 2428 2,
1580 2404 1607 2428 4.
1711 2395 1785 2422 Muri
1803 2395 1894 2423 Claud.
1908 2396 1940 2422 de
1954 2396 1983 2422 B.
1997 2396 2055 2423 Get.
2069 2405 2125 2429 214.
2194 2399 2271 2426 Rami
2296 2401 2367 2435 Virg.
2382 2401 2435 2428 Ecl.
2459 2393 2463 2398 ⁶

303 2443 397 2469 Ianum
411 2440 451 2467 Ad
463 2439 580 2466 medium
595 2438 676 2464 fracta
690 2438 741 2470 est,
759 2437 844 2464 aliena
857 2435 964 2470 negotia
981 2443 1045 2461 curo
1064 2435 1159 2460 Horat.
1172 2434 1222 2460 Sat.
1241 2441 1266 2465 2,
1279 2437 1344 2466 3,18.
1404 2436 1428 2463 8,
1441 2439 1486 2463 40.
1591 2431 1640 2457 Res
1661 2429 1790 2457 humanae
1815 2431 1922 2466 fragiles
1934 2430 2100 2467 caducaeque
2112 2433 2170 2459 sunt
2206 2432 2261 2462 Cie'.
2280 2435 2311 2462 de
2330 2436 2436 2464 Amicit.

303 2476 436 2512 Sapientia
451 2474 531 2501 fra&a
545 2473 617 2500 cadet
647 2473 729 2499 Ouid.
744 2472 828 2498 Trist.
844 2480 867 2504 ς,
882 2480 916 2502 12,
930 2479 966 2502 14.
1055 2470 1161 2495 Sonitus
1174 2469 1272 2495 stadios
1285 2467 1344 2493 imi-
1405 2474 1450 2492 102
1465 2475 1486 2492 c.
1501 2473 1539 2499 27.
1611 2466 1715 2493 Sonitus
1726 2467 1833 2502 fragiles
1846 2467 1994 2494 chartarum
2015 2468 2119 2495 Luci-et.
2133 2470 2159 2500 6,
2173 2476 2217 2496 111.
2233 2469 2285 2496 vid.
2297 2471 2364 2498 modo
2372 2472 2438 2498 Lau-

304 2519 356 2539 tata
370 2520 422 2538 vox
435 2510 558 2537 tubarum
577 2509 652 2542 Virg.
666 2509 762 2541 Georg.
778 2516 806 2540 4,
821 2515 860 2541 72.
930 2507 985 2532 Cic.
1001 2504 1033 2530 de
1046 2505 1152 2530 Amicit.
1167 2513 1197 2537 59
1210 2514 1231 2530 c.
1247 2506 1274 2529 16
1288 2504 1343 2529 Sae-
1405 2510 1447 2528 ros
1461 2501 1575 2534 fragiles.
1670 2502 1744 2528 Vitri
1764 2502 1844 2528 modo
1859 2503 1962 2537 fragilis
1987 2502 2051 2530 Plin.
2068 2512 2106 2536 12,
2117 2508 2157 2533 28.
2247 2505 2307 2531 Vita
2319 2506 2440 2540 stagnio„

307 2557 338 2583 pe
353 2548 424 2574 enim
438 2547 466 2572 in
479 2544 636 2580 quibusdam
649 2549 694 2569 aut
707 2544 811 2569 animus
822 2541 952 2568 abiectior
970 2540 1022 2572 est,
1042 2547 1086 2566 aut
1106 2541 1165 2574 Spes
1185 2538 1343 2573 amplificati·
1359 2541 1390 2572 65
1406 2537 1472 2563 Plin.
1486 2536 1566 2571 praef.
1584 2536 1600 2562 Ι.
1614 2545 1636 2568 7.
1743 2538 1799 2564 Cic.
1812 2537 1844 2563 de
1856 2538 1913 2564 Fin.
1928 2546 1961 2570 2,
1975 2540 2004 2567 86
2040 2539 2107 2572 Quis
2125 2538 2197 2565 enim
2214 2538 2323 2566 confidit
2342 2540 2441 2576 semper

307 2584 354 2610 dae
368 2583 490 2609 fortunae
504 2580 625 2607 fractior.
742 2578 818 2603 Vires
836 2577 909 2610 Virg.
921 2577 984 2602 Aen.
1000 2585 1022 2607 ε’,
1038 2583 1092 2609 170.
1165 2575 1257 2600 Virtus
1278 2574 1344 2600 Hor.
1407 2572 1456 2599 fibi
1469 2573 1534 2599 illud
1550 2572 1642 2599 stabile
1655 2578 1680 2598 et
1695 2571 1801 2599 firmum
1814 2573 2020 2607 permansurum,
2028 2573 2099 2607 quod
2112 2574 2206 2608 fragile
2217 2579 2243 2600 et
2256 2575 2382 2603 caducum
2396 2577 2441 2604 fit!

307 2620 395 2646 Carni.
411 2625 435 2649 2,
448 2626 475 2651 7,
489 2624 520 2642 11.
590 2616 673 2641 Voces
686 2613 716 2640 ad
731 2613 808 2639 litora
822 2612 919 2638 fraetae
941 2611 1013 2644 Virg.
1028 2611 1092 2636 Aen.
1107 2619 1129 2641 3,
1145 2611 1198 2642 536.
1288 2608 1344 2634 Cic.
1408 2608 1511 2642 Fragile
1523 2607 1644 2634 dentibus
1663 2608 1728 2634 Plin.
1744 2617 1779 2640 12,
1792 2614 1815 2637 8.
1920 2607 1987 2634 Geli.
2001 2611 2027 2641 6,
2043 2617 2052 2635 1
2072 2608 2188 2642 Ictibus,
2203 2609 2439 2647 offensionibusque

308 2655 340 2681 de
362 2654 432 2680 Clar.
451 2653 526 2678 Orat.
545 2652 593 2679 286
618 2651 652 2675 At
673 2648 738 2683 quid
755 2648 791 2674 est
803 2654 854 2674 tam
869 2646 1000 2677 fraehxm,
1020 2652 1070 2671 tam
1084 2646 1233 2675 minutum,
1252 2650 1304 2669 tam
1319 2643 1348 2669 in
1406 2644 1494 2677 paruis
1508 2642 1610 2676 fragile.
1714 2643 1780 2669 Plin.
1794 2652 1831 2676 12,
1842 2651 1859 2677 7
1877 2643 1918 2669 Est
1930 2643 2009 2670 etiam
2023 2644 2051 2670 in
2064 2643 2139 2671 India
2151 2645 2250 2680 piperis
2262 2647 2336 2681 grani
2351 2647 2430 2676 fimile

306 2690 360 2724 ipsa
375 2692 471 2721 (quam
484 2693 571 2712 tamen
586 2684 769 2718 consequitur)
785 2683 961 2709 concinnitate
974 2681 1075 2715 puerile
1091 2682 1100 2707 ἒ
1293 2675 1314 2716 ff
1334 2687 1346 2704 ε
1408 2677 1479 2712 quod
1492 2684 1601 2704 vocatur
1614 2677 1811 2711 gariophyllon,
1819 2678 1941 2713 grandius
1954 2679 2135 2714 fragiliusque.
2238 2682 2332 2717 Sugperl.
2353 2682 2410 2710 Aeti
2420 2667 2453 2707 ἐν

308 2727 339 2751 In
354 2724 427 2749 Codd.
441 2722 515 2749 MSS.
531 2719 651 2755 confundi
660 2719 740 2755 solere
753 2719 859 2745 Fraeius
872 2725 895 2744 et
907 2718 1023 2744 Tractus
1032 2736 1040 2749 ,
1061 2716 1170 2752 obstruat
1183 2713 1391 2744 Drakenb.ad70
1408 2723 1422 2740 a
1441 2713 1474 2739 ud
1485 2713 1607 2740 Priscian.
1621 2716 1637 2739 6
1651 2722 1675 2747 p.
1690 2718 1735 2748 718
1748 2720 1812 2740 extr.
1829 2715 1863 2740 Vt
1876 2723 1954 2748 quam
1967 2714 2145 2749 fragilissimus
2157 2715 2239 2743 aluus.
2280 2717 2329 2744 Sed
2341 2720 2391 2745 iam
2404 2723 2408 2726 ²
2425 2742 2428 2744 ,
2456 2717 2478 2742 ’ὦ

306 2760 353 2787 Sil·
368 2769 390 2791 39
404 2765 441 2790 55-
1426 2753 1488 2775 imus
1500 2749 1544 2775 hoc
1555 2749 1633 2784 'Pfi‘m
1638 2749 1812 2784 fragmentum
1823 2758 1852 2775 ex
1866 2749 1937 2776 Non.
1951 2758 1979 2782 3,
1991 2758 2029 2777 21.
2224 2749 2246 2788 fl
2271 2760 2285 2778 2
2322 2747 2408 2788 Fragii
2460 2779 2463 2783 .

344 2800 360 2820 F
370 2801 389 2820 R
399 2801 419 2819 Α
432 2798 448 2818 c
459 2797 526 2818 ‘rio
536 2810 542 2821 ‚
558 2790 625 2816 onis.
645 2789 665 2816 f.
701 2788 778 2824 Apud
793 2788 875 2814 Plaut.
912 2807 918 2813 .
956 2806 962 2813 .
1001 2806 1008 2813 .
1406 2791 1452 2820 pro
1467 2784 1556 2816 Molli,
1573 2784 1688 2818 pudico,
1710 2787 1754 2819 qui
1763 2785 1889 2811 muliebria
1897 2788 2008 2820 patitur.
2042 2785 2109 2812 Hor.
2123 2786 2204 2813 Serm.
2218 2795 2243 2819 1,
2256 2791 2285 2819 8,
2298 2796 2330 2821 39
2350 2788 2439 2822 Iuliu‘f,

346 2835 362 2855 F
372 2836 391 2855 R
402 2836 422 2854 Α
433 2833 450 2854 c
460 2834 481 2853 Τ
491 2833 510 2853 0
519 2833 536 2852 R
546 2845 553 2857 ‚
570 2826 634 2851 oris.
653 2833 689 2851 m.
725 2824 803 2850 Gloss.
819 2824 863 2850 Gr.
878 2822 935 2848 Lat.
948 2822 1056 2853 κλοίςης,
1077 2820 1187 2848 fraGtor.
1224 2820 1313 2847 Sidon.
1326 2829 1347 2852 3,
1409 2826 1434 2846 et
1449 2819 1551 2853 fragilis
1564 2819 1692 2849 Pediatia,
1708 2823 1727 2845 i.
1740 2820 1867 2847 Pediatius
1880 2821 1975 2853 mollis,
1986 2821 2122 2856 pathicus,
2148 2829 2176 2848 vt
2192 2825 2373 2856 interpretatur

312 2874 337 2897 13
357 2863 464 2891 Praetor
478 2861 640 2893 ferularum,
658 2860 686 2885 de
701 2858 820 2893 Parasito,
840 2861 882 2894 qui
895 2864 917 2884 et
930 2857 1072 2884 vesicarum
1084 2863 1188 2891 ruptor,
1196 2861 1237 2892 qui
1252 2866 1266 2883 a
1276 2864 1347 2892 pctu-
1413 2856 1467 2881 Vet.
1483 2855 1560 2882 Schol.
1574 2855 1715 2880 Lambinus.
1911 2855 1931 2892 q
1947 2864 1960 2888 3
1998 2857 2113 2890 Fragile,
2130 2856 2314 2885 aduerbialiter.
2349 2861 2391 2887 Pal
2403 2859 2448 2888 ad„

308 2900 418 2928 lantibus
431 2900 542 2925 conuiuis
555 2897 598 2923 hoc
606 2899 715 2931 patitur.
770 2895 827 2920 11⁷1'd.
844 2899 1015 2920 FRANGERF.
1031 2892 1136 2918 ferulas.
1365 2893 1398 2922 75
1408 2891 1485 2917 Mart.
1506 2895 1523 2916 t.
1539 2898 1548 2916 1
1582 2890 1626 2916 Ne
1658 2895 1745 2917 motus
1774 2890 1870 2926 aliquis
1900 2891 1995 2927 fragile
2023 2891 2186 2927 procedentis
2207 2892 2331 2921 sarmenti
2349 2896 2443 2930 quass'oe

348 2941 365 2962 F
380 2942 424 2961 RA
434 2939 480 2961 cT
490 2940 500 2958 1
510 2938 612 2959 LLVM
623 2950 631 2963 ‚
651 2930 670 2957 i.
690 2939 716 2957 n.
752 2929 954 2957 Instrumentum
969 2928 1002 2955 ad
1020 2927 1193 2963 frangendum
1210 2928 1301 2962 piper,
1320 2930 1347 2953 in
1405 2931 1526 2953 aetatem.
1990 2937 1994 2943 -

308 2971 388 2998 Glofl'.
404 2968 495 2996 ffidor,
1447 2966 1464 2986 F
1475 2967 1492 2987 R
1505 2967 1525 2986 A
1534 2965 1599 2987 G11.
1611 2958 1623 2987 ἲ
1632 2967 1683 2987 ΤΑ
1692 2967 1721 2993 s,
1741 2961 1800 2988 atis.
1818 2961 1838 2988 f.
1863 2961 1910 2993 [τό
1925 2960 2072 2997 &Quos-ov]
2107 2961 2232 2989 Debilitas
2244 2969 2268 2990 et
2278 2964 2442 2994 imbecillitas.

346 3012 420 3033 FRA
430 3011 446 3031 C
456 3009 580 3035 TVRA,
600 3010 637 3028 ae.
657 3001 677 3026 f.
713 2999 834 3035 [xxvia-15,
851 3000 969 3034 ἃραῧσις]
1007 2998 1072 3025 Ρ1111.
1086 3007 1129 3032 29,
1142 3000 1160 3025 6
1185 2999 1250 3025 Item
1262 2999 1348 3024 minu·
1408 2996 1473 3023 Plin.
1488 2995 1565 3030 Epist.
1579 3004 1600 3027 3,
1613 3003 1629 3030 7
1649 2996 1716 3022 Illud
1730 2997 1811 3023 etiam
1822 2995 1954 3027 notabile,
1970 2996 2079 3022 vltimus
2093 3004 2124 3022 ex
2137 2997 2298 3026 Neronianis
2318 3001 2442 3028 Consula-
2458 3009 2459 3013 ¹

310 3047 352 3069 tae
366 3047 391 3068 et
405 3040 471 3066 latae
486 3038 609 3065 fracturis
620 3037 725 3063 aurium
746 3036 889 3062 illinuntur
910 3044 968 3061 cum
994 3035 1079 3061 melle.
1174 3034 1246 3060 Idem
1261 3043 1307 3065 22,
1327 3038 1350 3063 8,
1410 3031 1484 3058 ribus
1498 3031 1584 3062 obiit,
1603 3040 1657 3065 quo
1671 3032 1784 3058 Consule
1797 3032 1872 3058 Nero
1891 3031 1990 3066 periit:
2025 3031 2097 3065 quod
2114 3041 2156 3058 me
2174 3033 2354 3062 recordantem
2391 3037 2442 3064 fra.
2456 3058 2457 3062 ,

310 3078 379 3104 Idem
410 3075 475 3111 quod
511 3075 690 3110 Fragmentum.
770 3071 836 3098 Plin.
858 3079 897 3103 33,
919 3080 938 3104 4
959 3069 982 3106 §.
1006 3078 1034 3096 21
1071 3069 1203 3096 Praeturis
1236 3069 1287 3096 CL.
1319 3069 1350 3094 li-
1365 3069 1397 3095 80
1411 3067 1521 3102 gilitatis
1536 3066 1664 3106 humanae
1677 3067 1812 3093 miseratio
1825 3067 1902 3093 subit.
1993 3066 2162 3094 Imbecillitas
2182 3075 2207 3095 et
2226 3069 2352 3104 fragilitas
2361 3056 2442 3106 ’gene-
2456 3054 2465 3096 1'

307 3113 367 3140 bras
381 3110 526 3145 agentibus.
1411 3103 1448 3130 ris
1461 3102 1572 3128 humani
1590 3102 1646 3128 Cic.
1662 3101 1745 3127 Ture.
1758 3110 1781 3134 ς,
1796 3111 1807 3134 3
1821 3111 1842 3128 c.
1851 3111 1869 3128 1.
1939 3101 2098 3135 Fragilitatis
2112 3102 2240 3131 humanae
2254 3115 2357 3134 memor
2373 3107 2440 3134 Plin.

351 3153 367 3174 F
377 3155 396 3174 R
405 3153 455 3173 AG
465 3153 488 3172 M
497 3151 513 3171 E
523 3150 544 3169 Ν
553 3164 562 3176 ,
581 3143 641 3170 i'nis.
658 3152 684 3169 n.
721 3141 860 3175 [κλάσμα,
880 3138 968 3174 datum,
986 3140 1090 3175 θραύμα
1098 3160 1107 3174 ‚
1125 3137 1288 3173 σκίγδαλμος]
1308 3135 1350 3171 Est
1411 3146 1438 3172 7,
1451 3145 1468 3172 7
1480 3137 1513 3164 ad
1517 3136 1567 3172 fin.
1638 3136 1757 3163 Naturae
1768 3136 1913 3163 communis
1927 3136 2055 3170 fragilitas
2074 3138 2128 3164 Cic.
2142 3148 2190 3173 pro
2203 3141 2320 3168 Marcell.
2332 3150 2362 3174 23
2382 3152 2402 3169 e.
2415 3151 2442 3176 9⁵

313 3185 502 3219 Fragmentum,
520 3180 564 3215 seu
573 3186 635 3214 pars
644 3177 748 3214 frablae
761 3181 806 3204 rei.
841 3176 916 3210 Virg.
929 3178 993 3202 Aen.
1010 3185 1050 3208 12,
1063 3186 1090 3209 4¹
1128 3191 1173 3195 —
1209 3175 1291 3201 Fulua
1310 3182 1350 3200 re·
1410 3173 1475 3200 Plin.
1492 3181 1533 3205 34,
1546 3180 1573 3205 14
1592 3171 1735 3198 Tenuiora
1747 3173 1904 3200 ferramenta
1916 3172 1978 3198 oleo
1990 3172 2115 3208 restingui
2131 3184 2188 3201 mos
2201 3175 2252 3209 est,
2276 3185 2309 3204 ne
2328 3186 2395 3213 aqua
2413 3177 2441 3206 in

312 3218 447 3253 splendent
461 3215 589 3249 fragmina
604 3223 689 3240 arena.
802 3211 932 3239 Columel.
948 3220 974 3244 9,
989 3219 1013 3244 ις
1033 3212 1096 3237 Mox
1109 3210 1204 3237 deinde
1218 3209 1349 3244 fragmina
1408 3208 1578 3244 fragilitatem
1592 3207 1730 3234 durentur.
2432 3220 2435 3222 -

313 3255 448 3284 fanorum,
463 3260 529 3286 quac
542 3250 569 3276 in
582 3250 652 3275 sacco
666 3249 855 3280 remanserunt,
873 3247 1011 3274 retraetata
1024 3246 1215 3280 exprimuntur.
1271 3246 1349 3271 Grac·
1365 3243 1395 3273 85
1447 3250 1464 3270 F
1476 3251 1494 3271 R
1504 3251 1525 3270 Α
1535 3249 1555 3270 G
1567 3249 1577 3268 1
1587 3249 1658 3274 VM,
1678 3242 1696 3268 i.
1715 3251 1742 3268 n.
1777 3242 1854 3277 Apul.
1874 3242 1938 3268 Met.
1958 3251 1974 3275 9
1991 3251 2016 3277 p.
2038 3246 2084 3276 368
2112 3245 2226 3273 Crux-um
2248 3246 2306 3273 eius
2326 3248 2449 3284 fragium

314 3290 376 3316 chus
390 3288 520 3322 fragmine
534 3284 650 3312 subsellii
661 3284 728 3309 fietus
744 3283 811 3309 Vell.
826 3292 849 3315 2,
861 3291 884 3315 3,
898 3291 919 3309 2.
989 3282 1093 3309 Lucret.
1108 3290 1127 3313 1,
1140 3287 1184 3314 285
1211 3280 1349 3314 Fragmina
1409 3280 1569 3306 abominata.
1602 3277 1743 3312 Consuetius
1755 3276 1788 3311 ‘st
1804 3277 2007 3311 Crurifragium.
2044 3279 2085 3305 Sic
2181 3286 2182 3289 ¹
2204 3290 2207 3292 *
2439 3298 2442 3299 .

315 3325 458 3351 coniiciens
471 3322 593 3348 filuarum
602 3339 610 3351 ,
628 3318 782 3353 arbustaque
795 3324 859 3345 tota.
931 3317 1069 3351 Fragmina
1081 3317 1197 3351 lapidum
1212 3315 1281 3350 quati
1295 3324 1349 3341 are·
1445 3321 1461 3341 Ρ
1471 3322 1489 3341 R
1498 3322 1520 3342 Α
1529 3321 1549 3340 N
1559 3319 1578 3340 G
1590 3319 1650 3339 ιΒν
1662 3320 1677 3339 L
1687 3320 1707 3337 v
1716 3320 1738 3338 M
1764 3312 1906 3349 frange-ndi
1929 3312 2117 3346 injlrumentum
2136 3314 2217 3351 futffi
2232 3317 2389 3353 suspicamur
2410 3328 2440 3346 et
2456 3322 2457 3325 ’

315 3369 374 3386 nam
389 3358 527 3386 detrahere
546 3355 665 3382 scribon.
679 3362 730 3386 152.
804 3355 948 3380 Remorum
963 3354 1036 3387 Vin-g.
1054 3353 1118 3379 Aen.
1136 3360 1174 3383 10,
1189 3353 1245 3382 306.
1296 3351 1350 3377 Na·
1409 3348 1642 3383 Dentifrangibulo
1655 3355 1678 3374 et
1691 3347 1923 3380 Nucifrangibulo.
2456 3346 2457 3385 ζ

315 3395 384 3422 vigii
422 3393 504 3421 Ouid,
539 3392 604 3418 Met,
637 3397 668 3420 11,
701 3391 758 3422 560.
839 3388 911 3415 Ratis
924 3388 1046 3414 Neritiae
1067 3386 1146 3414 Ouid.
1162 3387 1226 3413 Met.
1242 3394 1282 3418 14,
1296 3388 1349 3417 563.
1451 3387 1625 3416 FRATER,
1644 3383 1701 3409 tris.
1723 3393 1756 3410 m.
1792 3380 1929 3417 [nidexoeo'g
1948 3385 2032 3417 κρίσις,
2050 3386 2202 3418 κασίγνητος,
2225 3387 2440 3422 αὐτοκασίγνητος]

316 3427 457 3465 Μὲῑαρὲον.
499 3426 576 3455 Prud.
602 3426 700 3458 Hymn.
726 3433 770 3457 10,
791 3429 830 3455 128
866 3424 998 3450 Generosa
1027 3423 1157 3457 fragmina
1192 3420 1221 3447 de
1251 3427 1351 3456 corpore
1364 3425 1400 3448 90
1412 3422 1448 3447 Ex
1460 3421 1547 3447 iisdem
1556 3419 1716 3455 parentibut,
1733 3419 1852 3444 alterutro
1866 3425 1927 3444 certe
1941 3426 2022 3447 natus.
2058 3421 2125 3447 Gell.
2140 3430 2173 3453 13,
2189 3431 2218 3448 10
2245 3423 2342 3450 Fratris
2355 3429 2441 3451 autem
2456 3434 2457 3444 l

314 3469 442 3498 martyris.
1412 3456 1586 3486 vocabulum,
1605 3455 1630 3482 Ρ.
1650 3453 1775 3488 Nigidius
1795 3452 1876 3479 homo
1893 3455 2008 3488 impense
2027 3455 2133 3489 doetus,
2153 3465 2206 3483 non
2226 3458 2313 3484 minus
2335 3460 2447 3494 arguto,

357 3506 372 3525 1³
381 3507 399 3525 R
409 3506 427 3525 Α
438 3506 514 3526 GME
524 3505 546 3525 N
557 3503 579 3524 Τ
591 3504 612 3523 V
622 3504 647 3523 Μ
656 3515 664 3528 ,
684 3495 702 3521 i.
722 3503 749 3520 n.
786 3492 986 3529 Idemfignfflcat
999 3503 1006 3518 :
1036 3492 1084 3529 sed
1113 3493 1241 3525 Fragmeu
1273 3500 1311 3516 ma
1330 3493 1354 3516 is
1413 3492 1556 3526 subtilique
1567 3488 1648 3521 ἔτύμῳ
1663 3489 1854 3522 interpretatur.
1899 3490 2006 3522 Frater,
2025 3490 2129 3526 inquit,
2148 3491 2233 3518 dictus
2246 3493 2281 3519 est
2293 3494 2362 3528 quasi
2376 3496 2439 3521 Fere

314 3537 436 3568 poeticum
456 3532 496 3565 est.
532 3532 642 3560 Carinae
656 3529 765 3557 coneda
777 3529 876 3556 lacerae
888 3529 1032 3563 fragmenta
1049 3529 1144 3554 Lucan.
1159 3534 1180 3556 8,
1195 3533 1249 3560 735.
1329 3534 1353 3551 a·
1414 3527 1488 3555 alter.
1559 3524 1645 3551 Eadem
1659 3522 1730 3550 Non.
1745 3532 1764 3555 1,
1779 3527 1827 3556 ¹56·
1896 3526 1927 3551 Ee
1945 3524 2025 3561 potest
2046 3526 2128 3553 videri
2149 3536 2174 3553 eo
2194 3527 2293 3562 “ffitfiffi’
2316 3530 2365 3565 iffi
2384 3530 2438 3556 Cic.

321 3570 375 3594 leae
388 3569 531 3601 fragmenta
550 3569 621 3594 Idem
636 3569 661 3599 6,
676 3573 726 3599 193.
820 3563 926 3598 Lapidis
940 3564 1114 3597 fragmentum
1152 3562 1207 3588 Cic.
1222 3562 1253 3587 de
1268 3561 1304 3588 N.
1318 3562 1350 3587 D.
1415 3562 1486 3588 Fam.
1501 3569 1525 3593 z,
1539 3568 1563 3593 ις
1575 3566 1637 3585 extr.
1653 3558 1681 3584 de
1692 3559 1821 3593 Q-sratre
1828 3559 1875 3595 suo
1892 3561 2015 3596 quuitur,
2033 3563 2121 3595 Quem
2138 3568 2225 3589 tamen
2244 3558 2269 3589 si*
2281 3564 2452 3598 reliquissem.

321 3612 348 3635 2,
363 3609 387 3631 81
408 3611 429 3628 c.
442 3612 479 3634 32.
550 3602 664 3629 Martial.
678 3606 699 3632 8,
713 3608 753 3635 57.
821 3599 896 3626 Panis
909 3599 1083 3632 fragmentum
1100 3598 1164 3624 Plin.
1179 3606 1204 3629 9,
1218 3601 1240 3626 8.
1303 3597 1347 3623 Ra·
1368 3596 1400 3623 95
1414 3598 1463 3631 (in
1472 3598 1618 3633 prouincia,
1638 3593 1687 3628 ipsi*
1699 3593 1832 3628 decedens)
1845 3595 1961 3622 dicerent
1975 3596 2080 3631 iniqui,
2100 3606 2152 3623 non
2167 3607 2208 3624 me
2228 3599 2303 3632 plane
2322 3600 2378 3634 post
2396 3609 2440 3627 an.

322 3647 380 3664 mea
393 3637 537 3670 fragmenta
554 3637 628 3671 Virg.
644 3638 741 3670 Georg.
754 3644 781 3668 4,
793 3643 852 3668 304.
955 3635 1091 3668 septorum
1106 3633 1280 3667 fragmentum
1296 3632 1352 3658 Cic.
1414 3641 1478 3659 num
1511 3645 1555 3651 —-
1591 3629 1622 3655 de
1636 3629 1771 3663 prouincia
1785 3630 1921 3662 deceffiffe,
1938 3632 2065 3666 quoniam
2077 3633 2188 3659 alterum
2208 3643 2250 3660 me
2272 3634 2449 3669 reliquissem-¹

321 3683 371 3710 pro
385 3673 452 3699 Sext.
467 3680 511 3706 79.
583 3674 648 3697 Hmc
658 3672 745 3707 paffim
760 3672 931 3705 Fragmenta,
947 3672 966 3696 i.
978 3670 1094 3705 reliquiae
1107 3678 1135 3695 cx
1149 3676 1257 3695 veterum
1270 3667 1352 3694 auffo-
1411 3668 1536 3694 Caeterum
1544 3664 1694 3700 probabilior
1703 3663 1735 3696 est
1749 3666 1825 3691 altera
1833 3666 1899 3692 Festi
1914 3668 2058 3703 etymologia
2070 3677 2085 3693 a
2098 3668 2188 3694 Graeco
2202 3669 2296 3704 φρήτωρ
2302 3669 2438 3705 swithulf.
2460 3689 2462 3693 .

319 3719 374 3736 rum
386 3708 458 3734 nbris
467 3726 474 3739 ,
492 3713 532 3741 ap.
552 3706 666 3732 Criticos.
1419 3703 1476 3729 Vid.
1485 3706 1662 3729 ΡΗΕΤΒΝΜ.
1734 3701 1851 3727 Fratrum
1864 3711 1970 3736 quoque
1982 3703 2064 3736 gratia
2076 3711 2134 3729 rara
2142 3703 2178 3729 est
2198 3704 2279 3731 Ouid.
2287 3697 2379 3737 Meni,
2388 3712 2438 3739 ¹4⁵·

359 3750 375 3770 F
387 3750 434 3770 RA
445 3749 464 3769 G
474 3748 535 3771 OR,
554 3741 617 3766 oris.
637 3750 672 3766 m.
701 3740 835 3800 ἆκτύκος]
870 3741 980 3771 Sonitus,
993 3742 1035 3775 qui
1049 3748 1077 3765 ex
1096 3738 1181 3765 arbore
1202 3744 1245 3764 aut
1264 3747 1290 3764 rc
1303 3738 1354 3764 alia
1414 3738 1496 3765 Plaut.
1511 3738 1588 3763 Poen.
1602 3742 1625 3766 ς,
1640 3743 1660 3766 ¹,
1676 3743 1703 3766 19
1721 3736 1793 3768 Qsid
1806 3736 1841 3762 est
1850 3756 1858 3768 ,
1879 3737 1967 3764 fratris
1980 3737 2033 3764 mei
2045 3743 2121 3771 gnate
2136 3739 2145 3764 ζ
2182 3739 2247 3773 quid
2268 3740 2308 3766 vis
2321 3741 2331 3765 ζ
2365 3743 2441 3774 εκρεέ

317 3778 411 3816 sraHa
425 3776 537 3804 redditur
551 3786 557 3799 .·
584 3774 713 3814 *estquefi'
728 3779 800 3814 {cium
813 3776 905 3810 asbno.
941 3775 1017 3809 Virg.
1030 3775 1126 3808 Georg.
1142 3782 1162 3803 1,
1177 3776 1222 3806 336
1247 3774 1277 3799 Et
1292 3772 1408 3804 hor-100
1415 3774 1451 3799 di.
1557 3770 1654 3796 Fratris
1667 3769 1720 3796 tilia
1740 3771 1804 3798 Plin.
1815 3772 1893 3806 Epist.
1906 3777 1927 3803 8,
1942 3781 1974 3799 11.
2078 3773 2131 3799 Cic.
2147 3774 2217 3800 Fam.
2233 3782 2258 3808 7,
2272 3783 2300 3801 10
2318 3776 2375 3802 Vna
2386 3783 2438 3801 me·
2462 3775 2463 3779 ’

324 3815 397 3842 fidus
410 3813 468 3840 altis
504 3809 640 3838 Mont1bus
655 3810 741 3835 audiri
756 3810 853 3843 fragor.
927 3811 975 3838 Vbi
995 3809 1100 3837 Seruius
1114 3820 1119 3835 :
1156 3808 1288 3836 Horridus
1302 3809 1353 3834 fra·
1412 3804 1518 3834 hercule
1537 3805 1623 3832 nostra
1645 3805 1686 3831 vel
1706 3807 1793 3834 seuera
1807 3808 1849 3833 vel
1863 3808 1949 3834 iocosa
1961 3806 2101 3841 congreffio
2116 3809 2197 3842 pluris
2211 3810 2276 3841 erit,
2295 3819 2374 3844 quam
2386 3817 2438 3836 non
2473 3814 2475 3817 ”

325 3859 381 3884 gor,
401 3848 515 3879 Sonitus,
528 3845 612 3880 qualis
627 3845 684 3870 ficri
697 3845 761 3870 solet
776 3854 807 3870 ex
820 3845 908 3876 aridis,
925 3855 1006 3880 quum
1021 3845 1185 3879 franguntur,
1203 3843 1352 3870 arboribus.
1412 3841 1492 3869 modu
1506 3840 1606 3873 hostes,
1626 3841 1668 3866 sed
1684 3842 1762 3868 etiam
1774 3843 1866 3869 fratres
1879 3842 1960 3870 nostri
1974 3842 2079 3875 Hedui,
2101 3845 2201 3870 fratres
2213 3845 2329 3880 appellati
2341 3847 2438 3880 ..Popu-

323 3886 385 3913 Liu.
401 3894 421 3916 1,
437 3893 467 3915 29
487 3883 586 3916 Fragor
606 3879 753 3911 πᾶσι-11111,
770 3888 837 3914 quae
860 3879 1037 3907 diruebantur.
1078 3914 1080 3917 Ι
1140 3875 1224 3906 G'raui
1247 3879 1353 3911 fragore
1409 3878 1434 3904 10
1446 3880 1562 3903 Romano.
1667 3876 1768 3904 Fratres
1781 3878 1924 3912 patrueles,
1934 3878 1996 3914 sunt
2007 3885 2087 3904 mutuo
2100 3879 2199 3905 duorum
2205 3880 2323 3914 fratrum
2333 3880 2388 3916 filit·
2412 3878 2437 3916 s

324 3920 445 3955 strepitus
465 3917 546 3945 Ouid.
562 3916 631 3954 Met,
641 3923 675 3946 11,
687 3916 741 3954 365.
846 3915 927 3941 Vocis
940 3915 1085 3943 horrendae
1098 3915 1188 3949 fragor
1208 3915 1264 3941 Sen.
1274 3915 1353 3941 Herc.
1407 3919 1560 3946 patruorum.
1597 3911 1652 3937 Cic.
1666 3921 1713 3946 pro
1728 3913 1775 3939 Cn.
1788 3912 1872 3939 Plane.
1886 3920 1918 3947 27
1948 3913 2000 3939 Hic
2024 3913 2059 3939 est
2080 3915 2160 3946 enim,
2176 3915 2222 3949 qui
2235 3901 2438 3941 adolescentu’lu·

324 3957 376 3984 fur.
389 3964 405 3989 9
418 3964 443 3981 v.
457 3961 514 3989 795.
587 3949 683 3978 Aridus
699 3951 773 3984 Virg.
787 3949 882 3983 Georg·
898 3958 918 3979 1.
932 3956 981 3982 358.
1023 3950 1081 3980 Vici.
1101 3955 1227 3978 ARmvs.
1290 3950 1470 3980 Cae-roseum
1493 3945 1562 3975 Aulo
1584 3945 1729 3982 Torquato
1745 3947 1880 3983 profeetus
1900 3949 1930 3977 in
1947 3948 2081 3983 Africam,
2100 3949 2132 3977 fic
2146 3949 2179 3976 ab
2192 3950 2242 3978 illo
2253 3950 2400 3986 grauiffimo
2413 3953 2438 3976 et

2278 3984 2438 4017 sancliffimo,
