2479 4225
14 137 225 220 *889¹
381 162 725 204 -HER
1553 163 1820 207 HER
2129 178 2207 224 390

63 255 155 286 Cleos,
173 251 202 278 id
213 252 249 279 est
263 253 349 287 gloria
365 253 408 280 vel
423 252 486 279 laus.
534 254 610 286 Qiae
622 261 704 287 porro
717 251 768 278 alia
782 250 819 277 est
832 249 899 276 a'e‘ris
912 247 1006 289 gloria,
1021 257 1099 289 quani
1164 250 1268 283 senem,
1285 250 1442 278 mulierem?
1475 253 1556 279 Plaiit.
1569 252 1637 279 Pers.
1653 261 1672 284 1,
1690 261 1711 285 3,
1725 255 1755 284 36
1784 256 1842 281 Hoc
1860 257 1914 284 iam
1934 258 1998 285 here
2017 262 2123 287 narraui
2143 261 2204 288 fibi,

40 289 46 297 “
64 287 131 317 Solis
148 288 312 315 illuminatio
326 289 335 315 3
370 289 436 315 Item
451 288 535 315 dislus
549 289 585 314 est
597 287 739 314 duodecim
754 287 855 312 labores
872 286 1022 315 contet-ilie,
1037 294 1099 318 quia
1164 286 1280 319 Propert.
1293 295 1319 318 2,
1334 295 1365 313 22
1380 294 1422 321 pr.
1442 288 1494 315 Scis
1510 288 1571 315 here
1586 286 1622 314 11ιῖ
1637 287 1730 314 multas
1744 290 1843 323 pariter
1856 293 1974 324 placuillc
1989 296 2096 328 put-llas,
2139 299 2195 324 (ju,-

62 325 105 352 Sol
121 333 206 350 annuo
219 325 304 356 cursu,
318 324 458 350 duodecim
471 324 540 359 tigna
553 324 661 350 Zodiaci
675 324 764 349 lustrat
777 328 802 348 et
816 320 929 347 conticit.
954 355 959 359 ι
1003 354 1008 359 .
1049 318 1069 355 Ἴ
1087 329 1099 345 2
1165 321 1227 347 here
1242 326 1312 356 quod
1328 321 1450 354 dederas,
1470 324 1566 356 hodie,
1583 333 1648 358 puer
1662 323 1748 356 Hyle,
1768 325 1865 358 negasti
1884 328 1997 354 Martial.
2013 341 2040 363 4,
2055 340 2080 365 7,
2133 317 2203 359 Τςγῖ

62 361 117 389 Iam
132 360 244 394 Epitheta
264 359 382 395 quaedam
401 360 502 391 damus,
521 360 608 396 quibus
627 357 890 392 &inscriptionibus
907 361 1022 394 antiquis
1041 355 1100 381 addi
1164 357 1230 384 Eun.
1247 365 1266 389 1,
1279 365 1303 387 2,
1317 362 1348 386 80
1369 358 1436 383 Heri
1451 359 1532 384 minas
1548 360 1644 394 viginti
1660 368 1708 393 pro
1721 360 1850 386 ambobus
1865 361 1932 388 dedi.
1985 364 2041 391 Cic.
2051 368 2103 392 Att.
2120 376 2152 399 13,
2167 376 2204 403 47

63 397 139 423 multa
150 393 262 429 pfflhm,
283 396 369 430 quibus
383 398 458 422 otium
472 393 514 428 qli.
569 394 697 420 Hercules
710 393 792 420 Bibax
806 399 832 418 et
846 390 1003 417 iiiultibibus
1015 401 1021 415 :
1047 391 1099 416 viil.
1120 400 1133 425 ς
1164 392 1278 426 Lepidus
1292 392 1323 418 ad
1337 392 1450 427 medic-ri
1467 395 1568 428 vesperi
1582 396 1671 422 literas
1685 395 1850 422 uiisitAntio.
1886 396 1926 423 Ab
1940 398 2007 425 Heri
2024 400 2057 433 est
2069 409 2204 430 ursimu-

64 430 179 459 Macrob.
193 430 294 457 Saturn.
312 439 333 463 ς,
349 440 374 457 zi
389 431 438 465 fin.
510 430 636 464 Clauiger
654 429 736 456 Ouid.
750 429 778 454 in
792 427 852 453 Ibin
871 434 921 458 255.
948 427 1027 466 (31111111ἱ
1036 430 1099 451 cuim
1164 434 1230 453 st
1241 450 1248 462 ,
1268 427 1296 453 dt·
1309 437 1354 463 quo
1366 428 1452 454 demde
1461 436 1484 464 J.
1498 431 1515 455 Ι,

62 464 182 494 vtebatur.
252 467 333 492 Diues
352 467 439 493 amico
454 466 569 492 Hercule
590 467 684 492 Horat.
699 465 780 491 Serni.
793 471 818 494 2,
832 464 857 492 6,
872 470 904 493 ¹3-
941 462 999 487 Vct.
1014 461 1098 487 beliol.
1200 470 1219 488 H
1232 469 1246 487 1-,·
1256 470 1272 487 R
1286 470 1292 488 1
1304 471 1376 496 uis,
1411 464 1464 490 vid.
1495 472 1515 490 ii
1526 472 1542 490 Ε
1554 472 1572 491 R
1582 472 1621 491 vs
1631 486 1637 492 .

65 500 147 532 Iden,
159 500 222 534 quia
236 501 363 529 thesauris
377 502 483 536 praeest.
521 502 552 527 Et
566 502 633 533 sunt,
642 501 688 535 qui
701 497 979 526 eundemlncubonem
994 506 1100 531 quoque
1200 505 1219 523 11
1232 498 1275 524 131³
1286 496 1323 523 1⁰1.
1337 505 1355 524 ν
1369 505 1398 530 S,
1419 499 1437 524 i.
1474 508 1508 525 in.
1547 503 1597 526 Rex
1609 499 1831 533 Praenestinorum.
1867 501 1963 537 Virgil.
1977 503 2042 530 Aen.
2055 510 2080 536 8,
2097 512 2139 538 533
2170 508 2202 535 Et

63 535 215 572 effexvelint.
257 538 331 564 Vnde
345 544 451 572 putant,
470 542 496 563 et
510 537 582 571 quod
595 545 636 562 res
649 535 742 562 rustica
758 534 786 559 in
799 533 881 559 tutela
895 533 951 558 eius
967 532 995 558 lit
1009 542 1013 557 z
1040 542 1099 559 naui
1163 543 1252 568 regem
1269 533 1315 560 hac
1330 534 1453 560 Heriluni
1471 534 1561 561 dextra
1581 535 1626 561 sub
1639 536 1755 563 Tartara
1775 537 1842 564 misi.

40 591 44 597 .
62 570 104 599 illi
116 571 242 598 sacrificia
259 573 371 599 reddunt
385 573 492 605 rustici,
513 581 594 607 quum
606 572 730 598 iuuencos
743 568 905 595 domuerint.
949 569 989 594 Sic
1001 569 1100 599 Pei-112,
1121 584 1148 601 ,ο
1167 579 1174 588 ·
1200 576 1316 595 11131111.
1330 576 1346 595 L
1358 577 1377 596 v
1388 576 1411 602 S,
1431 570 1449 595 i.
1470 579 1505 609 ¹.¹¹*
1532 568 1682 604 [Ἵίριλλος]
1720 572 1894 599 Chalcedonius·
1902 573 2076 609 philofhphus,
2099 575 2203 603 Zenonis

61 615 91 633 12
129 622 171 626 —
207 606 225 633 ὁ
246 608 264 634 fi
301 609 353 635 Sub
366 610 447 636 rastro
462 615 549 643 crepet
570 606 670 641 argenti
685 604 753 631 mihi
770 605 837 645 seria
855 603 950 629 dextro
977 604 1099 630 Hercule.
1163 604 1297 644 dryctpiiliis
1305 604 1382 640 ficit,
1401 605 1449 639 qui
1470 613 1498 631 111
1513 606 1666 639 cognitione
1687 612 1711 632 et
1726 607 1833 634 scicntia
1854 609 1985 635 summum
2003 610 2103 636 bonum
2117 612 2204 645 posuit

10 672 13 681 .
59 642 178 676 Impiger
197 644 263 670 Hor.
279 645 367 671 Carni.
380 655 408 678 4,
420 650 443 676 8,
457 652 497 676 30.
563 641 705 669 Laborifei·
722 639 805 666 Ouid.
820 641 884 681 Met.
899 647 924 671 9,
939 644 991 671 285.
1033 640 1100 681 'Ma-
1164 642 1219 666 Cic.
1235 640 1313 666 Acad.
1327 649 1360 673 4,
1376 648 1416 673 122)
1437 649 1458 666 c.
1473 649 1508 681 4?
1527 649 1572 667 etc.
2164 654 2167 658 Α

14 683 16 686 ’
50 686 128 712 gnus
145 679 212 704 Hor.
226 680 313 706 Carni.
327 690 355 713 4,
368 687 391 712 ς,
404 682 442 712 36.
497 680 607 708 Oeteus‚
628 685 713 702 nomen
732 677 786 702 Tra
805 675 899 705 ot'dlac,
916 683 974 709 quae
987 675 1099 700 ultimam
1200 682 1467 708 111ῐ111ΝΛε13ν3,
1489 685 1506 701 i.
1533 685 1567 702 ni.
1595 677 1709 710 [ἐχῖνος]
1735 680 1778 713 qui
1795 685 1819 705 et
1838 679 1921 705 Hcrix
1939 685 1964 706 et
1976 679 2106 707 Hericius.
2143 683 2205 717 Qi-

60 714 140 739 veluti
146 714 245 749 scenam
261 717 377 743 Herculis
396 725 423 740 in
437 715 498 741 Oeta
512 720 590 740 monte
596 712 625 748 se
637 715 771 738 cremantis
790 710 863 738 aabct.
933 711 1018 743 Vagus
1034 711 1100 736 Hor.
1163 710 1219 737 clam
1233 711 1424 747 adspirationem
1435 713 1508 745 plant·
1521 715 1645 741 omittunt.
1682 715 1784 739 Animal
1791 714 1875 749 spi'nis
1889 716 2015 742 horridum
2024 736 2032 748 ,
2043 716 2097 751 fise
2114 719 2140 742 in
2151 720 2205 754 glo.

62 749 151 775 Carni.
164 758 184 780 3,
197 757 218 781 3,
233 758 257 782 9.
311 751 352 778 Ab
370 750 513 782 Hercules,
535 747 696 775 Herciilibus
715 747 767 773 dici
786 752 865 773 monet
879 746 967 772 Varro
985 745 1016 771 de
1029 746 1058 771 L.
1070 746 1100 772 L.
1122 757 1147 783 13
1164 747 1218 771 lium
1239 746 1361 773 interdum
1385 754 1544 781 componens,
1568 754 1592 774 et
1610 748 1685 774 hicme
1704 748 1806 774 condem
1819 750 1871 785 fi'fi'
1887 760 1894 774 :
1926 750 1953 775 di·
1974 760 2019 786 quo
2038 752 2103 778 Pliii.
2124 757 2154 785 8,
2172 760 2206 788 37

61 792 80 817 9
106 792 130 818 p.
151 787 208 817 136,
229 793 265 820 ¹7·
526 783 531 790 “
1165 783 1320 815 Praeparant
1339 781 1422 807 hiemi
1440 788 1465 808 et
1481 783 1613 809 herinacei
1627 783 1716 815 cibos,
1734 793 1763 810 ac
1778 784 1890 811 volutati
1904 786 1979 819 supra
1992 787 2102 813 iacentia
2118 797 2207 822 poma,

99 826 144 846 HE
155 826 172 845 R
184 826 201 847 C
212 828 228 847 L
240 827 273 854 E,
297 820 351 855 siue
370 827 440 848 HER
452 827 469 847 C
480 826 502 846 V
513 826 570 847 LE.
606 818 665 854 [μοὶ
684 817 725 845 τδν
741 817 889 854 ιΗρακλέης]
926 815 1031 842 Ito—andi
1048 815 1102 842 Ad·
1165 815 1240 843 affixa
1254 817 1349 850 spinis,
1367 826 1447 843 vnum
1461 827 1515 844 non
1531 819 1642 853 amplius
1657 824 1771 845 tenentes
1784 829 1847 852 ore,
1867 827 1971 854 portant
1990 821 2017 847 in
2035 831 2111 849 cauas
2128 823 2206 850 arbo·
2234 826 2236 828 ’

60 855 188 888 verbium,
208 857 274 891 quasi
289 857 360 884 dicas
373 857 420 883 Per
431 856 581 882 Herculem.
623 856 690 882 Ter.
704 855 768 881 Eun.
781 862 812 885 2,
832 861 860 884 3,
884 859 912 884 19
937 851 1031 877 Hercle
1052 851 1100 877 lioc
1164 861 1214 879 res.
1249 852 1333 878 Iidem
1346 854 1519 880 mutationem
1535 854 1667 889 aquilonis
1682 855 1708 880 in
1723 855 1854 888 austrum,
1874 857 2013 882 condentes
2031 858 2056 883 se
2075 859 2102 883 in
2116 859 2206 886 cubile

61 890 163 916 facium
176 891 220 918 est.
276 893 379 923 Hercle,
390 892 512 918 ornatiua
525 890 669 926 aliquando
682 889 818 925 particula,
836 885 1012 920 tcsteDonato.
1033 887 1101 913 Ter.
1165 888 1338 922 praesagiunt.
1381 889 1433 914 Vbi
1450 897 1514 915 vcro
1535 891 1635 916 sensere
1651 897 1805 922 venantem,
1824 892 1959 918 contracto
1976 901 2023 918 ore
2044 893 2206 930 pedibusque

64 926 144 953 Andr.
154 936 181 959 4,
191 934 211 960 ς,
226 936 238 960 3
258 928 306 954 Sed
321 927 383 962 quid
397 927 463 954 hoc?
479 936 545 961 puer
557 927 645 954 hercle
660 927 704 952 est.
776 923 872 962 Herc-le
887 922 939 948 linc
954 922 1037 962 dubio
1051 923 1100 949 erit
1112 933 1146 951 20
1164 932 1192 949 ac
1206 931 1278 957 parte
1291 924 1525 963 omni4inseriorc,
1546 934 1612 960 quae
1634 934 1718 951 raram
1735 932 1762 952 et
1783 927 1925 953 innocuam
1946 927 2025 954 habet
2045 929 2207 963 lanuginem,

62 961 212 996 ignominia
225 963 281 990 Cic.
295 964 366 990 Fam.
380 971 403 996 o,
417 970 453 997 17.
524 963 593 989 Bene
606 962 693 989 hercle
707 960 808 987 faciunt
819 959 875 985 Cic.
888 958 920 984 de
927 958 1024 992 Legib.
1039 967 1066 990 3,
1083 967 1101 986 1.
1164 959 1300 985 confluunt
1322 960 1350 984 in
1363 962 1476 985 sormam
1491 961 1575 994 pilae,
1596 969 1628 986 ne
1650 961 1713 994 quid
1730 962 1919 996 comprehendi
1938 963 2010 996 possit
2027 972 2128 997 praeter
2148 975 2207 992 acu-

62 997 206 1024 Mehercle.
242 999 298 1025 Cic.
318 1000 346 1025 in
360 998 438 1025 Catil.
452 1006 475 1030 2,
490 1005 508 1032 7
535 999 595 1025 Vno
611 996 741 1024 mehercle
753 994 869 1022 Catilina
881 993 1020 1026 exhausto,
1037 994 1101 1020 rele-
1164 994 1229 1026 leos,
1248 1001 1293 1021 etc.
1329 994 1475 1022 Admstzlm.
1486 998 1570 1022 Exere.
1598 996 1697 1029 Plin.p.
1709 1004 1758 1021 220
1773 1004 1795 1022 et
1808 1005 1869 1031 277.
1906 999 1990 1024 Hei-ix
2004 999 2034 1031 ‘ss
2044 1000 2110 1025 Plin.
2121 1009 2206 1033 13,20.

60 1041 122 1060 vata
143 1033 227 1066 mihi,
245 1041 289 1060 ιτς.
360 1032 456 1060 Hercle
476 1040 554 1061 certe.
591 1034 659 1060 Ter.
674 1032 753 1058 Andr.
774 1039 799 1062 2,
819 1039 841 1061 2,
862 1038 890 1056 io
916 1030 974 1055 Mea
994 1030 1100 1064 quidem
1200 1036 1355 1062 HERMA,
1380 1030 1433 1064 Jiue
1457 1030 1551 1057 rochus
1576 1037 1747 1065 HERMES,
1773 1039 1811 1057 ae.
1846 1041 1882 1058 m.
1918 1032 2045 1068 [Ἑρμῆς]
2081 1037 2206 1063 Alei-curii

59 1067 150 1095 hercle
164 1076 233 1095 certe
250 1070 278 1095 in
291 1069 374 1096 dubio
386 1069 423 1095 est
435 1069 500 1096 vita,
542 1069 590 1096 Vbi
602 1070 736 1095 Donatus:
756 1065 820 1092 Ideo
840 1071 866 1091 ct
883 1065 982 1091 iurauit
996 1065 1100 1095 Hercle,
1163 1074 1248 1091 nomen
1266 1065 1332 1100 apud
1347 1067 1457 1092 Graecos.
1503 1068 1604 1092 Latinis
1617 1066 1676 1101 sere
1687 1064 1776 1098 statua
1795 1073 1816 1092 et
1829 1066 1939 1102 figdlum
1958 1070 2082 1095 Mercurii
2091 1072 2207 1105 sormam

60 1110 88 1131 et
106 1103 237 1131 affirmans
250 1104 434 1132 iusiurandum
443 1125 452 1137 ,
472 1105 552 1132 Certe
565 1103 676 1131 addidit.
742 1101 847 1134 Qiaeso
861 1100 948 1127 hercle
960 1101 1026 1127 Ter.
1035 1102 1099 1126 Eun.
1118 1106 1149 1133 ες
1162 1101 1260 1126 habens.
1297 1102 1407 1127 Hermes
1421 1110 1562 1127 commune
1575 1102 1696 1127 omnium
1711 1101 1903 1135 gymnasiorum
1915 1102 2014 1136 insigne
2029 1104 2065 1130 est
2083 1107 2138 1132 Cic.
2153 1108 2208 1135 Ati.

61 1147 90 1171 2,
103 1148 125 1171 3,
141 1149 178 1171 70.
251 1140 368 1167 Obsecro
390 1140 493 1172 hercle,
511 1146 539 1166 vt
557 1139 648 1167 audias
667 1138 741 1165 Idem
754 1139 819 1164 Eun.
832 1145 861 1169 3,
880 1144 903 1170 ς,
924 1145 960 1170 14.
1030 1137 1099 1162 Ter.
1164 1143 1183 1166 1,
1200 1145 1227 1168 4.
1298 1136 1371 1162 Idem
1385 1138 1438 1163 Att.
1453 1146 1473 1169 i,
1487 1143 1500 1166 8
1522 1138 1636 1163 Hermae
1651 1137 1690 1163 tui
1704 1137 1829 1163 Pentelici
1844 1146 1903 1164 cum
1917 1138 2046 1172 capitibus
2060 1141 2160 1173 aeneis,
2174 1142 2206 1169 de

60 1174 144 1200 Andr.
157 1184 186 1207 3,
203 1184 237 1208 4,
256 1181 281 1206 18
309 1176 413 1202 Faciam
432 1175 518 1202 hercle
537 1174 635 1201 sedulo.
676 1174 725 1201 Vbi
737 1174 870 1204 Donatus,
895 1171 980 1200 hercle
1001 1171 1099 1203 sedulo,
1163 1171 1261 1205 quibus
1275 1171 1307 1198 ad
1322 1181 1363 1198 me
1378 1172 1506 1206 scripsisti,
1525 1173 1579 1199 iam
1592 1182 1661 1199 nunc
1679 1180 1721 1198 ine
1733 1173 1874 1199 admodum
1888 1173 2032 1206 delectant,
2052 1177 2069 1200 i.
2083 1177 2209 1203 Mercurii

56 1209 248 1243 productiones
262 1212 319 1238 surii
333 1211 437 1238 Comici
450 1210 509 1243 styli
528 1210 559 1237 ad
572 1210 665 1236 fucum
679 1209 809 1236 orationis
829 1207 933 1243 positae.
1003 1207 1099 1233 Hercle
1154 1207 1258 1240 statuae
1275 1216 1303 1232 ex
1322 1217 1441 1234 marmore
1460 1209 1591 1234 Pcntclico.
1662 1209 1693 1234 Et
1711 1207 1743 1234 de
1758 1208 1849 1242 Legib.
1864 1218 1891 1241 2,
1911 1210 1942 1242 6,-
1967 1219 1989 1235 c.
2000 1213 2033 1236 26
2063 1211 2158 1246 Neque
2179 1212 2209 1238 id

10 1271 12 1275 ‚
58 1252 135 1270 vero.
169 1246 236 1272 Ter.
251 1246 362 1282 Adelph.
376 1256 398 1279 2,
411 1256 439 1280 4,
452 1255 471 1279 4
489 1246 591 1272 Omitte
604 1254 669 1272 vero
688 1245 823 1271 tristitiam
836 1250 916 1271 tuam.
955 1249 984 1270 c.
1005 1252 1053 1276 ego
1068 1242 1099 1268 il·
1163 1251 1243 1276 opere
1256 1242 1372 1269 teclorio
1386 1244 1520 1275 exornari,
1540 1252 1588 1269 nec
1602 1242 1704 1270 hermas
1716 1252 1771 1276 eos,
1785 1252 1851 1278 quos
1864 1251 1967 1275 vocant,
1984 1245 2080 1272 licebat
2092 1247 2208 1281 imponi,

57 1279 113 1305 Iam
126 1279 213 1306 hercle
228 1291 291 1308 vero
304 1282 416 1313 omitto,
436 1281 483 1315 qui
494 1281 603 1316 quidem
616 1287 642 1307 te
656 1281 766 1307 habeam
779 1280 898 1306 fratrem.
947 1279 995 1305 Vbi
1013 1279 1099 1304 Dona·
1119 1289 1151 1313 30
1163 1287 1211 1304 nec
1224 1278 1255 1304 de
1268 1279 1368 1304 mortui
1381 1278 1466 1310 laude,
1484 1286 1529 1304 etc.
1567 1281 1603 1305 Dc
1610 1280 1723 1314 sepulcro
1736 1281 1854 1314 loquitur.
1890 1281 2053 1307 Mercuriales
2066 1289 2145 1308 autem
2153 1282 2210 1316 sta-

7 1320 15 1352 ]
57 1319 115 1344 tus,
141 1316 255 1350 Apparet
268 1326 322 1344 non
335 1326 404 1343 nunc
416 1317 533 1350 primum
547 1317 601 1343 dici
615 1317 768 1351 Ctesiphoni
785 1315 818 1342 ab
834 1314 977 1345 Aeschino,
996 1315 1099 1339 Omitte
1162 1320 1217 1339 tuae
1233 1314 1349 1340 videntur
1363 1314 1486 1349 sepulcris
1505 1313 1606 1340 additae
1620 1317 1742 1349 primum,
1762 1321 1882 1350 quatenus
1899 1316 1941 1342 illc
1958 1315 2135 1350 ψυχοπομπδς,
2154 1318 2208 1345 dux

56 1349 194 1377 tristitiam
213 1357 284 1379 tuam
297 1363 303 1378 :
337 1361 383 1378 nec
403 1360 472 1378 nunc
489 1352 606 1386 primum
624 1353 792 1386 responsum,
819 1351 932 1378 Omitto.
988 1350 1018 1376 Et
1038 1349 1098 1375 ideo
1163 1349 1264 1384 quidam
1279 1356 1302 1375 er
1315 1359 1391 1376 comes
1403 1352 1541 1376 animarum
1555 1348 1588 1381 est
1601 1350 1793 1386 distendentium
1806 1350 1839 1376 ad
1847 1350 1955 1386 inferos.
1979 1352 2087 1378 Athenis
2096 1353 2209 1382 Hermas

10 1394 15 1403 ³
75 1384 177 1413 dditui'n
190 1387 241 1419 est,
259 1387 348 1414 hercle
361 1396 426 1414 vero
439 1398 445 1413 ε
469 1389 532 1423 quia
544 1397 612 1415 nunc
626 1388 733 1414 deinum
751 1388 810 1414 data
828 1386 863 1413 est
879 1388 955 1421 plena
968 1386 1100 1411 securitas.
1162 1394 1191 1411 ex
1204 1384 1324 1420 quadrato
1337 1384 1418 1420 lapide
1436 1384 1600 1420 (τετράγωνον
1615 1385 1724 1419 ἐργασίαν
1738 1386 1844 1420 appellat
1857 1386 1969 1421 Thuqyd.
1984 1391 2010 1419 6,
2022 1389 2075 1422 27)
2100 1392 2151 1415 ritu
2160 1396 2209 1425 pa-

73 1419 131 1446 dein
150 1428 173 1454 5,
186 1430 212 1454 9,
228 1427 253 1452 18
277 1422 369 1449 Hodie
388 1423 501 1457 primam
520 1433 663 1450 mammam
683 1423 756 1450 dedit
774 1423 845 1449 haec.
884 1428 913 1448 D.
934 1421 1021 1448 hercle
1035 1429 1100 1447 vero
1163 1422 1213 1446 trio
1226 1418 1372 1453 statuebant
1389 1423 1416 1446 in
1431 1423 1574 1454 templorum
1593 1427 1616 1446 et
1628 1423 1787 1455 priuatarum
1802 1421 1897 1447 aedium
1917 1421 2051 1454 vestibulis.
2091 1426 2127 1450 Hi
2140 1426 2210 1452 Her-

53 1473 61 1478 -—
99 1456 136 1482 io.
158 1470 160 1474 v
184 1457 232 1484 Vbi
251 1458 384 1484 Donatus:
415 1459 512 1485 Hercle
536 1467 602 1486 vero
615 1479 623 1491 ‚
656 1459 791 1485 Aduerbia
818 1459 875 1484 sunt
908 1457 1099 1483 confirinatiiia.
1119 1463 1147 1489 35
1162 1464 1220 1482 mae
1236 1464 1286 1482 viia
1299 1456 1377 1482 nofiie
1398 1455 1497 1481 deiecii
1516 1464 1609 1481 omnes
1628 1458 1719 1482 crimen
1734 1456 1878 1482 Alcibiadis
1897 1457 1963 1492 apud
1979 1458 2091 1492 Thucyd.
2105 1461 2122 1485 I.
2136 1470 2157 1486 c.
2185 1466 2210 1487 et

58 1491 60 1494 ’
96 1499 110 1517 ’2
148 1492 280 1529 Hercule,
297 1493 369 1524 idem,
384 1494 449 1529 quod
461 1495 549 1521 Hercle
566 1501 590 1520 et
608 1501 681 1520 certe.
718 1494 774 1520 Cic.
792 1502 839 1527 pro
853 1493 946 1526 Quint.
964 1501 985 1524 ¹3
1009 1493 1100 1526 Itaque
1164 1492 1233 1525 Nep.
1247 1498 1273 1526 7,
1286 1500 1307 1523 3,
1322 1500 1343 1517 2.
1380 1491 1423 1521 Ad
1435 1493 1478 1517 hos
1495 1491 1601 1523 alludit,
1621 1499 1644 1518 et
1662 1491 1847 1527 descriptionem
1863 1492 1960 1518 illorum
1974 1493 2077 1529 ahfhluit
2091 1495 2210 1522 quenal.

80 1527 166 1554 ercule
180 1527 250 1554 haud
264 1529 437 1556 mediocriter
448 1529 479 1555 de
493 1529 630 1555 communi
644 1528 774 1563 quidquid
790 1527 952 1562 poteratsad
967 1528 992 1553 se
1010 1528 1039 1553 in
1051 1528 1105 1561 pri·
1164 1532 1188 1558 8,
1202 1535 1228 1559 53
1251 1528 1284 1553 At
1297 1533 1325 1553 tu
1339 1527 1386 1553 Nil
1402 1526 1449 1552 nili
1464 1527 1621 1560 Cecropides
1641 1528 1815 1561 (nobilitatem
1828 1529 1954 1562 crepans)
1971 1534 2117 1564 truncoque
2130 1531 2211 1557 fimi!-

55 1569 143 1589 vatam
157 1563 267 1590 domum
280 1563 427 1590 seuocabat.
515 1565 546 1590 Et
561 1564 667 1591 hercule
684 1564 802 1590 confe&a
815 1564 904 1590 omnia
920 1563 991 1590 Cael.
1001 1563 1033 1589 ad
1045 1563 1101 1589 Cic.
1163 1562 1244 1588 limus
1259 1564 1381 1589 Hermae.
1430 1562 1514 1588 Nullo
1530 1563 1625 1596 quippe
1639 1562 1694 1588 alio
1708 1563 1790 1588 vincis
1804 1562 1968 1594 discrimine,
1990 1573 2068 1598 quain
2082 1566 2153 1599 quod
2164 1566 2211 1593 Illi

56 1598 130 1625 Fam.
145 1604 167 1630 8,
180 1602 204 1625 6.
276 1600 325 1625 Sed
339 1598 447 1624 hercule
461 1599 540 1626 facile
556 1600 644 1633 patior
657 1599 746 1626 datum
761 1606 863 1633 tempus
873 1619 882 1631 ‚
904 1599 934 1631 in
953 1607 1008 1633 quo
1029 1607 1103 1624 amo-
1164 1607 1345 1624 marmoreum
1361 1604 1437 1631 caput
1452 1598 1504 1632 est,
1524 1605 1568 1623 tua
1582 1599 1653 1624 viuit
1669 1598 1764 1632 imago.
1803 1600 1861 1624 Non
1873 1601 1934 1624 male
1943 1600 2086 1634 Grangaeus
2099 1604 2212 1634 coniicit,

55 1642 114 1661 rem
134 1634 267 1668 experirer
286 1640 362 1660 tuum
382 1634 438 1660 Cic.
452 1635 531 1661 Attic.
548 1637 592 1667 16,
610 1640 644 1665 18.
714 1634 869 1662 Mehercule
887 1633 968 1660 etiam
988 1633 1101 1660 aduentu
1120 1633 1232 1668 40Jimul
1251 1634 1285 1660 ad
1304 1634 1348 1659 hoc
1366 1633 1471 1668 respici,
1492 1632 1556 1668 quod
1573 1635 1687 1663 Hermae
1707 1634 1747 1658 illi
1758 1632 1868 1668 solerent
1882 1630 1985 1668 effingi,
2012 1635 2102 1668 Priapi
2121 1636 2211 1667 instar,

57 1669 150 1705 nostrp
168 1670 331 1695 reuiuiscunt
350 1669 466 1702 iustitia,
487 1670 659 1701 abstinentia,
676 1677 723 1696 etc.
779 1669 851 1696 Idem
866 1670 919 1696 Att.
933 1677 957 1702 ς,
973 1671 1010 1695 16.
1072 1671 1102 1695 Et
1163 1667 1269 1704 improbe
1288 1671 1417 1694 mentulam·
1432 1679 1440 1693 .·
1465 1670 1549 1703 quales
1566 1668 1654 1702 paffim
1674 1668 1755 1693 videre
1774 1669 1846 1697 licet,
1876 1676 1901 1692 υ.
1913 1677 1938 1702 g.
1960 1668 2026 1702 apud
2045 1669 2118 1704 Spon.
2133 1671 2210 1706 stiffi.

56 1704 86 1730 in
94 1705 168 1730 Orat.
178 1712 221 1738 ¹57
234 1704 372 1731 Libentius
386 1705 501 1731 dixerim
514 1706 674 1738 mehercule,
682 1714 760 1740 quam
773 1705 945 1732 mehercules.
1052 1703 1073 1740 ⁴}
1089 1712 1100 1735 3
1164 1714 1185 1735 1,
1202 1714 1228 1737 4.
1270 1704 1328 1729 Vid.
1337 1705 1414 1737 plura
1427 1703 1495 1737 apud
1508 1704 1595 1728 (gion,
1608 1703 1637 1727 dr
1653 1704 1731 1728 tutela
1749 1705 1817 1728 viar.
1831 1711 1853 1734 1,
1865 1711 1881 1736 9
1899 1708 1927 1736 p.
1942 1706 1990 1736 164
2002 1703 2061 1739 sqq.
2118 1706 2212 1732 quen,

55 1740 140 1766 'liliam
146 1738 295 1773 simpliciter
310 1741 453 1772 Hercules,
466 1748 515 1776 pro
532 1743 628 1773 Hercle,
644 1743 686 1768 vel·
694 1743 804 1767 Hercule.
831 1739 890 1773 [μοὶ
902 1739 942 1765 *nir
955 1737 1101 1773 Ἡρακλέα]
1165 1739 1216 1764 Sat.
1232 1743 1255 1769 8,
1271 1746 1297 1769 53
1324 1738 1451 1775 Truncus
1466 1738 1593 1775 Hermas.

7 1789 9 1794 ·
56 1773 114 1799 Cic.
127 1782 175 1807 pro
189 1775 263 1800 Rol‘c.
278 1776 367 1802 Amer.
380 1784 403 1807 31
428 1777 564 1809 Qioniam
578 1777 686 1810 quidem
699 1777 776 1801 semel
791 1775 904 1808 suscepi,
925 1774 987 1800 licet
1000 1774 1102 1798 Hercu·
1200 1779 1244 1797 HE
1254 1779 1271 1797 n
1282 1779 1335 1797 MA
1347 1790 1354 1801 ,
1369 1778 1426 1796 atiS.
1445 1780 1473 1810 .¹¹·
1503 1779 1551 1804 pro
1564 1772 1745 1810 Firmamento
1760 1779 1775 1796 a
1785 1770 1892 1797 Graccis
1907 1772 2028 1806 ponitur:
2048 1774 2117 1800 vnde
2130 1776 2210 1803 etiam

56 1807 94 1833 les
109 1808 226 1842 vndique
246 1818 336 1835 omnes
356 1817 484 1841 terrores,
505 1811 609 1842 minae,
629 1810 798 1844 periculaque
814 1809 981 1842 impendeant
995 1807 1102 1832 omnia:
1117 1817 1150 1842 45
1164 1807 1295 1831 Mercurii
1308 1814 1422 1837 nomen,
1443 1813 1605 1836 iniientoriS,
1626 1813 1654 1832 vt
1668 1805 1807 1840 putabant,
1826 1806 1917 1833 firmae
1935 1809 2081 1841 orationis,
2100 1809 2209 1839 ἀὶᾶὶυῐη.

54 1842 214 1875 succurram,
228 1851 307 1877 atquc
320 1844 424 1870 subibo.
480 1846 576 1870 Patere.
593 1853 613 1874 2,
627 1852 666 1876 32,
681 1853 691 1870 1
710 1844 807 1877 Neque
821 1842 939 1868 hercules
953 1841 1101 1875 quidquam
1163 1840 1299 1866 Interdum
1319 1841 1399 1866 etiam
1414 1841 1553 1867 Saburram
1571 1841 1704 1875 fignificat.
1746 1842 1812 1867 Haec
1825 1842 1922 1868 Festus.
1973 1845 2011 1869 De
2023 1844 2210 1880 significatione

54 1876 186 1905 salubrius
200 1878 263 1903 fuit.
335 1879 389 1904 Cic.
405 1878 436 1904 de
450 1879 521 1905 Clar.
538 1880 613 1905 Orat.
628 1881 659 1905 61
682 1879 712 1904 Et
732 1877 851 1904 hercules
870 1876 919 1902 hae
936 1875 1044 1910 quidem
1058 1884 1101 1902 ex·
1163 1879 1271 1901 nominis
1286 1876 1349 1910 ἔξιμα
1359 1874 1440 1902 νεέὶε;
1459 1876 1546 1911 nescio,
1555 1886 1586 1902 an
1600 1877 1628 1902 de
1640 1885 1718 1910 etymo
1726 1877 1879 1912 Hermac,J.
1889 1878 2032 1911 l-lerinetis,
2051 1883 2069 1905 i.
2076 1882 2210 1910 Mercurii.

56 1912 132 1940 stant.
204 1912 345 1939 Libentius
358 1913 474 1940 dixerim
486 1913 650 1946 Mehercule,
669 1922 749 1947 quam
763 1912 929 1940 Mehercules
942 1912 999 1938 Cic.
1012 1911 1041 1937 in
1053 1912 1101 1938 Or.
1199 1918 1220 1937 Η
1230 1918 1246 1937 Ε
1256 1918 1273 1937 R
1283 1918 1307 1937 M
1318 1918 1338 1934 V
1348 1919 1364 1937 L
1373 1919 1409 1942 A,
1431 1920 1470 1937 ae.
1502 1911 1519 1939 f.
1549 1909 1686 1945 [ἕρμίδιον]
1713 1911 1813 1936 Diinin.
1851 1912 1881 1937 ab
1902 1913 2009 1939 Hermis
2029 1915 2093 1947 iliis,
2112 1916 2210 1949 statuis

42 1949 69 1978 j'c
91 1955 136 1982 47.
176 1949 269 1974 Tamen
284 1948 356 1975 Idem
368 1958 417 1983 pro
433 1949 517 1975 Plane.
532 1952 569 1982 64
587 1959 609 1975 c.
619 1952 649 1975 26
669 1950 738 1975 Vere
751 1957 795 1974 me
808 1947 926 1974 hercules
941 1947 991 1973 hoc
1001 1947 1100 1973 dicam.
1164 1946 1310 1981 quadratis,
1330 1956 1391 1981 quas
1405 1946 1473 1972 modo
1486 1946 1663 1983 (inscripsimus.
1701 1946 1809 1972 Calliod.
1822 1948 1897 1973 Varr.
1911 1956 1932 1979 3,
1949 1956 1974 1980 51
2001 1959 2024 1983 p.
2042 1955 2077 1980 113
2098 1961 2150 1977 cum
2163 1963 2211 1979 me,

54 1984 179 2019 ijeruat
191 1984 293 2010 Gellius
313 1992 350 2015 11,
366 1986 382 2010 6
405 1984 473 2018 apud
488 1984 608 2011 audiores
629 1983 740 2010 idoneos
758 1992 887 2018 nusquam
902 1983 970 2016 legi,
990 1989 1033 2008 aut
1047 1983 1101 2007 Me·
1114 1989 1148 2016 50
1164 1984 1273 2007 manmit
1288 1982 1385 2007 bissena
1398 1981 1462 2007 ostia
1476 1984 1556 2013 circi,
1579 1982 1649 2007 Haec
1668 1981 1701 2008 ab
1716 1982 1850 2009 Hcrmulis
1869 1982 1979 2009 fiinibus
1998 1984 2108 2012 demiffis
2124 1987 2211 2016 subita

35 2018 175 2054 ‚aher-cules
191 2019 332 2045 mulierem
347 2019 452 2052 dicere,
467 2026 512 2046 aut
525 2020 652 2046 Mecastor
666 2020 764 2046 virum.
801 2018 926 2053 Apuleius
939 2025 1020 2043 tamen
1037 2017 1100 2043 Met.
1164 2016 1323 2050 aequalitate
1339 2018 1503 2051 panduntur,
1523 2017 1645 2042 docentes
1655 2036 1662 2049 ,
1683 2023 1769 2043 totum
1784 2018 1857 2050 illic,
1881 2024 1909 2043 vt
1922 2020 2080 2053 putabatur,
2099 2024 2214 2052 consilio*

53 2060 71 2089 ς
90 2063 116 2089 p.
133 2056 183 2086 163,
198 2063 208 2080 1
228 2056 339 2082 Sororem
347 2055 452 2090 Psyches
464 2056 674 2091 iurarztemfacit,
694 2056 735 2081 Sic
748 2054 784 2081 est
798 2054 933 2080 Hercules.
981 2051 1102 2084 Christia-
1163 2052 1237 2085 geri,
1256 2052 1303 2078 vbi
1317 2053 1410 2086 imago
1418 2052 1509 2086 capitis
1529 2052 1695 2086 cognoscitur
1708 2053 1823 2086 operari.
1877 2054 2077 2087 Meminerimus,
2098 2059 2211 2087 Hermas

40 2092 98 2118 'mir
111 2090 157 2116 hac
171 2090 273 2116 iurandi
280 2092 397 2126 jormzcla
409 2094 450 2116 vti
462 2100 510 2117 non
522 2092 589 2117 licet.
625 2090 743 2118 Tertull.
758 2090 790 2116 de
802 2089 898 2116 Idolol.
912 2099 933 2115 c.
943 2097 986 2115 20.
1024 2087 1101 2117 Hier.
1162 2085 1237 2121 fuzffi’
1250 2090 1319 2121 pilas
1332 2087 1477 2123 quadratas,
1491 2087 1578 2121 quibus
1591 2086 1725 2121 impositum
1741 2087 1795 2120 cſjrt
1814 2094 1888 2122 caput
1902 2089 2040 2123 humanum,
2058 2098 2103 2119 etc,
2141 2096 2210 2123 ΛΑΜ,

0 2145 2 2152 .
46 2125 49 2131 ’”
64 2127 68 2131 ’
101 2126 243 2152 Damasum
256 2126 284 2152 in
296 2126 386 2152 Parab.
401 2126 432 2152 de
445 2126 515 2154 Filio
528 2125 605 2162 prod.
675 2125 828 2158 Pcrhercle,
853 2124 929 2152 Idem.
964 2122 1034 2151 Geli.
1048 2131 1072 2156 3,
1085 2124 1103 2150 6
1163 2123 1264 2159 smnus
1279 2126 1306 2150 iiz
1322 2124 1398 2152 S'ol'tn.
1413 2128 1442 2160 p.
1453 2125 1512 2159 643.
1551 2122 1695 2149 Herinulae
1710 2126 1790 2158 igitur
1797 2124 1860 2158 sunt
1871 2130 1917 2159 pro
1930 2127 2075 2158 columellis,
2094 2131 2157 2155 vnde
2170 2140 2212 2157 ex-

34 2190 35 2194 *
70 2157 72 2159 “
85 2160 192 2189 'thercle
212 2171 252 2188 res
271 2162 398 2189 mil-anda,
1121 2163 1150 2191 ςς
1161 2158 1258 2196 tensae,
1280 2167 1302 2186 et
1312 2161 1456 2196 praetensae
1469 2158 1540 2193 ostiis
1551 2168 1650 2187 catenae
1662 2166 1767 2196 aequant
1774 2159 1880 2195 frontes
1894 2169 2015 2196 equorum,
2029 2168 2053 2188 ee
2064 2165 2212 2199 impediunt,

4 2191 10 2219 ’.
50 2195 63 2215 ’ἲ
73 2192 140 2226 ,ῩΗΕ
148 2203 167 2223 R
176 2204 192 2224 C
203 2204 222 2223 V
234 2205 248 2223 L
258 2196 277 2225 Ε
286 2204 305 2224 v
314 2206 328 2225 ς
336 2218 345 2231 ,
369 2207 400 2232 a,
423 2208 477 2226 um,
514 2198 577 2227 Adi,
612 2197 790 2234 [Ἱ-Ῑροικλεῖος]
834 2194 952 2223 Audacia
970 2194 1102 2222 Herculea
1162 2204 1191 2221 ne
1209 2205 1274 2221 vnur
1292 2197 1371 2222 altero
1386 2197 1488 2222 celerius
1497 2203 1658 2231 prorumpere
1673 2196 1756 2232 possit.

12 2239 15 2255 ι
61 2231 138 2269 lustin
160 2233 240 2267 praef.
293 2234 454 2266 Columnae,
474 2234 572 2261 fretum
582 2255 591 2268 ,
609 2242 633 2262 et
644 2235 749 2262 labores
764 2233 905 2264 Herculei,
919 2231 1017 2267 paffim.
1053 2231 1103 2256 La·
1199 2237 1443 2264 HERMAEVM,
1462 2232 1480 2258 i.
1507 2241 1531 2258 n.
1569 2234 1673 2262 Diaeta,
1687 2233 1731 2267 stu
1745 2232 1859 2258 Coenatio
1878 2234 1905 2257 in
1918 2233 2026 2262 Palatio,
2046 2242 2062 2259 a
2074 2235 2211 2265 Mercurio.

58 2267 59 2283 ³
77 2266 162 2295 aerum
185 2270 281 2295 Auson.
303 2270 331 2295 in
345 2269 488 2296 Clar.Vrb.
503 2277 532 2302 ς,
553 2278 580 2304 7.
651 2270 760 2300 Manus,
780 2275 830 2304 pro
846 2269 916 2295 Foru·
938 2266 1055 2294 Martial.
1069 2265 1102 2292 de
1163 2267 1233 2293 Suet.
1248 2266 1340 2293 Claud.
1349 2276 1370 2293 c.
1385 2276 1423 2300 10,
1437 2276 1453 2293 2
1472 2268 1502 2292 In
1515 2268 1650 2299 Diaetam‚
1669 2269 1711 2294 cui
1730 2275 1828 2292 nomen
1842 2266 1878 2292 est
1893 2267 2055 2294 Hermaeum
2069 2273 2211 2301 recederat.

9 2326 11 2330 .
51 2302 54 2329 s
74 2304 169 2339 pefflac,
184 2312 217 2337 ¹5·
287 2305 368 2331 Claua
387 2306 503 2339 propert,
516 2314 545 2338 4,
559 2314 595 2335 10,
614 2313 654 2338 39,
1200 2309 1220 2329 H
1231 2309 1247 2329 Ε
1256 2309 1274 2328 R
1284 2310 1309 2329 M
1318 2310 1363 2329 AP
1374 2309 1394 2328 H
1403 2310 1423 2329 R
1432 2301 1451 2329 ὅ
1460 2309 1478 2328 D
1488 2304 1500 2328 ἶ
1509 2309 1531 2327 Τ
1543 2309 1563 2328 V
1577 2310 1604 2334 S,
1625 2304 1644 2328 i.
1671 2305 1706 2329 ui.
1734 2299 1958 2342 [Ἑρμαφρᾶδὶζτος]
1988 2305 2112 2331 Mercurii
2124 2315 2147 2333 et
2166 2310 2212 2335 Vc.

20 2349 29 2375 Ι·
59 2368 61 2373 ,
92 2345 193 2370 i-LERC
206 2346 270 2366 νιν
289 2347 320 2366 Ε.
359 2341 426 2367 Adu.
463 2338 648 2376 [Ἡρακλείως]
690 2340 730 2368 Ab
748 2339 894 2366 Hercules:
916 2345 965 2373 pro
985 2339 1102 2365 Fortitcr.
1119 2341 1155 2366 60
1164 2341 1246 2369 neris,
1265 2348 1368 2374 quorum
1380 2341 1480 2364 nomina
1492 2341 1574 2374 gerit,
1586 2339 1675 2373 filius,
1695 2337 1833 2364 Mercurio
1849 2344 1969 2371 genitore
1983 2340 2064 2373 satus,
2083 2344 2210 2375 genitrice

19 2381 22 2395 ⁸
57 2375 230 2407 Adferturex
250 2377 304 2402 Cic.
318 2376 371 2403 Att.
387 2382 414 2407 8,
430 2378 447 2402 6
471 2376 552 2410 Spero
569 2377 666 2408 etiam,
685 2376 812 2410 quoniam
831 2374 915 2401 adhuc
936 2373 1005 2400 nihil
1024 2373 1102 2399 nobis
1164 2374 1296 2406 Cythere,
1314 2374 1442 2400 Nominis
1463 2379 1490 2399 vt
1509 2373 1588 2399 mixti
1603 2373 1634 2400 fic
1651 2373 1772 2407 corporis
1786 2373 2033 2408 Hermaphroditus.
2090 2379 2139 2404 Hic
2150 2380 2212 2415 fuit

20 2406 22 2433 l
59 2406 161 2442 obfuit,
183 2411 251 2437 nihil
273 2412 400 2438 mutasse:
429 2420 476 2436 nec
492 2412 608 2444 tegentia
625 2412 692 2443 hoc,
712 2410 784 2445 quod
804 2419 863 2436 cum
879 2410 987 2436 fortiter
1001 2414 1026 2435 ct
1041 2409 1102 2435 dili·
1163 2410 1356 2445 Androgynus,
1381 2412 1424 2435 vir
1446 2415 1469 2434 et
1487 2410 1583 2435 mulier.
1646 2410 1726 2444 Qum
1747 2408 1884 2443 adolescens
1896 2410 1926 2444 fi
1947 2412 2044 2436 lauare!
2060 2415 2087 2438 in
2106 2414 2211 2448 quodam

16 2456 22 2475 Α,
45 2443 146 2481 'genter
155 2467 161 2477 ,
180 2456 247 2472 nunc
261 2447 313 2473 fert
330 2447 410 2472 etiam
424 2447 566 2472 Herculee.
621 2446 668 2474 Sed
685 2446 767 2473 editur
781 2446 922 2477 Hercules,
941 2447 982 2472 vel
995 2444 1102 2471 Meher-
1156 2446 1234 2481 sonte
1246 2447 1349 2475 Cariae,
1368 2448 1408 2471 cui
1421 2448 1503 2470 ini-rat
1518 2445 1638 2471 Salmacis
1649 2444 1765 2505 nympha.
1801 2446 1845 2469 ilia
1859 2453 1914 2480 eum⁴
1923 2454 2008 2471 amans
2021 2450 2139 2482 amplexa,
2153 2449 2210 2477 deos

20 2497 23 2505 ,
57 2482 123 2509 cule.
159 2484 236 2508 Locus
249 2488 318 2508 totus
331 2480 364 2514 est
377 2488 517 2516 corruptus.
1163 2483 1263 2513 orauit,
1283 2487 1310 2507 vt
1325 2490 1354 2506 ex
1368 2480 1482 2506 ambobus
1494 2480 1654 2540 vnushfieret:
1680 2483 1689 2505 i
1708 2488 1752 2514 que
1765 2477 1869 2515 faHum
1887 2480 1929 2511 ejsl.
1976 2482 2044 2506 Hinc
2062 2492 2143 2509 omnes
2154 2487 2210 2511 An-

92 2525 113 2545 Η
123 2523 192 2544 ERC
202 2524 222 2542 V
232 2525 247 2543 L
257 2518 309 2543 ᾹΝ
319 2524 339 2540 v
349 2524 378 2549 s,
395 2525 418 2547 a,
440 2526 492 2543 um.
521 2517 582 2547 Adi.
611 2516 792 2551 [Ἧρακλικός]
828 2515 896 2543 Gell.
910 2524 931 2548 1,
945 2525 956 2542 1
975 2517 1102 2550 Coinpre-
1117 2517 1149 2549 65
1164 2516 1293 2551 drogym,
1313 2523 1434 2542 uocantur
1447 2516 1563 2549 Herniap
1585 2515 1676 2541 roditi.
1731 2514 1795 2540 Plin.
1809 2522 1841 2545 11,
1856 2522 1891 2546 49
1912 2515 1975 2540 Sunt
1988 2517 2208 2552 Herniaphroditi

43 2552 135 2582 ‚hensa
152 2552 273 2578 mensura
285 2552 429 2578 Herculani
449 2552 531 2586 pedis.
588 2552 770 2579 Herculaneae
788 2553 886 2580 herbae
906 2554 1018 2578 meminit
1036 2552 1102 2578 Plin.
1163 2553 1302 2585 vtriucqiie
1317 2552 1398 2577 sexus.
1441 2550 1497 2576 Vid.
1519 2557 1540 2576 Α
1553 2556 1572 2574 Ν
1586 2556 1604 2575 D
1614 2557 1631 2575 R
1643 2555 1714 2576 oGY
1726 2557 1746 2575 N
1759 2557 1777 2575 v
1787 2555 1814 2574 s.
1869 2550 1984 2576 Martial.
2000 2553 2025 2583 6,
2041 2554 2080 2582 68.
2123 2556 2206 2584 Ouid,

40 2587 102 2620 ¹21,
123 2596 157 2620 ¹3-
229 2587 410 2615 Herculaneae
428 2588 556 2615 formicae
578 2587 652 2615 Idem
670 2597 716 2621 30,
738 2597 766 2622 4.
837 2587 913 2615 Ficus
931 2588 998 2614 Cato
1018 2587 1051 2613 de
1070 2588 1103 2613 R.
1164 2588 1227 2612 Met.
1242 2595 1277 2619 4,
1292 2593 1343 2619 383.
1400 2587 1436 2611 Dc
1450 2585 1678 2619 Herinaphrodito
1694 2583 1773 2617 exstat
1792 2585 1991 2620 eleganeillimum
2004 2587 2100 2615 Pulicis
2113 2591 2208 2619 Poetae

54 2624 86 2650 R,
113 2632 166 2657 cap.
188 2628 211 2653 8.
1163 2621 1369 2655 carmen‚'apud
1385 2620 1541 2647 Ausonium.
1596 2618 1683 2652 Exstat
1697 2622 1724 2645 in
1739 2621 1879 2646 Veteribus
1893 2621 2093 2654 Epigrainniatis
2110 2627 2209 2654 Pithon·

94 2666 114 2685 H
124 2666 140 2685 E
151 2665 168 2684 R
180 2664 197 2685 c
212 2664 231 2683 V
244 2665 260 2684 L
270 2665 323 2684 AN
332 2665 354 2685 Λ
364 2678 372 2690 ,
388 2665 411 2685 et
430 2666 452 2686 H
461 2666 477 2686 E
486 2666 506 2686 R
515 2665 585 2686 CVL
594 2665 671 2685 ANE
681 2666 719 2691 A,
737 2667 777 2685 ae.
798 2659 819 2685 f.
846 2657 954 2684 Herbam
965 2666 1014 2682 non
1027 2665 1103 2682 unam
1163 2665 1188 2689 p.
1203 2662 1216 2685 8
1245 2656 1340 2682 Pulicis
1358 2656 1484 2682 cuiusdam
1497 2657 1603 2682 Acutum
1621 2657 1780 2691 Epigramma
1797 2658 1825 2681 in
1845 2656 2114 2694 Hermaphroditum,
2142 2664 2210 2699 quod

48 2694 182 2731 fignificat
194 2704 202 2719 .·
235 2701 280 2724 vt,
305 2695 428 2720 Hclxinen
448 2695 525 2728 Apul.
545 2694 577 2720 de
597 2694 681 2720 Herb.
701 2699 738 2723 81.
799 2691 947 2724 Peristerion
967 2691 1042 2717 Idem
1062 2693 1102 2724 65.
1116 2701 1153 2729 70
1161 2691 1209 2720 buc
1227 2691 1323 2728 rqferre
1339 2700 1387 2717 non
1403 2694 1476 2727 piget
1489 2701 1497 2716 :

58 2732 87 2757 Ν
80 2730 230 2764 ymphaeam
249 2729 287 2756 Id.
302 2732 346 2763 67.
392 2729 549 2757 Sideritidem
568 2729 606 2755 Id.
623 2736 666 2762 72.
715 2729 828 2755 Vrticam
843 2727 910 2754 Plin.
924 2735 962 2758 21,
976 2734 1010 2759 ις.
1318 2729 1409 2760 Qium
1423 2735 1481 2752 inea
1494 2735 1536 2752 me
1549 2726 1669 2760 genetrix
1683 2725 1792 2760 grauida
1806 2726 1915 2761 gestaret
1927 2727 1956 2754 in
1969 2728 2040 2761 aluo,

94 2772 113 2791 H
124 2772 140 2791 Ε
150 2772 168 2791 R
178 2770 195 2784 Ρ
207 2772 227 2790 V
238 2772 283 2792 LA
293 2772 314 2790 N
327 2770 395 2798 VM,
416 2766 435 2792 i.
454 2774 480 2792 n.
516 2765 663 2800 Campaniae
675 2763 797 2800 oppidum.
834 2762 899 2789 Plin.
911 2770 934 2794 3,
948 2769 970 2795 5.
1005 2763 1104 2789 Patere.
1360 2761 1434 2795 Qiid
1448 2767 1567 2795 pareret,
1586 2762 1672 2788 fertur
1689 2762 1842 2788 consuluiffe
1858 2763 1930 2789 deos.

54 2809 82 2834 2,
95 2802 132 2827 16,
168 2800 239 2827 Mela
253 2809 272 2832 2,
285 2811 311 2835 4,
326 2802 371 2834 64,
1319 2798 1377 2824 Mas
1390 2797 1436 2829 est,
1450 2797 1569 2824 Phoebus
1582 2798 1635 2828 ait3
1655 2798 1734 2828 Mam,
1749 2798 1862 2829 femiiia3
1880 2797 2001 2833 Iunoque
2015 2807 2147 2832 neutrum.

95 2843 116 2862 Η
130 2842 143 2862 f
152 2843 170 2862 R
182 2841 199 2862 C
211 2842 231 2861 V
241 2843 256 2862 L
266 2843 289 2863 A
298 2843 319 2864 N
328 2843 345 2862 E
357 2842 380 2862 N
390 2843 403 2863 S
412 2843 422 2863 1
434 2842 448 2863 S
464 2855 474 2869 ,
500 2843 525 2862 e.
562 2833 665 2862 Adiect.
702 2834 808 2862 Fundus
825 2832 1026 2860 Herculanensis
1045 2832 1102 2859 Cic.
1360 2834 1503 2867 Qiumque
1517 2833 1605 2859 forem
1618 2839 1700 2863 natus,
1715 2833 1953 2874 Hermaphroditus
1967 2843 2046 2863 eram.

55 2871 128 2899 Fam.
149 2880 181 2905 9,
201 2879 240 2904 25.
1120 2876 1154 2904 75
1322 2870 1468 2902 Qiaerenti
1483 2869 1565 2895 letum
1578 2869 1632 2894 Dea
1648 2868 1681 2895 fic
1698 2869 1745 2901 ait,
1764 2869 1873 2895 Occidet
1887 2871 1983 2901 armis,

92 2915 113 2934 H
123 2914 139 2934 E
149 2914 166 2933 R
176 2913 192 2933 C
201 2913 222 2932 V
232 2914 248 2933 L
258 2914 267 2933 1
276 2914 297 2933 V
306 2914 336 2939 S,
360 2913 390 2933 vt
406 2909 481 2933 ctiam
494 2907 595 2939 Ionius,
614 2905 748 2942 Cognomen
761 2906 825 2941 Imp.
839 2906 908 2932 Rom.
938 2905 996 2932 Vid.
1011 2903 1103 2940 Spanb.
1363 2905 1441 2935 Mars,
1454 2913 1546 2934 cruce;
1567 2904 1696 2939 Phoebus,
1710 2905 1793 2938 aquis,
1823 2905 1883 2931 Sors
1896 2912 1950 2932 rata
1964 2915 2084 2942 quaeque
2096 2909 2159 2937 fuit,

0 2943 4 2955 '¹
39 2936 86 2973 'fde
105 2943 154 2980 issu
171 2944 245 2969 Num.
258 2941 312 2976 diffi
328 2952 355 2969 12
384 2950 411 2978 p.
428 2952 484 2977 495.
1320 2939 1411 2967 Arbor
1422 2939 1566 2966 obumbrat
1580 2949 1673 2974 aquas:
1695 2939 1834 2972 adscendo,
1849 2940 1948 2967 decidit
1960 2941 2034 2975 ensis,

95 2985 117 3005 H
126 2986 142 3005 Ε
153 2984 173 3004 R
184 2985 201 3005 C
210 2985 304 3010 YNA,
331 2979 373 3004 vel
391 2984 412 3003 Η
421 2985 437 3004 Ε
446 2985 465 3004 R
475 2984 492 3004 C
502 2984 582 3004 YNN
592 2983 631 3009 A,
649 2985 688 3004 ae.
713 2976 734 3004 f.
775 2977 854 3012 Virgo
872 2975 990 3011 quaedam
1003 2975 1103 3011 Profir-
1361 2976 1450 3008 Quem
1463 2975 1590 3007 tuleram,
1611 2976 1668 3002 casu
1682 2975 1758 3002 labor
1770 2982 1795 3002 et
1810 2977 1863 3011 ipse
1877 2977 1963 3011 super.

37 3036 39 3042 .
79 3016 129 3041 'nae
143 3023 236 3046 comes,
258 3023 273 3039 a
292 3023 339 3049 qua
354 3013 480 3049 refluuius
495 3014 616 3045 Hercyna
634 3021 719 3039 nomen
734 3013 892 3049 consequutus
907 3010 949 3044 esi.
994 3013 1024 3038 In
1044 3018 1104 3037 tem·
1318 3010 1363 3037 Pes
1379 3010 1458 3037 haefit
1471 3012 1559 3042 ramis,
1580 3017 1656 3046 caput
1672 3011 1767 3038 incidit
1780 3021 1870 3038 amne:
1891 3013 1994 3047 tulique

0 3060 3 3067 ·
36 3046 51 3075 ·“,
86 3059 97 3077 o
110 3049 276 3084 consecratum
292 3052 404 3085 virginis
415 3049 484 3075 illius
488 3048 647 3083 simulacrum
659 3048 766 3084 miserem
780 3048 891 3074 manibus
904 3046 1011 3084 gerebat.
1050 3048 1104 3073 Me-
1119 3051 1152 3077 80
1359 3046 1478 3078 Femina,
1491 3047 1544 3079 vir,
1558 3052 1693 3080 neutrum,
1707 3048 1827 3082 flumina,
1840 3047 1900 3079 tela,
1915 3057 2028 3074 crucem.

29 3088 38 3100 ³
85 3088 133 3111 init
152 3086 211 3111 Liu.
225 3093 274 3118 45,
290 3093 334 3119 27,
355 3084 397 3110 vbi
416 3084 485 3111 illam
505 3094 533 3110 ex
547 3086 649 3111 Graecis
663 3087 717 3110 viri
734 3082 803 3110 (1οὲἶί
821 3081 961 3116 illifirant,
981 3082 1104 3119 Pausania
1170 3079 1228 3107 Vid.
1241 3080 1397 3117 Menagiana
1409 3082 1520 3116 Tom.4
1539 3092 1563 3116 p.
1579 3091 1634 3117 432·
1649 3091 1708 3116 439.
1882 3081 1903 3120 ff
1922 3091 1938 3109 2
1966 3082 2206 3118 Hermaphroditae

31 3129 43 3145 ·.ι
53 3120 203 3157 ..praesertim
217 3130 242 3154 9,
253 3130 292 3155 39.
323 3127 347 3146 et
360 3118 478 3153 Philostr.
490 3120 604 3155 Apollon.
617 3126 642 3152 8,
657 3129 694 3155 19·
1165 3125 1248 3151 equae
1263 3117 1330 3143 Plin.
1345 3126 1376 3148 ii,
1389 3126 1434 3151 49.
1475 3118 1548 3154 Coris.
1562 3118 1635 3145 Non.
1650 3128 1670 3150 3.
1684 3125 1722 3150 89.
1764 3117 1878 3144 Martial.
1894 3127 1932 3150 10,
1945 3128 1971 3151 4,

17 3156 21 3164 ⁴
98 3163 120 3182 Η
130 3162 146 3181 E
154 3162 174 3181 R
182 3161 198 3182 C
206 3163 225 3182 Υ
233 3163 254 3182 Ν
264 3164 274 3182 1
282 3162 318 3186 A,
338 3164 377 3182 ae.
397 3155 417 3183 f.
451 3156 565 3182 Maxima
579 3157 723 3182 Germaniae
734 3153 809 3189 silua.
843 3153 977 3190 [Ἑρκύνιος
995 3151 1104 3189 devotis]
1202 3159 1223 3178 Η
1233 3158 1250 3178 E
1260 3159 1276 3177 R
1289 3159 1313 3178 Μ
1325 3151 1346 3179 A
1354 3160 1376 3180 T
1384 3160 1404 3180 Η
1416 3155 1434 3180 1}
1442 3160 1464 3180 N
1472 3161 1494 3180 Α
1504 3176 1512 3188 ,
1532 3162 1570 3180 ae.
1591 3154 1611 3180 f.
1638 3151 1814 3188 [Ἑρμωθήνη]
1840 3154 1964 3180 Mercurii
1977 3163 2006 3180 ac
2013 3155 2142 3181 Mineruae·
2147 3153 2204 3188 sta.

63 3198 135 3226 quam
148 3191 220 3216 Caes.
233 3191 298 3216 Bell.
312 3192 344 3217 G.
357 3193 382 3222 6,
395 3200 432 3224 24
452 3190 617 3218 Eratostheni
631 3191 768 3218 Orciniam
782 3188 876 3216 diffam
890 3196 981 3226 putat,
1002 3196 1025 3215 et
1039 3198 1060 3215 c.
1074 3196 1104 3222 23
1165 3193 1221 3213 tuae
1234 3188 1388 3221 coniunHae,
1420 3199 1464 3215 uas
1478 3189 1617 3224 Gymnasiis
1630 3190 1712 3215 dicare
1726 3188 1908 3224 conjacuerant.
1944 3189 2002 3216 Cic.
2011 3191 2062 3216 Art.
2077 3199 2097 3222 1,
2106 3199 2115 3216 1
2135 3192 2206 3218 Her-

63 3228 102 3251 ita
120 3224 252 3259 describit,
273 3226 359 3252 Huius
371 3228 520 3260 Hercyniae
537 3227 631 3259 siluae,
652 3235 719 3261 quae
734 3227 808 3260 supra
822 3225 997 3252 demonstrata
1010 3225 1056 3257 est,
1070 3225 1105 3250 la-
1123 3223 1151 3257 85·
1166 3223 1287 3250 mathena
1300 3229 1344 3250 tua
1356 3198 1432 3251 valde
1446 3234 1488 3250 me
1496 3225 1621 3256 deleciat;
1642 3230 1668 3251 et
1679 3224 1760 3258 polita
1774 3224 1810 3249 ita
1822 3223 1890 3250 belle
1903 3224 1949 3257 est,
1958 3230 1985 3251 vt
1998 3231 2082 3251 totum
2091 3226 2206 3258 Gymna-

65 3258 154 3286 titudo
166 3268 263 3285 nouem
276 3260 377 3288 dierum
391 3263 441 3289 iter
453 3263 576 3298 expedito
595 3268 664 3297 patet
678 3273 684 3289 :
709 3271 764 3288 non
780 3261 851 3288 enim
865 3261 942 3288 aliter
960 3260 1034 3286 finiri
1048 3266 1106 3294 pot·
1165 3258 1229 3285 sium
1243 3257 1300 3288 ἧλίκ
1313 3259 1434 3294 οἷνοίθημω
1446 3261 1495 3286 effe
1508 3259 1640 3290 videatur,
1658 3262 1675 3285 i.
1683 3261 1734 3286 Soli
1747 3258 1854 3291 dicatus,
1869 3259 1982 3292 illustris.
2002 3260 2053 3286 vid.
2069 3262 2141 3295 spon.
2149 3273 2170 3295 1,
2178 3273 2205 3295 4.

68 3294 117 3324 est,
138 3302 223 3328 neque
235 3296 364 3322 mensuras
377 3297 504 3326 itinerum
515 3304 657 3325 nonerunt.
712 3298 808 3325 Oritur
821 3297 853 3323 ab
868 3296 1065 3328 Heluetiorum,
1079 3300 1105 3321 et
1170 3295 1326 3322 TurmAdu.
1335 3302 1406 3339 3323.
1425 3297 1558 3323 Manutius
1565 3295 1598 3321 ad
1605 3296 1660 3321 Cic.
1670 3295 1722 3320 Att.
1731 3303 1750 3327 1,
1759 3304 1785 3327 4.
1808 3294 1908 3330 Cafizub.
1916 3295 1949 3322 ad
1956 3296 2011 3322 Cic.
2020 3297 2074 3323 Att.
2085 3305 2121 3328 1,1
2137 3307 2159 3332 p.
2168 3307 2206 3331 23·

67 3329 222 3360 Nemetum,
242 3335 268 3355 et
281 3330 457 3360 Rauracorum
471 3334 580 3367 finibus,
599 3334 723 3369 reciaque
735 3333 850 3360 fluminis
863 3331 979 3359 Danubii
994 3332 1105 3365 regione
1203 3337 1224 3357 Η
1233 3337 1250 3357 Ε
1260 3337 1313 3357 RM
1322 3330 1339 3358 ἑ
1347 3338 1366 3357 D
1376 3339 1395 3359 O
1405 3339 1426 3357 Ν
1438 3338 1456 3358 Ε
1466 3350 1473 3363 ,
1491 3340 1526 3357 es.
1559 3330 1578 3356 f.
1615 3328 1767 3366 [ἕρμηδόνη]
1804 3331 1884 3357 Sidus.
1923 3331 2008 3357 Nodos
2020 3331 2064 3367 stu
2080 3334 2207 3359 vinculum

67 3365 182 3427 pertinet
200 3363 232 3391 ad
245 3364 308 3390 fines
321 3365 450 3395 Dacorum
466 3376 492 3396 et
508 3370 655 3397 Anartium.
710 3369 780 3396 Hinc
795 3369 820 3395 se
838 3368 921 3395 flectit
938 3367 1104 3398 sinistrorsuS,
1167 3366 1284 3402 Piscium.
1328 3367 1369 3395 Sic
1387 3370 1449 3393 enim
1468 3367 1575 3393 Vitruu.
1595 3374 1627 3398 9,
1647 3374 1664 3400 7
1689 3364 1744 3401 post
1759 3366 1813 3391 Ceti
1831 3369 1987 3397 mentionem,
2005 3375 2020 3392 a
2038 3368 2111 3393 cuius
2130 3369 2207 3396 crista

88 3400 177 3427 iuersis
199 3410 213 3426 a
236 3400 344 3427 flumine
362 3403 513 3436 regionibus
526 3426 534 3438 ,
558 3406 754 3439 multarumque
773 3405 892 3439 gentium
912 3403 975 3429 fines
997 3408 1104 3437 propter
1116 3407 1152 3432 90
1167 3401 1289 3429 ordinate
1308 3404 1428 3438 Vtrisque
1447 3402 1561 3429 Piscibus
1580 3401 1700 3435 disposita
1714 3401 1750 3427 est
1768 3403 1853 3428 tenuis
1871 3401 1938 3428 fusio
1958 3401 2088 3429 stellarum
2104 3402 2208 3437 (stellae

66 3435 279 3470 magnitudinem
292 3436 415 3470 attingit:
439 3448 522 3475 neque
535 3442 675 3476 quisquam
689 3441 725 3467 est
741 3440 820 3466 huius
834 3439 999 3468 Germaniae,
1017 3439 1064 3472 qui
1078 3439 1104 3464 se
1160 3437 1185 3473 s
1196 3436 1268 3471 arfim
1280 3438 1373 3473 positae
1392 3438 1507 3474 aliquot)
1528 3446 1594 3472 quae
1610 3438 1709 3463 Graece
1728 3443 1837 3463 vocatur
1853 3435 1975 3471 ἕρμηδόνη.
2028 3439 2055 3464 Si
2073 3447 2133 3465 vera
2153 3439 2210 3473 effic

17 3491 19 3494 ,
64 3471 145 3500 adisse
160 3471 192 3498 ad
205 3471 314 3497 initium
330 3471 386 3498 eius
401 3472 477 3501 siluae
489 3475 573 3512 dicat,
592 3486 676 3512 quum
690 3476 794 3503 dicrum
815 3476 866 3503 iter
882 3476 925 3501 Lx
945 3475 1104 3509 procell‘erit,
1160 3445 1284 3509 Jgriptw,
1299 3473 1377 3509 poffi’t
1389 3472 1432 3507 effi’
1444 3473 1571 3500 Mercurii
1586 3472 1717 3507 voluptas.
1754 3472 1800 3499 Sed
1811 3472 1855 3498 hoc
1867 3472 1934 3498 nihil
1946 3473 1979 3498 ad
1991 3482 2049 3499 rem.
2096 3475 2208 3511 scaliger

20 3531 21 3534 =
66 3515 112 3534 aut
125 3516 180 3542 <31¹0
195 3516 226 3533 ex
241 3507 300 3533 ¹0⁶0
312 3507 428 3539 oriatur,
447 3513 594 3546 acceperim
621 3512 708 3539 deinde
723 3512 841 3538 animalia
860 3515 910 3537 eius
929 3516 1105 3540 commemorat,
1166 3507 1286 3544 οἷρποιδόνη
1304 3510 1333 3535 ab
1346 3508 1461 3545 ἑρπάζειν
1476 3509 1666 3551 fispiquatur,
1688 3511 1705 3534 i.
1720 3509 1826 3542 laqueus.
1877 3508 1924 3534 sed
1936 3509 2023 3534 melius
2037 3509 2132 3536 Baldus
2146 3512 2207 3538 Lex.

0 3552 7 3569 e
22 3557 23 3560 =
65 3543 165 3570 bouem
180 3542 252 3569 cerui
267 3542 350 3577 figura
359 3562 368 3574 ,
385 3542 464 3576 alces,
483 3555 552 3574 vros.
603 3550 640 3574 De
654 3550 738 3575 variis
751 3550 802 3573 eius
813 3546 951 3573 nominibus
964 3544 1018 3571 vid.
1032 3546 1105 3571 Date-
1173 3545 1273 3571 Vitruu.
1309 3542 1440 3580 Ἃρμεδᾶνη
1453 3553 1482 3570 ex
1495 3545 1607 3578 οἲρμοςειν
1624 3542 1704 3578 (vnde
1717 3550 1739 3569 ct
1753 3540 1881 3577 οῗρμόδιος)
1893 3542 1922 3569 id
1926 3541 1960 3577 cst
1973 3545 2107 3572 vinculum.
2140 3548 2209 3573 Nam

0 3578 7 3605 l
66 3579 162 3615 champ.
175 3579 209 3604 ad
221 3578 288 3606 Plin.
304 3580 343 3610 16,
356 3586 373 3604 2
391 3587 416 3612 p.
430 3581 489 3613 694.
557 3584 634 3610 Lucis
648 3584 729 3610 Sueui
743 3582 847 3609 nobiles
861 3581 1002 3614 Hercyniis
1016 3580 1105 3606 Scnec.
1121 3587 1154 3614 95
1170 3580 1260 3607 Graeci
1272 3581 1337 3606 alias
1349 3577 1473 3610 σύνδεσμον
1492 3587 1595 3610 vocant,
1614 3581 1700 3605 Latini
1713 3578 1819 3605 Nodum.

0 3624 7 3641 5.
67 3615 141 3642 Med.
168 3615 186 3640 s.
207 3623 232 3647 9.
1206 3616 1441 3646 HERMEUONA.
1461 3625 1486 3644 n.
1503 3616 1640 3651 [ἑρμήλωγ]
1658 3616 1753 3640 Gemma
1760 3617 1831 3649 igneo
1842 3614 1920 3640 colore
1931 3614 2043 3641 radians.
2050 3615 2116 3642 Plin.
2122 3623 2162 3651 37,
2172 3625 2209 3644 io,

3 3666 7 3673 .
104 3657 149 3677 HE
159 3657 178 3676 R
189 3656 207 3677 c
219 3657 236 3675 v
247 3656 269 3675 N
279 3656 288 3675 1
298 3654 318 3674 v
331 3655 360 3680 s,
380 3657 410 3678 a,
428 3657 482 3675 um.
517 3652 576 3680 Adi.
612 3654 695 3681 Saltus
709 3654 859 3687 Hercynius
877 3652 967 3681 Tacit.
982 3652 1106 3678 German.
1207 3655 1230 3676 H
1239 3657 1256 3677 Ε
1266 3658 1318 3677 RM
1330 3659 1344 3677 Ε
1355 3659 1377 3678 N
1387 3658 1403 3678 E
1414 3658 1432 3675 ν
1442 3658 1466 3677 Μ
1475 3658 1495 3676 Α
1504 3670 1511 3682 ,
1532 3651 1588 3676 atis.
1626 3659 1652 3675 11.
1687 3648 1863 3682 [ἑρμῆνευμκ]
1900 3649 2022 3685 Expofitio
2031 3670 2038 3681 ‚
2061 3654 2208 3686 inter-prem.

0 3686 6 3707 ἱ
17 3691 20 3694 ·
67 3694 113 3720 30,
135 3695 154 3712 1.
226 3684 362 3711 Prominet
386 3684 534 3716 Hercyniae
556 3689 665 3717 confinis
686 3689 783 3717 Rhetia
807 3690 886 3717 filuae
913 3687 1049 3716 Claudian.
1073 3686 1106 3712 de
1168 3688 1214 3712 tio.
1250 3686 1307 3713 Seii.
1326 3687 1455 3713 Controu.
1470 3688 1511 3713 26.
1546 3693 1569 3711 et
1582 3686 1699 3718 Excerpt.
1713 3685 1842 3710 conti-ou.
1854 3693 1888 3717 9,
1903 3693 1915 3717 3
1941 3685 2086 3721 Nunquam
2102 3694 2207 3719 magnas

0 3730 6 3747 s
65 3721 139 3748 Bell:
149 3721 208 3747 Get.
232 3730 285 3753 330.
1168 3722 1300 3748 mercedes
1313 3723 1430 3757 accipere
1443 3731 1501 3752 eos,
1518 3721 1564 3755 qui
1579 3721 1789 3747 hermeneumata
1803 3720 1937 3747 docerent.

25 3755 27 3759 ’
103 3764 124 3783 Η
133 3764 176 3783 ER
184 3763 200 3783 E
209 3777 217 3789 ‚
242 3763 265 3782 et
285 3762 306 3782 Η
317 3761 332 3780 Ε
340 3762 360 3781 R
369 3761 378 3780 1
388 3774 394 3781 .
422 3754 435 3788 [
441 3754 526 3789 χθὲς]
564 3755 687 3785 dicebatur
705 3770 721 3787 a
739 3761 872 3788 veteribus.
908 3757 949 3793 Est
964 3765 1043 3785 autem
1050 3757 1103 3784 Ad·
1112 3761 1160 3780 100
1204 3763 1225 3783 Η
1234 3763 1251 3783 E
1259 3764 1278 3784 R
1288 3764 1313 3783 M
1323 3763 1340 3783 Ε
1349 3764 1372 3783 Ν
1383 3765 1399 3785 E
1411 3764 1432 3782 ν
1440 3764 1462 3784 Τ
1472 3764 1482 3783 1
1491 3763 1533 3783 cv
1543 3764 1555 3782 s
1564 3775 1571 3787 ,
1588 3763 1602 3780 a
1613 3774 1621 3787 ,
1639 3764 1694 3782 uni.
1730 3756 1789 3782 Adi.
1826 3756 1870 3782 Ad
1882 3760 2039 3792 interpretem
2046 3754 2172 3791 spefbans.

25 3799 27 3803 ·
66 3792 132 3819 verb.
147 3795 273 3827 temporis.
308 3791 440 3817 Donatus:
458 3791 567 3824 Propter
579 3795 759 3825 cognationem
776 3804 793 3823 E
813 3802 839 3823 et
858 3804 868 3823 1
882 3796 1030 3830 literarum,
1049 3802 1104 3819 non
1203 3798 1223 3817 H
1231 3798 1248 3818 E
1258 3800 1277 3819 R
1285 3800 1310 3819 M
1318 3799 1335 3819 E
1343 3799 1363 3820 R
1372 3801 1394 3820 A
1403 3799 1421 3820 C
1433 3800 1448 3819 L
1457 3800 1477 3819 Α
1488 3799 1503 3818 Ε
1511 3811 1518 3822 ,
1538 3800 1622 3817 arum.
1649 3791 1670 3818 f.
1709 3792 1770 3819 Sunt
1784 3793 1907 3819 Mercurii
1919 3799 1942 3818 et
1951 3793 2063 3818 Herculis
2075 3788 2207 3817 conia-affe

68 3825 256 3854 dnbitauefflflt
280 3827 384 3861 amiqUi
405 3832 431 3852 el*
453 3826 514 3852 hese
535 3832 560 3852 ‘t
578 3825 636 3852 heri
658 3827 756 3861 dicere,
782 3837 808 3858 et
829 3840 905 3858 mane
926 3837 952 3858 et
971 3830 1058 3862 mani,
1078 3834 1104 3855 et
1161 3825 1245 3862 signa,
1253 3828 1414 3862 fi’ustatuae.
1463 3828 1517 3854 Cic.
1533 3826 1612 3853 Attic.
1627 3835 1654 3859 1,
1666 3832 1680 3856 8
1699 3830 1766 3858 (10)
1791 3827 1869 3862 Signa
1883 3827 1969 3854 nostra
1988 3832 2013 3851 et
2024 3825 2205 3851 Hermeraclas

67 3864 174 3896 vespere
191 3868 217 3889 et
231 3863 341 3896 vesperi·
383 3861 457 3897 07)ἶῖ-
471 3857 604 3895 Qstnfffl·
618 3870 638 3894 Ι,
652 3869 678 3896 7·
717 3865 784 3892 Ter.
799 3868 895 3893 Heaut.
910 3875 931 3899 3,
945 3875 970 3898 2,
984 3871 997 3896 8
1024 3865 1104 3891 Rene
1169 3871 1252 3897 quum
1266 3863 1470 3890 commodiffime
1483 3862 1597 3896 poteris,
1616 3862 1699 3889 veliin
1715 3863 1843 3897 imponas.
1884 3864 1952 3889 Certe
1964 3861 2123 3896 Atheiiienfi’s
2137 3858 2206 3886 Mer:

67 3906 82 3924 e
102 3898 191 3925 uidem
209 3904 234 3925 te
254 3898 372 3924 demiror
393 3897 523 3929 Chreme,
550 3902 602 3922 tam
621 3905 697 3924 mane
720 3901 766 3933 qui
787 3901 849 3928 here
870 3908 972 3929 tantum
996 3900 1105 3927 biberis.
1168 3901 1236 3925 curio
1250 3905 1273 3923 et
1286 3899 1388 3925 Herculi
1394 3898 1493 3930 ,statuas
1506 3900 1533 3923 in
1545 3898 1684 3934 gymnastis
1692 3900 1825 3934 ponebant.
1861 3896 2075 3931 ustis-Athenaeus
2090 3905 2122 3927 13.
2160 3894 2208 3921 Sed

67 3933 82 3963 1
100 3942 143 3961 eui
157 3934 221 3961 Eun.
235 3942 260 3964 2,
280 3942 303 3967 3,
322 3936 368 3997 66I
382 3932 553 3960 Inhonestum
570 3931 722 3967 hominem,
739 3943 818 3969 quem
836 3944 965 3966 mercatus
984 3937 1020 3964 est
1033 3936 1159 3969 here,io5
1167 3940 1191 3961 et
1213 3935 1316 3964 Romani
1334 3934 1529 3996 aramVHerculi
1548 3942 1694 3962 communem
1711 3943 1764 3961 cum
1776 3932 1858 3968 Mufis
1875 3930 1918 3967 effe
1935 3931 2073 3958 voluerum.
2106 3929 2206 3992 Augou-

62 3972 64 3975 ι
221 3975 307 3998 VOL·
341 3970 354 3997 Ι
371 3988 377 3996 -
1029 3970 1032 3974 ’
1364 3976 1379 4002 5
2182 3975 2208 3991 u.
