2479 4225
49 234 120 275 445
481 216 514 255 Ε
619 217 656 258 X

50 311 114 339 citus
131 307 284 343 pertinebat.
356 306 421 333 Non
440 314 471 332 ex
495 305 617 340 pactione
633 305 795 338 verborum,
826 304 923 339 quibus
949 303 1079 330 iusiuran-

51 347 111 374 dum
125 341 368 378 comprehenditur:
404 341 448 368 sed
461 350 492 367 ex
509 342 618 368 Perfidia
633 349 658 369 et
672 341 790 373 malitia,
816 349 862 374 per
881 348 960 374 quam
973 339 1081 366 inlidiae

50 379 189 409 tenduntur
202 378 300 408 alicui,
326 376 365 403 dii
385 377 548 404 immortales
566 377 720 405 homiuibus
732 375 809 402 irasci
823 380 848 401 et
861 375 1007 401 succensere
1021 384 1081 401 con-

49 418 153 445 suerunt
178 414 233 440 Cic.
247 422 296 448 pro
309 413 385 439 Rosc.
401 413 527 446 Com.46.
598 411 727 447 anffll.
740 419 768 443 2,
781 418 809 443 19
842 410 887 436 Sin
900 419 930 436 ex
950 409 1008 437 Pari
1023 412 1081 436 co'e-

49 457 108 484 ant,
123 451 150 477 in
162 447 340 476 mediocribus
353 448 461 483 quidem
477 449 595 483 vtrisque
607 455 691 475 maius
704 445 787 474 adhuc
801 451 909 471 naturae
915 445 1019 472 credam
1028 454 1083 471 mo-
1106 450 1121 478 ς

48 492 172 516 mentum.
251 485 287 510 Ex
301 485 439 517 praetore,
465 485 518 511 vitl-
533 485 568 510 Ex
582 483 703 511 Consule.
774 481 811 507 Ex
831 482 954 508 Praetura
974 481 1083 515 prouin-

49 524 115 550 ciam
127 520 281 555 Hispaniam
295 518 423 546 habuerat
451 521 522 546 Caes.
532 520 559 545 B.
567 520 597 546 C.
611 527 631 551 1,
645 527 681 544 22.
751 516 833 542 Plaut.
848 517 878 542 T
880 516 963 542 rucul.
976 525 1008 548 2,
1023 525 1045 548 2,
1060 525 1082 547 ¹3

49 559 108 586 Mea
120 555 254 590 voluptas,
273 555 350 581 attuli
365 564 451 581 eccam
464 555 585 590 pallulam
598 561 629 580 ex
635 552 692 579 Pari
705 552 788 585 gratia
800 551 860 578 tibi.
932 551 972 578 Id.
993 552 1082 578 Aulul.

47 601 79 625 2,
94 600 125 624 2,
137 599 167 624 29
200 591 295 625 Neque
314 590 363 617 illo
383 591 523 626 quisquam
538 589 573 616 est
587 589 652 615 alter
662 587 743 614 hodie
758 596 789 613 ex
802 588 952 621 Paupertate
968 586 1082 621 parcior.

22 644 23 652 1
48 627 134 655 Collis
144 626 288 661 paullulum
303 634 334 652 ex
348 626 459 653 Planitie
472 625 556 652 editus
570 624 641 650 Caes.
649 624 676 649 B.
686 624 717 649 G.
731 631 757 655 2,
771 627 794 652 8.

48 662 123 699 philo
147 662 215 688 Ter.
224 661 304 687 Andr.
314 670 334 694 3,
350 671 374 692 2,
388 670 425 697 ¹7·
466 657 723 695 17i1!.p.a.Grauida.
761 658 852 684 Nasci.

49 701 143 728 Poetae
155 699 192 724 ali
207 697 251 723 uid
256 697 335 724 dicere
349 698 442 724 Vellei.
453 705 490 728 ¹³3
504 695 549 722 bis.
622 695 710 721 Petere
725 702 739 719 e
753 694 871 720 Flamma
885 699 909 720 te
917 693 1006 720 cibum
1015 695 1082 727 poss'e

49 734 166 762 arbitror
190 706 259 759 «Γπ.
269 733 333 759 Eun.
342 742 364 765 3,
377 741 402 766 2,
417 738 452 765 38.
521 730 627 764 leian.
641 729 670 756 in
682 729 699 756 l.
720 729 748 755 Si
759 730 866 756 seruum
889 727 912 766 §.
925 729 972 755 vlt.
994 730 1027 755 D.
1043 730 1080 755 De

49 768 149 805 acquir.
167 767 257 794 hered.
279 769 409 804 Equidem
426 767 471 802 qui
488 766 566 793 semel
587 766 612 791 se
630 765 772 797 abstinuit,
806 763 1030 799 quemadmodum
1050 774 1080 792 ex

39 805 108 833 ‘Post
120 803 218 830 deli&o
230 803 373 839 obligetur.

48 839 100 869 fiffe
112 839 215 866 fruCIus
228 839 271 866 ins
283 841 412 874 integrum
421 857 429 870 ,
449 846 480 863 ex
494 836 551 863 1³0st
563 836 635 863 facto
648 837 777 871 apparuit.

43 876 222 911 iurisperitus.
292 876 329 902 Ex
340 876 478 907 Praecepto
504 872 603 905 Plin.9‚
616 880 652 904 35.
726 871 830 898 Colum.
845 879 879 903 11,
894 879 922 903 19
952 871 1082 898 Sacrificia

46 911 95 938 nifi
109 908 395 944 exPraeceptodomini
407 908 493 935 facere
511 908 633 934 nesciant.
667 910 686 934 i.
715 909 753 934 Ni
764 906 773 933 ἱ
787 909 942 942 praeceperit
962 907 1082 934 domium.

47 947 85 974 Ex
98 946 244 980 Praeceptis
256 943 437 978 Philosophiae
454 943 526 970 affitus
544 952 610 969 vnus
631 942 686 969 dies
699 942 814 977 peccanti
833 942 1029 970 immortalitati
1040 952 1084 969 an-

46 982 211 1017 reponendus
234 982 289 1008 Cic.
304 980 384 1007 Tusc.
398 987 411 1012 5
424 988 445 1005 c.
454 988 478 1005 2.

46 1019 171 1045 Μαι-εστι.
184 1026 206 1043 c.
218 1025 267 1049 30.¹
327 1016 364 1041 Ex
382 1015 496 1041 Profeffo
518 1014 714 1049 Philosophiam
731 1013 920 1040 ostentantibus
934 1022 1026 1047 parum
1039 1014 1082 1040 de-

47 1053 107 1080 cori
118 1054 177 1079 sunt
190 1052 307 1088 plerique
320 1050 449 1077 orationis
463 1056 570 1077 ornatus
598 1049 757 1083 Quinetua.
770 1057 790 1075 1.
860 1049 896 1075 Ex
909 1050 1023 1076 Profess'o
1033 1050 1083 1076 ini-

44 1088 164 1116 micitias
176 1096 234 1114 cum
244 1087 337 1121 aliquo
351 1094 441 1120 gerere
466 1085 553 1112 Valer.
561 1095 588 1120 4,
602 1095 621 1112 1.
694 1085 796 1111 Lucrct.
806 1093 826 1116 1,
839 1090 866 1117 38
888 1085 958 1119 Eque
968 1091 1013 1111 tuo
1021 1087 1083 1112 Pen-

49 1124 94 1152 det
112 1122 228 1159 resupini
243 1121 350 1157 spiritus
376 1121 440 1148 Ore.
501 1121 580 1148 Verba
598 1120 633 1147 ad
654 1121 769 1147 Venerem
792 1120 820 1146 de
844 1121 939 1147 Marte.
1013 1121 1083 1148 Suet.

922 659 958 684 Ex
972 659 1083 685 Persona

817 836 859 863 Sic
866 835 939 873 fizepe
950 835 1012 862 alibi
1019 837 1085 870 apud

46 1161 131 1187 Oton.
150 1167 171 1186 c.
190 1167 202 1186 ι
233 1157 315 1184 Ausus
327 1157 362 1183 cst
379 1157 459 1183 etiam
471 1157 499 1183 in
514 1156 621 1189 Illyrico
635 1156 735 1182 milites
750 1155 893 1190 quosdam,
919 1156 991 1191 quod
1009 1163 1084 1184 motu
1101 1163 1132 1190 25
1148 1165 1177 1184 vt
1190 1166 1246 1184 rem
1260 1162 1359 1192 gratam
1373 1156 1467 1183 video:

46 1193 158 1222 Camilli
178 1201 210 1220 ex
233 1192 398 1220 Poenitentia
416 1192 574 1227 praepositos
593 1192 652 1218 suos
678 1190 748 1226 quasi
774 1191 934 1217 defec'tionis
959 1192 1083 1219 aduersus

45 1228 325 1257 Claudium-auetores
340 1227 506 1260 occiderant,
524 1227 608 1261 capite
619 1227 729 1261 punire,
748 1233 794 1253 etc.
864 1227 971 1260 Liu.28‚
986 1237 1016 1261 29
1046 1230 1083 1255 Ex

43 1266 202 1300 Praeparato
219 1263 293 1291 fimul
312 1264 434 1290 omnium
450 1271 538 1290 rerum
554 1269 641 1289 terror
656 1262 739 1289 oculis
753 1260 915 1297 auribusque
927 1264 963 1289 cst
976 1264 1082 1290 offinsus.

40 1301 108 1328 'Sem
121 1300 231 1335 Epist.11
261 1299 326 1326 Non
337 1300 409 1326 enim
423 1308 454 1325 ex
463 1300 616 1333 Praeparato
629 1298 730 1324 locutus
744 1298 793 1324 est:
831 1298 873 1324 sed
892 1298 979 1326 subito
993 1300 1083 1334 deprc-

45 1335 152 1365 hensus.

42 1372 162 1407 scripto,
181 1370 300 1398 habitum
313 1375 414 1405 gerunt.
471 1370 512 1398 Sic
526 1378 557 1396 ex
571 1370 732 1404 Praescripto
745 1369 838 1396 viuere
850 1370 960 1403 dicitur,
979 1372 1086 1407 (Δαμν-

47 1413 95 1434 vat
106 1416 144 1441 ω,
155 1416 214 1443 quae
219 1404 328 1443 fuerunt
347 1406 387 1432 illi
397 1409 518 1441 imperata
530 1412 601 1441 atquc
609 1406 775 1442 praejerrpta.
866 1405 927 1432 Liu.
947 1414 980 1441 27
988 1426 996 1438 ,
1032 1426 1038 1433 .
1078 1426 1085 1433 .

46 1443 81 1470 Et
93 1444 191 1469 Romae
203 1441 309 1477 quidem
325 1450 407 1476 quum
426 1441 510 1467 luctus
529 1441 621 1475 ingens
640 1450 672 1467 ex
692 1441 853 1473 Praeterito,
879 1447 934 1467 tum
955 1442 1038 1468 timor
1056 1442 1085 1468 in

0 1488 1 1492 ¹
43 1478 168 1506 futurum
180 1483 243 1504 erat.
331 1478 350 1504 E
370 1477 495 1504 Proximo
518 1476 649 1511 adspicere
661 1476 758 1511 ecquid
770 1477 823 1502 iam
843 1486 915 1503 mare
934 1477 1086 1504 admitteret

43 1513 113 1540 Plin.
122 1512 198 1548 Epist.
207 1515 233 1545 6,
247 1515 285 1545 16,
297 1520 334 1547 17.

43 1548 182 1583 ingenium
196 1548 293 1575 horum
307 1546 429 1575 Probant.
501 1548 569 1574 Ter.
586 1548 651 1573 hun.
664 1556 691 1580 4,
707 1555 740 1582 7,
753 1556 780 1581 17
813 1548 929 1574 Fundam
944 1548 995 1575 tibi
1015 1558 1084 1575 nunc

43 1584 127 1611 nimis
137 1584 236 1610 vellem
249 1583 321 1614 dari,
343 1589 373 1609 vt
385 1589 413 1610 tu
427 1583 489 1609 illos
507 1583 600 1609 Procul
612 1582 675 1609 hinc
690 1591 720 1608 ex
732 1582 837 1608 occulto
852 1583 979 1610 caederes.
1049 1585 1087 1610 Ex

43 1619 161 1647 Profeflb
174 1619 240 1651 viles
256 1625 338 1651 artes,
355 1621 374 1644 i.
385 1621 491 1645 omnium
504 1617 647 1654 confeffione
666 1618 722 1644 Sen.
730 1617 808 1651 Epist.
818 1625 863 1652 74.
898 1621 928 1644 it.
946 1627 994 1646 121.
1050 1620 1086 1645 Ex

0 1656 3 1690 ᾖ
43 1656 97 1682 Pro
116 1656 201 1690 inquo
223 1653 363 1689 praeliari,
394 1660 444 1688 pro
470 1654 599 1684 Cominus,
629 1659 652 1679 et
671 1654 758 1679 collato
770 1653 832 1687 pede
869 1653 928 1679 Liu.
951 1656 998 1686 26,
1035 1674 1040 1681 .
1079 1673 1085 1680 .

43 1690 90 1718 lbi
109 1699 136 1717 ,2
153 1710 162 1722 ‚
199 1710 205 1716 .
238 1705 249 1716 ⁴.

44 1697 199 1760 profeeium
211 1725 410 1752 frumentatum.
480 1723 519 1750 Id.
536 1729 578 1756 28,
598 1733 636 1757 44
668 1724 758 1750 Maior
772 1733 860 1750 rerum
884 1725 1036 1758 ignotarum
1048 1725 1084 1750 cst

47 1768 151 1792 terror,
168 1759 238 1787 bona
252 1760 372 1795 malaque
387 1759 499 1786 hostium
514 1768 545 1785 ex
561 1760 712 1793 Propinquo
726 1760 850 1792 ingrersus
869 1759 933 1784 fines
951 1760 1085 1792 adspicias.

47 1797 107 1822 Sen.
122 1795 200 1830 Epist.
213 1803 249 1830 72
278 1795 308 1821 Et
322 1804 389 1830 quae
402 1804 434 1820 ex
449 1794 583 1828 Propofito
595 1792 718 1819 sumenda
730 1794 805 1824 sunt,
823 1799 848 1818 et
863 1802 929 1826 quae
945 1794 1031 1819 subita
1044 1801 1086 1818 res

0 1837 4 1863 ;
47 1830 118 1858 tulit.

188 1831 224 1856 Ex
237 1831 317 1856 Prora
330 1834 430 1856 tant-um
444 1835 470 1855 et
482 1829 564 1867 puppi
577 1827 741 1860 pugnabatur
769 1827 836 1852 Plin.
850 1834 882 1859 7,
898 1830 937 1858 56.
1010 1827 1085 1859 Virg.

0 1869 2 1874 ⁸
46 1866 114 1892 Aen.
129 1872 161 1898 7,
173 1873 207 1896 29
238 1865 324 1897 Atque
335 1863 380 1889 hic
391 1864 491 1888 Aeneas
505 1868 638 1894 ingentem
653 1869 684 1886 ex
696 1868 813 1893 aequore
825 1861 913 1886 lucum
949 1861 1128 1895 Prospicit.45

44 1901 84 1927 Ex
99 1897 289 1929 Prouocatione
303 1897 430 1922 dimicare
453 1896 518 1921 Plin.
533 1902 560 1929 7,
573 1901 611 1923 28.
683 1894 865 1925 Plautdulul.
879 1903 909 1926 2,
924 1904 949 1928 1,
963 1904 999 1929 49
1029 1897 1085 1930 Ego

42 1929 109 1965 hiric
122 1938 250 1967 artoptam
270 1940 300 1957 ex
314 1931 439 1957 Proximo
452 1930 574 1957 vtendam
594 1935 659 1964 puto
695 1930 761 1956 Plin.
776 1930 854 1964 Epist.
866 1938 893 1963 5,
913 1939 962 1957 101.
1039 1932 1084 1958 Vi-

3 1971 5 1975 '
45 1970 120 1997 cinus
132 1977 146 1995 e
158 1967 282 2001 Proximo
305 1966 385 1993 Plaut.
395 1966 489 1998 Aul.2,
504 1975 530 1999 4,
545 1974 577 1992 11.
649 1965 704 1992 Cic.
712 1965 744 1991 de
759 1966 859 1993 Sene&
869 1973 903 2000 72
924 1966 959 1992 Ex
974 1968 1036 2000 Qio
1046 1966 1086 1999 fit,

45 2011 77 2033 vt
101 2003 242 2032 animosior
265 2002 346 2029 etiam
371 2001 487 2028 senectus
517 2001 562 2034 fit,
596 2009 676 2035 quam
694 2001 885 2033 adolescentia,
920 2007 946 2027 et
976 2002 1085 2028 fortior.

0 2054 2 2056 ’
47 2042 85 2069 Ex
97 2048 164 2076 quo,
182 2038 286 2076 subaud.
306 2038 452 2072 Tempore.

34 2078 94 2103 etc.
117 2075 204 2108 Liu.3,
218 2083 253 2107 24
263 2082 306 2109 pr.
377 2073 444 2105 Id.1,
462 2080 494 2107 37
520 2073 550 2099 Se
565 2081 596 2098 ex
611 2074 674 2105 on
688 2072 728 2098 sui
743 2079 835 2106 potens
852 2073 951 2105 fuerit,
971 2074 1084 2099 Romam

50 2125 95 2132 ——
117 2110 301 2145 commigrasse.
371 2109 431 2135 Liu.
446 2117 471 2140 1,
490 2117 526 2141 40
559 2107 851 2142 Duodequadragessmo
864 2108 948 2135 ferme
963 2117 1032 2136 auno
1051 2117 1084 2136 ex

0 2155 13 2170 Α
51 2145 226 2182 Qioregnarc
234 2150 365 2180 coeperat.
437 2144 511 2178 Virg.
519 2145 582 2170 Aen.
591 2152 616 2175 2,
631 2145 677 2176 169

120 2179 125 2185 '
196 2208 202 2216 Ι
345 2196 390 2201 ——-
409 2179 508 2215 Impius
522 2188 554 2205 ex
575 2180 637 2212 Qio

200 2216 322 2251 Tydides
341 2215 383 2243 sed
402 2216 489 2248 enim,
510 2215 690 2249 scelerumque
702 2214 829 2243 inuentor
843 2215 941 2248 Vlysscs

200 2254 288 2281 Fatale
302 2251 407 2287 aggreffi
425 2252 523 2278 sacrato
537 2250 651 2278 auellere
665 2251 764 2286 templo

197 2289 360 2321 Palladium,
383 2295 428 2315 cte.

201 2325 239 2352 Ex
259 2325 309 2352 illo
326 2325 424 2357 fluere,
445 2332 474 2350 ac
491 2327 563 2351 retro
577 2322 694 2357 sublapsa
707 2322 804 2349 referri

201 2361 262 2396 Spes
282 2359 418 2392 Danastm,
439 2366 484 2386 etc·

9 2397 12 2400 ⁴
49 2397 104 2425 Cic.
117 2396 150 2424 ‘de
165 2397 270 2424 Amicit.
280 2405 306 2429 23
334 2398 416 2423 Amor
427 2396 499 2422 enim
525 2398 574 2426 (ex
588 2396 650 2429 Quo
663 2394 781 2422 amicitia
794 2393 830 2421 est
843 2394 996 2425 nominata)
1015 2393 1130 2428 prin-60

49 2434 107 2468 ceps
122 2433 158 2459 est
169 2432 202 2459 ad
214 2432 426 2459 beneuolentiam
441 2431 660 2465 coniungendam.
718 2431 753 2457 Ex
763 2432 825 2464 Quo
835 2430 1002 2456 manifestum
1023 2429 1089 2455 Plin.

14 2490 17 2497 .
47 2469 76 2496 in
91 2469 181 2502 Paneg.
220 2488 226 2494 .
262 2488 269 2494 .
342 2468 377 2493 Ex
391 2468 453 2500 Qio
467 2466 551 2499 palam
565 2466 612 2498 est,
629 2475 709 2500 quam
721 2467 835 2500 turpiter
849 2466 947 2491 deserat
962 2474 1018 2491 eam
1032 2473 1089 2499 par-

45 2510 102 2531 tem
117 2504 269 2530 Rhetorices
277 2502 414 2528 institutio
445 2500 606 2534 Qinffila,
622 2509 640 2527 1.
712 2502 846 2534 Qtaerere
860 2509 892 2527 ex
912 2501 1017 2535 aliquo,
1039 2507 1088 2535 pro

1 2556 7 2567 .
45 2541 218 2573 Interrogare.
289 2537 344 2563 Cic.
359 2536 412 2562 Att.
429 2543 458 2569 5,
472 2543 496 2568 15
532 2536 669 2569 Q1aefiuit
684 2545 714 2562 ex
727 2545 774 2567 eo,
800 2537 946 2570 placeretne
961 2536 1061 2562 iudices
1074 2544 1088 2561 a

5 2582 10 2584 ⁷
48 2575 171 2601 Praetore
186 2572 246 2606 legi.

49 2608 172 2635 laureatis
186 2615 310 2642 quaerere
323 2616 355 2633 ex
374 2613 399 2633 te
417 2607 480 2641 quid
499 2607 579 2633 tristis
597 2608 665 2634 ess‘es.
736 2608 755 2633 Ε
773 2608 909 2641 Regione,
934 2617 963 2633 ex
976 2608 1086 2642 aduerso.

50 2645 106 2671 Cic.
121 2643 199 2670 Acad.
212 2652 240 2676 4,
253 2651 293 2675 ¹23
319 2643 417 2669 Nonne
431 2642 510 2670 etiam
524 2643 627 2674 dicitis,
647 2643 695 2669 esse
706 2651 721 2669 e
734 2643 853 2676 Regionc
866 2642 943 2669 nobis
957 2652 971 2668 e
985 2649 1087 2668 contra-

49 2680 90 2706 ria
110 2686 182 2714 parte
202 2684 301 2709 terrae,
330 2679 378 2712 qui
397 2678 508 2704 aduersis
526 2678 643 2712 vestigiis
664 2678 729 2704 stent
748 2685 838 2704 contra
856 2678 942 2706 nostra
963 2677 1087 2709 vestigia:

49 2715 230 2741 diametrale'ter
244 2713 334 2739 dtceret
352 2715 443 2747 aliquis
461 2713 489 2737 dc
496 2713 591 2747 schola.
661 2714 702 2739 Sic
717 2711 748 2736 de
762 2712 843 2742 Fin.1‚
860 2717 884 2740 18
912 2712 1007 2737 Censet
1016 2711 1086 2736 enim

69 2784 166 2811 undere
187 2784 219 2811 ad
238 2784 350 2810 lineam:
385 2782 453 2809 hunc
465 2782 611 2809 naturalem
625 2782 673 2808 css'e
685 2783 805 2808 omnium
820 2788 961 2816 corporum
975 2788 1087 2807 motum.

46 2795 151 2849 Deinde
164 2820 265 2846 ibidem
279 2819 360 2845 homo
373 2824 476 2849 acutus,
492 2826 552 2844 cum
564 2817 630 2843 illud
644 2824 810 2849 occurreret,
831 2816 848 2843 st
861 2817 951 2843 onmia
965 2817 1088 2843 deorsum

53 2856 194 2891 eRegioue
208 2855 358 2885 ferrentur,
376 2860 400 2880 et
411 2874 418 2885 ,
436 2860 465 2880 vt
478 2853 549 2883 dixi,
569 2852 600 2879 ad
614 2852 710 2878 lineam
720 2872 727 2883 ‚
744 2861 879 2886 nunquam
894 2853 968 2883 fore,
992 2859 1019 2878 vt
1033 2859 1089 2877 ato-

49 2901 107 2920 mus
125 2892 205 2918 altera
223 2890 331 2917 alteram
350 2890 430 2924 posset
445 2889 573 2923 attingere
608 2903 653 2907 ——
680 2893 706 2914 et
724 2888 800 2914 illum
820 2895 922 2913 motum
942 2888 1087 2914 naturalem

15 2991 17 2993 ,
51 2963 211 2998 petentium,
231 2961 283 2987 line
296 2961 369 2987 causa
389 2960 487 2994 eripuit
506 2959 610 2986 atomis.
680 2959 735 2985 Cic.
750 2959 823 2993 Top.
840 2967 876 2993 47
897 2968 918 2985 c.
933 2968 953 2985 11
989 2958 1088 2989 Eodem

52 3004 147 3033 genere
164 2997 331 3030 (contraria)
351 2995 492 3028 dicuntur,
512 2994 609 3030 quibus
622 2994 761 3029 propositis
773 3002 914 3021 occurrunt
929 3001 1061 3029 tamquam
1075 3002 1089 3020 e

55 3033 173 3068 Regione
185 3032 311 3067 quaedam
323 3031 471 3063 contraria,
486 3037 514 3057 vt
528 3030 657 3057 celeritati
671 3030 793 3063 tarditas,
822 3039 876 3056 non
894 3029 1016 3057 debilitas
1043 3045 1089 3049 —

5 3089 8 3091 -
54 3069 128 3096 Haec
141 3068 300 3103 appellantur
319 3067 437 3094 aduersa.
509 3068 539 3093 Et
551 3066 583 3093 de
597 3067 661 3092 Fato
675 3071 700 3096 ¹8
714 3075 736 3091 c.
749 3074 765 3098 9
797 3067 831 3092 Vt
844 3075 901 3092 cum
919 3066 973 3092 duo
987 3065 1088 3092 indiui-

58 3138 176 3165 declinet.
210 3139 276 3165 Add.
290 3139 450 3165 deVniucrs.
460 3147 486 3164 21
499 3147 518 3163 c.
527 3145 552 3172 7.
624 3138 679 3163 Cic.
688 3137 719 3163 ad
728 3139 766 3172 Q
776 3138 843 3164 Frat.
853 3146 874 3171 3,
886 3146 921 3167 ι,ι
947 3137 1088 3163 Columnas

57 3182 144 3208 neque
157 3172 237 3200 recias
250 3174 480 3209 uequeeRegione
494 3173 617 3207 Diphilus
631 3173 778 3199 collocarat.
833 3174 878 3199 Eas
893 3173 1088 3199 scilicetdcmo-

58 3209 151 3236 lietur:
186 3208 324 3243 aliquando
339 3208 527 3244 perpendiculo
540 3215 564 3235 et
576 3208 646 3235 linea
658 3208 738 3235 discet
753 3209 802 3235 vti.
872 3209 943 3235 Cacs.
951 3209 976 3234 Β.
985 3209 1015 3234 G.
1025 3216 1051 3243 7,
1061 3216 1088 3240 35

56 3245 77 3271 E
86 3244 202 3278 Regione
214 3244 299 3270 castris
307 3245 385 3272 castra
399 3254 506 3279 ponere.
563 3246 594 3271 Et
610 3253 631 3270 c.
646 3247 676 3276 36
706 3245 766 3271 Erat
778 3253 792 3270 e
803 3243 913 3278 regione
933 3244 1024 3278 oppidi
1037 3244 1090 3269 col-

56 3314 125 3344 Add·
139 3314 234 3348 Nep-1,
247 3323 269 3347 5,
284 3320 305 3347 3.
374 3317 430 3343 Cic.
445 3316 476 3342 de
488 3316 613 3348 Diuin.2,
627 3323 653 3350 17
669 3325 690 3342 c.
701 3318 717 3342 6
743 3316 857 3349 Qiando
873 3316 933 3341 luna
947 3324 960 3341 e
970 3314 1088 3350 Regione

56 3351 119 3378 solis
132 3349 200 3376 fae'ta
214 3349 325 3376 incurrat
339 3351 366 3377 in
378 3351 498 3378 vmbram
507 3358 601 3379 terrae.
653 3352 695 3379 Sic
708 3358 733 3377 et
747 3352 778 3377 de
793 3351 828 3377 N.
837 3352 868 3377 D.
877 3360 900 3383 z,
909 3360 960 3383 103.
1032 3351 1088 3376 Cic.

57 3389 111 3414 Att.
120 3396 142 3417 5,
155 3390 168 3415 8
201 3385 307 3411 Summa
319 3387 368 3412 erit
380 3387 459 3420 haec,
477 3387 571 3413 statues
585 3392 613 3413 vt
626 3395 657 3413 ex
671 3386 722 3413 fide
731 3407 737 3417 ,
762 3387 832 3413 fama
841 3407 848 3419 ‚
875 3387 966 3420 Reque
979 3394 1036 3412 mea
1048 3386 1087 3412 vi-

57 3422 173 3449 debitur.
243 3420 277 3445 Ex
285 3420 322 3450 Re
329 3422 426 3455 garrire
438 3423 518 3449 aniles
533 3423 634 3449 fabulas
660 3423 816 3449 Hor.Serm,
827 3424 931 3457 2,6,77.
988 3422 1024 3447 Ex
1039 3422 1086 3454 Re,

0 3474 5 3489 χ,
54 3459 106 3486 Pro
119 3455 278 3483 Commodo.
299 3455 393 3483 Acron.

17 3505 43 3528 j.
57 3492 167 3527 Adelph.
176 3500 198 3524 3,
214 3499 232 3523 ι,
248 3496 281 3519 ιΒ.
335 3491 380 3517 Sed
392 3494 471 3520 Bentl.
490 3494 510 3520 E
524 3503 552 3520 re
567 3501 648 3520 natae.
721 3494 739 3519 Ε
753 3495 790 3519 Re
803 3496 954 3519 contrarium
969 3492 1087 3528 quiddam

19 3557 21 3560 y
51 3528 188 3565 fignificat,
201 3535 272 3565 quagn
285 3524 329 3551 abs
342 3534 383 3552 re:
415 3535 494 3563 nempe
507 3529 570 3565 quod
583 3539 597 3555 e
611 3538 639 3556 re
652 3526 685 3563 cst
693 3549 701 3561 ,
720 3528 783 3555 illud
802 3538 854 3555 cum
873 3538 899 3555 re
919 3526 1090 3561 commistum,

57 3568 81 3591 cl
92 3573 120 3590 ex
133 3563 177 3590 illa
190 3562 254 3598 quali
269 3558 367 3601 dub-‘lum
379 3563 551 3598 intelligimus,
577 3565 641 3600 quod
659 3565 691 3591 ab
712 3573 741 3591 re
760 3562 810 3597 est,
834 3565 901 3591 velut
916 3563 947 3590 ab
965 3572 992 3590 ea
1004 3563 1088 3600 scium

0 3598 26 3655 3¹3¹*
55 3597 132 3661 {lgm
201 3597 258 3623 Cic.
272 3595 337 3622 Phil.
352 3605 371 3627 3,
384 3604 417 3621 20
445 3598 554 3626 Duobus
569 3606 612 3627 aut
625 3599 728 3632 tribus,
743 3600 838 3626 SCtise
851 3600 888 3626 Re
901 3599 1006 3634 publica
1021 3598 1088 3626 bene

0 3652 18 3670 ὴ)-
73 3643 86 3661 a
113 3643 143 3660 is.
405 3666 410 3670 .

0 3677 21 3703 ,⁴1
54 3670 241 3703 maiorumque
260 3668 366 3694 suorum
386 3666 511 3700 dignitate
539 3685 583 3690 —-—
608 3671 704 3698 feciffe.
780 3671 841 3697 Liu.
878 3691 884 3697 .
922 3691 928 3697 .
965 3671 1088 3702 Faceret,

0 3733 4 3740 Ι
57 3703 130 3740 quod
140 3714 154 3731 e
168 3705 206 3731 Re
218 3703 337 3738 publica⁷
357 3701 461 3736 fideque
474 3703 517 3729 sua
528 3706 574 3731 effe
586 3705 702 3734 duceret,
779 3707 836 3732 Cic.
850 3707 924 3733 Orat.
943 3711 982 3738 158
1010 3714 1031 3731 c.
1050 3713 1087 3739 47

15 3748 18 3749 ⁷
54 3741 95 3767 Ex
109 3740 152 3777 vsu
164 3740 272 3771 dicunt,
292 3744 317 3765 et
331 3747 341 3764 e
356 3739 492 3772 republica,
518 3740 588 3772 quod
605 3741 634 3768 in
656 3742 739 3769 altero
757 3742 858 3769 vocalis
876 3740 1037 3775 excipiebat,
1059 3742 1086 3766 in

57 3774 139 3802 altero
153 3776 211 3802 esset
223 3775 355 3814 asperitaS,
367 3772 413 3800 nifi
428 3772 532 3799 literam
544 3774 687 3803 sustuliffes.
742 3779 798 3804 Hac
808 3777 972 3812 obseruatione
986 3777 1090 3802 Teren·

30 3861 31 3882 1
63 3842 195 3880 Demipho.
231 3848 272 3874 Sic
284 3852 306 3871 et
319 3846 400 3872 Bentl.

0 3867 1 3870 ,
471 3843 526 3870 Cic.
540 3843 571 3870 ad
586 3845 656 3872 Brut.
668 3848 737 3881 Epa
760 3849 834 3876 Facis
848 3857 880 3874 ex
893 3854 938 3874 tua
951 3848 1089 3882 dignitate,

30 3883 31 3909 l
61 3885 88 3905 et
100 3886 113 3905 c
127 3881 276 3916 Republica.

331 3880 378 3907 St'd
390 3878 528 3919 ibid-⁴51¹*
542 3883 669 3912 variatur,
687 3883 806 3919 cumfin‘t
819 3887 862 3920 qui
874 3885 974 3920 legant,
992 3883 1009 3909 fi
1018 3883 1089 3909 arbi-

61 3919 157 3942 trarere
169 3918 247 3949 vtile,
264 3924 332 3951 eque
346 3925 375 3942 re
388 3915 493 3950 publica
505 3915 561 3946 esse,
579 3915 626 3941 alii
639 3923 736 3949 exque,
752 3920 798 3945 atii
811 3925 836 3945 et
849 3928 889 3945 ex,

57 3949 179 3978 Ciceronis
189 3953 351 3988 observationi
368 3957 521 3987 repugnant:
557 3950 593 3975 Ex
607 3950 752 3984 Republica
764 3959 790 3979 et
804 3963 836 3980 ex
855 3954 977 3981 doch-ina
988 3953 1088 3980 nobilis

53 3990 85 4014 et
101 3984 181 4015 clarus
200 3988 351 4016 Demetrius
382 3987 437 4024 Cic.
451 3994 500 4021 pro
513 3984 603 4016 Rabir.
618 3985 728 4017 Post.23.

864 623 968 657 Peperit
983 632 996 648 e
1012 624 1082 648 Pam·
1101 629 1131 648 10

439 802 527 837 Papin.
540 801 569 827 iu
582 800 599 827 l.
613 801 742 827 Dominus
761 801 793 828 D.
807 801 846 826 De
860 800 988 826 vsufrue‘t.
1008 801 1082 827 Man·
1101 807 1127 835 ις
1148 802 1228 828 Plaut.
1245 802 1318 836 Capt.
1333 801 1451 836 prol.48.

549 980 586 1005 Ex
600 980 722 1005 Praetura
735 978 915 1012 triumphasset
946 979 1018 1005 Idem
1033 988 1082 1013 pro
1102 987 1138 1006 20
1148 989 1179 1006 ex
1188 979 1334 1006 Sententia.

221 1335 350 1362 Columel.
360 1344 379 1367 1,
392 1344 402 1361 1
431 1335 526 1369 Neque
540 1334 611 1360 enim
624 1334 726 1369 semper
737 1333 867 1366 eundem,
886 1335 959 1361 velut
972 1344 1002 1361 ex
1012 1337 1083 1361 Prae·
1096 1344 1130 1368 30

405 1512 575 1539 Plaut.Trin.
585 1521 642 1552 4:23³
651 1521 683 1545 42
706 1512 813 1546 Qtippe
827 1521 859 1538 ex
872 1521 964 1538 eorum
978 1513 1086 1548 ingenio
1104 1517 1130 1544 35

286 1689 322 1715 Ex
336 1689 487 1724 Propinquo
501 1688 633 1723 cognoscit
646 1689 804 1714 Hannonem
812 1697 871 1714 cum
877 1690 1005 1715 exercitus
1014 1695 1087 1724 parte
1093 1692 1132 1716 40

525 2038 562 2063 Ex
584 2038 646 2070 Qio
667 2037 745 2063 semel
763 2037 817 2063 fuit
830 2045 922 2070 aeger,
948 2046 1084 2072 nunquam
1093 2041 1125 2067 50
1142 2040 1242 2075 scripto
1262 2040 1333 2066 Suet.
1346 2038 1437 2066 Claud.
1453 2048 1473 2065 c.
1483 2047 1517 2072 ις.

322 2571 395 2598 Idem
408 2570 439 2597 de
452 2571 542 2597 Diuin.
557 2581 582 2604 1,
599 2580 628 2604 59
664 2572 758 2598 Caium
771 2572 887 2598 Marium
901 2581 959 2598 cum
973 2571 1086 2598 fascibus
1100 2572 1131 2603 65

48 2752 186 2786 Epicurus,
211 2749 301 2776 eadem
318 2748 364 2774 illa
383 2747 525 2773 indiuidua
543 2753 568 2772 et
588 2746 669 2772 solida
690 2755 801 2780 corpora
822 2747 887 2772 ferri
904 2746 951 2772 suo
966 2745 1086 2771 deorsum
1095 2753 1130 2780 70

51 2927 172 2955 omnium
191 2925 354 2961 ponderum,
380 2930 408 2951 vt
422 2925 476 2959 ipse
490 2924 640 2957 constituit,
663 2933 677 2950 e
695 2923 804 2958 regione
822 2923 979 2949 inferiorem
999 2923 1088 2953 locum
1101 2929 1133 2957 75
1152 2926 1230 2951 Tuto
1246 2923 1325 2950 rectis
1339 2923 1481 2951 itineribus
1495 2923 1613 2958 peruiam
1627 2923 1800 2957 conspiciunt.

56 3103 108 3130 dua
120 3112 165 3138 per
183 3104 334 3139 inanitatem
354 3103 489 3135 serantur,
509 3102 620 3129 alterum
639 3110 652 3127 e
666 3102 783 3135 Regione
801 3108 953 3132 moueatur,
976 3101 1088 3128 alterum
1108 3107 1141 3134 80
1153 3101 1306 3130 criminatio
1318 3109 1382 3128 erat.

57 3281 98 3306 lis.
169 3279 272 3312 Liu.38‚
286 3287 302 3315 7
318 3281 416 3307 Fossam
430 3281 570 3315 eRegione
582 3280 638 3306 eius
653 3281 740 3314 operis
764 3294 808 3299 —
832 3279 927 3306 ducere
939 3279 1088 3306 instituunt.
1104 3283 1134 3312 85
1152 3289 1167 3306 a
1181 3280 1286 3306 Disario
1300 3286 1325 3306 et
1339 3279 1469 3306 luculente
1482 3285 1507 3306 et
1519 3288 1550 3305 cx
1563 3281 1633 3305 Vero
1648 3279 1717 3306 dicta
1737 3280 1802 3306 sunt.
1837 3282 1856 3306 i.
1884 3281 1953 3307 Vere.

461 3459 481 3484 E
501 3459 539 3485 Re
558 3465 617 3484 nata
629 3458 722 3484 melius
737 3458 797 3484 fieri
815 3457 884 3484 haud
898 3457 985 3492 potuit
1018 3457 1086 3484 Tcr.
1102 3468 1138 3492 90
1152 3458 1203 3484 Via
1215 3467 1275 3484 cunr
1289 3458 1439 3492 languerem
1465 3456 1503 3483 Id.
1517 3457 1580 3483 Phil.
1592 3465 1601 3483 1
1615 3466 1635 3482 c.
1645 3464 1666 3489 5.

197 3633 235 3660 Id.
244 3627 308 3658 Phil.
319 3638 392 3663 10,25
412 3631 520 3661 Brutum
531 3635 634 3663 Procos.
655 3635 722 3662 bene
730 3636 823 3662 cteRe
830 3635 946 3669 publica,
966 3641 991 3661 et
1005 3643 1035 3660 ex
1044 3635 1088 3661 sua
1102 3642 1133 3668 95
1152 3635 1256 3662 habeat.

60 3809 112 3842 iius
124 3820 170 3837 non
182 3809 215 3845 {si
227 3814 285 3846 vJus
299 3809 403 3836 Phorm.
413 3816 435 3841 ς,
447 3814 471 3838 8,
486 3810 520 3842 76
541 3808 604 3835 Non
617 3810 703 3838 hercle
716 3822 747 3839 ex
755 3814 794 3839 Re
808 3814 882 3840 istius
895 3821 937 3838 me
949 3812 1087 3846 instigasti,
1095 3824 1143 3841 100
1153 3813 1249 3838 sortem
1273 3812 1310 3840 Id.
1324 3814 1400 3839 Verr.
1411 3820 1429 3847 1,
1444 3820 1499 3843 104.

944 3918 992 3946 scd
1007 3926 1030 3944 et
1043 3916 1091 3952 zsta

1574 217 1609 258 E
1717 217 1753 256 Χ
2106 226 2187 275 446

1147 305 1209 332 state
1224 305 1375 333 sententiam
1390 305 1506 341 aliquam
1520 312 1643 341 tanquam
1657 305 1767 341 aliquod
1781 306 1915 342 nauigium
1929 316 2007 346 atque
2020 312 2122 339 cursum
2130 321 2187 339 mo-

1147 341 1250 374 derari,
1270 351 1324 368 nou
1335 341 1370 368 est
1384 342 1552 369 inconstantis
1572 343 1627 369 Cic.
1642 351 1690 376 pro
1699 343 1780 369 Corn.
1794 343 1901 370 Balb.61
1917 354 1937 370 c.
1948 355 1986 380 27.
2059 349 2093 374 Ex
2109 349 2147 374 Re
2159 353 2186 374 et

1149 385 1180 402 cx
1194 383 1314 411 tempore
1327 377 1484 403 constituere
1498 378 1599 413 aliquid
1629 377 1668 404 ld.
1684 378 1756 404 Fam.
1772 385 1814 408 12,
1829 386 1866 410 19.
1935 382 1970 406 Ex
1985 383 2022 408 Re
2035 384 2187 414 consulere.

1148 412 1201 438 luc.
1228 414 1262 439 Vt
1274 411 1362 446 occasio
1374 414 1476 443 tulerit,
1496 414 1577 440 simite
1589 413 1644 446 illi,
1660 414 1709 440 Pro
1721 422 1748 439 re
1762 421 1822 440 nata
1848 413 1938 440 Tacit.
1948 417 2012 443 Ann.
2023 427 2042 449 1,
2057 427 2100 451 24.
2148 419 2186 445 Ex

1151 447 1189 473 Re
1202 448 1254 482 ipsa
1267 456 1358 483 capere
1373 447 1545 480 dilationem,
1561 452 1580 475 ι’.
1602 450 1637 475 Ex
1650 455 1741 474 natura
1756 451 1793 475 rei
1812 449 1915 475 Paullus
1930 450 1956 474 in
1970 450 1986 476 l.
2001 452 2132 480 interdum
2152 455 2186 480 D.

1149 483 1182 508 de
1202 483 1276 510 verb.
1293 483 1401 518 obligat.
1474 483 1493 508 Ε
1515 484 1663 518 Rubigine,
1693 493 1746 510 nou
1763 492 1777 510 e
1795 483 1867 512 ferro
1886 484 1936 511 hoc
1954 485 2129 515 fabrelac'tum
2149 490 2187 516 est

1148 518 1229 545 Plaut.
1245 519 1312 545 Rud.
1326 527 1355 551 5,
1367 527 1398 550 2,
1413 526 1458 550 113.
1549 520 1584 544 Ex
1600 520 1718 545 Rumore
1733 525 1758 546 te
1777 519 1966 554 exspeftamus,
1990 530 2023 547 an
2042 531 2073 548 ex
2089 525 2187 552 Litcris

1147 554 1199 580 tuis
1226 555 1281 581 Cic.
1291 556 1371 586 Att.1,
1383 562 1408 580 2.
1479 553 1559 579 Sanus
1572 563 1625 580 non
1640 555 1675 580 est
1689 563 1720 581 ex
1736 564 1826 582 amore
1849 555 1931 582 Plaut.
1946 556 2026 583 Mcrc.
2043 566 2071 589 2,
2086 567 2115 590 3,
2131 562 2185 586 106.

1148 590 1166 615 E
1183 591 1249 616 Saxo
1266 589 1378 623 sculptus
1405 588 1460 614 Cic.
1468 589 1545 615 Acad.
1556 598 1587 621 4,
1602 598 1652 615 110.
1723 590 1794 617 Scire
1807 599 1836 616 cx
1851 590 1941 625 aliquo
1962 592 2038 622 ,Ten
2055 594 2149 619 licant.
2164 604 2187 627 3,

1149 634 1167 655 1,
1182 633 1205 651 2.
1243 632 1265 650 et
1278 625 1403 656 Phorm.5
1417 630 1482 650 extr.
1554 625 1608 650 Cic.
1621 626 1691 651 Fam.
1707 633 1722 656 9
1733 646 1740 657 ,
1756 634 1783 652 12
1816 625 1939 654 Habuisti
1951 627 1978 653 in
1991 632 2035 654 tua
2047 629 2188 662 potestate,

1148 669 1179 686 ex
1194 668 1247 694 quo
1261 661 1302 686 vel
1316 669 1347 686 ex
1360 659 1467 691 sobrie,
1492 659 1534 688 vel
1555 667 1623 686 certe
1641 669 1671 685 ex
1692 660 1770 687 ebrio
1784 661 1854 690 Scite
1871 663 1960 697 poss'es.
2031 664 2049 689 E
2068 672 2128 696 me,
2155 674 2188 690 ue

1148 695 1214 730 quid
1229 703 1344 727 metuas,
1361 694 1430 721 nihil
1447 694 1515 721 Sciet
1544 695 1709 722 Planervtott.
1725 705 1736 727 3
1747 716 1753 728 ,
1768 705 1800 729 2,
1815 702 1850 729 58.
1920 698 1979 724 Liu.
1993 707 2039 731 23,
2059 708 2080 725 ιι
2115 700 2188 725 Dum

1146 731 1210 758 hacc
1225 737 1359 765 geruntur,
1375 732 1411 763 Q
1429 729 1524 756 Fabius
1539 730 1625 764 picior
1639 730 1737 766 legatus
1751 741 1766 758 a
1778 732 1887 767 Delphis
1907 733 2018 760 Romam
2032 734 2128 767 rediit,
2149 744 2190 761 re-

1147 767 1323 801 sponsumque
1338 774 1368 792 ex
1377 766 1480 799 Scripto
1493 767 1623 793 recitauit.
1698 767 1734 792 Ex
1749 776 1806 794 mea
1818 768 1964 801 Sententia,
1989 769 2023 796 Vt
2035 772 2090 798 volo
2103 778 2125 796 ct
2132 777 2190 807 opto

1522 802 1590 841 Ter.
1600 803 1765 834 Hec.5,4‚32
1793 804 1874 837 Spero
1889 803 1954 830 hauc
1965 813 2021 831 rem
2035 812 2190 833 euenturam

1497 837 1552 863 Cic.
1566 837 1644 864 Acad.
1659 847 1692 870 4,
1708 843 1751 870 148
1787 839 1861 871 Qud
1875 840 1946 866 enim
1960 840 2132 867 conscendens
2145 850 2190 868 na-

1148 882 1209 899 vem
1223 873 1338 908 sapiens,
1360 881 1424 898 num
1436 871 1653 906 comprehensum
1666 874 1757 899 animo
1770 872 1863 906 habet,
1884 881 1962 909 atque
1976 883 2142 911 perceptum,
2163 877 2190 903 se

1148 918 1180 935 cx
1195 909 1327 937 Sententia
1341 909 1545 942 nauigaturum?
1614 909 1651 934 Ex
1663 908 1747 934 animi
1760 908 1892 936 Sententia
1911 912 1948 937 ld.
1958 912 1989 937 ad
1997 913 2068 938 Brut.
2079 913 2153 947 Epist.
2162 921 2191 945 4.

1149 945 1230 971 Plaut.
1244 944 1311 970 Pers.
1322 951 1344 975 3,
1359 952 1379 976 ι,
1394 951 1426 976 45
1452 944 1506 978 Ego
1520 953 1606 978 neque
1621 943 1742 969 lubenter
1755 944 1861 977 seruio,
1882 954 1966 980 neque
1980 947 2038 973 satis
2054 949 2108 973 sum
2123 947 2190 974 hero

1405 978 1443 1005 Id.
1458 980 1546 1005 Aulul.
1559 989 1587 1012 4,
1603 988 1620 1010 1,
1634 987 1646 1010 3
1674 979 1744 1004 Nam
1759 979 1807 1012 qui
1820 979 1885 1006 hero
1900 989 1931 1010 ex
1944 982 2075 1009 Sententia
2089 983 2191 1010 seruire

1148 1017 1239 1042 seruus
1259 1014 1382 1050 postulat:
1418 1015 1446 1041 in
1466 1014 1560 1041 herum
1579 1021 1697 1045 matura,
1726 1014 1755 1039 in
1783 1015 1808 1039 se
1832 1015 1887 1041 sera
1909 1015 2032 1043 condecet
2056 1020 2191 1053 capcss'ere.

1149 1050 1187 1078 Id.
1203 1053 1276 1086 Capt.
1291 1059 1322 1085 2,
1337 1059 1364 1080 2,
1382 1052 1416 1082 96
1450 1051 1506 1076 Nec
1526 1058 1676 1084 quenquam
1696 1048 1862 1081 fideliorem,
1881 1058 1966 1084 neque
1979 1053 2020 1077 cui
2034 1053 2090 1087 plus
2103 1054 2192 1081 credat

1148 1092 1222 1121 potes
1234 1087 1340 1113 mittere
1354 1085 1385 1111 ad
1398 1094 1474 1118 cum,
1494 1094 1540 1112 nec
1555 1086 1603 1120 qui
1615 1083 1698 1119 magis
1712 1083 1742 1109 lit
1757 1084 1846 1112 seruus
1861 1092 1892 1110 ex
1906 1085 2046 1113 Sententia.
2117 1089 2193 1116 Idem

1149 1123 1235 1149 Truc.
1250 1130 1273 1155 5,
1287 1124 1320 1154 69
1345 1122 1443 1147 Verum
1458 1121 1565 1156 vtrique
1578 1129 1635 1146 mos
1649 1124 1771 1153 geratur,
1792 1119 1931 1146 amborum
1949 1130 1979 1146 ex
1993 1121 2124 1149 Sententia
2135 1124 2192 1156 fiat,

1505 1156 1554 1182 hoc
1575 1153 1756 1190 accipiendum
1778 1155 1813 1181 est
1833 1155 1905 1189 quod
1924 1155 2008 1183 datur.
2082 1159 2138 1185 Cic.
2160 1160 2193 1185 ad

1149 1194 1222 1220 Brut.
1239 1202 1254 1226 9
1284 1193 1342 1219 Nos
1358 1198 1383 1218 te
1395 1199 1523 1226 tuumque
1535 1191 1682 1218 exercitum
1701 1191 1891 1224 exspeciamus:
1928 1191 1980 1218 fine
1994 1201 2063 1227 quo,
2089 1199 2118 1220 vt
2130 1194 2194 1220 reli—

1148 1237 1200 1264 qua
1219 1237 1250 1254 ex
1264 1228 1396 1255 Sententia
1416 1227 1564 1258 succedant,
1594 1226 1640 1253 vix
1660 1227 1720 1252 satis
1741 1225 1820 1252 liberi
1840 1226 1960 1253 videmur
1980 1228 2048 1254 fore.
2119 1228 2194 1257 Idem

1150 1266 1222 1292 Fam.
1238 1273 1280 1296 12,
1295 1273 1331 1290 10.
1403 1264 1471 1290 Ter.
1486 1263 1591 1290 Phorm.
1606 1271 1632 1294 2,
1647 1271 1673 1295 1,
1687 1270 1712 1287 21
1745 1261 1793 1288 Sed
1807 1262 1881 1289 satin'
1895 1264 1985 1289 omnia
2001 1272 2032 1290 cx
2044 1264 2197 1292 Sententia}

1150 1300 1277 1327 Interdum
1290 1300 1354 1326 idem
1370 1297 1402 1332 est
1416 1308 1445 1326 ac
1459 1299 1490 1325 de
1505 1298 1637 1326 sententia.
1691 1296 1746 1323 Cic.
1760 1306 1808 1331 pro
1820 1298 1923 1324 Cluent.
1938 1301 1996 1331 c.63
2022 1300 2058 1325 Ex
2071 1301 2195 1327 omnium

1152 1336 1284 1363 Sententia
1298 1334 1468 1361 constitutum
1481 1334 1531 1365 est,
1559 1334 1618 1360 satis
1629 1332 1717 1359 videri
1739 1334 1787 1359 else
1802 1333 1954 1367 quaesitum.
2027 1335 2064 1363 Id.
2085 1337 2159 1363 Verr.
2179 1345 2195 1362 Ω

1150 1381 1171 1398 c.
1184 1373 1211 1398 16
1220 1371 1340 1405 Rupilius
1349 1378 1455 1405 praetor
1463 1379 1493 1396 ex
1503 1370 1649 1404 legatorum
1659 1369 1793 1394 Sententia
1800 1369 1868 1402 leges
1881 1369 1908 1395 in
1917 1370 2006 1397 Sicilia
2014 1370 2195 1398 constituerat.

1150 1408 1231 1434 Plaut.
1240 1408 1346 1442 Poen.1‚
1354 1416 1379 1440 2,
1390 1415 1422 1438 30
1453 1406 1548 1433 Nimia
1559 1405 1649 1431 omnia
1661 1404 1774 1430 nimium
1788 1404 1914 1431 exhibent
1927 1406 2062 1440 negotium
2078 1406 2196 1433 homini-

1151 1443 1199 1470 bus
1213 1452 1244 1469 cx
1258 1443 1298 1469 Se.
1370 1441 1408 1469 Id.
1424 1442 1512 1468 Aulul.
1526 1441 1629 1476 prol-21
1657 1441 1681 1466 Is
1694 1448 1726 1466 ex
1739 1440 1770 1466 Se
1784 1439 1851 1466 hunc
1863 1441 1988 1475 reliquit,
2007 1443 2054 1476 qui
2067 1441 2110 1470 hic
2125 1452 2196 1471 nune

1150 1478 1268 1510 habitat,
1288 1477 1382 1504 filium.
1425 1478 1482 1504 Vici.
1492 1476 1625 1508 Grauida,
1646 1478 1675 1501 it.
1689 1476 1792 1510 Peperit
1803 1484 1843 1501 ex.
1916 1477 1952 1502 Ex
1961 1477 2019 1503 Sese
2031 1478 2195 1513 aliudmagis

1151 1514 1229 1540 habet
1242 1520 1266 1540 et
1279 1522 1375 1540 mulus:
1412 1516 1479 1540 iocus
1496 1513 1525 1538 de
1543 1510 1645 1542 vinflo,
1665 1514 1704 1537 cui
1717 1514 1839 1547 negotium
1858 1511 1916 1538 dare
1929 1513 2024 1539 volebat
2039 1515 2205 1549 Pamphilus..

1149 1551 1218 1576 Ter.
1233 1550 1312 1575 Andr.
1322 1558 1344 1581 5,
1357 1558 1385 1581 4,
1399 1556 1437 1580 52.
1507 1548 1563 1574 Cic.
1576 1548 1653 1574 Verr.
1663 1555 1682 1579 1,
1697 1554 1738 1578 123
1763 1546 1792 1572 Se
1806 1554 1959 1580 curaturos,
1981 1553 2009 1575 vt
2022 1557 2053 1575 ex
2067 1549 2115 1575 Sua
2125 1550 2197 1584 quis-

1152 1594 1203 1620 que
1217 1591 1289 1619 parte
1302 1593 1334 1610 ne
1346 1584 1434 1610 minus
1447 1583 1589 1609 dimidium
1603 1582 1635 1608 ad
1648 1581 1837 1614 Trebonium.
1854 1588 1899 1608 etc.
1971 1583 2010 1609 ld.
2023 1584 2054 1609 de
2061 1585 2165 1610 Inuent.
2173 1593 2198 1616 1,

1153 1629 1198 1646 102
1242 1621 1420 1653 Vnaquaeque
1439 1628 1471 1645 ex
1491 1619 1536 1650 se,
1565 1625 1591 1644 et
1607 1627 1640 1644 ex
1660 1619 1706 1643 sua
1724 1624 1816 1644 natura
1836 1617 1989 1651 limpliciter
2006 1619 2195 1645 consideratur.

1151 1655 1216 1682 Cels.
1226 1664 1250 1687 2,
1265 1664 1284 1688 4
1304 1655 1402 1681 Somno
1409 1664 1464 1681 non
1477 1654 1512 1680 est
1527 1653 1658 1681 terribilis
1665 1660 1809 1679 neruorum
1822 1653 1956 1678 distentio.
1992 1653 2106 1680 Timere
2114 1654 2197 1680 etiam

1150 1701 1181 1717 ex
1190 1692 1303 1722 Somno,
1323 1690 1388 1716 mali
1403 1690 1493 1716 morbi
1508 1689 1552 1715 est.
1626 1688 1686 1714 Liu.
1696 1689 1742 1719 36,
1778 1706 1785 1713 .
1824 1706 1830 1713 .
1867 1686 1967 1712 Affecta
1988 1687 2094 1720 labore,
2113 1697 2141 1715 ac
2156 1689 2198 1715 vi-

1149 1726 1221 1759 giliis
1236 1733 1348 1758 corpora
1360 1733 1391 1750 ex
1405 1726 1504 1751 Somno
1516 1723 1707 1749 moliebantur.
1780 1721 1849 1747 Tac.
1863 1722 1953 1747 Germ.
1968 1730 2014 1755 22,
2029 1731 2038 1749 ι
2074 1724 2166 1751 Statim
2181 1733 2198 1751 e

1150 1762 1248 1786 Somno
1257 1760 1389 1785 lauantur.
1460 1760 1496 1785 Ex
1510 1759 1609 1792 Sponso
1620 1765 1698 1791 agere
1719 1756 1775 1782 Cic.
1790 1765 1839 1790 pro
1847 1757 1939 1790 Qu'nt.
1955 1765 1989 1789 32.
2061 1759 2097 1785 Ex
2109 1760 2198 1794 Stirpe

1150 1794 1273 1820 arborem
1289 1793 1425 1826 excidere,
1445 1796 1463 1820 i.
1478 1794 1601 1827 stirpitus
1626 1791 1687 1826 le.
1700 1792 1728 1817 in
1741 1791 1758 1818 l.
1769 1800 1778 1817 1
1798 1792 1830 1818 D.
1844 1797 1875 1818 <lc
1882 1792 1937 1819 arb.
1947 1792 2018 1820 caed.
2088 1795 2196 1822 Lucret.

1151 1837 1173 1859 2,
1187 1833 1237 1860 248
1262 1829 1299 1853 Ex
1313 1828 1412 1863 Supero
1425 1837 1507 1862 quum
1520 1827 1708 1861 praecipitant,
1728 1834 1772 1854 etc.
1845 1829 1939 1860 Liu.2,
1953 1837 1984 1862 37
2003 1829 2196 1865 Auetormagis

1149 1871 1229 1897 quam
1243 1871 1285 1889 res
1298 1861 1330 1889 ad
1344 1863 1550 1896 praecauendum
1568 1864 1609 1889 vel
1625 1872 1656 1889 ex
1669 1863 1868 1897 Superuacaneo
1883 1864 1978 1890 mouit.
2049 1865 2086 1891 Ex
2102 1866 2197 1900 Super—

1148 1907 1234 1924 vacuo
1247 1898 1364 1932 aliquem
1377 1899 1520 1924 admonere
1554 1899 1611 1924 Seu.
1626 1898 1703 1932 Epist.
1717 1900 1762 1931 64.
1856 1899 1972 1933 Suscepit
1994 1907 2025 1925 ex
2045 1900 2090 1926 illa
2107 1901 2198 1928 filium

1149 1934 1217 1960 Ter.
1231 1933 1336 1961 Phorm.
1346 1941 1367 1966 ς,
1380 1939 1403 1965 8,
1417 1942 1461 1966 49.
1533 1934 1572 1960 Id.
1587 1934 1668 1960 Andr.
1682 1942 1711 1964 2,
1729 1942 1759 1965 2,
1774 1941 1801 1959 21
1832 1933 1964 1960 Redeunti
1977 1934 2078 1962 interea
2093 1945 2124 1963 ex
2140 1937 2198 1971 ipsa

1149 1978 1179 1996 re
1192 1968 1260 1994 mihi
1275 1968 1369 1994 incidit
1383 1968 1510 2003 Suspicio.
1583 1969 1601 1994 Ε
1621 1968 1694 1999 Syria
1707 1969 1880 2003 Aegyptoque
1893 1969 2013 1996 Eunuchi
2046 1971 2102 1998 Cic.
2119 1973 2196 1999 Orat.

1150 2013 1197 2036 232
1211 2013 1232 2030 c.
1248 2011 1292 2038 70.
1349 2003 1389 2031 Sic
1409 2011 1436 2039 p.
1448 2014 1472 2030 a.
1493 2004 1512 2029 E
1534 2003 1633 2030 Mariis.
1718 2004 1754 2030 Ex
1772 2003 1889 2031 Tabella
1908 2006 2094 2039 pronuntiare,
2118 2011 2136 2033 i.
2158 2009 2196 2034 Ex

1590 2040 1626 2064 Ex
1633 2039 1910 2073 Temporecontinm,
1929 2041 1995 2067 nulla
2007 2051 2075 2068 mora
2092 2045 2198 2070 interce-

1149 2075 1227 2101 dente.
1301 2075 1355 2101 Cic.
1369 2074 1421 2101 Off.
1430 2083 1452 2107 2,
1466 2083 1492 2107 33
1519 2076 1595 2108 Qios
1608 2074 1739 2100 credimus
1753 2075 1876 2108 expedire
1888 2084 1959 2108 rem,
1980 2082 2005 2102 et
2017 2077 2154 2105 consilium
2163 2086 2198 2106 ex

1147 2111 1286 2145 Tempore
1301 2119 1392 2144 capere
1406 2111 1482 2144 posse.
1553 2109 1704 2143 Plin.Epist.
1720 2118 1743 2142 2,
1756 2118 1768 2142 3
1790 2110 1863 2137 Dicit
1875 2112 1977 2145 semper
1999 2121 2030 2138 ex
2046 2113 2197 2148 Tempore,

1150 2146 1193 2172 sed
1208 2152 1333 2180 tanquam
1347 2145 1392 2171 diu
1406 2145 1544 2179 scripserit.
1617 2145 1717 2172 Sallust.
1731 2145 1893 2181 Iugurth.70
1921 2148 2030 2174 Caetera
2043 2149 2083 2175 vti
2096 2158 2137 2175 res
2168 2158 2199 2175 o-

1150 2183 1278 2212 scerct‚cx
1292 2182 1432 2215 Tempore
1446 2189 1537 2215 parare
1551 2180 1656 2215 placuit.
1728 2181 1783 2207 Cic.
1798 2181 1830 2207 de
1844 2182 1952 2215 Orat.2,
1966 2185 2020 2215 246
2034 2194 2056 2210 c.
2067 2186 2101 2211 60
2125 2159 2197 2212 npud

1147 837 1225 864 nobis
1239 846 1270 863 ex
1284 837 1425 863 Sententia.

1121 2219 1131 2226 ‘
1150 2217 1287 2252 egregium
1308 2217 1399 2248 Scstii,
1424 2222 1495 2243 etex
1517 2217 1671 2251 Tempore,
1702 2217 1796 2243 Manus
1815 2217 1891 2248 laua,
1924 2218 2029 2252 inquit,
2059 2226 2085 2246 et
2105 2229 2198 2247 coena.

1148 2254 1186 2280 Id.
1202 2255 1276 2280 Verr.
1293 2262 1313 2285 1,
1350 2273 1357 2279 .
1394 2272 1400 2279 .
1437 2252 1566 2279 Audimus
1580 2253 1664 2278 aliurn
1678 2261 1731 2278 non
1743 2252 1775 2278 ab
1792 2253 1873 2279 initio
1887 2253 1989 2285 fecisse,
2009 2254 2052 2281 sed
2066 2264 2097 2282 ex
2111 2257 2198 2284 Tem-

1151 2298 1215 2324 pore
1228 2289 1320 2323 aliquo
1334 2288 1479 2314 confeciss'e.
1521 2290 1558 2314 De
1574 2288 1712 2314 tabularum
1730 2287 1885 2324 confeffione
1899 2290 1922 2315 lo
1941 2292 2018 2317 uitur.
2074 2293 2115 2319 Sic
2134 2292 2199 2318 Liu.

1152 2334 1188 2356 10,
1204 2327 1237 2351 26
1271 2325 1396 2351 Constare
1411 2332 1452 2351 res
1467 2323 1561 2358 incipit
1575 2332 1606 2349 ex
1619 2323 1669 2349 illo
1682 2323 1837 2357 Tempore,
1867 2327 1886 2350 i.
1909 2334 1924 2351 a
1953 2325 1993 2351 illo
2006 2325 2063 2351 inde
2083 2334 2200 2362 tempore.

1150 2363 1193 2387 Ita
1207 2360 1262 2386 Cic.
1275 2369 1324 2394 pro
1339 2360 1406 2386 Sext.
1414 2365 1459 2395 pr.
1492 2360 1518 2385 Si
1531 2359 1590 2393 quis
1603 2365 1678 2385 antea
1691 2359 1839 2386 mirabatur
1863 2375 1908 2380 ——
1934 2369 1964 2386 ex
1984 2360 2034 2388 hoc
2056 2362 2198 2397 Tempore

1151 2397 1264 2423 miretur
1278 2396 1375 2430 potius.
1445 2395 1520 2428 Virg.
1534 2395 1586 2420 Ecl.
1601 2403 1631 2428 7,
1651 2402 1687 2428 70
1724 2395 1760 2420 Ex
1782 2395 1830 2421 illo
1851 2395 1991 2428 Corydon,
2018 2398 2145 2429 Corydon
2160 2398 2198 2424 est

1151 2438 1271 2466 tempore
1286 2431 1372 2458 nobis.
1443 2431 1478 2456 Ex
1494 2436 1628 2464 tempore,
1649 2431 1684 2456 Ex
1698 2433 1814 2466 temporis
1825 2431 1971 2457 conditione.
2042 2433 2098 2458 Cic.
2113 2433 2163 2459 Off.
2173 2442 2200 2465 3,

1152 2477 1182 2500 32
1211 2468 1294 2493 Vnius
1315 2465 1418 2501 generis
1432 2466 1596 2500 quaestiones
1619 2466 1676 2491 sunt
1696 2465 1744 2491 hae
1758 2475 1858 2497 omnes,
1873 2467 1901 2492 in
1915 2466 2011 2500 quibus
2025 2466 2142 2493 officium
2163 2476 2196 2494 ex

1152 2510 1272 2538 tempore
1285 2503 1432 2538 quaeritur.
1486 2503 1527 2529 Sit:
1544 2503 1579 2534 Q
1594 2502 1649 2527 Cic.
1665 2500 1697 2527 de
1711 2502 1762 2527 Pet.
1778 2502 1854 2527 Cons.
1870 2504 1893 2526 6.
1958 2503 1992 2527 It.
2005 2501 2037 2527 de
2052 2503 2154 2529 Inuent.
2168 2511 2198 2537 2,

1153 2542 1199 2573 176
1213 2548 1233 2565 c.
1243 2543 1277 2571 58.
1347 2539 1381 2563 Ex
1397 2537 1533 2571 Templo,
1553 2541 1571 2562 i.
1587 2537 1686 2563 Statim.
1758 2536 1838 2561 Plaut.
1848 2535 1942 2569 Amph.
1952 2544 1971 2567 1,
1986 2544 2005 2568 1,
2019 2545 2048 2568 52.
2078 2538 2108 2564 Se
2122 2547 2195 2565 exer-

1151 2576 1233 2601 citum
1248 2583 1278 2600 ex
1287 2573 1360 2600 Tem
1381 2572 1407 2598 lo
1420 2572 1529 2598 domum
1541 2571 1721 2598 redueturum.
1787 2571 1861 2596 Idem
1873 2571 1953 2597 Mcrc.
1963 2572 2030 2604 prol.
2040 2575 2065 2598 (1
2091 2574 2147 2599 Sese
2164 2582 2197 2600 ex

1151 2610 1270 2643 Templo
1283 2617 1318 2634 ex⁴
1330 2582 1438 2641 epliebis
1453 2607 1589 2640 postquam
1610 2605 1749 2631 excesserit.
1807 2605 1875 2632 Add.
1895 2606 1933 2632 Id.
1948 2607 2033 2633 Truc.
2048 2617 2083 2640 4,
2104 2617 2132 2640 3,
2152 2611 2200 2636 26.

1151 2645 1211 2670 Liu.
1221 2653 1241 2675 1,
1256 2645 1272 2668 6
1299 2643 1334 2667 Ex
1347 2641 1467 2675 Templo
1482 2640 1611 2667 aduocato
1624 2640 1750 2671 concilio,
1767 2646 1811 2667 etc.
1868 2641 1942 2676 Conf.
1956 2642 2029 2668 Seru.
2042 2643 2077 2669 ad
2090 2645 2153 2670 Aen.
2169 2653 2197 2677 2,

1152 2681 1212 2710 699.
1282 2677 1318 2702 Ex
1331 2677 1422 2707 Toto,
1437 2682 1486 2711 pro
1501 2677 1532 2702 In
1544 2682 1629 2702 totum.
1703 2676 1760 2702 Seu.
1769 2675 1801 2701 de
1815 2677 1856 2702 Ira
1870 2685 1892 2708 3,
1929 2696 1935 2702 .
1973 2696 1980 2702 .
2015 2679 2150 2711 Q1acdam
2163 2688 2197 2706 ex

1151 2714 1228 2739 Toto
1242 2712 1404 2737 euanescent.
1438 2712 1480 2739 Sic
1493 2711 1558 2737 Plin.
1574 2720 1607 2743 11,
1623 2719 1660 2745 17.
1731 2711 1834 2743 Cels.3,
1850 2719 1879 2743 4.
1897 2712 2085 2746 Integer-rimus
2097 2722 2199 2748 autem,

1150 2754 1176 2774 et
1192 2756 1221 2773 ex
1231 2748 1311 2774 Toto
1323 2747 1424 2782 integer
1436 2746 1488 2778 est,
1511 2747 1559 2781 qui
1572 2747 1654 2772 febre
1665 2746 1777 2771 omnino
1798 2752 1882 2776 caret,
1913 2756 1993 2781 quam
2017 2749 2198 2784 integritatem

1151 2783 1246 2810 Graeci
1259 2782 1385 2816 οἷπυρεξιίκν
1398 2787 1502 2808 vocant.
1571 2782 1648 2807 Creta
1662 2789 1692 2807 ex
1707 2781 1785 2807 Toto
1804 2781 1966 2816 repudianda
1980 2784 2015 2810 est
2048 2785 2153 2813 Colum¹
2167 2794 2197 2820 5,

1152 2825 1174 2849 8.
1241 2817 1322 2844 Ouid.
1339 2827 1369 2844 ex
1382 2818 1464 2843 Ponto
1475 2826 1508 2850 4,
1524 2821 1546 2847 8,
1559 2824 1591 2850 72
1611 2817 1668 2843 Nec
1682 2822 1769 2843 tamen
1782 2825 1813 2844 ex
1825 2818 1903 2844 Toto
1918 2819 2043 2846 Deserere
2057 2820 2103 2847 ista
2111 2828 2199 2856 potes,

1150 2858 1169 2881 i.
1185 2856 1295 2889 penitus.
1366 2853 1402 2878 Ex
1416 2853 1583 2879 Transucrso
1596 2852 1704 2886 quidam
1718 2852 1824 2879 adortus
1838 2853 1966 2888 transfigit
1986 2856 2044 2882 Liu.
2054 2865 2077 2888 2,
2086 2865 2128 2883 20.
2164 2859 2198 2884 Ει·

1152 2899 1172 2921 ι,
1187 2898 1210 2921 ι3
1241 2890 1277 2915 Ex
1292 2888 1460 2915 Transuerso
1474 2887 1574 2921 impetu
1590 2887 1670 2914 facio.
1747 2889 1808 2915 Liu.
1829 2897 1874 2921 10,
1911 2910 1916 2915 .
1954 2909 1960 2916 .
1997 2891 2149 2928 Vrbemque
2164 2901 2198 2920 cx

1855 2924 1929 2951 Idem
1948 2928 1983 2952 26
2035 2949 2041 2953 .
2079 2947 2085 2953 .
2158 2929 2197 2956 Ex

1152 2961 1233 2987 Tunc
1247 2968 1345 2994 poenae
1357 2960 1503 2986 reseruatus
1516 2958 1632 2994 adfertur
1640 2968 1670 2985 ex
1689 2959 1764 2994 Apul.
1778 2960 1842 2986 Met.
1856 2968 1872 2994 7
1887 2970 1910 2995 p.
1926 2966 1968 2994 198
1976 2946 1998 2994 ,⁷
2007 2969 2041 2995 15.
2094 2964 2141 2991 Sed
2161 2962 2199 2996 qs}

1151 3002 1284 3023 extremae
1292 3004 1399 3030 poenae.
1455 2996 1527 3022 Forte
1533 2994 1593 3028 fuit
1601 2995 1723 3027 extimae,
1732 2995 1794 3022 unde
1802 2995 1865 3022 illud
1877 3005 1908 3022 ex
1922 3002 1983 3022 tunc
1996 3005 2084 3024 ortum.
2156 3000 2196 3025 Ex

1151 3033 1245 3063 Vano,
1262 3038 1310 3066 pro
1327 3029 1440 3064 Frustra.

1152 3066 1170 3094 h
1187 3067 1203 3093 b
1510 3030 1569 3056 Liu.
1584 3038 1631 3064 27,
1669 3050 1675 3056 .
1713 3050 1720 3056 .
1758 3031 1814 3057 Nec
1827 3032 1896 3066 spem
1911 3041 1957 3058 nec
1967 3040 2065 3059 metum
2079 3042 2110 3059 ex
2118 3034 2196 3060 Vano

1172 3076 1184 3093 a
1206 3072 1270 3093 eret.

1340 3068 1403 3092 Item
1413 3072 1463 3101 pro
1487 3066 1571 3102 Falso:
1605 3065 1678 3092 Idem
1698 3074 1741 3098 33,
1779 3086 1786 3092 .
1824 3086 1830 3092 .
1874 3068 1970 3101 Neque
1995 3074 2050 3094 tota
2069 3077 2100 3094 ex
2116 3070 2196 3095 Vano

1453 3101 1534 3127 Plaut.
1548 3101 1622 3135 Epid.
1638 3110 1657 3134 1,
1672 3111 1692 3133 1,
1705 3104 1734 3133 63
1756 3102 1792 3128 Ex
1804 3102 1856 3128 tuis
1870 3103 1965 3128 Verbis
1977 3112 2065 3129 meum
2072 3103 2195 3132 futurum

1152 3138 1255 3164 corium
1270 3137 1409 3172 pulchrum
1423 3137 1571 3172 praedicas,
1590 3144 1636 3164 etc.
1707 3137 1798 3163 Tacit.
1815 3138 1882 3163 Ann.
1893 3147 1920 3171 4,
1934 3146 1959 3170 3¹
1991 3139 2048 3165 Nec
2061 3139 2195 3166 occultum

1153 3174 1205 3206 est,
1230 3173 1335 3208 quando
1355 3181 1386 3199 ex
1401 3173 1534 3205 Veritate,
1562 3172 1667 3207 quando
1681 3172 1835 3199 adumbrata
1849 3173 1949 3199 laetitia
1964 3173 2032 3200 fa&a
2053 3175 2194 3208 imperato-

1153 3218 1212 3235 rum
1226 3208 1400 3235 celebrentur.
1473 3209 1508 3234 Ex
1522 3209 1593 3235 Vero
1602 3208 1710 3234 nomine
1724 3217 1806 3235 vocor
1818 3209 1997 3243 Miccotrogus
2023 3210 2102 3235 Plaut.
2110 3210 2193 3237 Stich.

1154 3253 1180 3277 1,
1197 3254 1222 3276 3,
1238 3250 1275 3274 88.
1345 3242 1464 3270 Macrob.
1483 3245 1586 3270 Satuin.
1607 3251 1624 3278 7
1651 3253 1673 3270 c.
1692 3244 1738 3270 vlt.
1779 3244 1893 3276 Omnia,
1922 3244 2010 3279 inquit
2034 3245 2194 3278 Ettstathius,

2047 3281 2145 3306 Venire
2160 3290 2194 3308 ex

1152 3316 1236 3350 gratia
1250 3316 1277 3341 in
1289 3315 1420 3342 inuidiam
1453 3316 1515 3342 Aur.
1532 3314 1602 3340 Vi&
1616 3315 1648 3340 de
1662 3315 1735 3342 Viris
1747 3314 1828 3341 Illust.
1842 3317 1878 3341 66
1913 3335 1919 3342 .
1963 3333 1969 3340 .
2041 3316 2140 3342 Venire
2159 3325 2194 3343 ex

1153 3351 1301 3385 longinquo
1310 3371 1318 3383 ,
1338 3351 1391 3377 vid.
1406 3357 1449 3377 Lo
1459 3358 1479 3377 N
1488 3357 1508 3377 G
1519 3358 1527 3377 1
1538 3357 1559 3376 N
1598 3357 1618 3374 v
1630 3357 1650 3374 V
1660 3357 1682 3376 S.
1753 3351 1773 3376 Ε
1788 3350 1921 3385 Vestigio,
1947 3353 1965 3375 i.
1976 3348 2067 3381 statim
2078 3370 2086 3382 ‚
2104 3358 2194 3378 extem-

1148 3387 1192 3423 plo
1204 3388 1276 3413 Seru.
1291 3386 1322 3413 ad
1336 3387 1428 3419 Cic.4,
1444 3395 1480 3412 12.
1537 3387 1589 3412 Cae
1603 3405 1609 3411 .
1624 3386 1651 3411 B.
1667 3385 1734 3411 Gall.
1747 3394 1780 3419 4,
1795 3395 1816 3418 ς.
1888 3387 1942 3412 Cic.
1956 3385 2016 3410 Diu.
2031 3386 2058 3411 in
2073 3388 2146 3413 Caec.
2161 3395 2194 3422 57

1153 3432 1175 3449 c.
1189 3430 1216 3458 17
1245 3422 1294 3449 Sed
1308 3428 1429 3457 repente,
1449 3430 1463 3448 e
1477 3421 1594 3455 Vestigio
1611 3429 1641 3447 ex
1655 3420 1764 3447 homine
1793 3436 1838 3441 —-—
1856 3420 1939 3446 sacius
1952 3420 1987 3446 est
2001 3429 2098 3450 verres.
2171 3423 2194 3449 E

1736 3456 1816 3483 Plaut.
1823 3457 1904 3482 Merc.
1912 3464 1931 3487 1,
1944 3463 1964 3487 1,
1977 3464 2013 3488 40
2033 3457 2069 3483 Ex
2083 3458 2193 3485 summis

1152 3493 1262 3528 opibuS,
1282 3493 1444 3527 Viribusque
1452 3501 1533 3527 vsque
1546 3492 1681 3527 experire,
1700 3492 1800 3523 nitere,
1820 3491 1898 3517 herus
1910 3496 1937 3516 vt
1949 3491 2039 3518 minor
2052 3502 2132 3528 opera
2147 3499 2193 3521 tua

1153 3531 1280 3557 seruetur.
1362 3529 1421 3563 le.
1435 3529 1451 3554 l.
1470 3537 1478 3554 1
1500 3526 1566 3563 §.10
1588 3529 1620 3554 D.
1634 3528 1666 3554 dc
1678 3536 1744 3561 aqua
1759 3527 1832 3561 pluu.
1866 3526 1967 3560 Aquam
1981 3527 2195 3562 superficientem

1151 3573 1183 3591 ex
1203 3564 1294 3591 Vicini
1312 3564 1339 3591 in
1357 3566 1431 3590 suum
1450 3564 1587 3596 deriuare,
1618 3566 1666 3590 int.
1686 3562 1777 3588 fundo.
1860 3561 1990 3588 Columel.
2005 3572 2029 3595 1,
2044 3567 2060 3590 6
2092 3565 2193 3592 Villico

1152 3601 1225 3626 iuxta
1238 3601 1343 3626 ianuam
1358 3600 1402 3626 fiat
1416 3599 1562 3630 habitatio,
1586 3605 1615 3626 vt
1634 3598 1790 3625 intrantium
1803 3597 2009 3632 exeuntiumque
2024 3600 2192 3635 conspectum

1314 3636 1482 3662 Procuratori
1498 3636 1572 3670 supra
1585 3635 1705 3664 ianuam,
1726 3631 1761 3658 ob
1781 3632 1884 3671 easdem
1896 3632 1996 3660 causas:
2030 3642 2055 3661 et
2069 3636 2090 3662 is
2104 3642 2192 3663 tamen

1151 3671 1273 3697 villicum
1285 3670 1407 3698 obseruet
1422 3680 1453 3697 cx
1466 3671 1572 3697 Vicino.
1642 3669 1678 3694 Ex
1698 3667 1817 3694 Vinculis
1837 3669 1936 3695 causam
1956 3669 2044 3697 dicere
2075 3672 2147 3698 Caes.
2161 3673 2190 3699 B.

1153 3706 1184 3731 G.
1196 3714 1215 3737 1,
1228 3715 1255 3739 4.
1326 3707 1362 3732 Ex
1376 3707 1450 3732 Vino
1463 3706 1614 3732 vacillantes
1642 3701 1772 3735 Quinfflil-
1785 3708 1815 3735 8,
1828 3711 1850 3736 3-
1921 3704 2035 3732 Tollere
2055 3715 2069 3733 e
2088 3707 2191 3734 Mundo

1151 3741 1240 3767 Solem
1253 3740 1392 3774 videntur,
1412 3742 1459 3776 qui
1472 3741 1615 3768 amicitiam
1633 3746 1648 3763 e
1660 3738 1721 3764 Vita
1732 3738 1828 3765 tollunt
1856 3739 1913 3765 Cic.
1926 3739 1958 3766 de
1973 3741 2057 3768 Amic.
2071 3750 2107 3776 47
2122 3752 2143 3769 c.
2156 3750 2189 3774 13.

1153 3778 1226 3802 Vnus
1242 3785 1273 3803 ex
1291 3777 1358 3803 meis
1374 3777 1476 3804 intimis
1507 3775 1544 3802 Id.
1559 3775 1629 3800 Fam.
1644 3781 1684 3805 13,
1697 3782 1719 3806 3.
1797 3774 1833 3801 Ex
1853 3774 1995 3803 Voluntate
2015 3778 2058 3803 sua
2076 3778 2190 3804 nancisci

1570 3809 1604 3834 Ex
1618 3809 1691 3834 Voce
1705 3809 1854 3844 intelligere
1876 3811 1996 3838 Scribon.
2007 3821 2062 3845 ¹94·
2131 3813 2187 3838 Cic.

1152 3848 1180 3874 in
1194 3848 1322 3880 Pison.46
1351 3848 1419 3874 Illud
1433 3848 1512 3873 ctiam
1528 3843 1623 3871 accidit
1638 3850 1742 3878 praeter
1755 3852 1874 3880 optatum
1888 3855 1993 3880 meum,
2011 3848 2052 3874 sed
2067 3846 2141 3873 valde
2156 3856 2189 3873 ex

1152 3883 1306 3909 Voluntate.
1377 3884 1413 3909 Ex
1427 3881 1510 3908 animi
1522 3879 1664 3906 Voluntate
1678 3880 1705 3906 id
1718 3881 1836 3914 procedit
1866 3882 1970 3909 Lucret.
1986 3890 2012 3915 1,
2025 3890 2079 3914 339.
2150 3883 2188 3908 Ex

1153 3919 1197 3945 sua
1212 3918 1355 3944 Voluntate
1369 3918 1455 3944 facere
1469 3915 1516 3941 sibi
1525 3915 1662 3950 pecuniam
1687 3916 1742 3942 Cic.
1757 3916 1789 3943 de
1800 3917 1901 3952 L.Agr.
1909 3926 1934 3949 2,
1949 3920 1986 3949 63.
2057 3917 2188 3949 Quinem.

1153 3956 1170 3980 6
1181 3961 1285 3989 prooem.
1315 3954 1386 3979 Haec
1407 3951 1531 3979 Marcelle
1544 3951 1650 3978 Victori
1668 3960 1699 3977 ex
1713 3958 1756 3979 tua
1771 3952 1913 3979 Voluntate
1928 3952 2041 3978 maxime
2054 3952 2187 3985 ingreffius.

798 3989 837 4017 Ex
855 3989 967 4025 Reipub.
988 3995 1135 4026 tempe-105
1152 3990 1220 4017 Ter.
1234 3989 1300 4016 Eun.
1313 3995 1384 4051 εἴη
1400 3995 1428 4022 17
1457 3988 1520 4021 Qio
1532 3986 1609 4022 ρειὲὶο
1622 3995 1653 4014 ex
1667 3987 1727 4014 iure
1739 3986 1861 4015 hesterno
1873 3996 1967 4023 panem
1978 3993 2065 4016 atrum
2078 3988 2189 4015 Vorent.

1383 4022 1403 4050 k
1437 4030 1455 4049 2
2103 4023 2187 4056 Plaut.
