2479 4225
73 211 136 249 „3
438 193 475 233 D
563 194 704 234 Es
1586 193 1624 234 D
1714 193 1860 238 E‘s
2152 215 2209 253 „4

73 285 223 312 nascuntur.
256 283 294 310 De
306 282 456 319 Accufiztiuo
469 281 556 309 deinde
569 282 708 309 uidebimur.
777 279 870 307 Tarde
884 278 1000 306 desinere
1026 279 1108 306 Ouid.
1173 280 1201 307 1³..
1217 281 1247 306 C.
1261 287 1287 313 2,
1302 287 1338 307 12.
1395 281 1466 316 Fuga
1479 281 1550 310 Caes.
1565 282 1593 309 Β.
1607 283 1639 309 G.
1653 291 1685 317 4,
1700 290 1736 310 12.
1794 282 1916 321 Incoepto
1938 288 1998 316 Liu.
2014 295 2051 323 ες,
2064 296 2088 316 2.
2137 290 2213 325 Virg.

74 320 106 346 de
120 320 193 346 Rem.
208 319 300 345 Amor.
314 321 367 349 685.
441 317 545 349 Desino,
560 318 713 355 Silco,finem
724 316 747 342 Io
764 315 837 342 uendi
846 315 936 352 facio:
957 316 1025 342 Ter.
1035 314 1108 341 Adel.
1176 317 1239 342 Aen.
1255 325 1275 348 ι,
1290 325 1329 350 4ι.
1401 318 1474 343 Caes.
1496 319 1524 344 B.
1543 319 1575 344 G.
1595 327 1617 352 ς,
1633 327 1654 345 ιι
1688 320 1782 347 Cacsar
1796 320 1929 355 legiones,
1956 321 2155 361 equitatumque
2175 336 2212 354 re.

75 363 99 389 ς,
112 363 133 386 3,
147 357 182 388 67
201 353 242 380 Ah
256 354 394 388 pergimc?
418 359 445 379 D.
461 353 514 380 iani
531 353 627 380 desino.
646 351 719 379 Idem
753 359 797 376 un.
817 359 839 383 5,
855 359 881 383 2,
895 359 936 385 45.
1008 350 1110 383 Desine,
1175 352 1265 378 vocari
1278 358 1356 386 atque
1369 351 1463 379 itincre
1479 354 1596 380 desistere
1611 354 1692 381 iubet.
1765 356 1872 383 Litibus
1898 358 1964 386 Ter.
1979 361 2085 388 Phorm.
2098 372 2126 395 4,
2140 370 2162 394 3,
2176 372 2213 396 29.

76 391 130 418 iani
145 389 334 416 conclamatum
351 389 387 414 est
406 389 445 415 Id.
465 390 530 415 Eun.
552 398 574 423 2,
593 398 616 421 3,
633 395 674 420 54·
693 393 716 411 Εἰ
735 386 830 412 Heaut.
851 394 873 419 ς,
886 388 912 418 6,
928 395 937 413 ¹
959 387 1013 413 lam
1026 385 1112 412 define
1178 387 1303 414 Defistere
1315 387 1357 413 liti
1373 387 1394 413 is
1409 388 1530 422 videtur,
1551 399 1604 417 non
1623 391 1670 425 qui
1684 390 1802 425 distulit,
1823 392 1865 418 scd
1887 394 1934 427 qui
1948 395 1990 420 liti
2008 398 2169 424 renuntiauit
2187 399 2214 424 in

77 426 141 452 deos
160 433 228 451 vxor
249 423 406 459 gratulando
421 423 577 452 obtundere.
645 421 782 448 Defierunt
808 422 876 456 Nep-
891 430 912 452 2¹
926 424 953 454 6,
966 431 992 456 4·
1007 422 1046 458 sc.
1060 431 1112 448 mu·
1135 419 1149 446 5
1177 428 1271 449 totum.
1307 421 1434 449 Defistere
1446 425 1533 457 enim,
1559 426 1593 452 css
1609 426 1648 452 Dc
1661 428 1769 461 negotio
1786 427 1932 461 abstinere,
1953 430 2023 464 qnod
2037 432 2214 463 calumniandi

77 471 119 488 ras
130 460 238 486 condere.
311 459 404 490 Desine
418 460 490 494 plura
503 468 567 495 puer
597 457 671 490 Virg.
686 456 737 483 Ecl.
759 464 780 489 ς,
793 464 830 488 19.
850 463 873 482 et
892 457 944 483 Ecl.
963 466 989 490 9,
1009 459 1043 484 66
1070 457 1113 484 vbi
1178 459 1268 484 animo
1280 458 1442 490 instituerat,
1462 460 1479 484 l.
1496 469 1522 485 ιο
1537 462 1568 486 D.
1583 462 1615 488 de
1629 461 1710 489 indic.
1782 461 1839 490 Cic.
1854 465 1924 490 Fam.
1946 473 1968 497 ς,
1989 473 2005 491 2.
2033 467 2091 493 Misi
2113 468 2144 494 ad
2160 470 2213 496 Me.

78 497 189 528 Dicere,
210 495 252 521 vel
268 495 419 522 Obtendere
435 495 525 522 vtrobi
544 501 575 520 ue
587 491 750 518 subauditur.
786 492 902 519 Seruius.
973 492 1113 519 Admirans
1177 494 1269 520 tellum
1285 502 1435 520 comumnes
1448 495 1562 527 amicos,
1581 498 1628 531 qui
1642 503 1747 532 agerent
1761 506 1819 525 cuni
1831 507 1880 531 eo,
1906 503 1934 526 vt
1948 500 1981 526 de
1993 500 2038 527 illa
2052 504 2140 529 Mente
2154 504 2215 531 deii-

77 530 159 562 illud,
180 531 271 557 mirari
286 531 338 557 iam
352 529 438 557 desino
456 531 511 557 Cic.
540 537 554 554 e
566 528 639 554 Orat.
655 535 680 559 2,
694 535 734 560 59.
804 527 908 554 Desinat
928 537 958 554 ea
978 529 1003 555 se
1022 534 1113 563 putare
1178 529 1264 556 steret.
1335 529 1469 563 Negofio,
1493 537 1515 555 ct
1528 532 1566 556 De
1581 534 1694 567 negotiis
1724 534 1796 561 Caes.
1812 535 1839 560 B.
1855 535 1888 562 G.
1902 542 1922 567 1,
1935 539 1977 569 '45.
1991 543 2015 562 et
2029 537 2055 562 B.
2074 539 2103 564 C,
2121 547 2132 570 3
2152 548 2217 567 [Ἄτη

75 566 145 600 posse
166 574 269 598 emere,
295 575 362 601 quae
382 566 434 601 ipse
458 567 556 599 semper
573 561 667 588 habuit
686 562 793 589 venalia
823 563 896 590 Idem
917 565 993 590 Verr.
1014 572 1035 596 1,
1055 572 1113 598 144.
1178 565 1250 591 Hirt.
1266 564 1420 591 Bell.Afric.
1434 573 1466 598 45
1493 567 1522 591 Et
1537 572 1561 592 te
1575 570 2215 604 magnopere,vtdcNegotiisdefistas‚a‹1h01·10r.

78 602 192 628 Feruere
209 601 325 628 definere
356 601 472 628 Scribon.
492 607 545 631 201,
562 605 614 624 212.
643 633 648 637 .
671 597 776 638 ’Νἰιιιίε
798 597 903 626 feruere
921 599 1036 626 desinere
1055 606 1113 633 207.
1132 608 1161 626 10
1178 601 1265 634 Pugna
1284 601 1359 627 Varr.
1375 600 1407 627 de
1421 601 1451 627 R.
1466 601 1497 627 R.
1513 604 1577 633 3,16.
1648 605 1686 630 Re
1698 605 1787 640 aliqua
1801 605 1885 632 desisti
1905 606 1984 634 Plaut.
1995 608 2077 634 Milit.
2092 617 2113 640 3,
2126 619 2146 641 ι,
2158 619 2215 644 142.

78 637 133 663 Cic.
151 637 203 663 Att.
218 645 238 668 1,
253 645 283 669 ¹4
316 638 405 671 itaque
420 638 576 664 conuentus,
603 642 650 668 qui
668 634 748 660 initio
767 633 983 666 celebrabantur,
1011 634 1113 661 iamdiu
1179 635 1326 667 Sententia,
1345 642 1369 661 ct
1382 637 1403 662 A
1417 637 1543 663 sententia
1553 657 1561 669 ,
1582 644 1604 663 et
1619 639 1656 664 De
1670 640 1802 668 Sententia
1818 641 1873 669 Cic.
1888 642 1965 669 Acad.
1979 652 2005 676 4,
2042 662 2048 669 .
2086 661 2092 669 .
2149 646 2216 672 Coe.

78 672 139 698 fieri
157 671 297 698 desierunt.
373 673 465 699 Fluere
482 668 601 695 desinunt
622 668 746 695 lacrimae
776 669 896 696 Scribon.
910 673 951 696 26.
1022 670 1114 696 Desine
1177 671 1217 706 pit
1236 670 1356 703 hortari,
1374 678 1402 697 vt
1415 672 1547 698 Sententia
1563 672 1718 701 desisterem.
1787 675 1859 703 Idem
1873 675 1924 704 off,
1937 685 1960 710 3,
1975 685 2000 711 15
2026 679 2117 714 Itaque
2132 689 2218 715 quum

79 708 105 734 ei
121 707 267 733 succensere
298 708 352 734 Cic.
368 708 440 733 Verr.
461 711 481 737 ς,
518 723 524 730 .
562 723 569 730 .
640 704 740 731 Desinit
760 704 838 732 dolor
864 704 984 732 Scribon.
1011 713 1042 732 ιι.
1064 715 1115 737 130.
1179 706 1227 733 sint
1241 705 1314 732 doeti
1327 715 1342 732 a
1355 706 1464 740 peritis,
1482 708 1559 734 facile
1575 708 1694 737 desistunt
1706 720 1721 738 a
1736 711 1874 740 Sententia.
1930 715 1962 739 Et
1973 713 2056 740 Tute.
2072 722 2098 747 2,
2114 721 2143 745 28
2166 718 2217 744 Ro.

78 743 207 769 Timores
223 742 348 769 desicrant
377 739 530 769 Ouid.Met·
551 746 582 772 5,
604 743 655 772 285.
728 739 855 767 Desinunt
866 745 1012 773 t1·einore8‚
1032 750 1114 776 quum
1178 747 1251 777 gatus
1269 749 1284 768 a
1298 750 1356 774 me,
1376 742 1490 769 etiamne
1504 744 1588 770 maius
1606 754 1683 779 quam
1704 746 1832 782 dedecus,
1851 747 1936 775 verbo
1956 748 1988 775 de
1996 749 2128 777 Sententia
2142 751 2217 780 desti-

78 784 171 804 ventus
187 778 288 805 emersit
316 777 378 805 Plin.
397 784 422 807 2,
442 780 480 804 82..
552 773 674 801 Desinere
688 781 711 800 et
723 776 860 811 Incipere,
882 782 1013 803 contraria
1041 776 1115 803 Idem
1134 787 1159 814 ¹⁵
1178 776 1243 804 tisti.
1315 778 1387 803 Cura
1405 777 1493 804 labori
1509 779 1620 813 desistit,
1642 784 1660 808 i.
1674 782 1789 808 Laborem
1804 782 1915 817 destituit
1942 784 2004 811 Stat.
2017 784 2135 820 Theb.5
2160 795 2208 823 κῃ

98 822 170 847 aneg.
187 822 208 839 c.
223 821 260 848 57.
331 812 386 839 Cic.
400 809 452 837 Off.
472 818 492 841 1,
513 817 552 849 135
576 810 607 836 Et
619 815 647 837 vt
667 810 814 844 incipiendi
827 811 898 838 ratio
918 812 1018 844 fuerit,
1038 812 1074 839 ita
1086 812 1116 839 sit
1178 811 1323 844 Desinere,
1346 822 1400 839 cum
1415 813 1558 849 Infinitum:
1598 816 1653 843 Cic.
1673 817 1749 843 Verr.
1770 818 1827 844 Λθι.
1847 828 1867 851 ι,
1883 816 1952 850 1i8c.
1967 825 2000 853 48
2031 822 2117 860 Atque
2131 807 2159 850 xit
2172 808 2219 850 ali:

78 848 212 875 defluendi
225 848 326 880 modus,
395 845 460 871 Plin.
476 845 554 879 Epist.
576 854 600 877 2,
614 854 645 879 14
677 846 770 872 Sunius
782 852 870 873 tamen
891 847 969 873 solito
989 848 1117 874 rariores:
1178 847 1284 882 quando
1303 847 1335 874 de
1354 848 1433 875 rebus
1452 849 1484 876 ab
1498 850 1548 876 isto
1567 852 1696 885 cognitis,
1719 852 1910 888 iudicatisque,
1935 861 1961 882 et
1982 855 2013 881 de
2028 856 2134 883 iudiciis
2153 858 2220 887 datis

78 884 150 919 quod
166 885 273 910 initium
285 883 319 909 est
332 880 458 916 gradatim
473 880 616 908 desinendi.
688 881 762 908 Idem
775 890 800 915 9,
814 889 840 914 35
854 883 872 908 s.
882 884 913 914 56
931 882 1059 909 Elenchos
1074 892 1117 918 ap·
1179 883 1267 910 dicere
1283 882 1441 911 desistamus.
1512 886 1575 913 Non
1589 887 1687 913 destitit
1701 887 1778 914 vrbes
1791 888 1953 917 inflammare
1965 890 2035 917 odiis
2055 892 2117 919 Stat.
2125 894 2219 923 Theb.

77 919 175 954 pellant
188 919 313 954 fastigiata
325 915 506 950 longitudine,
525 915 714 943 alabastrorum
727 916 810 951 figura
822 917 850 943 in
863 917 1011 952 pleniorem
1023 919 1116 945 orbem
1178 927 1203 951 3,
1217 923 1268 951 338.
1336 919 1397 945 Tei-
1409 925 1495 946 tecum
1510 928 1603 948 conata
1619 922 1710 957 loqui,
1730 927 1770 949 ter
1785 923 1886 950 inutilis
1907 925 1986 952 haesit
1999 927 2101 961 Lingua
2138 936 2178 957 ter
2190 931 2219 957 in

78 955 228 981 detinentes.
295 951 427 986 Turpiter
444 957 530 978 atrum
549 952 653 978 Desinat
665 952 693 978 in
711 952 809 986 piscem
830 953 927 980 mulier
947 954 1064 981 formosa
1077 956 1117 981 su-
1131 963 1165 982 20
1181 955 1269 990 primo
1282 952 1382 980 destitit
1395 963 1442 981 ore
1454 956 1532 983 sonus
1551 957 1634 984 Ouid.
1648 958 1713 983 Her.
1728 965 1755 990 4,
1769 963 1790 987 8.
1810 962 1828 984 i.
1841 957 1951 992 restitit.
1971 962 2023 987 vid.
2038 948 2125 1000 Hem-J.

78 999 159 1025 perne
178 991 243 1016 Hor.
256 989 286 1014 A.
300 988 325 1014 P.
345 996 370 1014 v.
384 995 405 1019 3.
476 986 577 1013 Desinit
591 988 619 1013 in
631 988 773 1015 cacuminis
785 988 837 1014 fine
852 987 950 1023 effigies
974 990 1040 1016 Plin.
1055 999 1080 1022 2,
1093 999 1115 1022 3.
1219 994 1447 1024 DESISTENS,
1466 992 1542 1019 entis.
1569 993 1636 1019 Part.
1671 991 1801 1028 [α’φιςαὶς]
1835 995 1921 1020 Varro
1936 995 1967 1021 de
1982 996 2012 1021 R.
2025 998 2055 1023 R.
2069 1007 2094 1030 2,
2107 1009 2119 1032 3
2138 1001 2219 1034 Quod

78 1026 199 1053 Desinere
210 1025 238 1051 in
249 1023 349 1050 violam
362 1021 461 1049 dicitur
475 1031 579 1057 gemma
598 1023 670 1049 Idem
684 1030 725 1058 37,
738 1031 762 1055 9.
818 1025 849 1050 Et
862 1025 940 1059 Epist.
954 1033 980 1057 2,
996 1033 1024 1051 10
1045 1025 1116 1052 Nam
1178 1024 1212 1051 ad
1230 1025 1363 1051 foeturam
1382 1026 1492 1060 attinet,
1522 1027 1664 1054 Desistente
1683 1033 1811 1054 autumno
1829 1030 1939 1064 exigunt
1957 1039 1971 1056 a
1992 1039 2070 1066 grege
2091 1043 2104 1060 e
2123 1037 2222 1072 campis

79 1067 180 1088 caetera
190 1059 293 1094 fragilia
306 1058 454 1091 etcaduca,
473 1067 528 1084 non
541 1059 644 1091 minus,
663 1067 743 1093 quam
757 1059 804 1094 ipsi
825 1060 961 1092 homines,
979 1060 1114 1094 occidunt,
1180 1059 1269 1086 hircos
1284 1060 1312 1086 in
1327 1061 1442 1094 caprilla.

78 1096 254 1129 desinuntque.
326 1094 382 1121 Cic.
395 1093 427 1120 de
446 1094 521 1120 Orat.
538 1102 562 1126 3,
575 1102 628 1128 204
656 1093 727 1120 Nam
745 1095 892 1128 geminatio
912 1095 1056 1123 verborum
1071 1096 1116 1123 ha·
1215 1101 1427 1129 DE81VARE,
1454 1097 1508 1123 vid.
1532 1103 1693 1130 DE81N0,
1711 1101 1765 1125 are.

79 1132 125 1158 bct
136 1129 266 1158 interdum
279 1129 334 1155 vim
344 1149 354 1162 ,
379 1135 404 1156 et
418 1129 536 1163 leporem
550 1128 631 1161 alias,
651 1136 677 1166 et
690 1130 807 1164 paullum
820 1130 987 1157 immutatum
1003 1131 1116 1160 verbum
1133 1139 1166 1166 25
1186 1129 1188 1133 '
1215 1137 1234 1156 D
1243 1137 1260 1158 Ε
1269 1132 1310 1158 86
1317 1138 1334 1157 L
1345 1137 1365 1157 Ο
1376 1151 1385 1164 ,
1411 1136 1463 1159 are.
1500 1132 1610 1169 [ἓρημόω
1619 1150 1628 1163 ‚
1653 1133 1722 1167 οἷόω]
1766 1133 1846 1160 Solum
1859 1134 2011 1171 relinquere,
2028 1138 2070 1163 vel
2082 1137 2162 1165 Solum
2175 1140 2220 1176 fa-

78 1175 155 1202 atque
166 1165 311 1197 deflexum,
331 1171 376 1190 etc.
402 1170 427 1191 et
440 1165 500 1197 illa,
517 1173 585 1199 quae
595 1164 715 1192 similiter
726 1165 862 1199 desinunt,
881 1174 926 1192 aut
941 1176 1007 1202 quae
1020 1167 1116 1194 cadunt
1174 1172 1249 1199 vere,
1267 1169 1285 1192 i.
1299 1165 1446 1200 Destruere,
1462 1167 1517 1201 fine
1542 1166 1652 1200 vastare.
1706 1169 1838 1195 Columel.
1860 1179 1881 1203 1,
1895 1179 1907 1202 3
1937 1171 1994 1197 Nec
2011 1173 2093 1206 magis
2107 1175 2169 1208 quia
2183 1177 2222 1202 su-

78 1201 203 1229 siiiiiliter.
237 1200 261 1226 h.
275 1210 294 1226 ε.
307 1201 374 1226 Ouae
380 1200 510 1235 finiuntur
523 1207 546 1227 et
557 1203 724 1228 terminantur
735 1201 823 1227 iisdem
835 1202 959 1237 syllabis,
979 1210 1024 1229 ‹iut
1036 1203 1115 1230 eodem
1179 1201 1292 1237 perbum
1305 1201 1448 1229 videbatur
1461 1208 1562 1229 tantum
1577 1203 1629 1229 loci
1642 1202 1776 1236 detinere,
1793 1214 1872 1239 quam
1886 1206 1948 1240 quia
1961 1207 2136 1241 flagitiosum,
2156 1219 2223 1245 quos

71 1238 133 1275 fimo
146 1243 169 1263 ct
180 1236 294 1270 rhythmo
303 1226 514 1269 sisamoi-Diuum,
526 1242 549 1262 ct
563 1235 725 1268 ὁμοιόπτωτα.
762 1236 836 1272 Conf.
852 1238 883 1263 A.
898 1237 930 1265 ad
942 1239 1008 1265 Her.
1017 1248 1063 1272 4c.
1072 1247 1116 1265 20.
1179 1237 1261 1264 hostis
1275 1238 1454 1272 profugiendo
1471 1238 1604 1265 desolasset
1618 1248 1694 1273 agros
1703 1259 1711 1271 ,
1729 1248 1802 1267 nouo
1820 1250 1896 1268 more
1915 1242 2000 1268 ciuem
2019 1243 2169 1272 Romanum
2182 1247 2223 1272 su-

80 1268 278 1300 Vsdmfrueium
292 1271 464 1306 accipiemus,
482 1271 527 1297 etsi
547 1280 594 1297 nec
608 1272 724 1306 coeperit
747 1273 895 1306 pertinere,
914 1274 1035 1308 quamuis
1049 1275 1117 1309 lega·
1180 1281 1227 1308 pra
1239 1273 1310 1299 vires
1323 1273 1479 1308 patrimonii
1493 1273 1643 1308 possidendo
1655 1275 1782 1302 descrere.
1855 1277 1929 1311 Virg.
1943 1278 2007 1304 Aen.
2030 1287 2062 1311 ιι,
2080 1284 2130 1314 870
2143 1288 2166 1308 et
2180 1290 2224 1317 3¹7

78 1307 172 1336 tussit:
192 1312 218 1334 et
231 1307 412 1333 committetur
425 1306 601 1333 nihilominus
623 1306 773 1342 stipulatio,
794 1307 864 1343 quali
884 1308 980 1336 desinat
1002 1311 1118 1344 pertine·
1133 1320 1166 1344 30
1181 1308 1347 1344 Disiefflique
1361 1309 1454 1341 duces,
1473 1309 1636 1344 desolatique
1648 1311 1768 1344 manipli.
1787 1311 1811 1337 h.
1826 1321 1845 1337 e.
1867 1311 1970 1339 Deserti
1982 1313 2110 1348 signiferi.
2166 1317 2223 1345 Ser.

77 1352 122 1376 re,
140 1341 211 1378 quod
229 1351 278 1368 nec
297 1342 414 1377 coeperit
433 1342 493 1377 le.
506 1342 535 1371 in
548 1342 566 1368 l.
577 1352 591 1375 3
608 1340 654 1379 §.1
667 1343 698 1369 D.
720 1343 856 1370 Vsufruei.
876 1344 997 1379 quemad.
1019 1351 1117 1372 caueat.
1180 1344 1250 1371 vius.
1321 1343 1405 1371 Vrbes
1418 1344 1597 1372 desolauimus
1617 1345 1683 1372 Stat.
1697 1345 1788 1372 Theb.
1803 1349 1829 1378 6,
1842 1355 1899 1380 914.

78 1378 198 1406 Desinere
212 1383 310 1418 artem,
325 1384 374 1413 pro
387 1379 548 1418 Relz’nquere,
568 1385 592 1404 et
603 1380 656 1404 arti
670 1382 828 1419 renuntiare:
854 1380 962 1407 Sueton.
976 1381 1005 1407 in
1018 1380 1118 1408 Tiber.
1217 1386 1237 1406 D
1246 1387 1263 1406 Ε
1272 1387 1284 1406 s
1294 1386 1313 1406 o
1323 1386 1370 1420 ιᾼ
1379 1386 1400 1406 Τ
1409 1386 1430 1407 v
1440 1387 1452 1407 s
1461 1389 1510 1420 ,*a‚
1524 1389 1578 1406 um.
1594 1382 1660 1407 Part.
1678 1381 1771 1407 Vibius
1786 1382 1839 1408 iam
1852 1391 1880 1408 ac
1895 1381 2023 1410 desolatus
2041 1384 2132 1414 Iustin.
2144 1394 2162 1418 1,
2170 1394 2224 1422 7‚3.

76 1423 98 1440 c.
110 1416 141 1446 36
159 1413 265 1447 Expulit
277 1419 303 1439 et
316 1412 530 1440 mathematicos:
549 1414 592 1440 sed
605 1413 823 1448 deprecantibus,
849 1424 878 1442 ac
890 1415 915 1442 se
927 1422 1011 1443 artem
1023 1416 1118 1443 desitu-
1181 1415 1317 1442 Desolatus
1329 1415 1444 1442 aliorum
1457 1415 1606 1443 discessione
1625 1415 1693 1443 Tac.
1709 1417 1776 1443 Ann.
1793 1425 1813 1449 1,
1827 1427 1858 1449 30
1871 1425 1935 1444 extr.
1990 1419 2095 1447 Penates
2115 1421 2226 1451 desolati

73 1458 118 1476 ros
131 1448 361 1483 promittentibus,
377 1449 483 1476 veniaui
497 1448 586 1476 dedit..
637 1450 694 1476 Cic.
707 1451 779 1477 Fam.
793 1459 819 1486 7,
834 1458 843 1476 1
863 1452 944 1485 Qiod
957 1451 975 1478 fi
988 1458 1041 1478 tam
1055 1452 1119 1478 faci·
1181 1451 1243 1479 Stat.
1258 1451 1322 1477 Silu.
1336 1459 1359 1483 2,
1372 1459 1393 1483 1,
1405 1453 1450 1485 67.
1521 1450 1592 1478 Loca
1611 1451 1686 1478 Idem
1698 1451 1789 1478 Theb.
1809 1461 1847 1485 10,
1863 1461 1918 1487 174.
1951 1475 1957 1480 .
1989 1455 2055 1482 Plin.
2072 1464 2110 1489 10,
2124 1466 2151 1485 12
2172 1460 2225 1486 De.

74 1484 127 1510 lem
147 1485 274 1519 populum
294 1483 435 1517 haberem,
459 1492 537 1519 quam
557 1486 671 1520 Aesopus
692 1485 801 1519 habuit,
819 1486 934 1514 libenter
951 1497 994 1514 me
1011 1487 1118 1514 hercule
1135 1494 1164 1521 35
1183 1486 1250 1513 serta
1268 1486 1376 1513 incolit:
1407 1494 1454 1512 nec
1473 1492 1574 1513 tantum
1593 1486 1723 1518 desolata,
1748 1487 1791 1513 sed
1806 1488 1864 1514 dira
1881 1489 1961 1515 etiam
1974 1495 2000 1516 et
2018 1489 2148 1520 inaccessa.
2185 1496 2237 1524 De.

74 1527 158 1546 artem
171 1519 329 1551 desinerem,
343 1526 483 1556 tecumque
497 1526 523 1547 et
535 1530 596 1547 cum
609 1521 737 1547 similibus
749 1522 833 1548 nostri
847 1523 977 1550 viuerem.
1049 1523 1118 1549 Gell.
1180 1521 1278 1548 bubone.
1349 1522 1421 1549 Tem
1442 1522 1466 1548 la
1483 1523 1550 1548 Plin.
1564 1523 1609 1556 Ep.
1624 1531 1661 1554 10,
1676 1531 1720 1556 97.
1745 1530 1804 1557 qnae
1816 1532 1882 1548 nemo
1897 1523 1961 1550 adit.
2033 1526 2154 1556 Desolata
2168 1538 2225 1556 mu.

75 1563 110 1588 15,
126 1558 153 1582 16
172 1557 262 1589 Quim
277 1557 330 1582 iani
344 1562 407 1582 natu
420 1556 542 1591 grandis,
560 1562 643 1583 artem
657 1556 808 1584 athleticam
823 1558 941 1585 desiisset.
1010 1558 1059 1585 Sed
1074 1568 1119 1585 ne·
1183 1557 1235 1584 lier
1267 1557 1344 1592 Apul.
1364 1531 1441 1591 Apol).
1462 1565 1487 1590 p.
1507 1566 1556 1589 333.
1630 1555 1782 1583 Parentibus
1814 1557 1886 1583 Idem
1899 1559 1964 1585 Met.
1976 1569 1996 1593 4
2010 1569 2034 1594 p.
2050 1570 2098 1594 153.
2124 1565 2142 1590 i.
2157 1565 2224 1591 orba.

74 1600 126 1626 que
140 1598 168 1617 tu
181 1591 316 1618 dominam
330 1591 415 1618 desine
432 1591 514 1619 Ouid.
527 1592 557 1618 A.
573 1593 604 1618 A.
618 1601 640 1624 2,
654 1599 711 1627 725.
732 1595 751 1618 i.
764 1593 859 1628 disere,
876 1602 905 1619 ex
916 1593 1119 1630 Heinfiisenten-
1182 1593 1284 1626 Agmen
1297 1592 1442 1618 desolatum
1456 1593 1582 1626 magistro
1609 1592 1670 1618 Stat.
1689 1592 1780 1618 Theb.
1795 1601 1821 1624 9,
1837 1595 1898 1626 672.
1950 1594 2104 1629 PlinEpist‘.
2118 1606 2146 1630 4,
2160 1607 2198 1631 21,
2212 1608 2226 1631 3

72 1630 120 1659 ria,
134 1630 177 1662 qui
190 1628 267 1662 plura
285 1627 408 1664 congejffit.
479 1627 579 1654 Telam
611 1628 680 1654 Ter.
694 1628 790 1654 Heaut.
804 1637 826 1660 2,
839 1636 861 1659 3,
875 1631 920 1661 64.
994 1629 1118 1655 Desinere
1181 1628 1352 1662 Domumque
1373 1626 1495 1661 pluribus
1513 1627 1679 1654 adminiculis
1699 1633 1759 1652 ante
1778 1626 1931 1659 fundatam,
1952 1626 2081 1657 desolatus
2101 1632 2178 1660 fulcit
2199 1640 2226 1661 et

74 1661 174 1688 bellum
208 1662 254 1688 Sil.
271 1671 309 1695 12,
347 1683 353 1689 .
391 1682 397 1689 .
455 1662 605 1695 Desini'tur,
625 1662 769 1698 [παύεται]
788 1664 885 1699 impe-rs:
911 1663 993 1690 Ouid.
1008 1664 1041 1690 de
1054 1665 1118 1690 Arte
1130 1670 1168 1696 40
1181 1662 1298 1689 sustinet.
1367 1662 1447 1688 Silius
1459 1666 1483 1694 8,
1521 1681 1528 1688 .
1565 1681 1572 1688 .
1610 1661 1707 1688 Gentes
1721 1661 1851 1687 desolatae
1864 1661 1995 1688 virosum.

75 1699 134 1724 Am.
155 1707 175 1730 1,
193 1707 235 1731 411
267 1698 349 1724 Tune
362 1697 428 1724 bene
441 1698 576 1724 desinitur.
647 1698 738 1724 Serum
760 1698 796 1724 est
809 1704 870 1725 tunc
883 1699 976 1726 viuere
990 1699 1119 1732 incipere,
1216 1704 1235 1722 D
1245 1704 1261 1724 E
1270 1705 1282 1724 s
1293 1703 1313 1723 O
1323 1697 1371 1724 LK
1381 1704 1422 1724 TI
1431 1702 1450 1723 0
1458 1715 1466 1727 ,
1484 1697 1552 1722 (mis-
1572 1695 1591 1722 f-
1629 1697 1681 1731 Qi
1693 1697 1738 1722 hoc
1751 1697 1866 1722 vocabulo
1878 1696 1981 1732 vfifere
1994 1707 2076 1726 omnes·
2088 1701 2228 1735 Christiani

76 1741 158 1766 quum
172 1732 341 1759 desinendum
354 1733 390 1759 est
419 1734 476 1759 Seii.
490 1733 522 1759 de
534 1733 610 1759 Breu.
623 1733 678 1759 Vit.
698 1742 720 1759 c.
741 1743 768 1766 4.
839 1734 956 1759 Desitum
975 1733 1012 1758 est
1026 1740 1119 1759 contra
1173 1732 1257 1766 [τινας
1277 1741 1320 1757 nec
1331 1739 1396 1759 certo
1408 1730 1513 1765 constat,
1525 1741 1559 1758 an
1572 1731 1757 1766 antiquioribus
1770 1734 1843 1757 ctiam
1857 1739 1978 1767 receptum
1991 1738 2125 1772 tritumque
2130 1738 2226 1773 suerit.

73 1776 118 1793 eos
133 1767 260 1801 disputari
289 1768 345 1794 Cic.
360 1768 392 1794 de
405 1769 463 1795 Fin.
482 1777 509 1800 2,
523 1776 555 1800 43
577 1777 598 1792 c.
613 1776 645 1798 ¹3-
714 1767 787 1793 Idem
803 1767 835 1792 de
848 1767 939 1792 Diuin.
953 1775 970 1792 2
1000 1767 1026 1792 Si
1047 1767 1120 1792 enim
1187 1766 1376 1802 Vnde-fufium,
1390 1773 1420 1793 vt
1436 1766 1530 1802 Vqffius
1540 1766 1718 1802 proscripserit
1731 1767 1759 1792 de
1782 1768 1834 1793 ΠΙ.
1849 1768 1878 1793 L.
1892 1769 1921 1793 L.
1933 1776 1956 1800 3,
1972 1774 1993 1799 8.
2005 1776 2029 1796 et
2041 1779 2070 1804 4,
2086 1781 2107 1804 ς.
2164 1775 2224 1802 Vet.

73 1803 133 1828 effe:
146 1803 310 1833 factitatum,
327 1811 382 1828 non
393 1804 452 1828 eiset
466 1802 584 1827 desitum.
646 1802 676 1826 In
688 1810 743 1834 quo
756 1801 866 1826 delitum
880 1800 926 1832 sit,
944 1800 1065 1835 deinceps
1079 1801 1120 1827 in·
1181 1801 1261 1826 Gloss.
1287 1802 1423 1828 Desolatio
1449 1802 1575 1828 ἕκτόπισις.
1625 1802 1698 1828 Zeno
1716 1803 1815 1828 Veron.
1829 1802 1861 1828 de
1875 1803 1965 1830 Resur.
1980 1814 2001 1830 c.
2014 1814 2051 1839 40
2082 1808 2156 1834 onr
2169 1810 2224 1836 viri

73 1836 162 1870 cipere
181 1835 219 1861 Id.
234 1835 384 1861 delnuem.
399 1844 419 1867 1,
433 1841 472 1865 28-
1131 1844 1166 1870 43
1181 1834 1315 1862 ainislione
1335 1836 1524 1864 desolationem
1544 1837 1616 1864 ferre
1634 1846 1688 1864 non
1701 1838 1770 1872 poli'e
1783 1837 1898 1864 testatur.
1933 1838 2046 1866 Saluian.
2060 1840 2092 1867 de
2106 1843 2222 1876 Gubern,

109 1869 198 1897 DEsi‘
207 1875 296 1901 TVS,
322 1878 347 1901 a,
373 1879 426 1895 uni.
464 1868 557 1895 Partic.
600 1868 786 1904 [πεπαυμένος]
829 1868 886 1895 Cic.
905 1869 937 1895 de
953 1870 1023 1897 Clar.
1042 1871 1118 1898 Orat.
1181 1871 1232 1897 Dei
1247 1873 1263 1896 6
1277 1880 1302 1905 p.
1317 1878 1364 1903 132.
1379 1881 1409 1898 ex
1428 1874 1478 1899 Ier.
1497 1882 1519 1899 c.
1533 1882 1572 1907 44
1612 1873 1690 1899 Facta
1707 1873 1742 1899 est
1762 1879 1832 1899 terra
1851 1873 1936 1899 vestra
1955 1874 1984 1899 in
1998 1875 2203 1907 Desolationem,

73 1913 114 1937 123
128 1915 149 1931 e.
163 1914 191 1937 32
209 1905 358 1931 Nocuinius
374 1904 478 1931 fortasse
487 1924 496 1936 ‚
515 1903 586 1939 quod
600 1910 702 1930 veteres
715 1906 850 1931 orationes
863 1905 920 1939 post
934 1906 1043 1937 nostras,
1062 1915 1117 1933 non
1218 1912 1237 1932 D
1246 1913 1262 1932 E
1272 1914 1284 1933 S
1296 1912 1315 1933 Ο
1326 1908 1457 1935 LAT6R
1466 1915 1504 1935 ιν
1513 1916 1543 1941 s,
1568 1917 1592 1940 a,
1618 1917 1671 1934 um.
1708 1908 1767 1934 Adi.
1804 1910 1909 1943 Legitur
1927 1909 1957 1934 in
1976 1910 2075 1938 Onom.
2102 1914 2163 1941 Vet.
2181 1915 2226 1942 vbi

72 1950 88 1968 a
99 1950 141 1967 me
155 1939 263 1976 quidem
281 1940 362 1971 (meis
377 1940 448 1966 enim
462 1940 521 1966 illas
534 1943 686 1974 antepono)
711 1940 752 1966 sed
766 1949 780 1966 a
792 1940 925 1975 plerisque
936 1941 989 1975 legi
1002 1943 1061 1968 sunt
1074 1942 1117 1968 de.
1179 1939 1291 1977 ἓρημικὲς
1311 1945 1437 1969 vertitur.-
1454 1950 1478 1969 ει
1491 1943 1557 1979 apud
1569 1943 1646 1977 Vulg.
1660 1945 1757 1977 Interp.
1773 1942 1863 1969 Psalm.
1880 1951 1931 1975 120,
1946 1953 1973 1978 4.

72 1976 143 2003 sitae.
192 1976 319 2003 Censores
331 1976 416 2002 creari
430 1974 524 2002 desitos
542 1975 624 2010 longo
638 1976 781 2002 interuallo
816 1976 886 2002 Suet.
900 1977 966 2010 Aug.
984 1984 1024 2011 37.
1074 1978 1117 2004 Sic
1216 1983 1235 2003 D
1244 1984 1282 2003 138
1291 1984 1310 2004 o
1320 1983 1336 2002 L
1346 1983 1367 2002 v
1377 1984 1396 2004 o
1404 1997 1413 2011 ,
1440 1980 1494 2004 ere.
1532 1980 1628 2005 Solucre
1642 1985 1665 2004 et
1677 1985 1807 2005 numerare
1813 1980 1952 2013 pecuniam.
1988 1979 2164 2015 Reliquorum
2177 1994 2224 2012 no<-

72 2011 158 2039 Desita
177 2012 339 2046 oppugnatio
365 2011 433 2038 Gell.
449 2020 483 2044 ις,
499 2020 533 2043 3¹·
606 2010 695 2038 Verba
706 2011 827 2038 inusitata
840 2017 865 2038 et
879 2011 959 2038 desita
979 2012 1017 2038 Id.
1030 2020 1062 2042 11,
1078 2021 1115 2039 12.
1131 2018 1164 2045 50
1176 2011 1252 2054 piine
1266 2012 1294 2038 id
1305 2012 1455 2040 desolutum
1468 2013 1504 2039 est
1517 2013 1641 2040 Scaeuola
1669 2014 1729 2047 Dig.
1746 2022 1781 2045 40
1795 2019 1811 2039 t.
1828 2020 1841 2045 5
1856 2012 1873 2038 l.
1889 2021 1919 2045 41
1934 2012 1959 2049 5.
1973 2023 1998 2046 9.
2013 2018 2031 2041 i.
2045 2019 2187 2052 exsolutum.

73 2047 159 2074 Desita
172 2046 308 2081 disciplina
321 2045 396 2073 tibiis
410 2047 537 2079 canendi,
551 2051 602 2081 pro
617 2044 745 2073 Dereliaa
766 2047 834 2074 Gell.
849 2054 882 2080 ις,
897 2054 934 2081 17.
972 2048 1028 2074 Cic.
1042 2048 1115 2074 Fam.
1189 2065 1198 2073 c
1216 2054 1260 2073 DE
1269 2055 1281 2074 s
1291 2053 1311 2074 O
1320 2054 1344 2074 M
1353 2055 1376 2074 N
1385 2055 1394 2074 1
1403 2055 1432 2081 S,
1465 2057 1488 2075 e.
1524 2046 1584 2075 Adi.
1621 2048 1693 2074 Soles
1705 2056 1747 2074 me
1761 2047 1839 2074 nodie
1852 2047 2003 2076 desomnem
2018 2051 2105 2079 facere
2118 2055 2224 2084 Petron-

71 2091 98 2117 9,
115 2091 143 2109 21
170 2082 227 2108 Post
240 2081 309 2108 hunc
324 2081 451 2108 tredecim
463 2083 572 2109 fuerunt
593 2082 654 2108 sella
666 2082 763 2109 Curuli
777 2089 836 2110 ante
847 2083 878 2110 L.
892 2083 1026 2117 Papirium
1041 2084 1116 2109 Cras·
1178 2092 1200 2109 c.
1221 2089 1267 2116 47.
1284 2086 1303 2108 i.
1316 2083 1402 2118 somno
1418 2086 1533 2118 priuarc.

74 2119 147 2151 sum,
165 2118 213 2152 qui
238 2117 338 2152 primus
357 2117 469 2152 Papisius
489 2118 526 2144 est
546 2118 640 2144 vocari
659 2117 762 2145 desitus.
836 2118 1008 2145 Sermonibus
1027 2117 1115 2144 desitis
1213 2123 1232 2143 D
1242 2124 1382 2150 ESONO,
1403 2127 1439 2144 as.
1476 2120 1513 2144 Ex
1525 2119 1575 2144 alto
1583 2117 1692 2153 sanare,
1716 2116 1851 2153 velfhnum
1863 2116 1974 2146 deiicere.
2011 2121 2082 2148 Hinc

73 2154 159 2182 van-0
176 2154 207 2180 R.
221 2153 253 2180 R,
267 2161 287 2186 1,
300 2161 335 2185 33,
1212 2157 1232 2178 D
1241 2159 1259 2179 Ε
1268 2159 1280 2178 s
1290 2159 1309 2179 o
1318 2159 1340 2178 N
1349 2160 1435 2185 ANs,
1456 2154 1622 2188 participium
1634 2151 1811 2186 restituendum
1831 2153 1958 2181 Vitruuio
1972 2162 1995 2188 5,
2008 2161 2021 2186 8
2036 2164 2086 2192 pro
2100 2167 2141 2190 eo,
2160 2161 2225 2196 quod

111 2194 304 2216 DESINEND
314 2194 371 2219 vs,
397 2196 421 2220 a,
447 2196 500 2214 um.
538 2187 632 2214 Partic.
669 2187 736 2214 Gell.
753 2195 776 2220 2,
792 2196 817 2214 12
849 2188 906 2222 Qui
920 2188 1023 2222 penitus
1036 2193 1115 2223 atque
1132 2197 1160 2224 ςς
1176 2187 1270 2223 legitur
1283 2188 1428 2214 Dissonans.
1473 2188 1518 2214 Ad
1529 2188 1574 2215 hoc
1585 2188 1770 2225 intelligendum
1787 2189 1854 2223 nihil
1864 2196 1924 2224 opus
1937 2188 1985 2223 est,
2005 2200 2077 2227 quam
2094 2201 2124 2221 vt
2131 2202 2224 2232 propa-

72 2224 125 2250 alte
142 2225 217 2250 vsum
233 2233 262 2250 ac
281 2223 434 2250 sententiam
455 2223 520 2259 legis
537 2223 695 2258 inspexerit,
710 2232 766 2249 non
783 2223 815 2250 ad
835 2223 997 2258 augendam,
1016 2224 1060 2250 sed
1082 2223 1116 2250 ad
1177 2232 1265 2249 namus
1281 2224 1358 2249 locum
1371 2226 1503 2259 integrum.
1541 2225 1571 2250 In
1580 2224 1656 2260 scena
1667 2224 1822 2259 aedificanda
1835 2225 2112 2262 animaduertendum,
2132 2231 2179 2258 vbi
2192 2232 2223 2259 sit

73 2258 237 2286 desinendam
252 2258 425 2292 seditionem,
445 2259 531 2294 legem
544 2259 610 2286 hanc
623 2259 672 2286 esse
684 2258 797 2286 dicebat.
834 2259 1021 2291 Delinendam,
1038 2262 1057 2286 i.
1075 2260 1119 2286 Fia
1178 2258 1277 2285 eleetus
1290 2259 1378 2291 locus,
1398 2259 1427 2285 in
1440 2267 1494 2294 quo
1508 2259 1603 2286 leniter
1621 2259 1734 2294 applicet
1753 2261 1779 2286 se
1792 2269 1862 2293 vox,
1880 2269 1967 2296 neque
1986 2264 2088 2297 repulsa
2105 2266 2224 2294 resiliens

70 2295 201 2327 utendam,
220 2294 410 2321 terminandam.
1178 2294 1290 2320 incertas
1303 2294 1412 2321 auribus
1426 2295 1526 2321 referat
1538 2294 1749 2329 significationes.
1800 2296 1865 2322 Sunt
1878 2295 1950 2323 enim
1964 2306 2019 2324 non
2032 2301 2099 2326 nulli
2112 2302 2166 2328 loci
2178 2312 2222 2330 na.

107 2337 126 2356 D
136 2338 172 2357 Es
183 2329 253 2357 i'Tx7
262 2337 281 2357 D
290 2337 325 2363 Ο,
354 2330 413 2357 i'nis.
440 2329 461 2356 f.
497 2329 590 2365 Sulpit.
605 2330 694 2358 Seuer.
709 2329 793 2364 praef.
809 2329 842 2356 de
853 2330 916 2357 Vita
936 2330 1064 2363 Martini,
1084 2330 1116 2356 Et
1177 2328 1300 2356 turaliter
1314 2329 1489 2364 impedientes
1509 2331 1583 2357 Vocis
1596 2337 1694 2363 motus,
1709 2331 1747 2357 vti
1761 2329 1933 2364 desonantes,
1959 2334 2006 2368 qui
2020 2335 2119 2363 Graece
2131 2338 2222 2364 dicun-

71 2365 91 2392 fi
105 2366 169 2401 quid
183 2374 214 2392 ex
227 2366 267 2393 his
281 2366 373 2393 studiis
390 2365 458 2393 olim
471 2365 576 2393 fortasse
589 2365 705 2393 libassem
714 2386 722 2399 ‚
739 2371 826 2392 totum
840 2365 867 2392 id
885 2366 1031 2393 desitudine
1048 2365 1116 2392 tanti
1128 2371 1164 2396 60
1177 2370 1222 2391 tur
1241 2367 1408 2398 xarnxirr‘rs,
1427 2366 1493 2392 item
1506 2366 1672 2399 resonantes,
1696 2366 1743 2401 qui
1757 2366 1881 2393 dicuntur
1900 2367 2061 2404 ἅντηχὲντες,
2079 2373 2222 2399 consonan-

70 2401 197 2437 temporis
209 2402 382 2437 perdidissem.
1178 2406 1286 2435 tesque‚
1309 2409 1375 2435 quos
1389 2401 1521 2435 appellant
1547 2403 1704 2435 συνηχὲντοις,
1741 2403 1901 2429 Desonantes
1914 2404 1987 2436 sunt,
2005 2405 2034 2431 in
2051 2406 2150 2440 quibus
2169 2417 2222 2436 vox

108 2444 173 2464 DEs
184 2436 196 2463 ἴ
208 2444 227 2462 Ν
238 2445 274 2471 0,
291 2442 344 2464 are.
380 2439 428 2464 Pro
441 2436 580 2470 Desinere,
597 2436 665 2472 apud
676 2436 795 2469 Festum,
812 2442 843 2463 vt
855 2436 967 2472 Scaliger
978 2436 1056 2472 legit,
1074 2438 1118 2471 qui
1177 2436 1279 2471 prima,
1295 2445 1354 2462 cum
1366 2436 1402 2462 est
1415 2437 1483 2463 elata
1501 2437 1528 2463 in
1542 2437 1710 2464 altitudinem
1720 2457 1727 2468 ,
1745 2438 1843 2465 offensa
1857 2439 2038 2472 superioribus
2058 2441 2148 2468 solidis
2164 2452 2222 2471 cor-

70 2475 143 2499 etiam
150 2472 293 2508 suspicatur
306 2471 481 2506 restituendum
504 2472 596 2499 Plauto
609 2472 692 2498 Trin.
706 2480 731 2503 2,
744 2480 767 2504 2,
780 2474 820 2503 63.
861 2471 920 2498 Vid.
949 2477 968 2497 D
977 2478 994 2497 Ε
1004 2479 1041 2498 ιν
1053 2477 1073 2496 V
1083 2478 1113 2498 0.
1176 2471 1302 2506 poribuS,
1327 2471 1482 2507 repulsaque
1501 2472 1616 2499 resiliens
1635 2473 1664 2499 in
1691 2474 1774 2499 imum
1783 2493 1791 2505 ‚
1817 2473 1946 2507 opprimit
1964 2474 2125 2509 insequentis
2146 2479 2220 2506 vocis

73 2508 120 2535 Sed
131 2509 197 2543 apud
210 2506 303 2541 Festum
316 2517 406 2544 quoque
419 2507 531 2539 dubium,
551 2518 584 2534 an
599 2507 715 2535 desiuare
725 2505 903 2543 legendumfit.
939 2508 1009 2533 Hinc
1176 2507 1329 2534 elationem.
1385 2509 1436 2534 Hic
1443 2507 1564 2544 professo
1575 2506 1734 2543 manifestum
1747 2506 1780 2540 est
1789 2526 1797 2539 ‚
1818 2507 1890 2532 Κατ-εὶ
1909 2509 2219 2550 Praepqlitionemfignfi-

110 2541 349 2578 Di-:siNA'r10‚
375 2543 442 2569 onis.
469 2543 490 2569 f.
523 2542 652 2570 Laudatur
666 2552 695 2571 ex
712 2543 769 2569 Sen.
784 2542 863 2577 Epist.
879 2549 920 2576 117
947 2543 1003 2569 Hac
1017 2541 1113 2568 desina-
1127 2545 1159 2578 65
1176 2552 1232 2569 care
1254 2542 1338 2573 κοέτω,
1361 2549 1385 2569 et
1398 2543 1487 2579 sonum
1507 2543 1617 2579 deorsum
1636 2542 1774 2568 tendentem
1793 2545 1943 2576 exprimere,
1967 2553 2016 2570 non
2036 2546 2220 2577 dissonantiam

71 2578 147 2605 tione
161 2578 368 2605 misericordiam
386 2585 497 2613 captans.
549 2580 607 2606 Alii
618 2575 814 2611 Destinatione,
826 2578 875 2614 sed
885 2577 1058 2605 detestatione
1070 2586 1114 2604 ve·
1175 2585 1219 2605 aut
1232 2577 1396 2610 diuersitatem
1407 2577 1460 2611 sthi
1470 2584 1630 2613 pugnantem.
1685 2577 1754 2603 Haec
1768 2579 1832 2603 enim
1852 2581 1934 2603 oritur
1946 2581 2020 2606 etiam
2034 2584 2062 2607 in
2077 2583 2220 2611 circumso-

73 2623 132 2640 rum
145 2614 195 2645 est,
209 2614 385 2650 probatumque
400 2616 500 2641 Murem
509 2634 518 2647 ,
536 2613 635 2649 Lspsto,
655 2616 788 2641 Gronouio.
1174 2612 1298 2639 nantibus
1311 2612 1377 2638 locis
1389 2619 1412 2637 et
1426 2611 1623 2638 resonantibus:
1642 2612 1846 2638 consonantibus
1858 2612 1924 2648 Jblir
1937 2622 2019 2641 vocem
2032 2616 2219 2648 adiuuantibus.

110 2654 355 2686 DESINATgOR,
375 2651 440 2675 bris.
460 2659 495 2675 ιιι.
526 2649 663 2681 οἶβοήθητος
677 2650 704 2676 in
719 2651 778 2675 Vet.
794 2649 874 2675 Gloss.
893 2651 937 2682 qui
943 2648 1043 2682 scilicet
1053 2646 1113 2682 defi·
1179 2647 1254 2674 Vidit
1271 2648 1331 2674 haec
1344 2645 1496 2681 docbffimus
1513 2648 1606 2673 Daniel
1621 2646 1750 2673 Barbarus
1768 2650 1795 2673 in
1815 2654 1912 2673 tantum
1930 2656 2009 2682 certe,
2028 2659 2058 2678 vt
2082 2654 2218 2683 Dissonare

74 2686 114 2709 nie
128 2682 256 2716 dcslitutus
268 2691 326 2718 ope,
343 2691 372 2709 vt
384 2688 564 2718 interpretatur
582 2684 646 2710 Scal.
660 2684 693 2710 ad
712 2684 816 2710 Festum
842 2693 869 2709 v.
890 2683 1024 2717 Desiuare.
1174 2683 1267 2708 diceret
1282 2681 1369 2708 habere
1382 2681 1594 2716 expompofitionr
1606 2690 1657 2708 eam
1668 2684 1730 2714 vim,
1745 2691 1816 2717 quam
1828 2683 1899 2709 habet
1907 2683 2054 2718 Despicere.
2089 2689 2138 2716 Sed
2142 2698 2217 2726 prae.

111 2725 129 2744 D
139 2726 154 2745 E
164 2727 176 2749 s
188 2726 195 2745 1
207 2726 222 2745 P
232 2726 240 2744 1
250 2726 268 2745 O
278 2737 286 2749 ,
312 2719 341 2744 ui
354 2719 394 2743 vel
405 2719 454 2749 ini,
476 2720 528 2743 ere.
564 2718 749 2752 [uxpoetppm'Q
765 2718 890 2752 ἐφραίνω]
927 2718 1001 2743 Cuius
1014 2723 1113 2743 contra·
1121 2730 1158 2756 70
1165 2716 1223 2751 stat
1234 2737 1242 2750 ,
1261 2723 1336 2752 puto,
1355 2719 1429 2743 ctiam
1442 2718 1535 2752 legere,
1555 2723 1584 2742 ut
1597 2718 1679 2743 voluit
1698 2718 1831 2744 ls'itrimius
1843 2719 1960 2755 intelligi.

74 2756 140 2779 rium
155 2751 188 2785 est
206 2755 299 2788 Saperc.
355 2754 411 2780 Cic.
426 2754 502 2779 Verr.
517 2761 540 2784 3,
553 2761 592 2778 122
620 2754 715 2778 Vtrum
729 2761 778 2787 ego
791 2751 906 2786 desipio,
923 2757 949 2778 et
962 2752 1019 2786 plus
1032 2760 1112 2786 quam
1211 2759 1253 2779 DE
1262 2760 1274 2778 s
1286 2758 1305 2777 ο
1314 2759 1332 2778 R
1341 2757 1426 2784 3130,
1453 2755 1507 2778 ete.
1545 2753 1647 2778 Vortex
1667 2752 1723 2779 eius
1735 2753 1768 2780 ad
1782 2753 1883 2780 inferos
1895 2754 2020 2783 desorbet
2051 2757 2170 2787 Tertull.
2183 2760 2217 2789 de

74 2789 134 2814 satis
148 2789 196 2819 est,
217 2788 312 2821 doleo,
331 2789 359 2814 in
371 2794 441 2815 tanta
456 2788 604 2813 calamitate
616 2788 776 2822 miseriaque
787 2788 942 2814 sociorum?
993 2789 1024 2813 Et
1040 2788 1112 2815 Fam.
1166 2786 1314 2814 'Idololann
1334 2793 1398 2813 extr.

73 2833 99 2856 2,
112 2829 134 2854 8.
189 2824 244 2849 Cic.
260 2825 331 2850 Fam.
347 2833 366 2855 ι,
379 2832 396 2856 9
427 2825 516 2856 Quini
531 2822 676 2849 offendisset
690 2822 817 2857 populum
830 2822 1015 2849 Atheniensem
1030 2830 1112 2856 prope
1209 2829 1228 2849 D
1236 2829 1252 2848 Ε
1261 2829 1274 2848 S
1284 2828 1300 2848 P
1310 2828 1326 2848 E
1334 2828 1351 2848 C
1360 2829 1382 2848 T
1391 2829 1400 2848 1
1409 2828 1445 2855 o,
1465 2828 1483 2847 D
1492 2829 1508 2848 Ε
1517 2828 1529 2847 S
1539 2828 1554 2848 P
1562 2829 1578 2849 E
1588 2829 1604 2850 C
1615 2828 1636 2849 T
1647 2830 1666 2850 o
1674 2843 1683 2856 ,
1704 2829 1722 2850 D
1731 2830 1748 2850 Ε
1757 2831 1770 2850 s
1778 2830 1794 2850 P
1802 2831 1818 2850 E
1828 2830 1845 2851 C
1858 2831 1878 2851 T
1886 2830 1907 2850 V
1916 2831 1930 2851 s
1938 2845 1946 2858 ,
1963 2825 2015 2853 vid.
2037 2834 2186 2859 DESPlcio.

73 2860 125 2886 iam
142 2858 308 2893 desipientem
332 2859 479 2891 senectute,
498 2866 634 2893 quumque
652 2866 713 2883 eum
735 2867 782 2884 nec
795 2856 990 2892 persuadendO,
1006 2866 1053 2883 nec
1069 2865 1112 2883 co·
1210 2864 1254 2884 DE
1265 2863 1430 2890 SPERGO,
1458 2859 1512 2884 ere.
1549 2858 1678 2885 Laudatur
1696 2860 1726 2885 In
1742 2868 1835 2886 vacuas
1854 2861 1942 2887 senior
1955 2862 2038 2889 vitam
2057 2864 2215 2900 desperserat

73 2894 158 2929 gendo
172 2895 228 2929 regi
248 2895 316 2928 posse
334 2894 453 2927 vidisset,
473 2902 556 2928 quum
573 2892 723 2928 persuaderi
738 2894 806 2928 posse
827 2891 975 2924 diffideret,
996 2893 1056 2927 cogi
1071 2892 1110 2919 fas
1127 2903 1160 2931 75
1173 2901 1248 2920 auras
1267 2893 1313 2919 Sil.
1326 2901 1350 2925 9,
1366 2895 1422 2927 167.
1458 2893 1506 2920 Sed
1516 2892 1582 2919 νεέἶε
1596 2893 1720 2920 Drakenb.
1736 2895 1897 2929 disperserat.

74 2931 122 2957 esse
134 2939 187 2957 non
201 2929 383 2957 arbitraretur.
454 2929 591 2964 Desipere,
613 2928 740 2960 delirare,
758 2934 784 2955 et
796 2928 944 2955 dementem
957 2928 1006 2954 esse
1036 2928 1110 2954 Idem
1209 2935 1274 2955 DES
1284 2935 1325 2955 PE
1335 2935 1354 2954 R
1363 2935 1424 2960 No,
1443 2929 1499 2961 eui,
1517 2932 1598 2959 ctum,
1614 2931 1668 2955 ere.
1704 2931 1895 2966 [καταφρονῶ]
1931 2932 1999 2958 Idem
2012 2934 2078 2969 quod
2088 2936 2213 2972 Spernere.

76 2965 108 2992 de
123 2966 158 2992 N.
172 2967 203 2992 D.
218 2975 237 2995 1.
251 2973 290 2998 95.
344 2966 443 2999 Aegros
456 2964 571 3000 desipere
585 2970 611 2991 et
627 2964 711 2991 aliena
725 2964 802 3000 loqui
829 2965 897 2991 Cels.
910 2973 933 2996 3,
948 2969 982 2994 ι8.
1036 2963 1110 2991 Idem
1173 2964 1259 2991 Varro
1274 2964 1341 2999 apud
1352 2964 1416 2991 Fest.
1432 2964 1524 2990 Homo
1536 2964 1680 2999 ridiculus,
1696 2972 1721 2991 et
1735 2966 1767 2992 ab
1781 2967 1856 2992 omni
1873 2967 1943 3001 pube
1955 2968 2096 3003 despretus.
2132 2973 2213 3000 Colu.

75 3010 98 3034 3,
115 3007 138 3031 18
157 3002 217 3027 Eius
228 3007 313 3027 autem
328 3000 401 3035 plura
415 3009 509 3035 genera
523 3002 596 3032 sunt,
614 3000 742 3035 liquidem
757 3009 788 3027 ex
803 2998 964 3034 phreneticis
977 2998 1024 3025 alii
1045 2999 1110 3026 hila-
1172 2999 1233 3026 niel.
1243 3008 1280 3031 10,
1293 3004 1342 3032 298
1363 2999 1406 3026 Ne
1419 2999 1569 3032 Corydonis
1582 3009 1644 3035 opes
1658 3000 1792 3035 despernat
1802 3002 1898 3028 Alexis.

75 3046 130 3069 res,
145 3037 192 3063 alii
211 3036 294 3063 tristes
315 3037 388 3068 sunt,
408 3036 455 3063 aiii
473 3036 576 3063 facilius
597 3036 781 3069 continentur,
807 3042 833 3062 et
847 3036 916 3063 intra
937 3035 1018 3061 verba
1040 3035 1110 3062 Desi-
1208 3041 1274 3062 DEs
1284 3036 1351 3062 PER
1361 3042 1396 3066 o,
1412 3040 1463 3061 are.
1484 3035 1645 3070 [dmm-13⁴0),
1660 3036 1825 3069 οἷπσγινιᾶσκω,
1836 3037 1993 3073 ἀπαγορεύω]
2027 3041 2108 3067 Extra
2121 3051 2212 3070 omnem

74 3073 167 3107 piunt,
186 3072 233 3099 alii
247 3072 419 3106 consurgunt,
437 3079 482 3098 etc.
554 3072 676 3106 Desiperc
688 3072 757 3098 intra
769 3071 864 3104 verba,
881 3068 913 3104 est
928 3070 992 3097 nullo
1005 3072 1055 3097 alio
1069 3081 1110 3107 ge·
1123 3077 1156 3103 80
1164 3069 1235 3107 spem
1247 3069 1297 3104 effi.
1350 3071 1407 3097 Cic.
1421 3070 1473 3097 Off.
1489 3080 1508 3101 1,
1521 3079 1551 3105 73
1577 3071 1802 3099 Considerandum
1816 3073 1861 3105 est,
1875 3082 1907 3099 ne
1919 3079 1964 3099 aut
1976 3082 2074 3102 temere
2087 3077 2210 3112 Desperet

68 3107 128 3141 stu,
147 3117 218 3143 quam
241 3107 354 3143 abficrdis
367 3107 520 3142 fi‘rmonibus
541 3107 708 3143 defipientiam
719 3107 835 3142 prodere.
904 3106 986 3133 Dulce
997 3106 1033 3132 est
1047 3105 1110 3133 desi-
1171 3113 1282 3141 propter
1295 3106 1445 3140 ignauiam,
1463 3113 1507 3133 aut
1519 3107 1600 3133 nimis
1613 3107 1727 3134 considat
1739 3114 1846 3143 propter
1859 3108 2038 3143 cupiditatem.
2093 3112 2163 3138 Idem
2180 3114 2210 3141 in

75 3152 136 3178 per-e
150 3144 178 3169 in
192 3143 251 3169 loco
282 3144 349 3169 Hor.
363 3142 413 3170 Od.
424 3153 452 3176 4,
467 3151 505 3175 12,
518 3148 557 3173 28·
627 3143 709 3170 Plaut.
725 3143 799 3178 Epid.
813 3152 832 3174 1,
845 3151 870 3175 2,
884 3150 911 3175 35
943 3142 1108 3176 Desipiebam
1171 3142 1256 3168 Pison.
1272 3147 1300 3172 88
1319 3141 1393 3175 Qiid
1405 3141 1476 3177 quod
1489 3148 1518 3168 tu
1531 3143 1609 3169 toties
1623 3142 1753 3176 diffidens,
1767 3153 1795 3170 ac
1810 3144 1953 3178 Desperans
1960 3145 2038 3172 rebus
2050 3147 2100 3172 tuis
2115 3149 2141 3172 in
2155 3149 2209 3175 sor-

77 3179 183 3211 mentis,
211 3187 293 3213 quum
308 3178 365 3205 illas
377 3179 483 3213 scriptas
495 3178 633 3205 mittebam
645 3178 705 3205 tibi.
881 3175 902 3216 ff
920 3187 936 3204 2
969 3177 1062 3204 AHiue
1077 3176 1110 3210 est
1172 3177 1265 3209 dibuS‚
1281 3177 1419 3210 lamentis,
1439 3177 1564 3212 luetuque
1576 3179 1697 3206 iacuisti?
1773 3181 1804 3205 Et
1816 3179 1845 3205 in
1859 3180 1944 3206 Pison.
1962 3188 1989 3207 12
2019 3182 2092 3215 Spem
2110 3182 2208 3211 habere

78 3214 188 3248 Saporem
204 3220 311 3240 mutare:
337 3214 456 3241 Tertull.
468 3214 501 3245 de
513 3214 604 3241 Pudic.
618 3223 642 3247 ¹3
656 3222 680 3240 et
693 3219 719 3245 18
745 3212 884 3241 Modicum
897 3214 1058 3240 fermentum
1071 3220 1111 3240 to-
1171 3221 1186 3239 a
1199 3213 1329 3240 Tribuno
1349 3213 1417 3247 pleb.
1431 3212 1449 3239 fi
1467 3220 1510 3240 tua
1531 3214 1637 3240 consilia
1656 3223 1715 3241 cum
1738 3214 1788 3241 illo
1809 3215 1990 3242 coniunxeris:
2021 3217 2063 3242 sed
2082 3226 2096 3243 a
2112 3219 2208 3246 Senatu

77 3253 128 3274 tam
141 3249 229 3284 desipit
245 3249 458 3284 conspersionem.
1126 3253 1155 3282 85
1171 3248 1280 3283 quidem
1299 3249 1446 3284 desperasse.
1516 3249 1586 3276 Bene
1598 3249 1734 3285 desperare
1747 3250 1868 3281 salutem,
1881 3251 1964 3285 Seque
1977 3252 2053 3277 semel
2069 3261 2130 3280 vera
2142 3255 2209 3282 scire

116 3288 179 3310 Dias
189 3291 197 3310 1
207 3291 333 3317 PIENS‚
357 3286 433 3312 entis.
460 3286 529 3312 Part.
565 3284 689 3319 [ξ’κφρων,
706 3284 857 3320 παράφρων]
899 3284 955 3311 Cic.
972 3283 1004 3310 de
1018 3285 1110 3311 Diuin.
1172 3285 1264 3319 perisse
1278 3284 1329 3311 fide
1342 3283 1423 3311 Ouid.
1437 3292 1468 3310 ex
1481 3285 1565 3311 Ponto
1578 3294 1599 3317 3,
1615 3293 1641 3319 7,
1650 3294 1688 3317 23.
1741 3286 1796 3312 Cic.
1811 3287 1887 3313 Verr.
1902 3295 1921 3318 1,
1958 3305 1964 3312 .
2001 3307 2008 3312 .
2045 3287 2151 3316 Necesse
2160 3291 2207 3324 est,

80 3326 107 3349 2,
129 3325 153 3349 51
171 3328 191 3345 c.
209 3328 237 3352 23
266 3320 340 3347 Estne
357 3321 498 3356 quisquam
516 3322 553 3347 ita
574 3320 715 3355 desipiens,
737 3321 785 3355 qui
804 3320 891 3346 credat
907 3325 1042 3346 exaratum
1055 3321 1113 3351 esse,
1173 3329 1256 3355 quum
1270 3320 1301 3346 de
1314 3326 1372 3347 toto
1387 3319 1726 3355 ordinedesperarit‚aliud
1740 3330 1820 3355 genus
1834 3321 2151 3356 hominuin,atquealiam
2166 3335 2206 3352 ra-

80 3353 158 3379 deum
171 3353 249 3380 dicam
260 3364 292 3382 an
305 3356 457 3383 hominemz
529 3355 602 3382 Idem
615 3356 646 3382 de
661 3356 696 3383 N.
712 3356 743 3383 D.
758 3365 784 3388 2,
799 3358 828 3382 16
854 3356 907 3382 Esse
922 3361 1010 3382 autem
1024 3356 1113 3382 homi·
1173 3356 1274 3382 tionem
1284 3356 1447 3382 iudiciorum
1460 3358 1586 3391 requirat.
1623 3357 1662 3383 De
1670 3358 1755 3391 Pugna
1767 3358 1838 3383 Caes.
1848 3358 1875 3383 B.
1885 3358 1916 3383 G.
1927 3366 1997 3389 1,40.
2024 3358 2062 3384 Id.
2071 3359 2099 3386 Β.
2108 3361 2139 3386 G.
2151 3370 2171 3393 1,
2180 3367 2206 3392 18

80 3397 152 3419 nem,
165 3388 212 3427 qui
223 3389 288 3417 nihil
301 3392 328 3418 in
344 3392 419 3419 omni
430 3392 530 3419 mundo
550 3391 646 3418 melius
658 3392 706 3418 esse
723 3400 802 3426 quam
815 3392 841 3417 se
855 3397 943 3426 putet,
962 3391 1111 3426 desipientis
1172 3392 1289 3425 Imperio
1302 3393 1365 3427 Pop.
1374 3392 1452 3418 Rom.
1465 3400 1518 3418 non
1526 3392 1607 3418 modo
1619 3393 1652 3419 de
1665 3392 1808 3427 regno,sed
1821 3391 1853 3418 de
1866 3401 1996 3426 ea,quam
2004 3390 2107 3426 habeat,
2120 3398 2206 3430 gratia

79 3429 243 3457 arrogantiae
262 3425 304 3452 est.
1121 3436 1158 3461 90
1172 3427 1316 3462 desperare.
1372 3428 1410 3453 De
1424 3427 1567 3461 Republica
1580 3427 1635 3454 Cic.
1651 3429 1721 3455 Fam.
1735 3437 1757 3460 2,
1772 3439 1798 3461 4.
1835 3429 1866 3453 Et
1878 3427 1931 3453 Att.
1947 3432 1970 3459 8,
1983 3436 2015 3454 ιι.
2050 3430 2090 3456 De
2104 3432 2129 3457 se
2147 3433 2203 3459 Cic.

116 3465 134 3485 D
144 3465 226 3498 1:¹81}²
236 3465 327 3488 ΙΕΝΤ
337 3469 393 3493 ιΑ,
417 3471 456 3489 ae.
480 3462 500 3489 f.
543 3463 648 3490 Lucret.
661 3471 683 3495 3,
695 3467 746 3496 498
784 3462 946 3497 Desipientia
959 3461 1006 3495 fit,
1026 3471 1110 3497 quum
1171 3463 1243 3490 Fam.
1262 3472 1300 3495 10,
1320 3471 1359 3489 21.
1430 3462 1501 3489 Caes.
1523 3464 1550 3489 B.
1565 3463 1596 3490 G.
1617 3471 1643 3497 7,
1658 3472 1689 3496 50
1718 3465 1740 3489 A
1756 3461 1924 3490 multitudine
1941 3464 2087 3498 oppressus,
2103 3475 2132 3493 ac
2146 3468 2204 3494 Sibi

78 3495 120 3521 vis
133 3502 216 3520 ammi
229 3499 305 3528 atque
317 3497 414 3523 animai*
449 3498 637 3525 Conturbatur.
1171 3498 1324 3533 desperans,
1349 3498 1438 3525 multis
1457 3499 1509 3525 iam
1525 3498 1679 3526 vulneribus
1699 3499 1823 3532 acceptis,
1846 3504 1891 3524 etc.
1951 3499 2007 3525 Cic.
2021 3509 2069 3534 pro
2082 3502 2204 3530 Muraen.

116 3536 160 3556 DE
170 3536 182 3555 S
192 3536 295 3561 ls'ro,
322 3530 382 3563 niti,
398 3533 496 3566 stitum,
512 3536 565 3560 ere.
601 3535 614 3568 [
627 3533 759 3567 οἷφίςημι]
794 3533 866 3560 Stare
884 3535 912 3558 in
931 3534 991 3560 Ioco.
1027 3533 1109 3560 Plaut.
1170 3542 1204 3568 45
1217 3544 1238 3560 c.
1253 3543 1280 3560 21
1297 3541 1361 3561 extr.
1380 3534 1471 3561 Alium
1483 3534 1592 3561 faciam:
1619 3534 1744 3569 quoniam
1764 3533 1811 3559 fibi
1824 3532 1866 3559 hic
1882 3533 1936 3568 ipse
1948 3532 2074 3569 desperat.
2145 3540 2204 3566 Suis

80 3563 183 3593 Mostel.
196 3573 218 3597 3,
231 3573 252 3595 2,
266 3566 308 3596 96.
318 3565 376 3592 edit.
386 3569 471 3601 Pare-i,
486 3569 559 3603 Quid
573 3569 628 3596 illic
642 3568 762 3595 destitisti
776 3568 886 3596 obsecro
899 3568 1017 3596 tamdiuz
1039 3570 1110 3596 Aliis
1168 3570 1285 3596 fortunis
1304 3570 1376 3596 Caes.
1390 3570 1418 3596 Β.
1431 3570 1462 3596 G.
1475 3579 1498 3602 3,
1513 3578 1548 3596 η.
1618 3571 1649 3596 Et
1663 3569 1718 3596 Cic.
1734 3568 1788 3602 post
1803 3567 1880 3595 redit.
1892 3570 1920 3595 in
1933 3569 2018 3597 Senat.
2038 3580 2070 3605 34
2084 3582 2104 3598 c.
2120 3582 2150 3607 14
2156 3582 2202 3610 pr,

79 3599 112 3634 esi
124 3610 149 3627 v.
165 3609 219 3626 100.
244 3606 268 3626 et
280 3601 363 3635 legunt
378 3602 501 3640 restitisti.
535 3606 576 3632 Si'c
589 3607 663 3631 etiam
674 3605 754 3632 Gron.
929 3601 949 3640 q
976 3613 988 3630 2
1030 3603 1109 3638 Vsfita-
1121 3612 1153 3638 95
1168 3605 1225 3631 Cic.
1239 3606 1268 3631 in
1280 3605 1358 3632 Catil.
1377 3614 1403 3638 2,
1417 3614 1444 3639 19
1459 3615 1480 3631 c.
1489 3614 1506 3637 9
1535 3606 1667 3636 Honores,
1679 3612 1744 3639 quos
1758 3603 1847 3638 quieta
1859 3605 1970 3639 Republ.
1983 3605 2128 3641 desperant,
2144 3619 2203 3643 per.

77 3639 130 3662 tius
142 3634 175 3669 est
187 3645 216 3662 ac
226 3638 333 3667 certius,
354 3635 460 3675 *diffinere
469 3645 564 3666 mutata
575 3648 653 3667 mente
671 3649 700 3666 ac
714 3639 827 3673 consilio:
845 3638 898 3666 vid.
913 3639 1062 3675 Brouckhuf
1075 3640 1111 3666 ad
1168 3640 1272 3666 turbata
1289 3641 1414 3675 consequi
1428 3642 1496 3675 posse
1508 3641 1678 3667 arbitrantur.
1757 3639 1805 3665 Nil
1822 3639 2009 3674 desperandum
2034 3644 2100 3670 Hor.
2115 3645 2166 3671 Od.
2182 3654 2202 3678 1,

78 3671 147 3698 Tib.
163 3680 183 3703 ι,
194 3679 222 3711 9,
235 3678 274 3711 71-
328 3671 464 3699 Cic-Verr.
476 3683 499 3706 3,
512 3683 551 3701 101
567 3676 661 3710 Rogat,
672 3681 702 3701 vt
713 3675 741 3701 id
753 3676 839 3702 facere
850 3674 978 3701 desistant.
1031 3674 1106 3702 Idem
1167 3683 1192 3709 7,
1214 3683 1257 3710 27.
1329 3676 1409 3709 Qod
1421 3676 1457 3702 est
1471 3677 1616 3710 optimum,
1636 3683 1690 3700 non
1709 3673 1745 3700 est
1761 3675 1947 3710 desperandum
1972 3677 2029 3704 Cic.
2044 3679 2072 3704 in
2087 3680 2160 3707 Orat.
2175 3683 2201 3707 6.

77 3715 127 3742 pro
148 3708 269 3740 Quintio.
314 3726 320 3732 .
357 3725 363 3732 .
399 3706 554 3736 Auctionem
571 3711 639 3737 velle
657 3711 743 3737 facere
760 3710 865 3737 desistit.
955 3711 1106 3737 Contraria:
1166 3711 1240 3737 Idem
1254 3711 1281 3737 in
1297 3711 1381 3737 Pison.
1395 3717 1428 3745 84
1446 3710 1703 3742 Thessalonicenses,
1723 3718 1804 3744 quum
1821 3711 1921 3746 oppido
1937 3712 2122 3747 desperassent,
2143 3724 2200 3742 mu-

78 3743 133 3769 Cic.
141 3742 223 3768 Tusc.
237 3749 305 3776 1,117
323 3741 451 3767 Homines
458 3751 569 3772 mortem
581 3747 624 3773 vel
639 3752 730 3781 optare
742 3746 880 3780 incipiant,
889 3746 932 3771 vel
945 3751 1015 3771 certe
1028 3746 1105 3772 tinie-
1165 3747 1224 3773 nire
1237 3755 1323 3773 arcem
1337 3749 1489 3781 co'e‘gerunt.
1559 3747 1590 3771 Et
1603 3746 1655 3772 Att.
1669 3753 1696 3780 7,
1710 3753 1741 3771 20
1768 3746 2001 3782 Breuiloquentem
2014 3749 2066 3775 iani
2079 3758 2121 3776 me
2135 3757 2199 3777 tem-

77 3787 107 3804 τε
121 3777 247 3803 desistant·
319 3776 443 3803 Defistere
461 3785 492 3802 ex
504 3783 560 3805 toto
586 3782 652 3808 Cels.
673 3791 697 3814 3,
718 3791 739 3814 3.
811 3781 937 3808 Defistere
956 3780 989 3807 ab
1002 3781 1212 3817 aliquo,100pus
1224 3783 1309 3817 ipsum
1322 3783 1399 3809 facit:
1431 3783 1520 3808 Pacem
1539 3781 1611 3807 enim
1628 3779 1772 3815 desperaui.
1844 3782 1969 3809 Reditum
1988 3784 2016 3809 in
2028 3785 2144 3819 aliquem
2160 3786 2199 3812 lo-

78 3813 201 3840 Secedt’re':
221 3812 302 3853 Plaut-
311 3814 384 3839 Men·
397 3821 419 3844 3,
433 3821 457 3844 27
470 3820 505 3847 27
538 3815 609 3847 Quid
621 3823 648 3844 tu
660 3827 686 3843 es
698 3817 796 3844 tristis?
817 3816 882 3852 quid
896 3816 942 3842 ille
955 3816 1000 3843 abs
1014 3822 1039 3843 te
1053 3818 1104 3844 ira·
1165 3827 1224 3845 cuin
1241 3818 1297 3845 Cic.
1311 3818 1340 3844 in
1352 3819 1439 3844 Somn.
1452 3817 1517 3850 Scip.
1555 3835 1561 3842 .
1598 3836 1606 3842 .
1676 3816 1748 3843 Idem
1763 3826 1811 3851 pro
1823 3818 1926 3845 Cluent.
1943 3821 1974 3848 68
1987 3829 2008 3845 c.
2020 3828 2049 3852 25
2070 3820 2198 3847 Promissis

41 3852 45 3853 ⁷
78 3852 119 3873 tus
152 3847 271 3875 Destitit?
307 3852 325 3875 i.
338 3848 444 3874 Recedet.
515 3847 636 3887 Desistere
649 3852 720 3879 bello
741 3853 800 3879 Liu.
814 3860 839 3886 7,
876 3872 882 3878 .
919 3872 925 3878 .
981 3853 1037 3879 Cic.
1050 3852 1103 3880 Off.
1165 3862 1226 3880 eum
1240 3854 1292 3880 suis
1305 3853 1429 3879 excitauit
1441 3851 1590 3884 abieffliffl,
1608 3857 1634 3879 et
1648 3851 1722 3878 simul
1735 3852 1817 3880 Saluti
1830 3853 1964 3888 desperare
1980 3855 2072 3880 vetuit.
2127 3856 2197 3881 Salu-

77 3890 102 3914 3,
118 3891 157 3908 112
180 3884 244 3909 Rem
262 3883 294 3909 ad
314 3884 439 3918 populum
454 3882 555 3914 detulit,
576 3884 737 3919 docuit‚cur
751 3888 799 3915 sibi
818 3888 901 3914 Causa
921 3887 1039 3915 desistere
1059 3897 1104 3915 ne·
1164 3895 1217 3915 tem
1230 3889 1339 3916 alicuius
1358 3888 1396 3914 Id.
1411 3887 1443 3913 de
1456 3887 1564 3914 Amicii.
1599 3906 1606 3913 .
1645 3907 1652 3913 .
1688 3895 1711 3914 er
1730 3889 1783 3914 Ait.
1821 3909 1827 3915 .
1867 3910 1871 3914 .
1909 3890 1957 3916 Sed
1970 3889 2096 3915 bacciam
2110 3892 2197 3916 nostra

76 3918 138 3943 cesse
156 3919 221 3944 esset.
257 3918 325 3945 Add.
345 3919 418 3948 Idem
432 3919 503 3945 Fam.
523 3927 541 3949 ι,
561 3927 586 3951 9.
657 3922 760 3955 Conatu
790 3924 863 3950 Caes.
880 3923 908 3949 B.
922 3924 954 3950 G.
975 3932 994 3955 1,
1007 3930 1021 3954 8
1036 3932 1101 3951 extr.
1164 3925 1230 3951 salus
1242 3934 1301 3950 cum
1313 3924 1360 3949 hac
1371 3923 1428 3957 lege
1441 3921 1574 3957 desperata
1586 3923 1645 3949 erit.
1715 3923 1770 3950 Cic.
1784 3933 1832 3958 pro
1845 3924 1940 3951 Milon.
1954 3932 1985 3957 57
1998 3934 2019 3949 c.
2033 3933 2061 3950 21
2086 3927 2115 3950 In
2128 3934 2196 3959 quos

75 3953 148 3980 Idem
161 3952 189 3980 B.
203 3954 278 4017 {0371
282 3953 368 4018 ‘zan'
394 3954 512 3982 Consilio
536 3954 575 3981 Id.
593 3954 620 3981 Β.
634 3956 664 3982 C.
676 3965 699 3989 3,
711 3966 749 3984 21.
819 3958 1007 3987 ADefenfione
1026 3960 1100 3988 Caes.
1112 3969 1155 3996 103
1162 3960 1281 3987 incensos
1294 3959 1513 4022 ii‘a‚PVitamque
1524 3958 1628 3986 domini
1642 3958 1804 3995 desperantes
1816 3968 1897 3994 quum
1911 3959 2054 3991 incidisset,
2076 3959 2154 3987 haesit
2152 3969 2197 4023 h1¹1:
