2479 4225
54 215 112 256 321
426 197 458 238 E
547 197 578 236 F
672 198 702 237 F

55 279 91 318 Δι’
112 287 180 322 illis,
203 293 247 315 aut
264 282 404 314 hebetibus
430 291 455 314 et
475 285 643 319 obuisis‚aut
662 285 728 312 mala
754 280 941 321 consuetudine
966 280 1077 312 obscffis,

56 325 101 352 diu
119 323 214 358 rubigo
231 323 379 350 animorum
397 322 537 349 effricanda
555 324 598 349 eit.
636 321 756 349 Scribitur
775 326 799 345 et
818 318 960 344 Exfricare.
1001 317 1080 350 Apul.

55 360 118 387 Met.
130 365 192 394 1pr.
212 367 237 393 p.
252 367 304 390 103,
317 367 334 392 9
368 358 437 392 Equi
460 357 579 384 sudorem
598 358 685 384 fronte
703 355 803 381 curiose
817 353 928 380 exfrtco.
966 352 1011 379 scd
1023 362 1077 378 mox

55 403 80 431 p.
94 402 145 427 105,
159 402 175 427 9
194 393 315 420 Sordium
328 401 463 420 enormem
477 393 591 420 eluuicm
604 391 710 427 operose
729 389 827 416 effrico.

90 436 106 456 Ε
115 436 131 457 F
140 435 155 456 F
166 435 183 456 R
193 437 201 455 1
211 436 268 456 GO.
292 429 424 465 Profertur
439 438 467 454 cx
480 429 535 460 illo,
554 428 638 463 Spicas
655 425 784 459 decerptas
798 422 917 450 manibus
930 422 1080 448 effrixerant
1104 437 1117 462 ς

57 463 170 493 Tertull.
184 464 242 491 adu.
255 465 337 491 Marc.
351 473 379 497 4,
394 472 430 490 12.
452 464 497 491 Sul
508 465 655 491 Efflixerant
670 462 750 487 Prior.
763 459 837 486 reue.
864 458 921 485 Vid.
936 464 1078 484 EFFIJGO.

90 505 200 528 EFFR1
210 507 231 526 N
242 507 262 527 G
272 507 308 532 0,
328 500 386 534 egi,
406 500 508 533 adium,
528 503 580 526 ere.
615 494 806 531 [δικρῤἦγνυμι]
833 494 910 533 Ἰάεήι
924 493 988 529 quod
1003 494 1079 520 Fum-

46 534 130 597 'fiendo
149 538 178 561 vi
198 535 301 571 quadam
319 541 342 562 et
359 538 463 561 maximo
483 538 585 570 impetu,
599 532 761 571 disrumpere,
777 539 800 556 er
813 531 852 563 ,Ιιε
871 536 975 564 aperire.
1011 529 1079 554 Ter.

36 593 37 597 ,
77 569 128 597 del.
143 579 163 603 1,
177 579 203 603 2,
216 578 232 605 7
259 571 337 597 Fores
350 570 465 604 etfregit,
479 576 555 604 atque
572 568 600 594 in
611 565 686 593 aedes
699 566 777 592 irruit
791 566 896 591 alienas.
933 565 987 590 Cic.
1003 565 1080 590 Verr.

391 604 666 636 Scn.Herc.Oet.1450
691 601 896 627 Vtinamliccret
910 600 996 634 stipite
1010 600 1077 633 inge·
1100 611 1127 629 10

54 610 133 638 4‚52.
153 613 231 640 etpro
239 604 354 638 Cael.38.

46 640 93 667 >sto
106 641 215 676 impiam
233 641 370 676 effringere
391 642 512 669 animam.
582 638 684 671 Corpus
697 637 754 663 Sen.
771 636 868 662 Phoen.
883 644 933 668 159-
1004 635 1079 661 The-

54 677 160 704 saurum
171 677 236 703 Plin.
249 685 292 709 34,
307 685 333 711 7.
404 676 545 709 Effringere
563 673 681 699 dicuntur
697 674 836 733 ἓβνῐι-οἰαε,
852 681 934 706 quum
954 671 1080 696 excitatae

55 712 205 746 grandiores
224 712 315 746 glebae
332 712 497 747 franguntur:
516 710 555 735 vt'l
568 711 656 744 potius
670 708 694 734 O
716 709 835 741 ringere,
844 714 891 742 per
912 713 1024 742 quartam
1039 715 1080 731 vo-

55 748 137 774 calem.
163 747 219 773 Vz'a'.
236 749 349 774 Varron.
362 748 392 774 R.
405 747 436 772 R.
449 754 467 776 1,
480 753 520 777 29,
533 752 557 770 2.
596 743 739 777 Etsi-ingere
747 744 835 769 hahent
843 745 939 777 primae
953 741 1079 767 editiones.

54 781 203 816 Offringere
215 781 370 817 posteriores.
407 779 520 808 Notabile
538 779 600 805 illud
612 779 671 805 Silii
687 787 706 811 1,
719 781 773 819 647
797 779 920 812 Spumeus
936 777 977 803 hic
992 776 1081 802 medio
1100 783 1123 810 ις

54 817 101 851 qui
120 817 202 852 surgit
213 818 246 844 ab
260 825 374 854 aequore
391 815 483 843 fluetus
517 829 563 835 —
597 814 693 841 vestras
706 814 827 849 eth-uiget
845 813 873 839 in
891 812 978 839 vrbes.
1021 812 1079 839 Viti.

52 852 178 880 Drakenb.
193 854 226 880 ad
242 855 288 882 loc.

91 894 333 920 EFFRACTvs‚
355 895 384 918 a,
403 894 456 912 um.
492 885 585 911 Partic.
623 882 831 920 [ὃιερῥηγμένος]
868 882 924 908 Cic.
953 891 1001 916 pro
1022 883 1080 909 Mu.

52 931 124 950 rnen.
138 932 164 955 33
185 925 298 959 Eamque
311 921 401 949 vrbem
415 920 463 947 fibi
475 920 642 947 Mithridates
657 920 729 946 Afiae
744 921 848 945 ianuam
862 918 921 944 fore
935 919 1081 952 putauisl'et,

53 967 105 993 qua
124 959 228 986 εἰῇ-11613
247 966 272 986 et
291 957 406 987 reuulsa,
427 963 482 982 tota
508 962 607 990 pateret
631 955 779 990 prouincia.

69 1003 94 1020 er
106 997 289 1026 frmi-larionem
301 989 393 1018 dissum
405 993 491 1018 volunt
498 999 547 1027 pro
555 991 706 1027 Con-sumtus,
720 993 746 1016 in
757 989 799 1016 illo
814 989 977 1023 Plaut.Capt.
993 998 1013 1021 3,
1030 999 1049 1021 1,
1064 993 1080 1016 6

83 1037 150 1064 eque
169 1028 377 1060 ieiuniosiorem,
397 1035 482 1061 neque
504 1027 587 1061 magis
611 1026 746 1053 effractum
765 1025 834 1051 fame
856 1024 922 1051 vidi.
959 1025 1081 1052 Sem-effe

51 1065 130 1091 Gron.
144 1065 261 1092 effertum
274 1073 298 1090 υ.
313 1072 338 1090 v.
351 1062 398 1099 fi‘b
418 1068 588 1089 EFFARCIO.
659 1060 805 1087 Cerebrum
820 1061 892 1094 Virg.
907 1061 970 1086 Aen.
985 1068 1007 1092 ς,
1020 1067 1080 1094 480.

52 1097 124 1126 Cista
138 1101 203 1127 Hor.
215 1099 291 1134 Epist.
306 1107 326 1131 1·,
340 1106 379 1133 17,
393 1105 433 1131 54.
504 1098 559 1124 Cic.
579 1098 654 1123 Verr.
675 1105 700 1129 2,
720 1105 756 1129 94
790 1095 927 1122 Conuulfis
941 1097 1081 1130 repagulis,

53 1134 217 1170 effrafflsque
231 1134 322 1162 valuis.
392 1132 462 1160 Vrbs
476 1133 537 1159 Stat.
551 1131 643 1159 Theb.
656 1140 682 1164 9,
697 1135 752 1165 356.

87 1177 105 1197 Β
114 1176 154 1198 FF
163 1177 181 1197 R
190 1175 291 1198 ACTO
301 1176 336 1202 R,
355 1166 419 1195 oris.
446 1177 482 1195 m.
518 1166 700 1202 [τοιχωρύχος]
735 1165 861 1202 Perfoſjbr
875 1169 1000 1201 parietum
1009 1188 1015 1199 ‚
1029 1167 1080 1202 fur

51 1206 182 1232 violemus.
217 1205 319 1232 Paullus
337 1204 366 1231 in
380 1204 398 1230 l.
410 1213 422 1236 3
438 1205 469 1230 D.
484 1203 515 1230 de
529 1202 626 1230 Officio
646 1202 775 1237 praescisti
790 1202 917 1236 vigilum,
938 1203 1080 1237 Cognoscit

50 1241 197 1275 praefeelus
206 1240 317 1274 vigilum
331 1239 364 1266 de
376 1239 561 1270 incendiariis,
573 1238 767 1270 esti-aeloribus,
781 1237 894 1267 furibus,
909 1244 954 1263 etc.
1008 1239 1081 1268 Idem

50 1276 81 1302 in
99 1276 116 1302 l.
130 1276 214 1303 Finali
230 1277 261 1302 D.
282 1275 314 1302 de
332 1274 514 1302 effractoribus
537 1276 567 1300 In
586 1274 737 1300 effractores
757 1273 830 1300 varie
853 1273 1081 1300 animaduertitur.

1511 194 1787 236 EFF

2112 212 2175 251 322

1175 290 1192 310 E
1201 290 1217 311 F
1228 289 1272 310 FV
1281 289 1302 310 G
1312 291 1321 310 1
1332 289 1352 309 Α
1363 301 1371 315 ,
1386 291 1422 310 ac.
1444 283 1462 309 f.
1502 282 1600 317 Hostias
1614 284 1744 320 epitheton.
1763 283 1868 311 Seruius
1881 287 1914 312 ad
1926 287 2011 320 Iocum,
2024 297 2091 323 quem
2104 289 2173 314 modo

1135 320 1277 354 posuimus,
1296 318 1386 345 Hostia
1404 328 1468 352 quac
1481 320 1513 346 ad
1531 329 1586 347 aras
1605 320 1715 346 adduc‘la
1728 319 1762 346 est
1777 321 1949 354 immolanda,
1970 323 1987 349 fi
2007 324 2062 349 casu
2077 323 2172 358 effuge-

1141 355 1191 386 rit,
1210 355 1303 390 effugia
1323 355 1412 380 vocari
1435 357 1517 382 veteri
1530 365 1603 383 more
1616 356 1695 387 solct3
1726 356 1754 382 in
1772 356 1844 382 cuius
1859 356 1945 382 locum
1964 368 2030 392 quac
2044 359 2172 394 supposita

1142 390 1239 421 fucrit,
1254 390 1402 425 Juccidunea
1419 396 1466 414 ctc.

1182 432 1219 451 1:1³
1231 424 1340 452 in'Go.
1364 427 1392 450 In
1409 425 1501 460 sugam
1523 429 1607 452 eiicere
1626 425 1691 462 apud
1702 426 1836 461 Augustin.
1855 426 1961 464 Sermqi
1982 428 2037 454 Fer.
2052 438 2066 455 2
2085 431 2172 457 Pente-

1143 460 1202 486 cost.
1219 461 1242 486 P.
1258 460 1414 494 Chrysolog.
1428 461 1507 486 Scrm.
1524 470 1547 491 13
1565 470 1629 488 extr.
1646 469 1690 488 etc.

1177 503 1192 522 li
1203 502 1217 521 1³
1228 503 1270 522 FV
1282 502 1325 522 LC
1338 502 1390 528 10,
1409 498 1456 521 ire.
1492 495 1656 530 [ὁποςηρίζω]
1695 498 1790 524 Fulcire
1812 500 1839 522 in
1862 496 2018 523 altitudinem
2041 500 2172 533 quandam,

1143 531 1216 565 Virg.
1231 532 1294 557 Aen.
1309 539 1335 565 7,
1349 539 1379 564 93
1397 534 1425 556 Ae
1439 531 1544 562 Latmo,
1566 533 1676 557 Centum
1691 533 1816 567 lanigeras
1831 530 1959 558 tna&ab'at
1973 533 2023 558 rite
2038 533 2173 567 bidentes;

1143 569 1229 600 Atque
1246 565 1456 593 harumeffiiltus
1479 572 1552 599 tergo
1567 585 1575 597 ,
1600 568 1734 602 stratisque
1755 568 1853 594 iaccbat
1887 567 2045 594 Velleribus.
2099 571 2172 605 Coris.

1144 603 1214 628 ldcm
1228 607 1248 631 8,
1264 605 1316 634 368.
1354 601 1399 627 Sil,
1414 608 1440 635 7,
1456 609 1511 632 292.
1548 602 1577 626 In
1590 602 1706 629 cubitum
1721 603 1823 629 effultus
1838 603 1914 637 Apul.
1928 604 1990 630 Met.
2007 612 2028 629 2.
2098 607 2172 632 Atria

1141 637 1231 663 effulta
1251 636 1402 668 montibus,
1423 639 1441 662 i.
1461 637 1587 662 Marmore
1608 640 1685 673 exciso
1707 648 1717 664 c
1739 639 1860 665 montibus
1892 639 1953 665 Stat.
1973 636 2064 666 Theb.
2087 648 2107 671 1,
2122 649 2174 674 ¹45·

1142 673 1263 699 Fulmina
1278 672 1368 698 effulta
1386 671 1499 697 metallis
1514 671 1585 697 Idem
1601 673 1663 699 Silu.
1678 683 1699 705 3,
1714 683 1733 706 1,
1747 682 1767 705 5.

1177 715 1193 734 Ε
1202 714 1218 733 F
1227 714 1243 733 F
1254 714 1272 732 v
1282 715 1295 732 1
1306 714 1326 733 G
1334 714 1350 733 E
1361 712 1380 732 o
1391 725 1399 738 ,
1426 711 1478 732 ere.
1515 707 1658 742 [σελαγίω]
1695 710 1760 735 Idem
1773 709 1837 745 quod
1856 709 2011 736 Vehementer
2024 709 2126 747 fulgere
2134 730 2140 741 ‚
2153 717 2177 737 et

1141 745 1269 782 aliquoties
1284 745 1310 768 in
1324 745 1399 768 tertia
1412 742 1516 777 forma,
1537 749 1553 768 E
1562 750 1577 769 F
1587 750 1602 769 F
1612 751 1630 768 v
1641 751 1655 770 1.
1665 751 1685 770 G
1696 751 1715 770 ο
1728 764 1735 777 ,
1756 747 1807 770 ἴτε.
1866 745 1957 779 Ingens
1978 746 2065 771 lumen
2083 745 2176 772 effulsit

1143 779 1201 804 Liu.
1221 786 1295 809 22,1.
1354 777 1426 803 Idem
1445 783 1485 809 28,
1524 797 1529 803 .
1566 798 1572 804 .
1610 779 1667 805 Nili
1688 788 1718 805 ex
1738 779 1889 806 vehementi
1910 781 1979 812 sole,
2003 781 2086 815 qualis
2107 781 2176 808 inter

1143 823 1233 848 graues
1248 812 1333 838 imbre
1346 813 1428 838 nubes
1443 812 1564 847 effulget,
1578 822 1623 841 etc.
1681 817 1711 840 Et
1724 815 1790 849 apud
1805 816 1877 850 Virg.
1892 816 1955 842 Aen.
1970 825 1995 848 9,
2014 825 2053 842 110
2079 816 2177 844 Effulfit

1144 848 1227 876 oculis
1247 849 1299 874 lux.
1355 850 1384 873 Et
1400 853 1422 879 8,
1438 851 1490 882 677
1527 849 1655 875 Instructo
1676 851 1759 876 Marte
1779 851 1882 877 videres
1920 853 2032 878 Feruerc
2052 852 2178 886 Lucate11‚

1143 893 1261 918 auroque
1280 880 1405 917 effulgere
1424 884 1524 910 fluctus.
1594 885 1658 911 Plin.
1672 894 1700 918 4,
1716 892 1724 910 1
1755 886 1848 911 Omnis
1869 887 1996 913 Graeciae
2017 886 2178 921 tabidorum,

1144 921 1206 947 licut
1222 927 1247 946 et
1259 919 1393 945 literarum
1407 919 1524 951 claritaS,
1537 928 1568 946 ex
1582 920 1633 947 hoc
1653 922 1768 954 primum
1781 920 1836 946 sunu
1849 921 1949 949 effulsit.
2009 923 2088 949 Ouro
2104 922 2177 950 effiti-

850 953 976 979 Effraeius
1003 954 1081 986 same,
1091 961 1125 982 20
1144 965 1205 991 gens
1219 954 1323 981 Laelius
1343 955 1388 980 Sil.
1405 958 1441 987 16,
1479 974 1484 980 .
1521 973 1527 980 .

1178 996 1432 1021 errvcovsso,
1458 995 1510 1016 are.
1547 989 1648 1016 Ennod.
1668 999 1689 1022 1,
1709 995 1730 1019 8.

1179 1033 1195 1052 E
1206 1033 1221 1052 F
1232 1026 1307 1052 FVM
1320 1030 1339 1051 Ο
1351 1043 1358 1057 ,
1378 1029 1430 1051 Ere.
1465 1027 1499 1051 Vt
1522 1034 1641 1060 quaeque
1664 1025 1786 1059 rigescit,
1811 1022 1923 1051 Effiimat
1946 1024 2027 1053 moles
2049 1028 2135 1056 Seuer.
2149 1030 2177 1056 in

1144 1062 1227 1088 Aetna
1244 1071 1268 1088 v.
1280 1066 1340 1093 498.
1359 1063 1376 1085 i.
1388 1062 1486 1097 fumum
1503 1063 1603 1087 emittit.

1178 1104 1194 1123 E
1206 1103 1244 1123 ΓΡ
1253 1104 1272 1122 V
1283 1103 1307 1122 M
1318 1097 1356 1122 iG
1366 1103 1384 1122 O
1394 1117 1401 1127 ‚
1423 1101 1474 1122 Ere.
1509 1096 1603 1130 Fugiat
1621 1094 1787 1129 conspectum
1804 1094 1918 1121 vestrum
1932 1100 2056 1130 tanquam
2069 1097 2180 1126 coluber

1096 1140 1128 1166 23
1143 1139 1291 1159 excantatus
1311 1138 1354 1157 aut
1368 1131 1533 1165 effumigatus
1547 1131 1664 1158 Tertull.
1677 1131 1708 1157 ad
1723 1132 1800 1157 Mart.
1812 1139 1833 1156 c.
1851 1139 1870 1156 1.
1900 1131 1972 1157 Fumo
1986 1138 2008 1156 et
2016 1131 2105 1167 Jiaeffi'tu
2118 1137 2180 1160 enim

1143 1175 1248 1194 utuntur
1267 1167 1382 1203 aditet-fiis
1395 1168 1530 1203 jin-pentes.
1899 1198 1903 1199 .

1178 1210 1195 1230 E
1204 1210 1220 1229 F
1231 1210 1246 1229 F
1255 1210 1275 1228 V
1286 1210 1306 1229 N
1317 1209 1334 1229 D
1345 1210 1364 1229 Ο
1377 1222 1382 1233 ,
1411 1205 1464 1228 ere.
1500 1197 1617 1236 [ἔκχῦω,
1637 1200 1728 1233 ἐκχέω,
1743 1201 1857 1235 προχέω]
1895 1199 2025 1227 Fundendo
2044 1205 2071 1228 in
2088 1209 2181 1229 terram

1137 1239 1266 1275 spargere.
1302 1238 1383 1264 Plaut.
1401 1238 1469 1264 Asin.
1485 1247 1505 1270 1,
1517 1247 1540 1270 3,
1555 1242 1584 1270 (15
1610 1236 1725 1262 Effimdit
1743 1236 1845 1262 cibum:
1866 1245 1926 1262 aues
1939 1237 2087 1264 assuescunt.
2125 1238 2181 1265 Cic.

1144 1275 1175 1301 de
1189 1275 1223 1301 N.
1238 1275 1269 1300 D.
1282 1282 1307 1302 z.
1322 1276 1362 1300 116
1393 1274 1540 1307 Eademque
1559 1273 1662 1298 ratione
1680 1281 1751 1297 mare
1764 1280 1844 1306 quum
1857 1273 1932 1306 supra
1950 1277 2046 1299 terram
2062 1273 2108 1303 sit,
2127 1283 2181 1301 me.

50 1311 112 1346 le.
124 1311 208 1339 ‹odem
226 1311 267 1338 tit.
280 1311 298 1337 l.
312 1319 322 1338 1
339 1310 388 1337 Sed
405 1312 475 1336 enim
493 1309 571 1336 diuus
584 1311 688 1336 Marcus
707 1308 872 1336 effrad‘torem
893 1310 1009 1343 equitem
1031 1311 1082 1335 Ro·
1098 1320 1130 1347 30
1145 1309 1217 1336 dium
1231 1316 1317 1336 tamen
1331 1316 1415 1335 terrae
1429 1309 1515 1335 locum
1530 1315 1661 1342 expetens,
1681 1307 1854 1341 conglobatur
1866 1308 1983 1341 vndique
1997 1309 2182 1343 aequabiliter,

47 1354 154 1373 manum
172 1347 219 1382 qui
230 1346 337 1373 effracto
352 1346 539 1386 perforatoque
562 1346 661 1379 pariete
676 1345 813 1379 pecuniam
833 1343 988 1377 abstulerat,
1007 1346 1082 1379 quin-

47 1383 164 1416 quennio
175 1382 302 1409 abstinere
321 1381 387 1408 iussit
406 1390 544 1415 prouincia
556 1381 646 1407 Africa
660 1380 728 1407 vnde
746 1386 811 1413 erat,
826 1386 851 1406 et
865 1380 929 1406 vrbe
938 1400 946 1413 ,
960 1387 985 1406 ct
998 1380 1081 1407 Italia.

46 1417 243 1451 Apertularius,
256 1417 379 1444 effractor
391 1416 483 1444 Ilidor.

81 1459 99 1479 Ε
109 1459 259 1480 FFRACT
269 1460 290 1480 A
299 1459 336 1478 R1
348 1459 370 1478 v
381 1460 394 1479 s
408 1472 416 1485 ‚
442 1461 456 1478 a
467 1471 475 1484 ,
501 1461 554 1478 um.
592 1451 652 1478 Adi.
689 1449 877 1488 [διαρρηκτής]
912 1450 986 1477 Idem.
1023 1451 1080 1477 Sen.

44 1487 124 1522 Epist.
139 1490 170 1518 68
195 1489 256 1515 Vile
270 1487 376 1522 videtur
392 1487 524 1522 quidquid
537 1493 620 1522 patet:
637 1494 726 1522 aperta
739 1487 901 1513 effractarius
913 1486 1046 1520 praeterit.

60 1549 63 1551 .
82 1524 366 1555 ΕΡΡΚΑΟΤῦΚΑ,
388 1532 429 1550 ae.
450 1524 469 1549 f.
506 1524 560 1558 Ipse
583 1522 660 1556 effrin
680 1522 738 1548 endi
754 1520 833 1548 aflus.
869 1521 972 1548 Paullus
993 1523 1021 1547 in
1038 1522 1055 1548 l.
1070 1530 1081 1554 3

45 1558 78 1585 D.
93 1558 125 1585 de
139 1557 214 1586 Offic.
227 1559 307 1593 praef.
321 1559 374 1593 vig.
389 1558 548 1585 Effraeiurae
561 1557 627 1584 fiunt
641 1567 657 1593 p
669 1566 796 1592 erumque
815 1558 843 1583 in
863 1557 955 1583 insulis
969 1557 1084 1584 horreis-

45 1602 115 1629 que,
133 1593 182 1621 vbi
207 1594 327 1621 homines
354 1594 560 1629 pretiosissimam
583 1600 683 1628 partem
716 1593 885 1620 fortunarum
910 1593 1016 1618 suarum
1044 1601 1084 1619 re-

44 1634 154 1666 ponunt.

80 1672 98 1691 E
108 1671 124 1692 F
133 1671 150 1692 F
158 1671 177 1692 R
186 1671 205 1692 0
213 1672 236 1691 N
245 1671 287 1692 DE
296 1672 308 1692 s
317 1671 334 1692 c
345 1670 364 1691 Ο
373 1685 382 1698 ,
403 1666 455 1691 ere.
496 1659 603 1691 Frondes
622 1673 698 1690 nouas
717 1665 825 1703 accipere
833 1682 841 1694 ,
862 1667 891 1688 vt
909 1662 1084 1689 Effiorescere.
1100 1672 1137 1697 40
1146 1667 1239 1690 ventus
1254 1664 1311 1689 eius
1321 1664 1387 1693 ‚Liu.
1402 1672 1441 1695 25,
1479 1683 1484 1688 .
1523 1682 1530 1688 .

46 1701 161 1735 Metaph.
181 1701 284 1734 Vopisc.
297 1701 376 1727 Prob.
392 1709 413 1726 c.
429 1708 457 1732 19
483 1700 574 1727 Circus
588 1699 672 1733 gratia
686 1707 752 1724 noui
767 1698 864 1724 viroris
877 1697 1028 1723 effronduit.

82 1736 280 1767 EFFRONs,tis.
294 1735 354 1761 Adi.
375 1735 440 1770 quast
448 1736 503 1762 Sine
511 1735 612 1770 fronte,
633 1737 650 1760 i.
664 1733 768 1768 pudore.
789 1734 893 1766 Vopisc.
904 1733 931 1758 in
940 1733 1082 1758 Numeria-

47 1778 84 1796 no
92 1779 114 1796 c.
128 1778 152 1803 13
174 1770 285 1797 Consilii
299 1771 399 1805 semper
410 1770 468 1802 alti,
482 1778 614 1803 nunquam
628 1775 714 1794 tamen
727 1768 845 1794 effrontis
859 1767 902 1793 sed
915 1767 1045 1799 pudentis.

80 1811 97 1831 E
106 1811 123 1831 F
132 1812 148 1831 F
157 1812 175 1831 R
185 1812 204 1830 v
214 1813 236 1831 T
245 1805 258 1831 ἴ
267 1811 283 1831 C
296 1813 332 1837 ο,
351 1811 402 1831 ire.
443 1806 477 1830 Vt
493 1803 669 1830 Effrondesco.
705 1801 823 1828 Tertull.
841 1800 874 1826 ad
894 1801 1004 1826 Nation.
1028 1809 1047 1831 1,
1066 1807 1079 1831 ς

43 1839 153 1866 Necesse
169 1839 205 1864 est
224 1840 252 1864 in
272 1847 383 1872 corpore
402 1844 428 1863 et
441 1843 567 1871 quantum
582 1837 648 1862 velis
666 1835 769 1868 integro
783 1840 828 1860 aut
843 1843 924 1867 puro,
939 1840 967 1859 vt
981 1843 1079 1861 naeuus
1094 1843 1127 1870 45
1142 1836 1283 1862 fundamus
1305 1838 1453 1863 Aerarium.

41 1873 139 1908 aliquis
152 1873 294 1912 effruticet,
307 1877 352 1898 aut
366 1872 505 1898 verrucula
518 1872 646 1905 exsurgat,
658 1875 704 1896 aut
719 1869 820 1903 lentigo
834 1869 972 1895 sordescat.
1007 1868 1078 1895 Add.

42 1908 276 1976 IdiissFAygnlaJL
287 1914 349 1969 nge.
384 1940 511 1976 [ἐκφεύγω
518 1957 526 1971 ,
542 1939 666 1972 ἔξαλύσσω
673 1960 681 1973 ,
701 1939 782 1966 ἓκλῖνω
790 1957 798 1970 ,
813 1939 895 1972 οἶλέω]
934 1940 1002 1975 Fuga
1012 1941 1078 1965 Uita-

41 1988 70 2007 νε
83 1980 228 2015 periculum.
263 1978 379 2005 Celeriter
398 1977 473 2003 abire.
510 1977 615 2002 Lucrct.
629 1984 651 2008 3,
666 1981 724 2006 1082
753 1976 812 2002 Hoc
828 1976 853 2001 se
867 1974 979 2009 quisque
998 1974 1078 2001 modo

43 2014 129 2049 fugin
144 2020 184 2047 at,
198 2022 276 2049 quem
294 2012 409 2045 scilicet,
421 2018 450 2039 vt
464 2012 509 2044 fit,
527 2011 647 2045 Effugere
661 2010 730 2038 haud
749 2011 818 2045 potis
832 2010 876 2037 est.

44 2050 126 2077 hodie
139 2050 245 2084 effugies
256 2049 333 2083 Virg.
346 2047 398 2075 Ecl.
413 2056 436 2080 3,
449 2056 494 2080 49.
565 2047 714 2082 Metapbora
729 2048 825 2082 elegans
839 2045 871 2078 est
891 2046 946 2072 Cic.
960 2046 992 2072 de
1005 2046 1079 2072 Orat.

45 2094 69 2119 2,
81 2093 129 2121 147
142 2095 164 2112 c.
178 2094 210 2118 34
231 2085 317 2120 Atque
328 2084 378 2111 hoc
392 2089 477 2110 totum
491 2082 527 2110 est
547 2082 596 2117 (cle
612 2083 674 2109 Iocis
686 2082 850 2109 communibus
864 2088 987 2108 oratorum
1002 2082 1080 2116 loqui-

45 2122 110 2156 tur)
128 2121 180 2148 fine
198 2121 276 2152 artis,
297 2120 350 2147 siue
367 2118 617 2150 animaduersionis,
638 2117 690 2144 fiue
711 2117 921 2149 consuetudinis,
950 2117 1019 2142 nosse
1040 2125 1080 2142 re-

46 2156 151 2192 giones,
171 2157 237 2183 intra
252 2165 315 2191 quas
333 2164 435 2187 venere,
447 2159 473 2180 et
487 2152 637 2189 peruestiges
654 2154 725 2188 quod
743 2161 860 2188 quaeras.
896 2152 949 2179 Vbi
965 2161 1025 2178 eum
1040 2152 1078 2178 lo-

46 2200 106 2218 cum
123 2200 227 2218 omnem
244 2191 402 2226 cogitatione
416 2190 540 2226 fipftris,
560 2189 578 2215 fi
597 2188 678 2229 modo
697 2190 771 2216 vsum
791 2197 880 2215 rerum
900 2188 1077 2227 percallueris‚
1094 2199 1122 2224 55
1140 2190 1168 2216 {n
1191 2196 1328 2216 mortuum
1351 2189 1388 2216 Id,
1402 2189 1432 2215 ad
1448 2189 1519 2216 Brut,
1536 2197 1568 2221 ¹5-

44 2226 115 2253 nihil
128 2234 153 2253 te
166 2226 283 2264 effugiet,
301 2232 378 2261 atque
392 2234 469 2252 omne
482 2224 555 2260 quod
568 2231 619 2251 erit
633 2234 661 2251 111
673 2233 718 2257 10,
742 2230 864 2251 occurret
877 2230 956 2258 atque
971 2222 1077 2249 incidet.

43 2262 163 2296 effingere
179 2271 211 2288 ex
229 2262 294 2288 vrbe
313 2262 393 2289 Plaut.
414 2261 495 2288 Trin.
510 2269 535 2293 2,
548 2269 576 2293 4,
591 2263 645 2293 196.
682 2262 713 2287 Et
730 2260 796 2295 apud
815 2260 887 2286 Caes.
908 2260 936 2285 P..
957 2259 989 2285 G.
1004 2264 1026 2291 8,
1042 2267 1078 2293 24

1127 1400 1132 1408 .
1145 1381 1304 1407 Atlanticum
1317 1389 1444 1406 oceanum
1464 1380 1528 1406 Plin.
1542 1388 1564 1411 3,
1579 1388 1598 1405 1.

1099 1498 1127 1525 33
1145 1495 1222 1514 terra.

932 2010 1078 2044 Nunquam
1092 2025 1123 2051 50
1143 2013 1219 2047 Virg.
1235 2014 1298 2039 Aen.
1319 2022 1344 2045 2,
1360 2020 1414 2048 271.

1144 1355 1229 1380 neque
1249 1344 1376 1372 redundat
1393 1353 1521 1379 vnquam,
1541 1353 1626 1378 neque
1645 1342 1797 1369 effiuiditur.
1875 1342 2024 1370 Effimditur
2047 1345 2130 1371 amnis
2153 1345 2182 1372 in

1671 1378 1776 1404 Effimdi
1790 1378 1922 1414 usurpatur
1935 1379 1964 1405 ab
1977 1380 2098 1407 Arnobio
2113 1390 2137 1415 p.
2151 1390 2182 1407 20

1145 1417 1251 1443 Elmsnh.
1267 1417 1295 1442 de
1311 1418 1403 1448 partu,
1417 1424 1463 1450 pro
1479 1415 1590 1441 Excludi.
1644 1414 1774 1447 Qlintffil.
1791 1422 1810 1445 1,
1824 1422 1836 1445 3
1847 1422 1889 1449 pr.
1920 1415 1996 1447 Quae
2008 1414 2110 1442 liminio
2126 1417 2183 1443 solo

1144 1453 1227 1486 sparsa
1242 1454 1298 1479 sunt
1318 1452 1417 1478 semina
1436 1451 1557 1477 celeriter
1572 1451 1597 1476 se
1616 1449 1770 1481 effundunt,
1788 1453 1806 1475 i.
1827 1458 1971 1476 t'xorllmtur
1989 1457 2011 1476 et
2032 1460 2157 1488 emergunt
2171 1462 2182 1478 ι

1265 1487 1322 1513 sid.
1336 1498 1360 1513 n.
1374 1497 1388 1513 2
1409 1486 1518 1513 Hei-bas.
1592 1484 1732 1511 Effundere
1745 1486 1770 1511 sc
1783 1485 1876 1511 dicitur
1892 1485 1994 1517 ciuitaS,
2004 1495 2056 1511 cum
2070 1490 2136 1513 ciui-s
2143 1497 2182 1514 ca-

1143 1526 1260 1549 teruatim
1283 1529 1378 1549 meunt.
1434 1523 1489 1548 Cic.
1505 1520 1537 1547 ad
1552 1521 1624 1546 Brut.
1663 1540 1669 1546 .
1706 1540 1712 1546 .
1750 1540 1756 1546 .
1794 1520 1911 1546 Timore
1931 1522 2046 1554 quodam
2067 1523 2183 1557 perculsa

1145 1559 1239 1585 ciuitas
1253 1565 1306 1584 tota
1320 1557 1352 1584 ad
1366 1564 1390 1584 te
1405 1558 1429 1583 se
1441 1566 1499 1582 cum
1507 1555 1665 1589 coniugibus
1674 1561 1698 1581 ct
1713 1554 1804 1581 liberis
1817 1555 1973 1582 cffimdebat.
2011 1557 2070 1583 Liu.
2085 1567 2127 1590 34,
2149 1578 2154 1584 .
2175 1578 2182 1585 .

1146 1594 1291 1627 Aliquanto
1310 1593 1396 1618 maior
1417 1592 1565 1626 frequentia
1584 1591 1727 1617 mulierum
1747 1591 1850 1625 postero
1869 1592 1912 1616 dic
1930 1592 1981 1617 sese
2002 1592 2028 1617 in
2048 1593 2184 1626 publicum

1146 1628 1248 1654 effudit.
1300 1628 1449 1654 Effiiderant
1470 1629 1494 1653 se
1507 1636 1538 1653 ex
1558 1628 1632 1653 omni
1654 1626 1791 1660 prouincia
1812 1626 1954 1659 legationes
1976 1626 2006 1652 acl
2025 1627 2120 1653 famam
2140 1628 2183 1654 ad-

1584 1661 1651 1687 Add.
1675 1660 1710 1686 Id.
1730 1666 1768 1692 38,
1788 1663 1813 1686 6.
1870 1661 1945 1693 Apul.
1967 1662 2060 1695 Μο1.,7
2086 1673 2109 1696 p.
2131 1672 2183 1695 193.

1144 1699 1269 1725 Dralccnb.
1283 1699 1316 1724 ad
1324 1699 1373 1728 Sil.
1388 1707 1412 1729 2,
1428 1706 1474 1730 151.
1497 1699 1538 1723 Ita
1546 1697 1622 1730 plane
1637 1697 1711 1729 Virg.
1726 1696 1821 1728 Georg.
1835 1694 1900 1730 1fin.
1937 1697 1986 1727 Vt,
2002 1706 2059 1722 cuin
2075 1699 2184 1724 carceri—

1143 1734 1191 1759 bus
1207 1735 1258 1759 sese
1272 1733 1386 1759 effudere
1399 1732 1549 1766 quadrigae.
1747 1729 1767 1765 Ἷ
1790 1738 1804 1755 2
1844 1732 1909 1756 Hinc
1929 1732 2097 1758 elementorum
2118 1734 2183 1760 ordi—

1143 1778 1172 1793 ne
1188 1767 1343 1799 Sulgstantt'ua
1357 1776 1491 1802 ponemus:
1528 1764 1665 1792 Effiindere
1680 1765 1819 1791 Aerarium
1833 1765 1889 1791 Cic.
1903 1766 1984 1792 Tusc.
1999 1775 2019 1799 3,
2032 1774 2073 1800 48.
2111 1770 2184 1796 Idem

1142 1811 1191 1835 pro
1205 1803 1233 1828 L.
1249 1804 1310 1835 Agr.
1325 1811 1348 1834 1,-
1372 1803 1521 1835 spoliemus
1543 1801 1636 1826 orbem
1657 1807 1786 1826 terrarum
1796 1821 1804 1833 ,
1819 1801 1962 1828 vendamus
1976 1803 2113 1837 vediigalia
2123 1825 2130 1836 ‚
2147 1805 2183 1831 ef-

1525 1836 1599 1869 Virg.
1622 1836 1685 1861 Aen.
1708 1842 1727 1867 1,
1747 1845 1781 1870 97
1822 1837 1900 1863 Mene
1922 1837 2008 1863 Iliacis
2025 1840 2185 1867 occumbere

1140 1871 1237 1905 campis
1257 1871 1322 1898 Non
1340 1872 1466 1905 potuisse?
1492 1876 1588 1905 tuaque
1604 1871 1726 1897 Animam
1741 1871 1804 1897 banc
1817 1871 1951 1898 effundere
1971 1872 2075 1900 dextra?
2132 1877 2183 1902 Co.

1140 1907 1228 1941 piam,
1248 1910 1265 1932 i.
1281 1908 1420 1940 produxit,
1434 1908 1519 1940 emzjit.
1576 1907 1632 1933 Cic.
1648 1906 1679 1933 de
1695 1906 1764 1932 Clar.
1780 1908 1853 1933 Orat.
1869 1910 1896 1939 36
1933 1908 2003 1934 Haec
2024 1910 2094 1936 euim
2114 1918 2182 1938 aetas

1141 1941 1234 1968 effudit
1248 1942 1313 1968 hanc
1321 1943 1432 1976 Copiam
1445 1949 1592 1969 oratorum.
1649 1942 1740 1967 Crines
1754 1942 1852 1968 vertice
1871 1943 1967 1969 Lucan.
1983 1953 2000 1972 1.
2015 1950 2062 1975 188.
2118 1948 2182 1974 For-

1141 1984 1216 2003 tunas
1238 1987 1284 2011 per
1302 1978 1449 2009 luxuriam,
1465 1981 1483 2003 i.
1506 1978 1647 2012 Causarum-e
1665 1977 1721 2002 Cic.
1739 1986 1786 2010 pro
1806 1976 1880 2003 Rufe.
1894 1979 1982 2005 Amer.
1998 1982 2022 2004 6.
2094 1982 2182 2009 Fletus

1493 2013 1591 2046 Fruges
1611 2013 1678 2038 Hor.
1693 2013 1780 2039 Carm.
1796 2021 1824 2045 4,
1836 2020 1863 2046 7,
1879 2020 1911 2039 11.
1983 2015 2038 2041 Cic.
2058 2016 2129 2043 Fam.
2145 2026 2183 2051 12,

1142 2056 1172 2080 23
1211 2048 1251 2074 Sic
1273 2049 1329 2074 sum
1351 2049 1378 2074 in
1397 2048 1542 2074 Antonium
1564 2047 1698 2080 inuectus,
1719 2054 1747 2073 vt
1767 2047 1812 2073 ille
1830 2056 1884 2073 non
1904 2048 2000 2081 ferret,
2021 2060 2182 2087 omnemque

1142 2085 1217 2110 suum
1230 2083 1399 2110 vinolentum
1415 2085 1543 2109 Furorem
1556 2084 1584 2108 in
1597 2091 1639 2108 me
1653 2091 1733 2108 vnum
1747 2082 1900 2109 effunderet.
1973 2085 2089 2112 Gratiam
2103 2089 2182 2116 colle.

1141 2119 1226 2151 (Statu,
1245 2122 1262 2144 i.
1283 2120 1386 2145 Perdere
1405 2119 1460 2145 Cic.
1480 2119 1550 2144 Fam.
1568 2126 1595 2150 2,
1610 2120 1646 2143 16.
1717 2118 1819 2144 Hei-bas
1838 2118 1974 2146 effimdunt
1994 2122 2183 2152 inimicissimas

1140 2153 1264 2188 frugibus
1283 2155 1377 2188 segetes
1399 2152 1545 2180 foecundae
1562 2159 1587 2179 et
1606 2153 1700 2179 vberes
1721 2153 1792 2180 Idem
1813 2154 1841 2180 in
1853 2155 1927 2181 Orat.
1942 2161 1984 2188 48.
2058 2160 2183 2187 Honores

1394 2225 1398 2229 ι
1535 2225 1539 2228 -
1676 2189 1734 2215 Liu.
1754 2194 1791 2221 38,
1828 2210 1834 2216 .
1871 2210 1892 2217 .,
1917 2191 1942 2217 81
1963 2192 2076 2225 primurn
2097 2196 2182 2230 hupe-

1139 2231 1212 2257 tum,
1232 2235 1312 2260 quem
1332 2225 1437 2251 feruido
1453 2225 1560 2258 ingenio
1579 2230 1605 2250 et
1617 2232 1691 2249 caeca
1711 2225 1749 2250 ira
1766 2224 1918 2258 effimdunt,
1932 2227 2120 2264 sustinueritis,
2135 2239 2181 2259 etc.

1139 2260 1212 2288 Idem
1227 2270 1265 2293 39,
1283 2270 1313 2294 34
1322 2268 1365 2296 pr.
1394 2261 1510 2286 Inscusus
1524 2259 1648 2286 omnibus
1663 2260 1689 2285 in
1704 2261 1848 2288 Maronitas
1864 2262 1932 2287 Iram
1947 2263 2066 2291 effundit.
2138 2269 2180 2294 Ira

42 2296 161 2332 Effugere
173 2306 205 2323 ex
217 2298 293 2331 agris.
363 2296 459 2331 Effugit
476 2305 523 2323 rex
539 2305 553 2322 e
572 2295 694 2322 manibus
712 2297 767 2323 Cic.
786 2304 836 2330 pro
850 2296 920 2329 Lege
934 2295 1027 2321 Mauil.
1043 2302 1076 2321 22
1139 2296 1239 2322 cffimdi
1255 2297 1342 2323 Valet.
1359 2297 1456 2330 Argon.
1470 2303 1497 2330 7,
1510 2304 1550 2328 34.
1645 2295 1748 2322 Iudices
1765 2305 1856 2322 onmes
1872 2297 1993 2324 tribunus
2008 2308 2021 2325 e
2035 2310 2137 2328 carcere
2151 2303 2181 2330 in

43 2342 65 2359 c.
79 2341 103 2365 9.
173 2332 292 2373 Effugere
310 2332 342 2359 de
359 2333 461 2367 praelio
488 2331 561 2372 Idem
574 2331 687 2372 Philipp.
701 2340 717 2358 2
736 2341 757 2358 c.
776 2340 815 2364 29.
855 2366 860 2371 .
889 2332 919 2357 Et
940 2339 988 2371 pro
1006 2331 1075 2370 Sext·
1139 2332 1228 2359 forum
1242 2331 1335 2359 effudit
1351 2333 1405 2358 Cic.
1419 2332 1450 2357 de
1464 2331 1637 2365 Arusp.Resp.
1652 2339 1683 2363 34
1703 2340 1724 2357 c.
1740 2334 1776 2357 16.
1832 2333 1963 2360 Lacrimas
1977 2334 2019 2362 Id.
2035 2346 2082 2370 pro
2096 2338 2180 2365 Plane.

43 2369 86 2395 116
104 2377 125 2394 c.
138 2375 171 2402 54
205 2368 262 2395 Nec
281 2383 326 2389 —
343 2368 419 2394 ludos
438 2369 553 2402 aspexit,
579 2367 627 2394 mfi
647 2376 691 2393 eos
711 2383 757 2387 —
780 2375 796 2393 a
815 2366 913 2402 quibus
932 2374 978 2392 vix
998 2373 1075 2392 vuius
1094 2370 1181 2394 60101
1195 2377 1217 2393 c.
1231 2376 1271 2401 42.
1344 2368 1429 2394 Minas
1453 2367 1551 2392 Lucan.
1572 2374 1594 2398 ς,
1614 2368 1668 2398 563.
1739 2367 1793 2407 Cir,
1814 2369 1885 2394 Fam,
1900 2377 1920 2401 1,
1934 2379 1959 2402 9j
1975 2380 1993 2403 4
2030 2372 2077 2398 Sed
2096 2384 2179 2408 quum

211 2405 258 2430 Per
271 2412 360 2430 manus
375 2403 480 2429 infestas
495 2402 577 2433 Ouid.
588 2403 653 2430 Fast.
667 2405 691 2434 6,
706 2411 766 2437 344.
838 2402 978 2429 Cic.Verr.
995 2408 1018 2434 ς,
1040 2421 1046 2426 .
1068 2420 1074 2427 .

42 2403 143 2437 effligit.

609 2438 690 2465 Plaut.
708 2437 792 2464 Calin.
808 2445 830 2469 2,
846 2440 872 2470 6,
892 2446 930 2470 44
945 2443 1074 2472 precatur,

41 2439 137 2474 Neque
155 2439 223 2466 mari
242 2439 355 2473 effugere
372 2438 428 2464 vllo
448 2439 538 2465 modo.

2 2485 3 2495 1
39 2475 110 2501 Deos
131 2475 241 2508 quaeso,
261 2481 288 2500 vt
305 2480 350 2500 tua
368 2474 421 2499 sors
439 2474 596 2508 (Olympio)
615 2482 630 2499 e
643 2473 723 2499 fitella
742 2473 878 2507 effugerit,
896 2480 924 2499 ut
937 2472 995 2498 adeo
1009 2475 1076 2498 exire

41 2512 107 2541 iam,
125 2515 148 2535 et
161 2509 208 2535 tibi
216 2516 351 2543 procurare
364 2511 464 2548 nuptias
476 2518 524 2534 non
533 2508 615 2543 poffit.
687 2507 759 2534 Idem
773 2509 854 2534 Merc.
867 2516 888 2541 3,
902 2518 931 2542 4,
945 2516 975 2542 75
998 2508 1073 2534 Clam

41 2550 143 2579 patrem
156 2545 239 2578 patria
251 2543 298 2570 hac
311 2543 449 2584 effugiam,
467 2550 512 2570 aut
529 2543 630 2578 aliquid
641 2544 742 2578 capiam
754 2544 865 2570 confilii.

2 2598 3 2602 ,
43 2587 65 2611 x,
80 2588 101 2611 1,
114 2587 130 2605 2
165 2579 217 2606 Vbi
235 2589 277 2606 me
295 2579 414 2614 effugerit
431 2580 576 2612 memoria,
596 2579 635 2606 ibi
654 2586 682 2606 tu
695 2580 777 2606 facito
791 2585 818 2605 vt
838 2579 975 2605 subucnias
991 2580 1074 2605 soror.

2 2632 3 2643 l
40 2613 168 2649 Voluptas
181 2614 272 2650 effugit
291 2615 352 2641 Stat.
366 2615 429 2642 Silu.
444 2624 464 2647 1,
476 2617 507 2647 6,
521 2623 556 2648 52.

627 2615 718 2641 Aciem
731 2615 869 2642 oculorum
884 2615 1005 2650 effigere,
1020 2614 1073 2639 md.

834 2650 997 2676 calumniam
1016 2650 1072 2675 Cic.

41 2656 146 2677 ACIES.
216 2649 338 2677 Amorem
356 2650 467 2676 alicuius
486 2650 566 2677 Ouid.
582 2651 644 2676 Met.
658 2659 689 2682 13,
703 2658 762 2684 743.
1016 2684 1037 2709 C
1055 2683 1059 2688 =

1040 2692 1073 2708 11-

40 2694 89 2719 pro
103 2685 206 2712 Cluent.
221 2688 270 2717 163.
340 2686 466 2716 Catenas,
479 2692 523 2711 auc
537 2685 643 2710 vincula
661 2686 728 2710 Hor.
742 2686 823 2710 Sei-m.
838 2693 863 2715 2,
877 2693 898 2716 3,
912 2692 951 2717 71.

38 2729 100 2746 men
113 2720 223 2755 aliquod
242 2720 323 2747 Ouid.
338 2720 402 2746 Met.
417 2727 443 2753 7,
456 2727 494 2753 71.

55 2774 61 2785 ‚
222 2757 253 2782 Et
263 2756 371 2782 Crimen
385 2755 543 2788 ineptiarum
561 2753 633 2780 Idem
649 2753 680 2779 de
693 2754 766 2780 Orat.
779 2762 802 2786 3,
823 2773 829 2779 .
850 2773 856 2778 .
891 2754 957 2779 Add.
972 2752 1009 2779 Id.
1024 2762 1072 2787 pro

36 2790 130 2818 Flacco
145 2800 166 2816 c.
181 2799 201 2821 3.
274 2791 411 2817 Cruciatus
427 2789 557 2824 Quinfflil.
572 2789 599 2815 in
613 2798 732 2823 prooem.
747 2791 772 2815 6.
840 2790 896 2815 Cic.
911 2791 985 2815 Verr.
1001 2798 1022 2821 2,
1038 2797 1073 2821 115

34 2825 162 2860 ,8110111ὺᾶ1
176 2826 313 2852 Heraclius
323 2846 330 2857 ,
351 2825 368 2852 si
384 2826 459 2852 illum
474 2824 611 2859 effugisset,
627 2831 686 2850 ante
705 2824 828 2856 alteram,
841 2831 886 2850 etc.
961 2824 1073 2850 Dolores

32 2861 218 2889 »intolerabiles
233 2861 306 2887 Idem
321 2862 357 2894 Q
370 2862 438 2887 Frat.
453 2870 473 2893 1,
509 2880 516 2886 .
554 2880 560 2886 .
630 2860 765 2886 Incursum
779 2859 845 2886 alius
860 2860 962 2885 Lucret.
977 2868 999 2890 3,
1012 2866 1070 2893 750.

37 2897 177 2925 Infamiam
198 2896 361 2923 crudelitatis
385 2897 441 2923 Cic.
461 2905 509 2930 pro
528 2896 597 2929 Lege
610 2895 671 2929 Agr.
688 2903 731 2927 90.

37 2933 106 2964 Ter.
119 2932 193 2958 Adel.
206 2940 226 2965 ς,
241 2937 264 2964 8,
276 2940 310 2963 31.
381 2932 555 2958 ΜειΙεάἰᾶιιῐη
568 2939 647 2956 omne
660 2931 715 2957 Cic.
730 2939 777 2965 pro
791 2930 872 2956 Flacc.
886 2938 911 2964 7.
974 2931 1069 2956 Manus

35 2967 109 2996 Idem
120 2969 148 2994 in
161 2968 249 2994 Somn.
263 2967 330 3001 Scip.
342 2976 361 2999 3.
432 2967 548 2993 Mortem
567 2975 621 2992 non
641 2966 768 3001 effugiunt
786 2966 859 2999 Virg.
883 2968 946 2992 Aen.
970 2974 1001 2998 11,
1022 2971 1070 2995 881.

36 3003 149 3038 Nuptias
161 3004 228 3030 Ter.
242 3002 322 3030 Andr.
337 3011 360 3033 2,
377 3011 395 3033 1,
408 3011 446 3034 32.
518 3002 574 3028 Cic.
589 3003 665 3028 Verr.
682 3011 702 3034 1,
715 3011 757 3028 102
793 3003 822 3028 In
841 3001 937 3036 quibus
951 3010 1004 3027 non
1024 3002 1070 3027 du-

37 3037 110 3072 bitO,
123 3039 188 3073 quin
199 3038 370 3066 offensionem
384 3038 560 3073 negligentiae
581 3038 666 3064 vitare
679 3044 756 3072 atque
770 3037 884 3071 effugere
903 3046 956 3063 11011
971 3037 1068 3071 pollini.

40 3074 150 3101 cesam.
163 3084 191 3108 4,
203 3084 229 3109 4.
301 3075 405 3100 Peccata
427 3073 507 3100 Ouid.
522 3073 555 3099 de
570 3074 632 3099 Arte
644 3074 702 3099 Am.
716 3082 741 3105 2,
757 3081 808 3107 173.
881 3073 998 3099 Pericula
1017 3074 1068 3099 Lu-

41 3116 95 3135 can.
108 3117 127 3142 1,
142 3112 190 3136 116.
243 3109 391 3136 Periculum
405 3110 477 3140 Caes.
491 3109 519 3136 B.
534 3109 565 3135 G.
579 3117 606 3143 4,
621 3116 657 3142 33.
727 3109 829 3143 Plagam
849 3109 904 3134 Cic.
919 3109 971 3134 Att.
987 3116 1012 3142 7,
1032 3128 1038 3135 .
1061 3128 1068 3135 .

40 3143 134 3170 Poenas
148 3145 218 3171 Idem
232 3145 263 3172 de
277 3146 312 3172 N.
327 3146 357 3171 D.
373 3154 394 3178 3,
433 3165 439 3171 .
477 3165 482 3171 .
554 3143 639 3171 Scelus
652 3144 761 3178 aliquod
782 3144 864 3171 Ouid.
879 3145 941 3170 Met.
959 3153 997 3176 10,
1012 3153 1069 3176 342.

41 3178 154 3218 Speciem
167 3180 273 3206 alicuius
288 3181 343 3207 Cic.
357 3180 388 3207 de
402 3180 473 3207 Clar.
485 3180 558 3206 Orat.
574 3188 625 3215 172.
695 3181 762 3207 Hor.
778 3180 858 3206 Serm.
875 3189 896 3212 2,
909 3188 930 3212 3,
943 3187 972 3214 71
1003 3179 1069 3205 Effu-

41 3219 95 3247 gret
109 3220 193 3241 tamen
211 3215 272 3242 haec
291 3216 426 3242 sceleratus
446 3216 552 3242 vincula
566 3217 683 3242 Proteus.
755 3216 834 3242 Visus
848 3215 959 3242 alicuius
984 3214 1068 3242 Ouid.

40 3247 107 3276 Fast.
119 3259 140 3282 3,
152 3252 212 3283 406.
279 3252 510 3286 Vituperationem
524 3253 578 3279 Cic.
593 3253 645 3278 Att.
661 3253 697 3284 16,
712 3258 737 3285 7.

76 3291 267 3312 EFFVGOEN
277 3294 289 3313 s
303 3307 311 3318 ‚
331 3288 405 3314 entis.
442 3287 534 3314 Partic.
568 3286 726 3321 [ἐκφεύγω]
767 3288 816 3319 Vt,
844 3287 941 3313 Lucan.
968 3294 996 3318 3,
1023 3287 1068 3317 6²3

39 3319 156 3347 Vulnere
172 3321 255 3347 multo
267 3321 436 3357 Effugientem
457 3323 572 3349 animam
584 3322 657 3349 lafl'os
672 3322 777 3356 collegit
791 3323 819 3349 in
833 3330 903 3349 artus
913 3342 919 3352 ,
936 3320 1069 3348 Membra-

39 3364 91 3391 que
106 3355 238 3381 contendit
251 3361 321 3390 toto,
339 3359 490 3394 quicunque
508 3357 629 3384 manebat
642 3359 780 3392 Sanguine.

76 3397 93 3417 E
104 3397 120 3417 r
129 3396 144 3417 r
154 3397 173 3417 v
184 3396 246 3417 GiE
255 3398 328 3419 nov
337 3401 349 3420 s
358 3413 365 3425 ,
383 3403 407 3426 a,
428 3403 483 3420 um.
520 3394 612 3420 Partic.
649 3394 825 3427 [ἕκφευκτέος]

41 3427 100 3453 Am.
116 3434 136 3456 2,
150 3434 180 3457 52
217 3426 271 3451 Hac
293 3427 367 3455 nobis
384 3430 472 3456 Minos
496 3429 659 3464 effugiendus
680 3438 738 3463 ope.

38 3462 171 3501 Doloruni
189 3460 392 3494 effing'iendorum
411 3466 502 3499 gratia.
572 3465 645 3491 Idem
660 3466 698 3498 Q
708 3465 778 3492 Frat.
790 3473 810 3497 1,
829 3473 848 3498 4
883 3465 946 3497 Qio
959 3462 992 3490 ad
1005 3463 1068 3490 effu-

37 3496 148 3533 giendos
164 3495 343 3523 intolerabiles
356 3499 458 3526 dolores
470 3500 522 3527 fuit
533 3500 698 3535 aptiffimum.

74 3540 92 3560 E
102 3539 118 3559 F
127 3539 143 3559 F
153 3538 173 3557 V
185 3538 222 3557 Gi
232 3539 251 3557 V
263 3537 286 3556 M
295 3551 304 3563 7
318 3532 344 3571 fi·
368 3543 393 3560 n.
426 3536 550 3570 [ἒκφυγῆ,
575 3535 709 3571 οὲποφυγὴ]
744 3536 819 3561 Ratio
838 3534 983 3571 effugiendi.
1024 3535 1068 3566 Vt,

40 3568 107 3595 Mali
119 3576 228 3594 vmcum
246 3566 370 3600 effugium
392 3569 447 3597 Sen.
463 3571 571 3606 Hippol.
593 3579 642 3604 253.
714 3571 769 3602 Cic.
790 3572 863 3596 Verr.
880 3579 902 3603 ς,
919 3573 961 3603 165
1001 3570 1067 3596 Eum

861 3391 942 3420 Ouid.
959 3391 990 3418 de
1005 3393 1068 3418 Arte

41 3603 126 3630 ciuem
136 3603 284 3629 Romanum
297 3602 345 3628 else
359 3602 467 3632 diceret:
486 3607 553 3641 apud
572 3613 597 3634 te
611 3609 759 3634 Praetorem
777 3606 794 3632 fi
808 3615 860 3632 non
874 3606 1015 3640 effugium,
1033 3614 1066 3631 ne
1082 3617 1113 3642 95
1129 3608 1272 3635 suauissime
1286 3608 1322 3634 est
1335 3607 1437 3634 effusus

40 3647 142 3679 morant
155 3637 262 3673 quidem
277 3638 386 3669 mortis,
405 3641 535 3668 mentione
554 3649 631 3677 atque
649 3642 818 3676 vsurpatione
833 3642 948 3668 ciuitatis
968 3640 1066 3674 ali'equi

39 3675 173 3736 ffituerlst
229 3674 314 3713 ‘Idem
329 3673 360 3699 de
371 3673 407 3699 N·
420 3674 451 3700 D·
463 3683 487 3708 2,
504 3686 543 3703 121
573 3679 643 3705 Alias
660 3679 707 3704 else
721 3677 846 3704 cornibus
859 3685 984 3707 arinataS‚
1001 3676 1064 3702 alias

74 3709 136 3736 bere
158 3708 253 3750 esfugia
267 3717 431 3749 pennarum,
446 3712 464 3735 i.
476 3717 578 3745 pennas,
592 3714 677 3749 quibus
690 3713 822 3749 fftgiavzt.
893 3712 984 3738 Tacit.
998 3713 1065 3738 Ann.

40 3752 64 3777 3,
76 3753 109 3779 4²
128 3746 182 3778 Qu
195 3744 291 3779 effugia
304 3744 459 3776 insederant,
478 3748 496 3771 i.
517 3748 588 3780 Loca,
597 3756 642 3783 per
655 3758 714 3784 quae
726 3749 833 3785 effhgere
840 3755 966 3783 poteram.
1004 3747 1063 3773 Liu.

42 3787 84 3812 24,
96 3782 126 3806 26
163 3782 212 3812 Vt,
227 3780 245 3806 si
261 3780 387 3814 effugium
400 3779 516 3814 patuisset
534 3782 562 3807 in
574 3783 707 3816 publicum
717 3804 725 3816 ,
742 3784 898 3818 impleturae
917 3783 1011 3809 vrbem
1027 3789 1065 3809 111-
1072 3799 1119 3817 100
1127 3794 1152 3811 n.
1167 3794 1185 3812 1.
1208 3786 1260 3812 oid.
1276 3786 1333 3821 ins
1346 3788 1363 3812 l.

42 3814 125 3855 multu
139 3816 252 3849 suerint,
271 3819 288 3841 i.
309 3817 387 3842 Locus
407 3816 445 3841 vel
463 3816 510 3840 Via
523 3815 610 3852 fugae.
681 3819 849 3846 Praecludere
868 3819 998 3853 effugium
1017 3818 1064 3845 ali.

41 3857 86 3889 cui
100 3850 200 3878 Lucret.
220 3860 239 3884 1,
260 3859 317 3886 973.
335 3855 353 3877 i.
376 3853 427 3877 Iter
447 3859 491 3885 quo
511 3849 614 3889 effugere
628 3853 733 3887 poffimt.
806 3855 879 3889 Virg.
898 3858 962 3881 Aen.
977 3863 1001 3885 2,
1016 3862 1064 3887 140

42 3884 69 3910 Si
81 3893 132 3911 non
142 3893 213 3923 negat
222 3886 272 3921 fibi
282 3887 351 3922 spem
375 3884 486 3912 relietum
506 3885 605 3911 uidendi
617 3889 688 3922 suos,
713 3892 787 3924 Qios
801 3890 841 3916 illi
855 3891 909 3917 fors
922 3890 954 3916 ad
968 3898 1064 3925 poenas

39 3918 75 3946 ob
88 3920 171 3947 nostra
190 3923 322 3957 reposcent
341 3922 458 3957 Effugia,
483 3927 508 3947 et
526 3921 628 3955 culpam
645 3922 708 3950 hanc
726 3927 884 3952 miserorum
902 3933 989 3954 morte
1007 3926 1062 3962 pia-

37 3954 111 3989 bunt.
150 3957 225 3984 Verba
237 3958 323 4020 Seruili
335 3958 368 3984 ad
379 3959 402 3986 h.
414 3959 431 3991 1.
441 3955 531 3991 statim
543 3956 628 3983 damus
635 3957 682 3994 sub
697 3965 834 3989 EFFVGIA
843 3981 853 3995 ‚
869 3970 907 3989 ae.

156 4017 160 4020 .
187 3996 269 4020 voi..
320 3994 340 4020 1.
853 4001 855 4003 '

938 2545 967 2570 Et
982 2543 1073 2570 Bacch.
1085 2546 1117 2578 65
1137 2546 1249 2580 Philipp.
1271 2554 1292 2577 3,
1313 2555 1333 2577 3.

565 2719 673 2744 Crimen
692 2719 880 2745 inconstantiae
899 2719 954 2744 Cic.
970 2718 1001 2743 de
1014 2718 1071 2744 Fin.
1086 2728 1122 2755 70
1135 2726 1248 2746 tremum
1267 2720 1395 2754 Spiritum
1415 2720 1441 2745 in
1461 2719 1576 2744 victoria
1595 2718 1729 2744 effudistis.

1084 3081 1116 3106 80
1132 3075 1221 3101 onmia
1231 3095 1239 3107 ,
1248 3083 1313 3114 quae
1327 3073 1464 3100 habebam.

808 3429 864 3455 Cic.
885 3428 916 3454 de
933 3428 990 3454 Fin.
1006 3437 1025 3460 1,
1039 3429 1069 3459 36
1081 3437 1117 3462 90
1130 3434 1167 3457 ita
1182 3431 1241 3457 Liu.
1256 3438 1299 3464 45,
1335 3451 1342 3458 .
1379 3450 1386 3457 .

1070 3974 1115 4001 ¹05
1124 3963 1221 3999 potitus
1228 3982 1237 3996 ,
1257 3962 1333 3989 cursu
1347 3960 1428 3988 effuso
1439 3969 1511 3988 mare
1522 3970 1551 3988 ac
1563 3970 1642 3988 naues
1656 3961 1730 3995 petit.

1139 2403 1268 2429 inclusum
1290 2401 1357 2429 illud
1376 2402 1476 2429 Odium
1497 2402 1639 2428 multarum
1658 2402 1685 2428 in
1705 2411 1748 2428 me
1768 2404 1941 2437 iniuriarum,
1962 2407 2032 2440 quod
2051 2418 2100 2442 ego
2115 2409 2178 2435 effu.

1137 2439 1198 2465 dill‘e
1216 2447 1258 2464 me
1280 2437 1445 2470 arbitrabar,
1466 2436 1597 2464 reliduum
1616 2444 1717 2467 tamen,
1738 2446 1782 2464 etc.
1807 2443 1824 2465 i.
1849 2441 1981 2475 Deponere.
2096 2445 2179 2471 Patri-

1137 2474 1274 2505 monium,
1291 2474 1438 2510 Prodigcrf,
1451 2473 1588 2509 consumere
1607 2473 1675 2499 Ter.
1691 2473 1765 2500 Adel.
1786 2482 1807 2506 ς,
1827 2484 1853 2507 9,
1871 2484 1912 2507 34.
1968 2476 2024 2502 Cic.
2039 2478 2090 2504 Off.
2105 2487 2130 2511 2,
2145 2488 2178 2513 54

1137 2520 1159 2537 c.
1175 2519 1199 2541 ις
1220 2510 1299 2536 Multi
1314 2510 1386 2536 enim
1401 2510 1562 2536 Patrimonia
1576 2508 1726 2535 effuderunt
1742 2510 1887 2535 inconsulte
1901 2509 2046 2544 largiendO.
2102 2515 2177 2541 Idem

1442 2545 1500 2570 Liu.
1525 2552 1560 2577 10,
1600 2562 1605 2568 .
1644 2563 1649 2568 .
1687 2544 1922 2579 Incompolitisque
1945 2546 2067 2573 aduersus
2098 2558 2177 2584 eque.

1136 2581 1213 2607 strcm
1234 2581 1376 2614 procellam
1398 2579 1512 2605 subitum
1526 2580 1654 2604 Pauorem
1676 2577 1795 2604 effundit.
1900 2581 2028 2614 Querelas
2043 2584 2139 2612 Lucan.
2153 2595 2166 2612 2

1135 2623 1182 2648 4⁴-
1255 2615 1383 2647 Qiaestus
1404 2615 1510 2647 pee‘tore
1530 2613 1604 2646 Virg.
1618 2613 1681 2638 Aen.
1695 2621 1718 2645 ς,
1733 2618 1791 2648 780.
1861 2615 1974 2642 Rabiem
1993 2617 2037 2643 Sil.
2057 2628 2087 2650 11,
2124 2641 2130 2647 .
2168 2607 2177 2619 ’

1137 2651 1193 2676 Cic.
1211 2651 1262 2675 Att.
1278 2659 1292 2675 2
1314 2650 1368 2682 Qui
1383 2649 1470 2674 omnia
1486 2647 1612 2674 Remedia
1626 2647 1738 2683 Reipub.
1758 2648 1914 2676 effuderunt.
2018 2644 2176 2689 Sanguineni

1136 2694 1184 2718 pro
1199 2685 1261 2718 ch.
1277 2683 1348 2710 Idem
1365 2693 1412 2718 pro
1427 2684 1520 2710 Milon.
1538 2692 1577 2709 101
1593 2692 1613 2708 c.
1630 2691 1668 2717 37.
1745 2687 1776 2711 Et
1791 2684 1903 2719 Philipp.
1919 2695 1948 2719 ¹4
1962 2696 1982 2712 c.
1999 2696 2026 2714 12
2056 2691 2109 2724 Qvi
2132 2701 2175 2719 ex-

1460 2756 1466 2757 j
1498 2755 1502 2759 .
1586 2754 1590 2758 η
1833 2721 1936 2747 Sumtus
1966 2723 2019 2749 Cic.
2037 2735 2084 2759 pro
2098 2728 2173 2755 Rosc,

1136 2756 1224 2781 Amer.
1240 2758 1278 2784 68.
1349 2756 1397 2781 Vei
1407 2755 1437 2780 ba
1451 2753 1624 2781 OuidTrist.
1639 2762 1659 2786 1,
1673 2762 1693 2786 3,
1708 2762 1749 2787 45.
1804 2755 1889 2783 Dolor
1903 2757 1997 2785 effinxit
2012 2761 2098 2788 Verba
2115 2764 2162 2790 Scn

1135 2790 1205 2823 Med.
1220 2791 1237 2816 s.
1251 2798 1276 2824 7.
1384 2789 1574 2816 Verecundiam
1595 2788 1667 2816 Idem
1681 2789 1759 2824 Epist.
1772 2797 1798 2825 7.
1820 2794 1837 2817 i.
1854 2795 1986 2821 Amim-rc.
2061 2799 2120 2824 Virn
2137 2784 2174 2826 te:

1134 2825 1221 2851 lorum
1235 2826 1368 2858 ingentem
1382 2825 1409 2851 in
1424 2825 1547 2851 inimicos
1562 2824 1619 2851 Liu.
1631 2833 1673 2860 27,
1709 2845 1716 2851 .
1754 2845 1760 2852 .
1832 2827 1908 2862 Virg.
1923 2830 1986 2855 Aen.
2001 2838 2023 2863 ς,
2035 2836 2092 2866 446
2125 2836 2174 2861 En.

1133 2860 1211 2886 tellus
1227 2861 1302 2886 Vires
1321 2860 1349 2886 in
1361 2867 1469 2886 ventum
1490 2860 1591 2886 effudit.
1663 2861 1750 2887 Vitam
1766 2861 1846 2888 Ouid.
1860 2863 1938 2898 Epist.
1953 2873 1979 2900 7,
1997 2873 2044 2897 131.
2116 2871 2172 2899 Cic.

803 2894 933 2921 Maculam
952 2894 1068 2928 aliquam
1085 2907 1116 2934 7,-
1132 2905 1180 2930 pro
1195 2896 1277 2922 Flacc.
1290 2899 1320 2925 68
1357 2898 1377 2923 A
1393 2896 1525 2923 iudicibus
1539 2895 1626 2922 oratio
1639 2897 1850 2928 auertitur,Vox
1864 2908 1890 2925 111
1906 2909 2045 2935 coronam,
2058 2905 2174 2932 turbam-

1132 2941 1182 2966 que
1200 2931 1351 2958 effimditur.
1528 2928 1548 2967 Ἴ
1568 2940 1579 2963 3
1620 2933 1745 2959 Formzdae
1764 2934 1842 2960 aliae:
1879 2935 1933 2962 Cic.
1950 2937 2002 2964 Ate.
2019 2942 2047 2964 16
2069 2948 2086 2974 7
2125 2942 2171 2969 Dii

1132 2968 1309 3001 immortales,
1329 2976 1407 3001 quam
1422 2966 1497 2992 valde
1512 2966 1556 2993 ille
1575 2965 1678 2999 reditu,
1695 2968 1736 2994 vel
1755 2969 1842 3002 potius
1860 2972 2009 2999 reuerfione
2024 2960 2079 3001 usca
2096 2976 2172 3004 laeta-

1132 3009 1171 3029 tus
1182 3023 1189 3035 ,
1204 3003 1297 3029 effudit
1316 3003 1361 3029 illa
1375 3003 1474 3034 omnia,
1489 3011 1556 3037 quae
1570 3009 1698 3029 tacuerat:
1726 3013 1774 3038 pro
1790 3013 1822 3030 eo
1836 3006 1908 3040 quod
1927 3008 2038 3035 dicimus
2052 3011 2162 3039 Effutire

1133 3039 1241 3072 largiter
1260 3040 1417 3072 copioseque
1437 3038 1534 3064 dicere.
1607 3040 1648 3065 Ita
1666 3039 1722 3065 Cic.
1740 3039 1771 3066 de
1784 3041 1857 3067 Orat.
1877 3050 1896 3074 1,
1911 3051 1953 3076 159
1989 3045 2073 3072 Effudi
2094 3034 2171 3075 vobis

1165 3111 1168 3115 ι
1428 3110 1436 3114 ἡ
1516 3109 1521 3114 ⁴
1536 3073 1609 3100 Idem
1624 3083 1673 3108 pro
1681 3075 1762 3101 Flacc.
1777 3085 1806 3108 41
1834 3077 1924 3104 Testis
1939 3079 2032 3106 effudit
2045 3091 2110 3116 quac
2123 3093 2169 3109 vo-

1132 3111 1182 3136 luit
1203 3119 1302 3136 omnia.
1419 3109 1568 3136 hffunduur
1587 3109 1733 3137 stomachus
1752 3111 1779 3136 in
1791 3112 1951 3140 vomitiones
1969 3115 2034 3142 Plin.
2048 3126 2085 3149 23,
2101 3127 2119 3144 1.
2140 3119 2169 3145 de

1129 3149 1173 3178 iis,
1187 3146 1273 3181 quibus
1278 3143 1403 3178 stomachi
1409 3145 1537 3180 facultas,
1554 3155 1624 3181 quam
1637 3149 1790 3172 retentricem
1804 3157 1932 3180 vocamus,
1951 3149 1982 3182 est
1996 3160 2112 3187 corrupta
2126 3161 2169 3180 aut

1128 3181 1262 3213 imbecilla,
1281 3182 1375 3212 veliis,
1388 3183 1430 3216 qui
1439 3181 1520 3215 facile
1533 3181 1659 3216 nacifiant.
1731 3182 1831 3209 Sallust.
1870 3203 1877 3210 .
1913 3204 1920 3211 .
1963 3186 2048 3213 Effiiso
2067 3197 2095 3214 ac
2108 3198 2167 3222 pro-

1130 3217 1221 3251 fligato
1234 3216 1350 3251 peditatu
1363 3215 1499 3250 paullatim
1514 3217 1677 3243 retrocedere
1692 3225 1843 3251 coeperunt.
1917 3220 1978 3247 Liu.
1994 3231 2034 3254 34,
2049 3225 2065 3248 6
2105 3224 2166 3252 Sine

1084 3257 1113 3285 85
1131 3262 1181 3287 qua
1197 3253 1252 3286 lege
1263 3262 1322 3278 cum
1338 3261 1382 3286 per
1394 3258 1433 3278 tot
1447 3260 1528 3278 annos
1540 3258 1675 3279 matronae
1695 3254 1803 3287 optimis
1819 3254 1937 3282 moribus
1951 3257 2080 3290 vixerint,
2094 3260 2166 3293 quod

1130 3287 1234 3314 tandem
1248 3297 1280 3314 ne
1295 3287 1418 3322 abrogata
1434 3296 1463 3313 ea
1476 3287 1643 3314 effundantur
1653 3288 1684 3315 ad
1699 3289 1844 3319 luxuriam,
1859 3292 2003 3324 periculum
2023 3293 2066 3319 cst.
2123 3297 2166 3322 Ita

1123 3324 1265 3359 paeueCic.
1275 3324 1361 3350 Parad.
1371 3331 1383 3355 3
1409 3324 1448 3349 An
1463 3329 1651 3357 temperantem
1665 3333 1723 3350 eum
1739 3323 1878 3359 dices,qui
1898 3327 1922 3352 se
1938 3327 1965 3352 in
1974 3327 2061 3361 aliqua
2075 3328 2168 3358 libidi-

1130 3360 1354 3421 plepcontingerit,
1370 3359 1396 3384 in
1415 3359 1503 3392 aliqua
1522 3358 1660 3386 effiiderit3
1679 3360 1709 3386 In
1723 3360 1813 3386 luxum
1827 3368 1852 3387 et
1866 3361 1962 3395 epulas,
1976 3369 2019 3388 etc.

1160 3405 1167 3420 1
1193 3404 1266 3428 ·423
1288 3415 1293 3420 -

2073 3365 2143 3392 Tac'
2159 3388 2165 3394 .

1364 3394 1469 3420 Effundi
1481 3394 1508 3420 in
1521 3394 1641 3429 questus,
1657 3395 1791 3427 lacrimas,
1805 3403 1875 3428 vota,
1890 3403 1935 3422 etc.
1991 3398 2081 3426 Tacit.
2098 3410 2118 3434 1,
2132 3373 2164 3430 ii.

1422 3430 1461 3456 Ad
1475 3439 1563 3465 preces
1576 3430 1747 3466 lacrimasque
1759 3431 1865 3457 effundi.

1167 3472 1350 3498 EFFVSVS,
1373 3475 1403 3499 a,
1423 3475 1476 3492 um.
1511 3466 1604 3492 Partic.
1641 3467 1844 3500 [ἐκκεχυμένος]
1881 3465 1945 3492 Plin.
1965 3475 1991 3499 9,
2010 3477 2043 3500 29
2076 3471 2164 3499 Effuso

1128 3501 1363 3535 atramento‚quod
1378 3510 1426 3536 pro
1445 3502 1568 3536 sanguine
1582 3501 1622 3528 his
1635 3501 1685 3534 est,
1695 3501 1819 3528 infuscata
1833 3509 1899 3534 aqua
1913 3500 2122 3538 absconduntur,
2136 3508 2165 3535 de

1128 3538 1216 3572 Sepiis.
1290 3537 1388 3563 Effusus
1401 3540 1473 3563 etium
1487 3539 1609 3573 eleganter
1621 3537 1714 3564 dictem·
1723 3544 1770 3570 pro
1789 3545 1877 3572 magna
1890 3543 1913 3562 et
1926 3537 2023 3565 liberali
2037 3542 2076 3567 vel
2089 3546 2164 3569 etiam

1127 3573 1263 3599 vehementi
1281 3579 1304 3599 et
1320 3575 1397 3603 nimia
1410 3574 1498 3598 Animi
1515 3572 1656 3606 affet‘iione.
1692 3572 1746 3598 Cic.
1762 3572 1814 3597 Att-
1828 3582 1856 3605 47
1871 3580 1886 3603 9
1915 3573 2054 3608 Pompeius
2073 3577 2101 3603 in
2115 3588 2163 3605 uos

1493 3608 1583 3635 Tacit.
1593 3609 1658 3633 Ann.
1676 3616 1691 3638 1,
1706 3615 1738 3639 54
1759 3607 1826 3632 Dum
1840 3608 1983 3635 Maecenati
1998 3610 2164 3647 obtemperat

1128 3643 1209 3670 effuso
1230 3644 1257 3669 in
1276 3652 1393 3670 amorem
1408 3643 1531 3676 Bathylli.
1586 3643 1644 3669 Liu.
1666 3650 1705 3674 29,
1743 3661 1749 3667 .
1787 3661 1793 3668 .
1819 3641 1904 3669 Effufi
1918 3644 1946 3670 in
1962 3646 2091 3675 Venerem
2106 3650 2162 3677 Nu-

1127 3679 1222 3705 midae.
1294 3678 1392 3705 Effusas
1412 3688 1495 3714 equo,
1510 3686 1559 3714 pro
1572 3687 1596 3703 co
1607 3677 1670 3712 quod
1682 3675 1715 3709 est
1728 3677 1847 3713 Delapsus
1859 3678 1919 3704 Liu.
1936 3688 1973 3712 10,
1988 3690 2009 3707 11
2020 3690 2062 3717 pr.
2119 3686 2161 3712 Εἰ.

1126 3714 1183 3740 fusa
1197 3723 1281 3749 nuper
1288 3722 1466 3749 corpora‚pro
1484 3713 1628 3749 liifarztibzzs
1643 3721 1724 3738 recem
1743 3717 1811 3739 natis
1828 3715 1894 3749 apud
1908 3715 2030 3744 Prudent.
2044 3719 2162 3748 Cathem.

1128 3758 1162 3782 12,
1178 3759 1220 3776 111.
1241 3759 1287 3785 quo
1299 3750 1373 3786 sensis
1389 3756 1523 3786 usurpatur
1543 3747 1734 3774 etiami-:ffundo
1746 3748 1776 3774 ab
1788 3750 1913 3782 Arnolaio,
1927 3758 1955 3776 ut
1972 3752 2040 3779 modo
2054 3755 2162 3782 diximus

1437 3786 1496 3811 Liu.
1511 3791 1548 3814 32,
1576 3802 1582 3807 .
1603 3802 1609 3808 .
1647 3784 1704 3809 Pars
1718 3784 1746 3809 in
1758 3783 1847 3819 fugam
1862 3785 1933 3812 effusi
1952 3788 2099 3823 sunt,pars‚
2115 3798 2159 3818 etc.

1127 3821 1184 3848 Nos
1198 3828 1289 3848 contra
1303 3821 1373 3847 effufi
1389 3819 1501 3846 lacrimis
1516 3819 1589 3852 Virg.
1605 3818 1670 3844 Aen.
1685 3828 1706 3851 2,
1721 3822 1771 3852 651.
1792 3824 1810 3847 i.
1830 3821 1923 3857 copiose
1936 3820 2073 3857 farulfum
2087 3828 2161 3852 sacri,

1260 3857 1352 3883 Amnis
1366 3856 1459 3882 effusus
1474 3855 1547 3887 super
1560 3854 1628 3888 ripas
1653 3855 1712 3881 Liu.
1728 3863 1747 3888 1,
1760 3866 1787 3890 4.
1857 3857 1948 3891 Aquae
1972 3860 2051 3884 Ouid.
2066 3861 2158 3888 Amor.

1331 3892 1431 3918 Ciuitas
1444 3889 1553 3915 obuiam
1580 3889 1648 3916 Vell.
1664 3899 1686 3922 2,
1700 3899 1743 3925 45,
1757 3900 1777 3923 ς.
1849 3893 1947 3919 Currus
1967 3894 2036 3919 effiili
2056 3904 2158 3922 carcere

1507 3925 1566 3951 Liu.
1599 3930 1645 3957 28,
1663 3933 1680 3960 7
1716 3926 1818 3953 Attalus
1840 3927 1948 3954 inermis
1961 3935 2038 3962 atque
2058 3931 2158 3958 incom-

1801 3963 1924 3990 Exercitu
1943 3963 2023 3990 effuso
2037 3964 2159 3999 praedari

2063 4000 2162 4030 Sallust.

1124 3867 1186 3883 mas.

1126 3901 1149 3925 2,
1166 3894 1202 3924 16,
1218 3899 1259 3926 27.

1125 3929 1199 3961 Virg.
1209 3928 1305 3961 Georg.
1321 3935 1343 3958 3,
1360 3934 1416 3958 104.

1294 3996 1342 4022 Ss
