2479 4225
317 174 390 214 795
701 151 986 198 GEN

359 257 372 282 3
408 248 509 278 Genus,
525 255 551 273 n.
566 252 616 282 pro
630 246 705 273 Genu.
741 243 859 272 Priscian.
874 242 890 266 6
913 238 969 265 Cic.
982 238 1010 265 iii
1022 240 1120 273 Arato,
1133 239 1184 266 hoc
1198 247 1287 274 genus,
1300 249 1349 275 pro

318 248 394 312 genu
408 283 527 317 protulit.
582 282 719 309 Ciceronis
730 278 867 311 testimonia
879 275 943 314 sun!
960 277 987 300 in
1008 276 1089 302 Arato
1110 283 1143 308 45
1168 274 1249 309 Qiod
1268 284 1350 309 genus

317 320 349 347 ad
371 319 474 344 laeuum
492 318 550 345 nixi
567 317 667 352 delapsa
687 313 797 344 resedit,
815 312 902 345 Atque
923 316 993 337 inter
1012 311 1109 337 flexum
1129 319 1208 344 genus
1227 317 1252 336 et
1272 316 1350 346 caput

316 354 386 381 alitis
401 353 490 380 haesit.
543 353 612 380 Ibid,
625 360 673 386 403
691 350 741 376 Hic
755 355 834 381 genus
848 352 873 372 et
888 346 972 372 suram
986 355 1046 372 cum
1060 346 1149 373 Chelis
1163 346 1242 380 erigit
1254 345 1313 372 alte.

351 394 372 415 G
382 396 400 416 E
410 395 432 414 N
444 395 464 414 V
475 395 496 415 A
506 395 569 415 LIA
579 408 587 420 ,
613 388 676 413 iiim.
702 393 728 409 n.
758 382 796 408 Pl.
822 381 968 408 Indumenta
985 391 1096 418 genuum.
1134 381 1215 407 Ouid.
1228 381 1291 408 Met.
1309 389 1348 414 10,

316 431 361 458 593
387 425 516 459 Quaeque
535 421 678 457 Poplitibus
691 418 811 444 suberant
825 416 898 451 piem
911 417 1031 451 genualia
1050 416 1143 443 limbo.

351 464 429 486 GEN
442 458 529 487 icv‘'L
540 466 558 484 v
569 464 608 488 M,
628 456 646 481 i.
666 463 691 479 n.
712 452 813 479 Diinin.
838 451 931 487 [γόνυ]
963 453 1069 479 Firmic.
1085 461 1110 484 2,
1125 460 1153 478 12
1172 451 1347 485 Capricornus

314 493 441 529 fignificat
459 502 547 521 omncs
565 488 745 525 geniculorum
765 487 952 522 aegritudines.
1033 489 1071 514 De
1090 487 1218 522 geniculis
1236 486 1347 513 adorare

316 530 432 558 Tei-tuli.
452 530 482 555 de
502 529 562 553 Cor.
582 524 640 551 Mil.
662 533 683 550 c.
702 526 728 550 6.
764 523 838 559 Conf.
858 524 949 560 Scalig.
974 523 1003 549 de
1022 523 1120 550 Emend.
1146 523 1230 558 Temp.
1249 528 1278 558 p.
1296 525 1347 556 655.

315 563 336 602 q
357 573 373 592 2
407 562 530 591 Genicula
548 560 665 586 dicuntur
678 559 802 595 stipulae,
815 559 855 585 vel
872 559 956 585 Cauiis
972 559 1082 586 herbacei
1099 558 1257 589 internodia,
1270 563 1294 583 et
1307 566 1347 583 ve-

313 602 361 628 luti
367 599 478 627 Articuli
489 605 517 622 ac
529 594 588 621 nodi
599 594 709 630 quidam.
744 594 810 621 Plin.
823 596 861 627 16,
874 603 904 627 30
924 594 1056 621 Arundini
1070 594 1099 621 in
1110 593 1241 629 geniculo.
1271 592 1347 619 Idem

315 641 351 668 13,
364 643 380 669 7
400 633 428 659 de
438 630 497 665 rcfis
509 629 602 657 Pallad.
620 630 692 657 Nou.
707 638 740 656 11.

347 671 592 699 GENICVLVS,
617 665 636 692 i.
661 675 698 692 ni.
733 665 812 699 Apud
828 665 933 692 Vitruu.
948 670 971 697 8,
983 672 1001 700 7
1018 674 1042 700 p.
1056 672 1103 699 170
1125 662 1158 697 est
1181 663 1283 699 inflexio
1305 664 1348 690 vel

311 709 441 733 curuaturci
458 698 554 734 fistulae
572 701 599 727 in
619 710 694 737 aquae
712 699 804 733 dueta,
824 699 904 733 Qiod
923 700 941 726 fi
961 709 1015 727 non
1029 707 1120 727 venter
1135 701 1163 726 in
1177 699 1292 725 vallibus
1310 699 1346 725 fa-

1371 385 1386 411 5

311 739 366 766 &us
386 736 484 768 fuerit,
504 745 552 762 nec
570 735 745 763 substru&um
762 735 795 762 ad
813 735 911 762 libram
928 735 1044 769 factum,
1068 735 1111 763 sed
1131 735 1264 771 geniculus
1284 735 1345 768 erit,
1364 743 1391 770 15
1406 747 1487 772 genus
1501 741 1576 775 Virg.
1589 742 1686 775 Georg.
1700 749 1723 773 3,
1737 750 1792 776 541.

310 777 444 806 erumpet,
458 777 485 798 et
498 771 620 798 dissoluet
633 771 777 798 fistularum
790 771 977 797 commissuras.

344 813 364 833 G
374 814 390 833 E
399 814 420 833 N
429 814 438 833 1
446 813 463 833 C
473 805 493 833 V*
503 814 518 832 L
527 814 547 833 O
556 827 564 839 ,
587 812 638 834 dre.
675 808 748 833 Genu
763 806 824 832 niti.
850 805 994 840 [γονατίζαν
1002 806 1062 832 Vet.
1074 806 1165 839 Gloffi]
1202 806 1266 832 Item
1278 804 1344 832 Plin-

310 848 344 874 18,
358 845 386 868 16
409 843 556 877 Antequam
569 843 638 877 seges
652 842 828 877 genicularet,
847 844 866 867 i.
885 843 1005 878 geniculis
1020 840 1219 878 distingueretur.

342 882 363 903 G
372 884 390 904 E
399 884 438 904 Ni
447 884 463 904 C
472 883 493 902 V
502 884 518 903 L
528 879 551 905 A
560 885 582 905 'r
591 885 611 905 v
619 885 632 904 s
640 897 649 909 ,
668 887 697 909 a,
715 886 769 904 um.
797 876 858 903 Adi.
893 874 1060 911 [γονατώδης]
1098 879 1164 903 Genu
1181 879 1256 902 nixus
1265 895 1273 907 ,
1294 884 1344 911 qua

1373 564 1403 582 10
1409 568 1474 593 243..

1783 155 1823 195 G
1911 157 1945 197 E
2033 159 2077 200 N
2349 174 2430 223 796²

1411 242 1555 272 Seminaria
1567 252 1648 272 omne
1661 252 1749 279 genus.
1798 246 1830 272 Et
1841 254 1863 278 3,
1875 248 1902 279 6,
1916 256 1927 279 3
1947 247 2034 275 Omne
2049 257 2130 284 genus
2147 249 2283 277 fruniento
2296 251 2417 288 pascuum.
2429 263 2431 267 ,

1411 280 1444 305 Et
1454 288 1479 311 2,
1494 289 1532 313 10,
1548 289 1557 307 1
1579 280 1658 314 Qiod
1670 289 1749 315 genus
1762 280 1875 315 pastores
1888 281 2011 309 habendi.
2046 287 2077 311 Et
2090 294 2113 317 2,
2125 294 2182 318 1,23
2202 287 2261 313 Ηο0
2269 295 2349 321 genus
2357 280 2430 321 reb,‘'

1410 314 1458 341 sed
1469 315 1536 342 Plin.
1551 317 1629 351 Epist.
1643 324 1667 348 9,
1681 324 1720 355 39,
1733 324 1745 347 3
1767 315 1855 356 yelim
1869 326 1932 352 ergo
1945 327 2015 345 emas
2026 320 2158 347 columnas
2167 341 2175 354 ‚
2193 322 2266 347 cuius
2278 321 2328 348 tibi
2343 315 2433 350 videbi

1410 354 1457 390 tur¹
1466 352 1578 384 generis.
1631 353 1727 386 Rurstcs
1741 351 1797 377 Cic.
1813 352 1865 379 Att.
1878 361 1912 385 13,
1927 362 1951 386 13
1984 355 2124 381 Orationes
2137 362 2182 383 aut
2200 356 2303 392 aliquid
2323 356 2350 383 id
2364 365 2445 391 genus*

1410 385 1532 414 scribere.
1567 387 1614 415 Sed
1630 387 1750 413 Scribon.
1764 395 1797 413 22
1827 387 1890 414 Eius
1905 389 2007 422 generis
2026 397 2102 424 aqua.
2139 392 2169 417 Et
2182 394 2234 419 206
2266 392 2310 418 Sui
2331 395 2448 426 generis..

1410 421 1441 445 Ec
1455 429 1494 447 122
1511 422 1609 449 Eodem
1623 431 1716 456 genere
1728 423 1858 456 potiones.
1893 424 1949 451 Cic.
1963 423 2039 451 offic.
2055 434 2075 458 1,
2089 433 2107 460 7
2130 426 2165 453 Vt
2178 428 2294 461 pastum,
2307 433 2336 454 vt
2349 427 2441 455 latibu.

1409 453 1490 495 la,·vt
1503 457 1554 484 alia
1568 457 1686 484 eiusdem
1698 458 1809 492 generis.
1880 459 2051 487 Animantum
2069 469 2148 487 omne
2167 470 2247 496 genus
2265 463 2369 489 Lucrct.
2384 471 2404 495 1,
2415 473 2441 498 4.

1409 490 1589 520 Animantium
1602 499 1642 519 tot
1654 501 1749 527 genera
1762 500 1842 527 atque
1853 500 1960 522 naturae
1972 496 2028 522 Cic.
2042 495 2074 522 de
2088 496 2179 531 Legib.
2193 505 2213 530 1,
2227 506 2268 524 22.
2320 498 2440 527 Alituum

1409 534 1502 559 genus,
1513 534 1592 563 atque
1604 528 1721 556 ferarum
1739 529 1842 555 Lucret.
1857 531 1884 561 6,
1896 538 1964 564 1214.
2035 533 2204 566 Aequoreiim
2220 533 2295 567 Virg.
2311 533 2407 568 Georg.
2419 542 2442 567 3,

1535 564 1689 599 Aligerum,
1708 567 1727 591 i.
1745 566 1811 591 Aues
1830 565 1887 591 Seri.
1901 566 2011 600 Hippol.
2025 575 2047 599 3.
2107 567 2296 600 Arbustiuum,
2317 568 2369 595 uid.
2386 570 2451 596 AR-v

1410 602 1549 625 BVSTVM.
1602 600 1735 626 Cancrum
1753 600 1842 633 vocis,
1868 600 1922 626 vid.
1947 606 2108 629 CANORVS.

2178 604 2344 630 Concharum
2363 613 2441 638 genu·
2459 623 2462 628 -

1408 631 1513 659 Lucret.
1526 642 1552 667 2,
1564 642 1624 670 374.

1695 634 1846 673 Florumlac
1862 637 1998 663 succorum
2010 638 2115 664 varium
2130 646 2209 672 geniis
2224 638 2354 672 Qiinffll.
2370 648 2391 672 i,
2404 649 2445 673 10.

1407 667 1559 708 Herbarum
1573 678 1667 705 genera
1680 670 1784 698 Lucret.
1798 681 1819 703 1,
1832 676 1883 702 888.
1953 672 2126 706 Ingeniorum
2142 683 2251 708 praecox
2264 683 2343 709 genus
2359 676 2443 709 Qinq
2459 692 2462 697 ·

1407 702 1462 730 ἃιΙ.
1477 712 1497 737 1,
1511 713 1532 737 3.
1586 707 1712 732 Ferarum
1724 707 1906 741 montiuagurn
1925 716 2005 742 genus
2027 709 2130 734 Lucret.
2145 718 2169 740 2,
2183 717 2240 744 597.
2295 710 2457 739 Ν31311111111”

1864 743 1995 769 Peeudum
2009 752 2089 769 omne
2101 752 2180 778 genus
2194 746 2265 771 Idem
2274 746 2339 772 Aen.
2354 754 2376 778 5,
2390 747 2442 777 736.

1406 774 1509 814 Saporis
1527 777 1573 802 suo
1592 777 1701 811 proprio
1722 785 1833 810 genere,
1849 786 1904 804 non
1922 779 2119 813 comparatione
2139 789 2197 806 cum
2216 780 2291 813 aliis,
2304 780 2379 807 dulce
2395 782 2442 808 else

1406 809 1517 838 sentitur
1534 812 1586 838 mel
1606 812 1661 839 Cic.
1675 812 1707 838 de
1719 812 1777 838 Fin.
1796 822 1820 846 3,
1837 822 1880 846 34.
1949 814 2081 841 Siluarum
2107 814 2233 842 munifica
2262 825 2355 851 genera
2362 836 2371 849 ,
2390 815 2442 844 vid.

1406 851 1533 874 MVst.
1604 848 1709 874 Tineae
1723 847 1818 874 durum
1832 857 1913 882 genus
1929 849 2004 885 Virg‘.
2018 850 2115 884 Georg.
2130 862 2158 884 4,
2173 853 2235 885 246.
2303 852 2374 878 Vitis
2391 851 2442 878 lae-

1405 887 1461 907 tum
1474 890 1553 916 genus
1565 882 1638 909 Idem
1651 883 1748 917 Georg.
1761 891 1788 915 2,
1801 886 1861 909 262..
2076 893 2089 918 5
2127 888 2193 912 Haec
2206 886 2261 920 fere
2272 894 2400 919 concreta,
2413 893 2443 914 ut

307 915 402 940 ratione
411 911 505 947 fideris
517 922 602 940 nomen
616 913 659 947 effe
669 913 736 949 apud
749 913 856 939 Vitruu.
868 920 894 945 9,
908 914 924 938 6
946 911 1014 938 modo
1028 912 1203 948 obseruauimus
1216 914 1243 938 in
1256 910 1343 951 Nixus
1357 920 1392 939 2ο
1404 917 1536 952 loquuntur
1548 919 1689 959 plgilosophi
1697 929 1705 943 :
1718 918 1766 954 fid
1777 921 1851 944 etium
1864 922 1891 944 in
1903 917 2027 952 abstraflo
2034 925 2150 956 ponitur.
2186 917 2265 948 Nihil
2278 922 2314 948 est
2327 922 2399 957 quod
2411 921 2443 950 de

305 956 383 982 genu.
419 949 513 975 Deinde
531 952 558 974 in
572 950 672 984 plantis
691 948 756 984 quod
768 949 853 974 multis
871 948 992 984 geniculis
1013 951 1192 974 committitur:
1211 954 1249 979 vt,
1262 947 1342 972 Geni-

306 983 406 1012 tulatus
418 984 518 1010 culmus
533 984 589 1010 Cic.
604 984 636 1010 de
650 983 750 1011 Sene&
765 993 790 1017 51
805 993 826 1010 e.
840 990 874 1016 15.
910 981 1020 1009 Radices
1033 983 1109 1017 Apul.
1121 983 1153 1010 de
1166 982 1248 1009 Herb.
1262 991 1283 1008 c.
1298 988 1342 1016 77.

341 1021 637 1047 GENichssxriM.
667 1019 735 1047 Adu.
771 1016 913 1053 [γονηδδν]
948 1019 996 1045 Per
1013 1020 1136 1055 genicula.
1175 1018 1242 1046 Plin.
1262 1026 1299 1050 21,
1319 1025 1342 1044 ii

305 1054 389 1082 Foliis
401 1054 572 1090 geniculatim
587 1055 755 1082 circumdata.

342 1096 364 1117 G
375 1097 391 1117 Ε
399 1097 421 1117 Ν
429 1098 441 1117 1
451 1096 469 1117 c
481 1097 501 1116 v
510 1097 526 1116 ι
535 1092 555 1117 0·
563 1098 576 1117 s
585 1098 626 1118 vs
634 1109 642 1122 ,
661 1099 689 1123 a,
705 1100 758 1117 um.
779 1089 839 1117 Adi.
862 1088 1000 1125 flexuofics,
1012 1087 1123 1125 nodosus.
1159 1088 1266 1116 Viti-uu.
1280 1092 1304 1120 8,
1316 1094 1342 1122 7.
1352 1098 1383 1124 25

305 1125 381 1161 Apul.
395 1125 428 1152 de
439 1125 521 1152 Herb.
537 1133 581 1160 77.

342 1167 362 1187 G
373 1168 389 1187 E
399 1169 438 1188 Ni
448 1167 465 1188 c
475 1168 495 1188 v
504 1168 550 1188 LA
559 1167 580 1186 T
589 1168 598 1187 1
607 1167 626 1187 o
635 1180 643 1192 ,
664 1161 731 1187 finis.
752 1160 771 1188 f.
791 1159 910 1187 Tei-tull.
924 1158 957 1186 ad
969 1159 1039 1194 Scap.
1055 1168 1082 1193 4.

340 1203 387 1222 GE
398 1203 418 1221 N
429 1203 488 1227 vA,
510 1205 549 1223 ae.
572 1195 592 1222 f.
628 1195 744 1229 [Fev6a‚
762 1196 863 1230 sluaa]
900 1193 1052 1231 Ligusticum
1074 1194 1152 1222 nobile
1172 1193 1244 1222 bodie
1268 1196 1343 1220 etiam

303 1234 443 1267 emporium.
480 1232 551 1258 Mela
565 1240 586 1261 2,
599 1240 627 1264 4.

340 1272 560 1299 GENVARH,
581 1268 659 1292 Numi
677 1266 783 1292 Genuae
802 1265 851 1300 cifi
871 1265 1006 1292 laudantur
1024 1275 1053 1292 ex
1071 1265 1128 1292 Cic.
1149 1266 1202 1291 Att.
1222 1266 1248 1296 6,
1263 1272 1272 1290 i
1293 1273 1341 1290 non
1349 1274 1381 1298 30

300 1301 372 1328 valde
386 1303 477 1337 procul
488 1311 504 1328 a
514 1301 584 1337 fine,
606 1301 752 1328 Genuarios
765 1310 779 1328 a
792 1302 900 1328 Caesare
914 1310 959 1335 per
973 1300 1108 1328 Herodem
1117 1321 1125 1333 ,
1145 1300 1241 1326 talenta
1255 1299 1341 1326 Attica

302 1337 324 1363 L
336 1337 494 1363 extorsistis?
530 1337 576 1365 Sed
592 1337 687 1363 Graeu.
703 1346 726 1370 p.
740 1344 790 1369 594
806 1338 842 1371 sq.
863 1338 952 1363 Iamne
965 1346 1013 1364 vos
1026 1346 1041 1363 a
1055 1337 1165 1364 Caesare
1178 1341 1223 1362 etc.
1258 1335 1341 1361 Caete-

301 1382 356 1399 rum
369 1372 532 1405 Genuarius,
545 1372 670 1405 γονυπετὴς
686 1373 744 1398 Vct.
759 1372 837 1398 Glofl'.

337 1407 693 1444 GENvmivs,.vid.sub
716 1413 859 1434 GIGNO.

335 1449 357 1470 G
367 1450 384 1470 E
394 1450 415 1469 N
425 1451 446 1469 v
456 1451 484 1476 s,
510 1443 571 1470 eris.
598 1452 625 1470 n.
660 1443 759 1476 [γένος]
796 1444 894 1478 stirps,
908 1445 978 1479 origo
981 1441 1123 1504 Gfamiliae,
1136 1441 1177 1467 vel
1192 1439 1223 1467 ab
1244 1441 1276 1468 Eo
1296 1444 1340 1477 qui
1347 1453 1375 1480 35

298 1482 399 1515 genuit,
415 1480 455 1505 vel
472 1489 487 1505 a
500 1480 563 1505 Loco
599 1487 627 1504 uo
645 1481 766 1514 quispiam
803 1482 883 1504 cuitus
903 1477 944 1511 ist.
1006 1486 1083 1504 cnere
1105 1483 1131 1503 et
1152 1477 1229 1502 faffis
1245 1477 1339 1509 clarus,

299 1517 353 1540 vid.
375 1520 509 1541 CLARVS.
579 1487 682 1540 genere
703 1520 729 1541 et
749 1523 783 1540 no
805 1514 905 1546 ilitate,
924 1515 984 1540 suae
1004 1513 1120 1539 ciuitatis
1140 1512 1219 1539 facilc
1237 1513 1338 1546 primus

300 1549 356 1576 Cic.
375 1558 424 1584 pro
445 1550 519 1576 Rosc.
537 1550 626 1576 Amer.
645 1557 679 1582 15.
750 1548 889 1577 Claritudo
909 1549 1011 1583 generis
1036 1549 1128 1575 Tacit.
1141 1548 1207 1574 Anu.
1222 1556 1255 1580 i2,
1270 1550 1295 1574 6.
1314 1555 1338 1574 ct

303 1586 341 1614 16,
354 1591 380 1619 7.
449 1584 631 1619 Opprobrium
654 1584 756 1619 generis
782 1584 864 1612 Ouid.
881 1586 943 1611 Met.
963 1590 986 1616 8,
1003 1591 1051 1617 155.
1121 1583 1242 1617 Princeps
1263 1592 1338 1617 gene-

301 1619 354 1650 ris,
371 1622 390 1645 i.
409 1618 506 1645 Auftor
538 1619 610 1646 Idem
627 1620 693 1646 Fast.
713 1629 731 1653 i,
751 1630 796 1654 40.
867 1619 1024 1654 Turpitudo
1045 1620 1165 1654 generis,
1190 1619 1337 1653 opprobrio
1346 1634 1383 1659 40

302 1654 392 1680 multis
406 1654 458 1680 fuit
473 1654 602 1687 Qiinffll.
615 1663 638 1686 3,
652 1663 678 1688 7.
747 1656 837 1681 Virtus
851 1655 887 1682 est
905 1656 1012 1690 propria
1026 1655 1128 1689 generis
1141 1661 1219 1689 atque
1232 1654 1339 1680 seminis

302 1689 416 1715 Romani
440 1690 496 1716 Cic.
517 1690 592 1715 Verr.
612 1698 637 1720 2,
660 1698 692 1720 13.
764 1691 906 1716 1)0111111“11111
925 1699 1005 1724 genus
1024 1690 1056 1716 ab
1075 1690 1129 1716 alto
1149 1691 1237 1716 Aenea
1268 1691 1337 1716 Hor.

301 1725 383 1751 Serm.
402 1733 426 1757 2,
438 1732 459 1757 5,
472 1727 511 1756 63.
599 1725 774 1751 Diniiinerare
805 1724 899 1758 gradus
923 1726 1026 1758 generis
1052 1725 1134 1751 Ouid.
1148 1725 1213 1752 Fast.
1233 1734 1257 1757 2,
1276 1728 1336 1752 622.

299 1759 403 1785 Ducere
417 1768 498 1793 genus
511 1759 544 1786 ab
557 1760 650 1794 aliquo
675 1760 749 1793 Virg.
765 1760 827 1786 Aen.
842 1761 868 1791 6,
882 1764 938 1792 834.
1010 1759 1112 1784 Ducere
1131 1760 1278 1791 primordia
1295 1768 1338 1792 ge-

299 1794 370 1819 neris
383 1802 414 1819 ex
425 1794 516 1828 aliquo
531 1794 613 1820 Ouid.
628 1796 718 1821 Amor.
733 1803 752 1826 i,
765 1803 805 1826 14,
817 1803 848 1821 ιι.
918 1794 1016 1821 Efferre
1030 1802 1110 1828 genus
1125 1794 1200 1818 suuni
1219 1794 1274 1819 Cic.
1288 1802 1337 1826 pro
1344 1804 1378 1830 45

299 1829 420 1855 Muraen.
435 1836 456 1861 5.
472 1828 574 1854 laudare
587 1831 699 1855 maiores.
769 1830 837 1856 Ter.
852 1829 961 1863 Adelph.
977 1838 999 1861 3,
1013 1837 1035 1861 3,
1049 1837 1076 1861 55
1101 1828 1197 1861 Coepit
1215 1828 1338 1860 clamare,

299 1863 426 1890 Aeschine
435 1883 443 1896 ,
457 1863 579 1888 haeccine
594 1862 693 1895 flagitia
705 1863 792 1888 facere
806 1865 849 1888 te?
873 1864 935 1889 haec
949 1870 974 1889 te
986 1864 1125 1889 admittere
1139 1863 1246 1896 indigna
1261 1872 1338 1897 gene-

298 1906 328 1926 re
340 1899 446 1925 nostro?
458 1905 503 1924 etc.
575 1897 734 1923 Generatum
752 1905 784 1923 ex
804 1897 882 1931 ipsius
895 1897 1035 1930 sapientiae
1048 1897 1127 1930 stirpe
1146 1906 1225 1930 genus
1238 1898 1338 1930 Scipio-

299 1934 341 1961 nis
360 1935 416 1960 Cic.
430 1933 462 1960 de
476 1933 544 1959 Clar.
557 1933 632 1959 Orat.
646 1940 691 1958 212
709 1941 730 1957 c.
746 1937 782 1964 58.
852 1930 952 1957 lauare
970 1939 1049 1965 genus
1069 1936 1094 1956 et
1114 1939 1227 1964 proauos
1253 1931 1335 1956 Ouid.

299 1969 377 2005 Epist.
394 1978 433 2005 17,
445 1977 479 2002 5¹-
515 1969 583 1996 Hor.
596 1969 682 1995 Carni.
697 1975 717 1999 1,
731 1975 770 2000 14,
782 1975 815 1999 13.
887 1967 972 1993 Natus
993 1965 1064 1993 bono
1079 1974 1189 1999 genere,
1211 1964 1265 1991 vid.
1288 1971 1337 1992 ΒΟ·
1346 1972 1379 1998 50

301 2011 372 2032 st.
427 2005 518 2031 Contra
537 2004 594 2030 Cic.
608 2002 640 2029 de
652 2003 725 2029 Orat.
741 2011 761 2034 2,
776 2004 820 2031 236
832 2011 853 2029 c.
868 2010 896 2036 71
925 2002 956 2028 C.
974 2002 1094 2033 Laelius,
1114 2010 1174 2027 cum
1187 2000 1214 2026 ei
1228 2000 1337 2035 quidam

298 2040 369 2068 malo
389 2049 482 2076 genere
496 2045 569 2066 natus
588 2038 699 2070 diceret,
718 2037 857 2072 indignum
871 2038 919 2064 effe
933 2037 983 2063 suis
999 2037 1161 2067 maioribus,
1187 2038 1219 2062 At
1239 2036 1336 2068 hercle,

298 2076 403 2110 inquit,
418 2082 445 2102 tu
459 2076 511 2101 tuis
530 2074 632 2109 dignus.
702 2073 768 2100 Nati
782 2073 868 2099 nobili
882 2081 976 2106 genere
994 2073 1050 2098 Cic.
1064 2073 1142 2098 Verr.
1158 2079 1180 2104 ς,
1197 2079 1242 2105 179
1256 2081 1276 2097 c.
1292 2079 1335 2105 70.

298 2111 435 2138 Oriundus
449 2111 482 2137 ab
496 2110 612 2137 Hercule
627 2117 721 2144 genere
736 2114 845 2143 paterno
866 2107 934 2133 Vici.
948 2107 980 2132 de
993 2107 1064 2133 Viris
1079 2107 1159 2132 Illust.
1172 2115 1208 2137 35.
1254 2106 1336 2132 Plaut.

298 2146 374 2181 Capt.
394 2155 414 2178 1,
427 2155 452 2178 2,
466 2149 500 2181 67
537 2147 696 2180 Prognatum
715 2152 809 2178 genere
829 2143 948 2175 summo,
967 2147 993 2168 et
1012 2141 1119 2168 summis
1138 2140 1257 2171 diuitiis,
1282 2140 1373 2175 vid.;5

299 2188 435 2209 NASCOR.
505 2182 649 2217 Propagare
663 2189 743 2214 genus
760 2180 864 2206 Lucret.
880 2187 901 2211 i,
915 2179 969 2210 196.
1008 2178 1099 2211 Nempe
1111 2176 1199 2202 Genus
1211 2178 1284 2200 etiam
1296 2175 1335 2200 de-

297 2218 376 2253 orsum
383 2215 531 2252 speciatur,
543 2216 568 2250 Ji
574 2217 623 2252 fas
636 2214 668 2248 est
682 2219 720 2241 ita
732 2215 819 2246 dicere,
827 2214 887 2250 stu,
901 2220 930 2239 vt
943 2214 1124 2239 Grammaticus
1137 2211 1220 2242 dicat,
1234 2209 1336 2244 Paffiue,

295 2260 325 2280 υι
338 2262 387 2278 non
397 2254 537 2288 genitores,
545 2251 592 2287 sed
610 2254 706 2287 genitos
717 2249 861 2286 ‚lig-nistret,
885 2248 942 2275 adeo
957 2255 986 2274 vt
1003 2250 1076 2274 etiam
1089 2246 1117 2273 de
1130 2256 1177 2272 vno
1190 2252 1232 2272 aut
1246 2248 1336 2280 paucis

297 2287 404 2314 dicatur.
439 2286 535 2314 Catull.
549 2289 592 2318 62,
606 2295 622 2312 2
652 2286 755 2317 Hymen
778 2285 891 2311 Vraniac
913 2293 1002 2318 genus.
1059 2283 1135 2316 Virg.
1150 2283 1213 2307 Aen.
1235 2289 1272 2313 12,
1290 2286 1332 2313 198

293 2324 462 2358 Latonaeque
475 2331 554 2357 genus
568 2321 681 2356 duplex,
698 2321 785 2357 Apollo
800 2327 823 2346 et
834 2321 928 2346 Diana.
975 2319 1031 2345 Sen.
1046 2319 1124 2344 Herc.
1138 2317 1190 2342 fur.
1205 2323 1247 2349 552
1268 2316 1333 2342 Non
1341 2321 1376 2346 60

295 2358 352 2385 illic
365 2359 510 2392 geminum,
523 2357 696 2389 Tyndaridae
705 2376 713 2388 ,
727 2364 815 2390 geniis.
853 2356 883 2381 Et
896 2357 938 2391 qui
951 2363 1030 2389 genus
1043 2353 1187 2379 humanum
1201 2360 1245 2377 etc.
1259 2351 1332 2383 dicit,

295 2394 335 2420 ille
348 2400 371 2419 et
385 2396 509 2429 genitores
523 2400 546 2419 et
558 2393 587 2418 ab
603 2393 643 2419 bis
660 2395 805 2427 progenitos
823 2389 1002 2425 compleflitur.
1073 2389 1140 2415 Ter.
1156 2387 1260 2414 Phorm.
1276 2396 1295 2419 1,
1308 2395 1334 2419 2,

296 2437 325 2463 75
345 2429 399 2455 Lex
413 2428 457 2460 est,
471 2434 499 2454 vt
512 2427 594 2454 orbae
606 2427 652 2462 qui
665 2426 713 2453 fint
731 2434 824 2461 genere
837 2426 971 2460 proximi,
986 2425 1023 2451 eis
1037 2423 1148 2450 nubant:
1169 2429 1194 2450 et
1214 2423 1274 2449 illos
1288 2421 1334 2448 du-

295 2472 355 2491 cere
369 2464 459 2491 eadem
479 2463 541 2490 haec
555 2464 598 2489 lex
612 2462 696 2489 iubet.
891 2460 910 2494 ἢ
932 2469 947 2487 2
982 2459 1170 2487 Multitudinem
1189 2468 1270 2485 rerum
1290 2467 1335 2483 iia-

293 2507 353 2526 tura
359 2499 480 2534 similium
493 2505 580 2525 notat:
599 2505 628 2525 vt
640 2496 760 2524 Animalc
774 2504 868 2531 geniis,
882 2496 1019 2523 Multitudo
1035 2505 1115 2521 rerum
1128 2498 1234 2534 animam
1247 2493 1334 2533 haden-
1350 2498 1381 2530 65

294 2539 358 2561 tium
379 2535 484 2561 Lucret.
499 2543 518 2567 1,
533 2539 588 2564 228.
659 2533 715 2559 Cic.
729 2533 761 2558 dc
775 2532 881 2558 Amicit.
895 2540 929 2558 20
961 2532 1065 2565 Qianta
1085 2539 1169 2557 autem
1189 2539 1228 2555 Vis
1242 2537 1333 2555 amici-

295 2570 349 2598 tiae
363 2570 409 2603 sit,
429 2579 460 2596 ex
475 2570 524 2596 hoc
538 2568 651 2602 intelligi
662 2569 776 2594 maxime
791 2567 888 2601 potest,
908 2567 978 2601 quod
991 2576 1022 2593 ex
1037 2565 1140 2593 infinita
1157 2566 1278 2592 societate
1291 2573 1332 2598 ge-

295 2606 366 2633 neris
380 2606 506 2637 humani,
525 2614 603 2639 quam
616 2604 770 2630 conciliauit
782 2603 835 2637 'ipsa
848 2608 939 2629 natura
948 2623 956 2634 ,
971 2603 1008 2629 ita
1024 2601 1157 2628 conti-acia
1169 2610 1209 2626 res
1229 2600 1272 2630 est,
1287 2607 1333 2625 etc.

296 2642 372 2676 Virg.
387 2642 451 2667 Aen.
466 2649 485 2672 1,
499 2642 547 2672 546
584 2641 610 2665 Si
634 2649 712 2674 geniis
732 2640 899 2668 Humanum,
923 2645 948 2664 et
972 2638 1094 2664 mortalia
1119 2637 1234 2663 temnitis
1252 2644 1332 2662 arma.

1405 951 1451 977 suo
1465 961 1558 987 genere
1571 963 1599 980 in
1611 953 1684 980 aliud
1696 962 1775 988 genus
1789 954 1926 981 transferri
1944 955 2018 989 poffit
2036 956 2092 983 Cic.
2107 957 2186 983 Acad.
2201 966 2230 990 4,
2243 966 2283 989 50.
2353 959 2383 984 In
2396 958 2442 986 suo

1404 995 1499 1020 genere
1513 989 1660 1023 perfefitum
1681 990 1730 1016 else
1744 990 1832 1016 voluit
1846 990 1977 1024 quidquid
1995 994 2087 1025 genuit
2100 999 2191 1019 natura
2203 992 2276 1019 Idem
2284 993 2366 1020 Tnsc.
2382 1001 2404 1026 5,
2416 1001 2442 1028 7,

1405 1023 1492 1049 Genus
1503 1024 1554 1055 est,
1573 1025 1653 1058 Qiod
1670 1025 1756 1059 plures
1771 1031 1854 1059 partes
1870 1025 2052 1060 amplectitur:
2071 1034 2099 1054 vt
2111 1027 2224 1060 animal,
2239 1037 2297 1063 pars
2310 1028 2362 1062 est,
2375 1037 2450 1063 quae,

1405 1057 1489 1084 subest
1501 1061 1607 1093 generi,
1621 1068 1648 1086 vt
1661 1070 1750 1095 equus.
1771 1060 1813 1086 sed
1832 1062 1907 1095 saepe
1920 1062 2011 1088 eadem
2025 1072 2066 1089 res
2078 1063 2125 1089 alii
2139 1073 2236 1098 genus,
2256 1064 2303 1090 alii
2322 1073 2379 1098 pai-s
2394 1064 2442 1092 est'z'v

1405 1099 1434 1119 vt
1447 1093 1544 1127 homo,
1559 1096 1680 1122 animalis
1693 1105 1751 1131 pars
1764 1096 1812 1122 est:
1837 1096 1966 1123 Thebani
1984 1104 2030 1124 aut
2042 1098 2176 1132 Troiani,
2188 1108 2267 1134 genus
2286 1100 2342 1126 Cic.
2357 1098 2390 1125 de
2401 1100 2442 1126 In·

1404 1134 1475 1156 vent.
1491 1138 1511 1164 1,
1524 1139 1550 1162 32
1564 1141 1585 1158 0.
1599 1139 1639 1160 28·
1710 1133 1796 1158 Varro
1811 1132 1842 1158 R.
1857 1132 1888 1158 R.
1901 1140 1924 1164 3,
1938 1141 1961 1164 3,
1976 1142 1988 1165 3
2013 1134 2115 1160 Harum
2135 1134 2232 1169 singula
2245 1144 2339 1168 genera
2361 1136 2387 1161 in
2402 1133 2442 1162 bs-

1403 1173 1448 1205 nas
1462 1165 1557 1198 species
1569 1167 1733 1194 diuiduntur.
1754 1169 1784 1194 In
1798 1168 1883 1202 prima
1896 1175 1976 1202 parte.
2013 1170 2044 1195 Et
2057 1169 2164 1196 Colum.
2183 1181 2198 1202 ι,
2213 1179 2239 1203 2,
2255 1179 2275 1196 11
2293 1170 2373 1197 Senae
2389 1170 2440 1205 spe*

1404 1208 1456 1240 cies
1470 1200 1575 1235 lingulis
1592 1203 1798 1229 contribuuntur
1819 1203 1969 1238 generibus.
2041 1205 2129 1232 Genus
2148 1206 2184 1232 est
2198 1206 2239 1237 id,
2264 1206 2343 1239 Quod
2358 1206 2398 1232 sui
2409 1205 2440 1233 114

1403 1235 1479 1262 miles
1496 1238 1684 1265 communione
1702 1238 1828 1273 quadam,
1849 1239 1934 1273 specie
1951 1246 2040 1266 autem
2058 1240 2208 1268 differentes
2221 1241 2284 1268 duas
2296 1247 2341 1268 3111
2354 1241 2458 1276 plures]

1403 1272 1589 1306 complectitur
1602 1280 1686 1308 partes
1698 1274 1754 1301 Cic.
1769 1274 1801 1300 de
1808 1274 1882 1301 Orat.
1896 1283 1916 1307 1,
1932 1280 1984 1307 189.
2053 1277 2127 1303 Idem
2141 1276 2173 1303 de
2185 1278 2287 1304 Inuent.
2302 1286 2323 1309 1,
2335 1284 2362 1309 35
2377 1276 2446 1313 0414.Ἴ

1402 1307 1520 1334 Naturae
1542 1314 1626 1343 partes
1649 1311 1746 1344 partini
1765 1309 1860 1336 diuino
1882 1311 1978 1344 partim
2002 1313 2110 1338 mortali
2134 1314 2162 1339 in
2185 1321 2278 1347 genere
2298 1314 2440 1340 versantur;

1402 1343 1557 1370 Mortalium
1577 1354 1634 1378 pars
1654 1347 1682 1372 in
1701 1345 1858 1378 hominum,
1881 1355 1937 1380 pars
1956 1347 1984 1372 in
2002 1347 2144 1374 bestiarum
2165 1357 2259 1383 genere
2280 1346 2442 1381 numeratur}

1400 1379 1488 1413 Atque
1501 1379 1639 1406 hominum
1654 1390 1734 1414 genus
1747 1388 1793 1408 etc.
1864 1381 1968 1414 Genus,
1982 1382 2018 1408 est
2030 1382 2116 1409 Notio
2130 1383 2163 1410 ad
2182 1384 2269 1418 plures
2282 1383 2440 1410 differentias
2463 1383 2467 1412 l

1401 1414 1534 1448 pertinens
1548 1416 1603 1442 Cic.
1618 1416 1646 1442 in
1657 1416 1758 1451 Topic.
1773 1425 1808 1448 31.
1858 1416 1932 1443 Idem
1944 1417 1996 1443 Off.
2011 1427 2030 1448 1,
2043 1426 2056 1450 3
2083 1420 2177 1446 Omnis
2196 1420 2228 1445 de
2242 1418 2331 1445 officio
2344 1419 2440 1453 duplex
2464 1415 2467 1445 1

1401 1449 1437 1476 est
1455 1450 1572 1485 quaestio
1581 1471 1588 1482 ,
1607 1460 1688 1477 vnum
1702 1460 1784 1484 genus
1798 1451 1844 1483 est,
1856 1452 1928 1485 quod
1941 1452 2055 1486 pertinet
2067 1454 2099 1480 acl
2113 1454 2192 1480 finem
2205 1455 2354 1481 bonorum:
2379 1454 2440 1481 alte·
2464 1451 2465 1454 ¹

1400 1494 1459 1512 rum
1473 1485 1544 1520 quod
1559 1486 1669 1520 politum
1684 1486 1720 1512 est
1737 1486 1765 1512 in
1779 1487 1931 1520 praeceptis.
1998 1488 2135 1515 Summum
2154 1498 2248 1524 genus,
2263 1490 2357 1517 dicitur
2375 1490 2440 1517 Wit-

1398 1530 1438 1546 ma
1449 1520 1545 1555 species
1566 1521 1697 1554 Quinctil.
1712 1529 1738 1556 7,
1752 1529 1773 1554 5.
1794 1530 1815 1553 3,
1828 1523 1855 1554 6,
1867 1527 1903 1554 38.
1942 1522 2014 1557 Cous.
2029 1531 2054 1558 7,
2064 1533 2084 1556 1,
2096 1533 2135 1556 23.
2208 1525 2338 1552 Vltimum
2350 1534 2437 1558 genus,

1398 1558 1418 1581 i.
1439 1556 1513 1590 Quod
1528 1556 1731 1592 generalffmum
1744 1564 1842 1583 vocant.
1878 1557 1934 1584 Cic.
1949 1558 1978 1584 in
1990 1558 2090 1593 Topic.
2104 1568 2135 1592 39
2153 1561 2228 1594 Aqua
2242 1561 2329 1595 pluuia
2341 1561 2434 1587 vltimo
2464 1558 2467 1600 j

1398 1599 1495 1624 genere
1507 1600 1537 1618 ea
1550 1591 1602 1623 est,
1611 1600 1677 1626 quae
1690 1591 1722 1618 de
1735 1592 1808 1618 caelo
1819 1592 1927 1619 veniens
1936 1613 1945 1626 ,
1958 1594 2048 1621 crescit
2061 1595 2156 1622 imbri:
2177 1596 2219 1622 sed
2232 1596 2352 1631 propiore
2364 1595 2434 1628 loco,

1400 1626 1429 1652 in
1452 1635 1505 1661 quo
1527 1627 1567 1653 ius
1590 1627 1696 1654 arcendi
1716 1628 1882 1660 continetur,
1901 1638 1982 1663 genus
2001 1629 2052 1663 est,
2079 1639 2145 1666 aqua
2167 1632 2256 1666 pluuia
2274 1640 2377 1663 nocens,
2390 1636 2435 1656 etc.

1400 1661 1523 1689 Vniuersi
1545 1663 1648 1696 generis
1667 1663 1786 1698 quaestio
1806 1663 1863 1690 Cic.
1879 1663 1910 1690 de
1925 1665 1998 1692 Orat.
2012 1674 2035 1698 2,
2049 1668 2089 1699 65.
2156 1667 2186 1693 In
2204 1673 2270 1694 certa
2288 1674 2383 1699 genera
2393 1673 2437 1690 co-

1400 1706 1461 1731 gere
1474 1698 1545 1732 quod
1559 1697 1681 1725 diffusum
1695 1705 1720 1725 et
1733 1698 1879 1733 diffipatum
1893 1700 1946 1732 est,
1966 1705 1992 1727 et
2006 1701 2037 1727 ad
2050 1708 2132 1728 artem
2145 1702 2223 1729 facile
2235 1701 2354 1734 redigere
2366 1699 2439 1727 Idem

1401 1733 1437 1772 d?
1447 1733 1521 1759 Orat.
1536 1741 1559 1763 2,
1573 1742 1626 1766 142.
1687 1734 1803 1761 Definita
1816 1744 1911 1769 genera
1924 1744 1977 1761 non
1991 1736 2075 1763 solum
2089 1747 2216 1770 numero,
2229 1736 2271 1763 sed
2287 1736 2364 1762 etiam
2379 1743 2439 1768 pau-

1398 1773 1477 1792 citate
1494 1767 1532 1792 Id.
1546 1767 1578 1793 de
1590 1769 1665 1794 Orat.
1678 1777 1704 1801 2,
1717 1777 1770 1801 145.
1840 1771 1896 1797 Cic.
1917 1772 2032 1804 QFrat.
2049 1781 2075 1804 2,
2095 1782 2111 1799 2
2141 1771 2349 1800 Innumerabiles
2367 1770 2439 1798 enim

1399 1809 1440 1826 res
1454 1802 1526 1831 sunt,
1551 1802 1580 1827 in
1602 1802 1698 1836 quibus
1718 1808 1743 1829 te
1757 1805 1878 1838 quotidie
1895 1806 1922 1830 in
1937 1807 2011 1831 omni
2029 1816 2125 1840 genere
2138 1807 2288 1833 desiderem.
2358 1806 2429 1832 Didii

1399 1844 1457 1862 cere
1469 1844 1564 1869 genera
1577 1845 1591 1863 a
1605 1837 1735 1870 Qiincfil.
1751 1846 1772 1870 1,
1786 1846 1808 1870 5.
1885 1840 1916 1865 In
1937 1849 2031 1873 genera
2049 1841 2169 1875 digerere
2191 1851 2270 1868 omne
2288 1842 2329 1867 ius
2348 1841 2414 1868 ciuil

1398 1876 1424 1897 et
1446 1879 1539 1897 corum
1558 1880 1683 1904 generum
1697 1873 1825 1907 quaedam
1843 1874 1962 1901 membra
1974 1875 2113 1909 dispertire
2133 1878 2190 1904 Cic.
2204 1879 2236 1903 de
2251 1879 2323 1904 Orat.
2348 1886 2368 1908 1,
2384 1885 2426 1909 19¹

1398 1906 1421 1930 A
1441 1913 1536 1943 genere
1556 1905 1651 1932 ducere
1670 1914 1854 1940 argumentum
1873 1910 1946 1935 Idem
1962 1911 1989 1936 in
2002 1911 2101 1944 Topic.
2117 1917 2139 1940 8.
2212 1913 2250 1937 De
2269 1919 2327 1938 toto
2347 1912 2400 1946 aliq

1399 1946 1494 1970 genere
1507 1938 1638 1972 disputare
1651 1940 1689 1966 Id.
1703 1941 1756 1966 Off.
1772 1950 1795 1973 2,
1807 1949 1850 1973 45.
1869 1976 1874 1981 .
1919 1944 2086 1976 Distinguere
2102 1954 2195 1978 genere
2215 1947 2316 1981 aliquid
2339 1947 2393 1974 Cic.

1399 1973 1474 1998 Orat.
1493 1981 1517 2005 3,
1537 1981 1571 2004 31.
1641 1974 1774 2001 Illustrare
1793 1976 1894 2010 aliquid
1915 1979 2070 2012 generibus,
2094 1988 2119 2006 et
2139 1981 2255 2014 partibus
2280 1979 2454 2014 distribue

1399 2007 1473 2048 Idem
1486 2008 1519 2034 de
1532 2009 1607 2048 Orat.
1622 2017 1642 2041 1,
1655 2018 1709 2042 109.
1780 2011 1886 2038 Mutare
1899 2021 1978 2046 genus
1992 2013 2097 2042 dicendi
2115 2016 2245 2049 Qiinffil.
2259 2026 2284 2052 2,
2297 2027 2318 2050 5.
2374 2010 2450 2049 8111141,

1399 2043 1482 2070 1οὁ130
1494 2044 1634 2078 generibus
1647 2051 1732 2079 partes
1750 2045 1807 2072 Cic.
1820 2045 1853 2073 de
1865 2047 1939 2075 Orat.
1954 2058 1975 2080 2,
1988 2052 2042 2076 166.
2112 2052 2148 2077 Ex
2168 2054 2262 2086 genere
2275 2053 2435 2088 quae‘sunii·

1399 2084 1444 2105 tur
1457 2080 1665 2113 argumentatio,
1678 2082 1818 2108 commode
1831 2082 1956 2111 tractatur
1968 2085 2040 2112 Idem
2054 2086 2084 2112 in
2096 2086 2195 2122 Topic.
2208 2097 2252 2121 40.
2306 2082 2441 2122 Qiinffllm

1399 2120 1452 2152 735
1466 2117 1507 2153 (4)
1522 2122 1556 2148 27
1582 2115 1788 2155 Abdicationum
1801 2118 1904 2145 tbi-mae
1918 2120 1975 2146 sunt
1989 2121 2068 2148 duae:
2088 2122 2168 2149 altera
2184 2124 2302 2151 criminis
2317 2124 2437 2159 perfeffi,
2472 2141 2479 2152 1

1398 2147 1450 2173 alia
1464 2149 1624 2188 imperijeeti.
1660 2153 1691 2176 Et
1698 2153 1784 2186 paullo
1798 2152 1854 2187 post
1868 2161 1918 2189 pro
1931 2156 2024 2189 eodem,
2046 2164 2072 2183 at
2085 2167 2134 2192 pro
2148 2158 2210 2186 filiis
2227 2160 2253 2185 in
2268 2166 2382 2194 vtroque
2393 2157 2434 2194 ee&
2474 2162 2479 2203 j

1398 2190 1461 2207 nere
1474 2183 1640 2211 summissam.
1711 2187 1742 2212 In
1757 2189 1830 2214 omni
1842 2197 1937 2222 genere
1948 2198 1975 2217 et
1986 2193 2114 2219 varietate
2127 2195 2225 2220 artium
2239 2195 2367 2222 excellere
2378 2196 2430 2222 Cic.
2464 2187 2479 2231 '1

1397 2225 1446 2251 pro
1459 2217 1540 2244 Corn.
1555 2218 1627 2244 Balb.
1644 2227 1702 2259 15'c.
1719 2223 1744 2246 6.
1816 2223 1846 2248 In
1866 2226 1940 2250 omni
1961 2235 2057 2258 genere
2076 2229 2191 2261 aliquem
2213 2231 2342 2257 1101061310
2359 2230 2428 2258 Idem
2477 2235 2479 2246 ¹

1397 2253 1450 2278 Att.
1466 2256 1502 2292 16,
1517 2260 1538 2285 5.
1585 2292 1589 2296 .
1610 2254 1744 2281 Adhibcre
1762 2265 1858 2290 genus,
1890 2260 2061 2287 Attenuatum
2073 2270 2153 2294 genus
2168 2264 2290 2298 dicendi,
2322 2267 2425 2293 Conter-

1397 2293 1540 2328 tatoriuni,
1561 2289 1614 2316 md.
1627 2290 1669 2316 hh.
1683 2300 1726 2316 vv.
1804 2293 2028 2322 Declainatorium
2047 2297 2177 2329 Qiinetil.
2198 2308 2220 2329 2,
2235 2309 2272 2327 10.
2339 2302 2429 2329 Orato-
2476 2312 2479 2332 i

1397 2331 1468 2349 riui-n
1488 2323 1561 2350 Idem
1574 2333 1596 2356 3,
1609 2335 1632 2357 7.
1703 2325 1853 2361 Abruptum
1863 2330 1991 2356 sermonis
2004 2331 2040 2356 Id.
2058 2339 2086 2362 4,
2099 2339 2123 2357 2.
2193 2335 2357 2368 Accianum,
2377 2335 2429 2363 vid.

1397 2365 1419 2385 A
1429 2364 1444 2384 c
1456 2364 1473 2385 c
1485 2366 1505 2383 v
1514 2366 1533 2385 R
1544 2365 1574 2385 o.
1647 2361 1759 2400 Acutum
1767 2381 1775 2393 ,
1802 2363 1855 2389 vid.
1882 2372 1903 2390 A
1913 2371 1929 2390 c
1940 2372 1959 2391 v
1968 2372 1989 2391 T
2000 2371 2021 2390 v
2030 2372 2053 2391 s.
2124 2365 2351 2404 Captioflffim'um,
2375 2371 2428 2398 vid.

1397 2400 1584 2434 cnrriosvs.
1655 2396 1835 2427 concionale,
1852 2398 1905 2424 vid.
1923 2404 2130 2427 CONCIONOR.
2198 2403 2331 2431 Floridius
2344 2405 2428 2437 Qiin-

1397 2429 1453 2456 8111.
1467 2438 1492 2461 2,
1506 2437 1527 2470 55
1598 2429 1711 2456 Forense
1730 2431 1835 2459 dicendi
1855 2432 1928 2460 Idem
1941 2443 1966 2467 2,
1981 2443 2017 2462 1ο.
2088 2436 2209 2464 Τ111111111
2227 2438 2329 2466 dicendi
2348 2449 2428 2474 genus

1397 2465 1446 2495 est,
1459 2465 1586 2505 sublime,
1600 2465 1762 2499 modestum,
1781 2469 1812 2494 Et
1826 2470 1900 2496 tenui
1919 2469 1965 2497 filo
1984 2472 2081 2499 Auson.
2094 2472 2186 2504 Eidyll.
2202 2481 2235 2504 11,
2248 2476 2290 2500 66.
2360 2476 2429 2502 Pres-

1397 2501 1462 2533 sum,
1476 2500 1650 2535 limatumque
1664 2501 1768 2528 dicendi
1783 2504 1913 2537 Qiinffil.
1929 2514 1952 2538 2,
1960 2511 1982 2535 8.
2042 2508 2182 2534 Armorum
2198 2516 2277 2537 genus
2290 2509 2335 2535 Sil.
2350 2515 2374 2542 8,
2394 2530 2400 2537 .
2422 2529 2430 2537 .

1396 2536 1452 2562 Cic.
1468 2537 1544 2562 Verr.
1560 2545 1585 2568 2,
1598 2545 1613 2569 9
1639 2538 1716 2564 Hunc
1729 2538 1843 2573 denique
1857 2540 1941 2573 ipsum
1954 2542 2130 2575 pertulissent,
2144 2543 2161 2569 fi
2175 2538 2290 2570 humano
2303 2546 2398 2578 modo,
2411 2545 2430 2572 fi

1395 2571 1489 2598 vsitato
1502 2581 1593 2611 more2
1612 2571 1629 2598 fi
1645 2572 1758 2607 denique
1778 2583 1832 2600 vno
1850 2575 1941 2609 aliquo
1959 2577 1987 2602 in
2007 2586 2102 2610 genere
2116 2580 2244 2612 peccasset.
2317 2581 2432 2613 (ξι-1111111

1396 2616 1430 2633 eo
1441 2616 1535 2640 genere
1549 2607 1652 2634 efficere
1671 2609 1758 2642 pollis,
1771 2610 1812 2636 tui
1825 2611 1928 2637 consilii
1940 2611 1975 2638 est
1989 2612 2044 2638 Cic.
2058 2614 2129 2640 Fam.
2143 2623 2165 2646 3,
2179 2623 2202 2640 2.
2273 2616 2429 2643 Genu-eno,

1396 2651 1431 2668 vo
1445 2643 1581 2669 literarum
1594 2644 1632 2669 vti
1647 2643 1719 2671 Idem
1734 2646 1804 2671 Fam.
1821 2654 1853 2678 13,
1869 2654 1893 2678 15
1907 2654 1971 2673 extr.
2043 2649 2073 2674 Et
2087 2650 2162 2675 Verr.
2177 2658 2240 2684 5pr.
2260 2652 2429 2687 Versatnsque

296 2678 328 2703 El
343 2684 398 2711 747
418 2677 506 2715 Genu?
521 2675 667 2701 hominum·
710 2674 766 2701 Cic·
779 2682 827 2707 ΡΠ)
840 2674 914 2699 ROst·
929 2675 1016 2700 Amef·
1034 2682 1061 2707 91
1088 2673 1157 2699 Nam
1171 2672 1233 2698 dum
1247 2670 1333 2697 homi·
1349 2683 1384 2711 70
1396 2677 1425 2704 fit
1440 2677 1493 2704 fine
1506 2679 1558 2704 vlla
1576 2688 1630 2704 non
1643 2680 1724 2706 inodo
1742 2681 1882 2715 religione,
1899 2691 1992 2709 verum
2003 2685 2082 2709 etiarn
2098 2684 2300 2712 dissimulatione
2318 2687 2346 2713 in
2360 2687 2427 2715 omni
2471 2698 2475 2702 ¹

297 2721 362 2738 num
375 2718 455 2746 genus
468 2717 535 2742 erit,
555 2711 601 2744 qui
615 2710 714 2735 accuset
729 2718 773 2735 eos
787 2717 840 2734 non
855 2708 946 2735 deerit.

298 2747 478 2778 Thebanum,
496 2748 513 2771 i.
534 2747 611 2771 Natio
637 2746 718 2771 Plaut.
739 2743 835 2777 Amph.
872 2763 878 2768 .
915 2763 922 2770 .

299 2783 361 2808 sexu
374 2781 565 2809 confidet-atur,
576 2780 657 2806 virile
669 2789 701 2806 an
714 2778 844 2805 muliebre
862 2778 918 2804 Cic.
932 2778 963 2804 de
975 2780 1077 2805 Inuent.
1092 2787 1111 2809 1,
1125 2786 1158 2811 35.
1231 2779 1333 2804 Genera

298 2818 327 2844 in
341 2817 437 2851 speeies
449 2816 542 2842 inultas
561 2816 611 2841 sese
631 2815 791 2849 spargentia,
806 2814 831 2839 h.
846 2822 865 2839 c.
885 2814 973 2849 Diuisu
994 2814 1058 2840 Piin.
1075 2822 1108 2844 21,
1122 2819 1144 2843 8.
1214 2814 1333 2840 Leonum

298 2862 378 2888 genus
391 2861 449 2878 acre
469 2852 571 2877 Lucret.
585 2858 607 2884 ς,
622 2853 680 2880 860.
747 2849 847 2876 Ouium
865 2849 965 2875 sumnia
984 2858 1077 2883 genera
1097 2849 1162 2875 duo:
1181 2849 1294 2880 tectum,
1308 2854 1333 2875 et
1349 2861 1380 2889 75

298 2888 449 2915 colonicuni
463 2887 529 2913 Plin.
543 2892 566 2918 8,
579 2894 610 2918 47
629 2885 716 2920 odfin.
735 2888 754 2910 i.
773 2886 875 2919 Species.
947 2885 1059 2911 Piscium
1073 2885 1168 2911 Horat.
1176 2884 1226 2911 Od.
1242 2894 1260 2915 1,
1273 2894 1295 2916 2,
1308 2893 1333 2917 9.

298 2921 320 2960 ff
341 2932 353 2956 3
391 2923 504 2958 Epitheta
522 2928 633 2948 nontam
651 2921 685 2947 ad
704 2929 786 2946 nomeu
802 2920 887 2946 Genus
902 2924 1046 2954 pertinent,
1066 2930 1136 2955 quam
1155 2920 1188 2946 od
1200 2920 1336 2946 multitudi-

298 2968 352 2985 nem
364 2968 458 2990 eorum,
472 2967 530 2993 quac
543 2955 721 2991 compleHitur.
759 2956 823 2981 Acte
843 2965 921 2989 genus
936 2955 1025 2982 virsun
1045 2956 1117 2989 Virg.
1133 2956 1227 2990 Georg.
1243 2965 1264 2988 2,
1281 2959 1302 2981 [ν’
1309 2964 1334 2990 7.

298 2998 318 3021 i.
338 2997 392 3021 viri
404 3003 480 3020 acres.
551 2992 696 3026 Antiquuin
724 2990 795 3017 Idem
810 2991 873 3016 Aen.
887 2993 912 3022 6,
925 2997 980 3024 580.
1050 2991 1141 3018 Audax
1166 2993 1233 3017 Hor.
1246 2992 1335 3018 Carni.

300 3039 321 3062 i,
335 3038 356 3062 3,
371 3037 413 3064 27.
484 3028 592 3054 Clarum
612 3027 684 3053 Idem
698 3027 778 3053 Serni.
795 3035 814 3057 1,
829 3034 851 3058 5,
865 3034 904 3059 54.

300 3065 414 3091 Exitiale
434 3065 493 3090 Stat.
507 3063 598 3090 Theb.
614 3072 633 3094 1,
648 3071 706 3095 243.
776 3061 914 3095 Egregium
928 3062 1002 3097 Virg.
1017 3064 1079 3089 Aen.
1093 3070 1118 3097 7,
1134 3071 1181 3094 213.
1248 3064 1335 3089 Armis

299 3101 384 3127 Ferox
399 3106 424 3126 et
439 3099 540 3126 seruitii
556 3098 690 3124 insolitum
703 3106 784 3132 genus
798 3097 897 3122 Sallust.
910 3097 977 3123 H'ist.
991 3098 1008 3123 l.
1023 3107 1041 3124 i.
1094 3099 1246 3124 Femineum
1262 3098 1336 3131 Virg.

300 3137 364 3162 Aen.
381 3144 405 3168 9,
420 3144 474 3168 142.
541 3133 678 3160 Humilius
710 3132 839 3166 Qiinch'l.
852 3141 873 3164 3,
887 3139 912 3166 7.
983 3133 1088 3159 Iniinite
1107 3134 1228 3160 virorum
1253 3134 1334 3160 Ouid.

300 3171 365 3197 Met.
382 3179 414 3202 13.
430 3178 493 3205 740.
558 3169 711 3196 lnunortale
734 3169 806 3202 Virg.
821 3168 917 3202 Georg.
933 3177 961 3200 4,
975 3173 1031 3198 208.
1095 3169 1260 3202 Impauidurn
1278 3169 1335 3195 sen.

301 3207 380 3232 Herc.
396 3207 454 3233 Oet.
470 3205 488 3231 s.
503 3213 522 3231 1.
592 3205 708 3239 Impiuui
727 3204 784 3230 Scn.
798 3203 890 3230 061311.
910 3204 926 3228 s.
948 3210 973 3237 7.

299 3242 328 3267 ni
344 3243 410 3268 Hor.
426 3242 513 3267 Carni.
528 3248 556 3272 4,
570 3248 609 3272 14,
623 3249 660 3266 10.
731 3239 856 3265 Inclitum
875 3238 933 3264 altis
946 3238 1031 3264 titulis
1052 3239 1108 3265 Sen.
1124 3240 1200 3266 Herc.
1216 3240 1268 3266 fur.
1285 3248 1336 3271 ¹39-

301 3277 402 3303 Infame
430 3277 497 3302 Hor.
512 3276 598 3302 Carin.
617 3284 694 3307 2,14,
710 3280 743 3304 18.
811 3275 904 3308 Ingens
926 3274 999 3308 Virg.
1020 3274 1082 3300 Aen.
1104 3283 1138 3302 12.
1155 3283 1210 3302 225.
1264 3276 1335 3302 Insu-

301 3312 418 3346 perabile
437 3311 509 3338 bello
527 3310 599 3336 Idem
613 3311 676 3336 Acn.
690 3319 718 3342 4,
731 3319 776 3342 40.
841 3308 1009 3336 intractabile
1022 3308 1092 3335 bello
1111 3309 1147 3335 Id.
1169 3311 1231 3336 Aen.
1247 3319 1266 3341 1,
1282 3319 1335 3343 343.

302 3347 437 3373 Irritabile
451 3352 539 3373 vatum
563 3346 655 3372 Horat.
671 3345 748 3379 Epist.
760 3353 786 3377 2,
800 3352 825 3376 2,
839 3353 893 3371 102.
967 3345 1092 3379 Ligures,
1108 3344 1201 3370 durum
1216 3354 1243 3371 ac
1258 3346 1335 3371 velox

636 3380 750 3407 Mortale
773 3379 853 3406 Ouid.
870 3381 931 3406 Met.
953 3389 971 3410 1,
994 3385 1043 3409 188.

813 3415 924 3448 Regium
944 3417 1010 3442 Hor.
1026 3416 1114 3442 Carni.
1128 3424 1153 3447 2,
1166 3424 1194 3449 4,
1206 3424 1242 3488 ὃς.
1295 3417 1337 3442 Sa-

1245 3461 1257 3482 4
1288 3452 1337 3478 Ge-

991 2710 1032 2736 Sic
1045 2709 1110 2734 Plin.
1124 2712 1148 2739 8,
1160 2715 1198 2740 25.
1245 2707 1333 2733 Genus

1029 2743 1178 2770 Hominum
1198 2751 1279 2777 genus
1305 2741 1335 2768 in

304 3391 384 3416 genus
403 3382 474 3409 Flor.
489 3390 511 3413 2,
525 3391 546 3413 3,
559 3390 586 3414 4.

304 3426 354 3450 que
369 3418 466 3444 laboris
479 3417 550 3444 Idem
566 3417 628 3443 Met.
642 3424 668 3450 7,
684 3417 741 3448 656.

305 3451 430 3478 binorum
446 3453 504 3479 Liu.
521 3457 583 3482 1,18.
640 3451 757 3478 Subliine
775 3451 835 3477 Stat.
849 3450 912 3476 Silu.
934 3460 954 3482 3.
972 3460 994 3483 3,
1008 3460 1052 3477 111.

306 3493 370 3516 nus,
382 3487 566 3518 4ΙῐηιιΙῐιιιιίῑιιεἮι
582 3489 693 3522 plurium
713 3497 728 3513 a
746 3493 851 3519 natura,
864 3495 879 3512 a
900 3487 1007 3512 moribus
1018 3493 1064 3512 etc.
1089 3492 1175 3518 notat,
1189 3491 1260 3512 etium
1273 3487 1298 3520 Ji
1311 3491 1338 3513 ιή

302 3523 392 3581 Ιἷιαιισὶῐ
406 3521 459 3554 fit,
477 3531 575 3556 quorum
595 3526 631 3549 ita
651 3524 717 3548 velut
738 3521 853 3557 quaedam
873 3520 955 3554 clafflut
974 3520 1170 3554 couslituuntur:
1193 3525 1230 3548 ita
1250 3523 1338 3549 Geniis

329 3555 448 3580 ominum
458 3557 518 3590 sunt
532 3558 637 3584 homines
651 3558 697 3584 hac
706 3564 780 3593 parte
791 3556 894 3590 similes,
906 3558 964 3582 aliis
978 3556 1075 3589 diuersi.

311 3597 333 3616 11
363 3589 402 3614 Est
421 3598 499 3622 genus
518 3591 672 3625 hominum,
693 3593 740 3627 qui
761 3593 808 3619 esse
821 3592 920 3626 primo·
940 3592 965 3618 sc
986 3592 1106 3618 oninium
1126 3601 1214 3618 rerum
1236 3594 1338 3626 volunt,

308 3633 357 3652 nec
371 3625 440 3650 sunt:
461 3624 507 3649 hos
522 3627 671 3660 consector„
706 3628 780 3662 Virg.
796 3628 858 3653 Aen.
873 3636 892 3659 i,
905 3634 960 3661 747
988 3627 1066 3660 Qiod
1086 3636 1165 3660 genus
1183 3628 1233 3655 hoc
1251 3629 1338 3655 homi-

306 3661 390 3687 niiinl
406 3667 505 3694 quaeue
526 3659 593 3686 hunc
614 3668 666 3688 tani
686 3663 796 3689 barbara
816 3671 918 3689 morem
953 3661 1059 3688 Induxit
1077 3663 1178 3697 patria?
1249 3665 1338 3691 Genus

309 3695 449 3722 hominum
467 3693 688 3727 aduersariorum,
702 3698 852 3724 seditiosum
866 3704 891 3725 et
904 3697 1084 3724 inertiffiiniini
1099 3698 1154 3724 Cic.
1169 3700 1240 3726 Fam.
1256 3709 1287 3732 ιι,
1302 3709 1337 3733 19.

309 3729 499 3758 Excutiendum
512 3737 589 3768 omne
603 3731 757 3768 scriptorum
775 3742 854 3765 genus
872 3732 979 3767 Quin&
995 3742 1013 3764 1,
1028 3742 1054 3766 4.
1072 3737 1089 3758 ι’.
1109 3735 1205 3766 Pectat,
1219 3743 1338 3768 oratores,

310 3773 356 3792 etc.
428 3766 537 3791 Generis
557 3770 623 3803 grati
637 3766 671 3791 est
685 3767 764 3793 Plaut.
779 3769 858 3794 Merc.
873 3777 893 3801 3,
908 3778 928 3800 1,
943 3776 982 3803 27.
1052 3768 1202 3795 Constantes
1222 3771 1338 3805 eligendi

311 3801 405 3827 amici:
425 3801 498 3827 cuius
511 3807 613 3832 generis
625 3808 715 3833 magna
728 3803 836 3835 penuria
848 3804 883 3829 est
895 3804 950 3830 Cic.
966 3803 998 3830 de
1009 3804 1114 3830 Ainicit.
1128 3806 1157 3835 63
1170 3814 1191 3831 c.
1208 3814 1242 3840 17,
1288 3808 1336 3832 Va-

311 3836 351 3863 ria
363 3845 457 3870 genera
470 3834 611 3861 bestiarum
631 3835 671 3860 vel
691 3836 808 3862 cicurum
826 3838 868 3863 vel
888 3839 1003 3866 ferarum
1023 3839 1093 3866 Ideni
1107 3839 1138 3866 de
1153 3840 1188 3866 N.
1204 3842 1235 3867 D.
1255 3851 1280 3873 2,
1295 3850 1337 3873 99.

311 3872 362 3898 Hic
375 3871 497 3907 obseruari
511 3875 615 3896 meretur·
628 3869 740 3904 formula
752 3879 831 3897 oiune
843 3881 921 3905 genus
932 3882 977 3909 pro
991 3875 1076 3901 omnis
1089 3876 1199 3908 generis.
1271 3878 1337 3903 Cato

309 3906 342 3934 R.
356 3907 386 3933 R.
399 3912 423 3939 8,
437 3915 453 3932 2
476 3907 608 3939 Hortum,
623 3912 808 3932 coronamenta
819 3915 896 3934 omne
908 3918 996 3942 genus.

959 3028 1060 3053 Durum
1076 3028 1334 3066 Virg Georg.1‚6.3‚
1353 3036 1385 3062 80
1398 3039 1443 3058 etc.
1480 3029 1575 3065 Affinia
1589 3041 1652 3059 certe
1659 3040 1720 3068 sunt
1735 3033 1788 3063 ista.
1826 3035 1881 3061 Cic.
1895 3036 1965 3062 Fani.
1980 3044 2000 3066 2,
2014 3044 2041 3061 12
2061 3037 2147 3062 Genu<
2162 3038 2339 3066 institutorum
2354 3049 2378 3068 et
2390 3051 2430 3069 ra·
2457 3040 2458 3071 J

1044 3204 1215 3237 Iinplaciduni
1235 3205 1336 3230 Genau-
1354 3211 1383 3240 83

1100 3381 1206 3406 Pastum
1229 3381 1338 3414 patiens·
1350 3393 1385 3417 90
1400 3392 1510 3421 vterque
1522 3394 1567 3420 per
1578 3386 1688 3412 alterum
1700 3393 1814 3421 apparet.

1111 3557 1178 3582 Ter.
1193 3558 1257 3583 Eun.
1273 3567 1296 3589 2,
1311 3567 1337 3590 2,
1356 3566 1387 3592 95¹
1400 3569 1443 3589 aut
1456 3563 1523 3589 secus
1535 3571 1618 3598 genere
1631 3570 1715 3588 neutro
1728 3563 1856 3591 intellexit.

1347 3746 1393 3764 100
1402 3748 1429 3771 4,
1443 3744 1456 3768 8
1474 3740 1586 3765 sichaeus
1593 3737 1617 3772 s
1631 3740 1739 3765 Acerhas
1752 3742 1934 3777 Rirgrnaliorzr's,
1948 3746 2017 3769 cuius·
2027 3744 2137 3778 sororem
2156 3748 2182 3769 in
2194 3749 2348 3774 matrimonio
2361 3748 2426 3775 habe-

1396 2722 1491 2746 gencre
1505 2714 1611 2740 furandi
1624 2721 1702 2750 atque
1719 2717 1869 2750 praedandi.
2025 2717 2045 2754 fl
2067 2722 2083 2745 6
2120 2721 2207 2747 Genus
2225 2720 2272 2752 eli,
2288 2722 2353 2756 quod
2369 2716 2429 2750 alia}

1396 2748 1508 2775 Modum
1523 2751 1562 2776 vel
1574 2750 1713 2777 Rationem
1727 2760 1824 2778 vocant.
1859 2752 1978 2780 scribon.
1993 2754 2072 2789 Epist.
2109 2776 2115 2782 .
2153 2775 2159 2782 .
2196 2756 2298 2782 Genere
2319 2755 2425 2792 quodam
2464 2767 2471 2782 ¹.

1396 2785 1566 2812 committere.
1576 2787 1757 2819 parricidium.
1794 2789 1835 2814 Sic
1847 2797 1866 2813 c.
1883 2793 1915 2821 84
1930 2796 1953 2816 et
1968 2797 2019 2824 171.
2055 2790 2109 2826 Ipse
2123 2791 2177 2817 Cic.
2192 2792 2268 2817 Verr.
2286 2801 2308 2823 2,
2322 2802 2352 2825 30
2371 2803 2392 2821 c.
2404 2796 2427 2822 a

1397 2820 1465 2846 Cum
1485 2820 1532 2847 hos
1552 2820 1599 2846 sibi
1616 2822 1733 2855 quaestus
1751 2823 1919 2850 constituisset
1955 2840 2000 2845 —
2035 2830 2091 2852 tum
2110 2826 2244 2852 infinitum
2266 2836 2347 2860 genus
2361 2829 2435 2857 inm--

1395 2861 1483 2897 nerat,
1504 2855 1536 2881 ad
1555 2857 1930 2893 innumerabilempecuniam
1949 2861 2157 2895 corripiendam,
2181 2864 2199 2887 i.
2228 2863 2307 2888 modm
2320 2858 2428 2899 surm&

1395 2891 1590 2917 innumerabiles.
1628 2893 1669 2918 Ita
1683 2893 1786 2920 Genera
1805 2903 1832 2920 ac
1846 2895 1939 2921 modos
1953 2895 2167 2929 disceptationum
2183 2896 2250 2922 dixit
2265 2897 2340 2926 Offic.
2356 2909 2376 2933 i,
2390 2901 2429 2935 34'.

1396 2927 1456 2966 Vno
1472 2934 1568 2958 genere
1580 2935 1671 2961 capere
1684 2928 1764 2962 pisces
1778 2930 1845 2956 Plin.
1858 2939 1883 2962 9,
1897 2939 1936 2962 59-
1971 2931 2100 2963 Qss'nffil-
2116 2940 2138 2962 7,
2151 2939 2167 2965 7
2191 2933 2289 2959 Contra
2308 2935 2444 2970 scriptum'

1397 2960 1483 2987 tribus
1502 2961 1641 2993 generibus
1659 2965 1817 2991 occurritur.
1873 2965 1938 2991 Plin.
1952 2973 1990 2996 10,
2002 2968 2036 2998 4(-
2051 2967 2067 2991 s.
2082 2968 2109 2997 65
2132 2967 2160 2992 de
2176 2968 2366 3003 porphyrione,
2378 2981 2429 3000 aue.

1397 2996 1470 3023 Ideni
1484 2997 1519 3022 est
1533 2997 1626 3031 (edit)
1646 3000 1755 3033 proprio
1768 3008 1877 3034 genere,
1895 3009 1999 3026 oinnein
2019 3000 2106 3026 cibum
2125 3010 2191 3035 aqua
2211 3004 2318 3030 subinde
2330 3006 2429 3040 tingens

1399 3068 1501 3093 tionuin
1516 3076 1633 3093 nicarum
1647 3069 1883 3097 diffimilitudinem
1900 3070 2052 3096 nonnullam
2066 3071 2144 3098 habet
2158 3083 2215 3099 cuin
2236 3075 2306 3101 illius
2321 3078 2430 3105 admini-

1398 3102 1522 3129 stratione
1546 3104 1712 3142 prouinciae.
1786 3106 1882 3132 Aetavis
1901 3105 2030 3136 degendae
2057 3116 2137 3140 genus
2159 3109 2204 3135 fibi
2227 3110 2251 3135 id
2273 3113 2429 3140 constituere

1399 3137 1470 3173 quod
1484 3147 1596 3164 maxnnc
1608 3137 1818 3167 adainauerimus
1831 3141 1885 3167 Cic.
1893 3140 1943 3167 Off.
1959 3149 1978 3173 1,
1992 3150 2038 3172 1¹7·
2107 3145 2238 3178 [inplicari
2253 3152 2324 3173 certo
2337 3153 2434 3176 genere

1400 3174 1528 3213 cursuque
1541 3173 1663 3205 viuendi,
1699 3176 1870 3203 Commutare
1882 3185 1960 3209 penus
1976 3177 2061 3209 vitae,
2097 3179 2279 3214 Incorruptnm
2295 3178 2374 3215 geniis
2391 3183 2435 3211 tii-³

1399 3209 1539 3243 sciplnnae,
1550 3219 1574 3236 υ.
1588 3209 1628 3249 hh:
1646 3220 1687 3236 cu.
1842 3209 1862 3249 ff
1881 3219 1898 3245 7
1934 3211 2039 3244 Genus,
2053 3222 2077 3239 eo
2090 3215 2163 3250 sensti
2181 3226 2225 3251 quo
2244 3216 2330 3243 dieunt
2345 3221 2429 3247 Gram.

1399 3247 1501 3276 matici,
1520 3244 1702 3277 Masculmum,
1716 3246 1891 3275 Fernininum,
1905 3246 2036 3273 Neutrum
2051 3258 2140 3282 genus,
2155 3259 2199 3277 etc.
2235 3253 2366 3286 Qii'nc‘fil.
2382 3263 2391 3281 1
2412 3263 2429 3290 7

1399 3281 1463 3307 Non
1477 3280 1527 3306 erit
1541 3285 1674 3306 contentus
1688 3281 1791 3308 tradere
1808 3282 1834 3308 in
1848 3282 2001 3309 nominihus
2016 3284 2064 3310 tria
2083 3295 2175 3314 genera
2185 3306 2191 3315 ‚
2211 3293 2236 3313 et
2249 3296 2278 3313 ea
2292 3299 2359 3323 quae
2373 3274 2428 3316 nint

1399 3315 1502 3341 duobus
1525 3315 1681 3341 omnibusne
1700 3318 1858 3343 communia.
1895 3317 1950 3343 Nec
1970 3318 2053 3345 statim
2072 3320 2224 3349 diligentem
2245 3324 2356 3356 putabo,
2382 3317 2428 3360 qui

1399 3351 1640 3385 promiscua(quae
1661 3357 1686 3377 et
1705 3353 1827 3386 epicoena
1846 3351 1986 3385 dicuntur)
2007 3355 2165 3389 ostenderit,
2186 3357 2213 3383 in
2236 3358 2332 3392 quibus
2353 3362 2426 3388 sexul
2456 3388 2457 3391 ,

1652 3423 1656 3426 ⁴
1858 3389 1887 3413 Et
1900 3398 1920 3413 c.
1936 3397 1963 3414 10
1987 3390 2156 3424 Comparatio
2170 3392 2196 3418 in
2210 3395 2373 3428 nominibus,
2386 3400 2426 3424 aut
2460 3390 2464 3400 ⁸

1401 3430 1481 3455 genus
1501 3421 1687 3456 deprehendit,
1701 3429 1746 3448 aut
1761 3422 1977 3450 declinationem:
2002 3434 2095 3458 genus,
2107 3434 2134 3453 vt
2152 3427 2169 3453 si
2184 3436 2322 3462 quaeratur
2358 3431 2439 3460 sunit

1401 3456 1570 3483 masculinum
1584 3456 1629 3488 lit,
1645 3466 1676 3483 an
1695 3457 1867 3490 femininum,
1881 3459 1963 3485 simile
1983 3460 2023 3486 illi
2043 3461 2073 3488 lit
2092 3463 2174 3495 panis.
2210 3464 2282 3499 Cous.
2305 3451 2379 3492 varr.
2396 3465 2430 3493 de·
2460 3469 2461 3495 1

1401 3492 1436 3532 L'.
1446 3493 1474 3518 L.
1489 3502 1513 3525 9,
1527 3500 1550 3518 2.
1586 3492 1710 3532 (lictorum
1722 3501 1801 3525 genus
1813 3493 1841 3519 de
1848 3495 1909 3529 fixu
1922 3495 1971 3530 ipse
1985 3496 2039 3522 Cic.
2054 3496 2085 3523 de
2094 3499 2194 3524 Inuent.
2211 3507 2231 3531 1¹
2245 3508 2272 3531 35
2285 3510 2297 3527 c
2317 3510 2352 3534 24
2373 3496 2427 3528 Hos¹

1401 3537 1502 3553 minum
1516 3535 1595 3561 genus
1609 3535 1636 3552 in
1650 3528 1708 3553 sexu
1723 3528 1915 3562 confideratur,
1935 3531 2015 3558 virile
2028 3540 2061 3558 an
2073 3533 2202 3560 muliebre
2217 3534 2260 3560 fit:
2280 3536 2326 3570 nisi
2339 3538 2424 3564 sexum
2460 3532 2462 3553 ἶ

1438 3605 1458 3624 G
1467 3605 1483 3624 E
1493 3605 1513 3624 Ν
1522 3604 1538 3624 E
1550 3603 1580 3629 R,
1593 3597 1641 3624 eri.
1654 3607 1689 3624 m.
1713 3599 1789 3637 filiae
1802 3603 1917 3627 moritur.
1936 3601 2017 3628 Ouid.
2026 3602 2090 3629 Met.
2099 3612 2176 3636 1,144
2198 3619 2242 3625 —-
2261 3606 2351 3633 Tutus
2366 3608 2424 3634 Νοιι

1403 3634 1475 3660 socer
1488 3642 1501 3660 a
1514 3634 1624 3659 Genero.
1679 3633 1782 3668 Eligere
1795 3643 1920 3669 generum
1934 3637 1999 3663 Plin.
2015 3638 2059 3672 Ep.
2073 3647 2092 3669 i,
2107 3647 2142 3664 10.
2188 3640 2286 3674 Optare
2305 3651 2424 3671 generum

1401 3669 1468 3695 Pers.
1488 3677 1512 3701 2,
1528 3677 1563 3701 37.
1758 3668 1777 3707 ff
1800 3679 1811 3696 2
1847 3672 1905 3707 Obss
1921 3673 1970 3698 Pro
1985 3673 2081 3699 Marito
2092 3674 2190 3708 sororis
2208 3674 2329 3712 occipitii·-
2343 3679 2426 3704 Gener

1400 3704 1466 3739 apud
1478 3704 1546 3738 Nep.
1557 3711 1584 3736 4,
1598 3711 1607 3729 1
1632 3709 1661 3728 vt
1682 3703 1808 3739 obseruari!
1819 3707 1932 3733 Cuiam-ius
1947 3707 2012 3741 Ohffi
2025 3711 2049 3738 6,
2063 3717 2090 3741 17
2103 3710 2201 3744 aliique.
2238 3714 2278 3737 §ic
2291 3713 2378 3739 11111111.
2390 3717 2424 3745 18,

1400 3774 1458 3805 bat,
1471 3782 1550 3813 gener
1568 3780 1677 3800 vocatur.
1714 3776 1786 3802 Elissa
1804 3786 1910 3812 quoque
1929 3778 2043 3804 Acerbae
2061 3780 2192 3805 auunculo
2212 3782 2274 3813 suo,
2301 3781 2423 3816 sacerdoti

1400 3808 1521 3847 Herculis
1556 3823 1600 3828 —
1619 3810 1721 3848 'nubin
1758 3812 1828 3839 Huic
1846 3821 1968 3846 magnae,
1983 3813 2023 3839 sed
2037 3812 2205 3841 diffiniiilatae
2218 3825 2280 3850 opes
2293 3825 2365 3844 erant
2383 3832 2423 3838 --

1402 3842 1552 3875 Pygmalion
1570 3843 1667 3870 oblitus
1685 3846 1749 3872 iuris
1764 3846 1873 3874 humani
1892 3848 2048 3875 auunculum
2068 3849 2158 3881 suum,
2173 3851 2335 3886 eundemque
2353 3861 2425 3887 gene-
2467 3859 2470 3864 ’

1400 3886 1475 3909 rum,
1497 3877 1549 3904 fine
1568 3879 1683 3913 respeclu
1704 3882 1807 3915 pietatis
1827 3883 1933 3909 occidit.
1999 3883 2146 3910 Generibus
2164 3894 2212 3919 pro
2232 3887 2355 3921 Generis,
2370 3885 2426 3920 teste

1050 3911 1136 3937 Varro
1147 3911 1177 3937 R.
1192 3912 1223 3938 R.
1238 3919 1257 3943 1,
1272 3920 1312 3945 29,
1327 3921 1337 3939 1
1349 3919 1391 3945 105
1401 3913 1494 3940 Nonio
1506 3918 1529 3945 8,
1543 3921 1569 3945 33
1590 3915 1682 3942 Accius
1696 3917 1845 3944 Alcmaeon.
1882 3919 1937 3952 Qu
1955 3917 2044 3951 ducat,
2058 3928 2138 3954 quum
2152 3927 2177 3947 te
2190 3921 2288 3950 viderit
2300 3924 2424 3953 socerum,

1399 3947 1538 3982 generibus
1551 3954 1647 3976 tantam
1660 3953 1708 3978 esse
1721 3953 1889 3987 impietatem.
2334 3963 2425 3984 GENE-
