2479 4225
711 166 919 218 Do¹
1206 137 1209 139 ⁴
1419 209 1424 211 ,
1803 161 1983 204 D'O

303 277 329 311 fi
360 275 434 301 uidei
445 278 502 306 opus
515 271 570 296 erit.
640 267 678 293 Da
695 271 719 292 tc
738 263 842 291 homini
871 261 924 287 Cic.
935 258 1008 299 ,If-³¹²¹·
1027 264 1047 287 1,
1067 259 1091 297 8.
1158 252 1224 280 AM.
1239 250 1320 277 Plaut.

309 286 385 339 Psequd
411 316 420 323 ⁶
441 316 448 332 1
474 314 504 337 31.
575 303 642 328 Hinc
655 302 682 327 de
694 299 870 327 meretricibus,
891 291 969 325 ormffo
978 298 1127 326 pronomine.
1160 289 1234 314 Hanc
1248 286 1321 317 volo,

329 353 372 370 uae
385 325 464 376 {niel-(5)
477 341 529 365 iam
542 337 614 364 dedit
626 343 682 363 ante
695 339 753 360 meo
770 330 880 359 Martial.
894 337 920 360 9,
932 335 967 358 33.
1004 326 1052 352 Det
1066 333 1143 359 quam
1155 323 1230 353 bene,
1244 330 1321 360 quae.

309 355 344 406 iiis
363 378 399 403 Id.
414 385 428 402 2
451 383 484 406 31.
544 375 661 399 Rcmoue
675 370 781 399 isthaec,
800 374 847 391 oro
861 370 899 389 tc:
918 361 1021 395 quando
1035 367 1126 386 notum
1141 358 1192 389 est,
1216 362 1241 382 ct
1255 356 1320 390 quid

308 413 352 440 illc
366 411 414 437 tibi
423 396 468 440 :et
480 408 543 444 quid
556 409 597 434 illi
612 414 639 433 tu
653 404 752 430 dederis
773 401 825 426 Cic.
838 396 902 432 apud
914 397 1018 422 Sueton.
1033 396 1104 422 Caes.
1118 404 1138 420 c.
1153 402 1197 425 44.
1251 391 1320 417 Add.
1343 399 1358 425 ς

308 448 386 474 Plaut.
399 445 464 471 Asin.
486 453 494 470 1
523 453 544 476 3,
558 451 589 474 ις.
629 439 684 465 Cas.
698 447 720 468 2,
733 439 757 468 6,
772 444 806 460 10.
840 431 928 471 l’selid.
941 440 963 463 3,
979 440 997 465 ι,
1012 439 1048 463 19.
1085 428 1170 468 Scdstc
1184 436 1209 452 re
1223 425 1321 458 honesta

308 482 354 508 Cic
377 481 457 506 Bruto
471 464 518 511 35⁵6
531 488 552 503 c.
567 482 596 508 89
621 474 651 499 de
664 471 846 501 Scaeuola,qui
861 475 1018 500 quamquam
1030 467 1055 491 se
1070 471 1168 490 nemun
1181 461 1212 487 ad
1227 461 1321 487 docen-

2344 166 2416 214 236

2028 271 2034 279 .
2071 251 2111 279 Ad
2124 250 2233 279 salutem
2247 258 2416 281 communem

308 203 370 241 235

1383 249 1452 277 Asin.
1465 259 1486 284 3,
1501 259 1524 284 3,
1539 259 1587 285 ιι9.
1660 251 1700 278 Ad
1715 258 1817 278 remum
1830 250 1891 278 Liu.
1903 259 1944 285 34,
1982 272 1989 279 .

1383 286 1486 320 aliquid
1500 288 1560 314 dare
1574 285 1628 314 Cic.
1643 287 1719 314 Vcrr.
1734 296 1762 319 4,
1776 295 1814 316 52.
1885 286 1924 312 Ad
1942 288 2099 322 sepulturam
2120 288 2209 314 datum
2227 297 2322 323 corpus
2340 288 2416 315 Idem

1383 320 1498 356 Philipp.
1511 332 1536 355 2,
1551 330 1588 357 17.
1659 323 1698 348 Ad
1713 322 1795 348 ditem
1814 321 1842 347 in
1857 322 2007 349 seruitutem
2025 323 2083 350 dari
2100 324 2168 350 Ter.
2183 323 2288 349 Phorm.
2302 332 2331 359 4,
2343 332 2365 355 3,
2377 328 2417 355 38.

1384 354 1425 381 Ad
1439 355 1595 390 supplicium
1608 357 1681 390 dedjt
1694 359 1797 384 seruum
1812 356 1866 382 Cic.
1881 365 1930 391 pro
1941 358 2043 385 Cluent.
2058 364 2103 388 181.
2175 358 2214 384 Ad
2234 363 2331 386 terram
2342 359 2417 391 dare,

1378 397 1428 425 pro
1448 391 1601 423 Prqliernere
1627 393 1695 419 Suet.
1716 394 1743 419 in
1762 393 1868 426 August.
1886 401 1907 417 c.
1929 395 1971 424 96.
2007 394 2076 420 Add.
2098 393 2179 420 Plaut.
2199 394 2274 428 Capt.
2291 402 2320 426 4,
2340 402 2365 425 2,
2378 401 2416 428 17.
2444 393 2447 395 ’

1383 425 1515 452 Columel.
1532 435 1553 460 ς,
1565 436 1582 460 9
1612 428 1672 454 Alia
1685 428 1748 455 fcss‘a
1761 426 1980 460 circmudederis,
1993 437 2025 454 ne
2033 430 2125 455 Aditus
2140 429 2231 463 pecori
2244 429 2328 456 detur.
2356 428 2415 456 Vz‘d.

1384 461 1478 487 Aditus
1490 464 1517 487 in
1530 469 1631 495 ADEO,
1648 464 1714 497 adis.
1777 464 1884 489 Aditum
1899 461 1983 488 oculis
1995 464 2075 491 Ouid.
2090 464 2169 498 Epist.
2185 472 2218 496 15,
2231 469 2299 497 248..
2331 463 2415 490 Plaut.

307 516 369 542 dum
386 515 461 541 ἅψῃ
500 520 581 539 tamen
595 505 781 534 consulentibus
800 501 978 535 respondendo
996 501 1121 527 studiosos
1137 496 1261 523 audiendi
1275 496 1321 522 do·
1384 496 1458 536 Epid.
1473 505 1496 528 3,
1514 505 1534 528 1,
1548 505 1572 529 15
1594 499 1651 524 Nec
1664 498 1733 524 mihi
1747 499 1803 533 plus
1817 498 1972 524 Adiumenti
1985 496 2040 530 das,
2056 509 2133 534 quam
2148 500 2203 531 Ale,
2217 500 2266 533 qui
2279 507 2417 534 nunquam

337 550 354 576 b
371 557 380 576 t
426 534 518 575 q-C'Ad
537 543 674 571 mdc-„dum
693 541 751 566 dant
765 539 790 563 se
804 538 879 570 pueri
895 537 967 563 Idem
987 536 1017 561 de
1031 534 1116 561 Finib.
1133 541 1154 565 5,
1166 541 1209 564 42.
1246 532 1320 566 Conf-
1384 538 1464 558 ctxam
1482 537 1557 557 natus
1570 533 1614 559 est.
1686 534 1742 560 Cic.
1758 534 1790 559 de
1801 534 1908 560 Amicit.
1922 539 1949 565 8,-
1985 533 2120 561 Virtutum
2133 535 2251 561 amicitia
2263 534 2389 561 Adiutrix
2400 542 2418 561 a

307 560 335 577 ce
356 559 369 576 a
382 570 412 611 Se
423 560 485 610 i'lare
633 575 653 612 ἥ
671 584 683 607 3
708 572 846 604 Com-cdere,
861 575 1013 607 permittere,
1033 573 1104 596 ctiam
1123 572 1148 594 in
1161 568 1319 602 disputando.
1336 574 1366 592 10
1383 572 1474 594 natura
1495 567 1553 592 data
1573 567 1622 598 est,
1633 577 1687 595 non
1707 570 1836 595 vitiorum
1858 578 1952 595 comcs.
2025 568 2093 594 Ter.
2107 570 2212 596 Phorm.
2227 579 2248 602 3,
2261 578 2284 602 3,
2298 575 2328 599 28
2357 568 2418 595 Sed

305 594 362 647 C?
377 601 442 646 Aemi
488 603 528 643 '68
552 612 665 638 Primum
680 609 800 643 Epicurus
813 616 867 633 non
880 607 930 633 dat.
945 615 1001 637 vos,
1010 604 1165 640 quibuscum
1178 612 1218 629 res
1232 602 1275 634 est,
1291 602 1318 628 id
1382 611 1448 636 opus
1468 603 1503 628 est
1515 601 1584 628 mihi
1597 602 1784 630 Phormionem
1798 605 1828 630 ad
1842 604 1908 630 hanc
1922 613 1978 630 rem
1994 603 2148 631 Adiutorem
2163 606 2230 632 dari.
2301 606 2369 631 Hor.
2382 604 2416 630 de

330 630 362 647 μ’
446 639 451 644 '
466 627 491 650 4³
519 650 523 653 ’
540 648 545 652 “
602 646 673 680 conf.
687 644 722 669 Id.
737 642 818 668 Tusc.
833 650 841 667 1
856 652 876 667 c.
891 651 925 674 32.
961 642 1062 667 Lucret.
1072 648 1094 671 2,
1109 641 1173 665 1126.
1200 637 1319 664 Macrob.
1382 638 1445 664 Artc
1459 639 1530 664 Poet.
1545 646 1579 664 20
1613 637 1640 663 Si
1653 638 1743 665 fraffis
1756 646 1842 665 enatat
1856 642 1943 674 exspes
1971 639 2109 671 Nauibus,
2123 641 2189 667 Aere
2203 641 2279 675 dato,
2293 639 2340 675 qui
2360 640 2418 675 pin-

306 692 383 717 Soum
407 688 468 720 Scip.
482 694 497 710 2
521 692 558 715 14.
628 678 704 712 de
722 677 796 703 datur
809 677 924 710 accipio,
944 675 1068 710 Loquendi
1082 675 1165 700 modus
1178 676 1318 708 paroemiae
1381 673 1471 707 gitur?
1505 673 1579 707 Virg.
1592 673 1656 698 Aen.
1672 678 1695 706 8,
1709 683 1758 708 405
1786 674 1897 708 Optatos
1913 674 1987 701 dedit
2000 675 2149 708 Amplexus.
2221 676 2297 710 Virg.
2318 676 2417 709 Georg-

303 704 506 752 accommodamus
533 716 610 750 Qiod
630 715 686 745 dat,
700 713 839 745 accipimus
859 712 915 737 Cic.
937 712 1006 737 fam.
1028 718 1046 742 ι,
1066 719 1084 735 ι.
1138 708 1176 739 Id.
1190 708 1222 735 de
1243 709 1317 734 Orat.
1381 717 1410 741 4,
1423 717 1476 741 204
1513 708 1646 742 Vltroque
1665 709 1787 736 Animam
1806 710 1853 736 sub
1874 711 1942 736 fasce
1959 709 2062 736 dedere.
2080 710 2105 736 h.
2118 719 2138 736 e.
2159 712 2275 738 Mortuae
2288 711 2364 748 sunt:
2386 710 2416 736 de

304 769 318 786 2
340 764 381 792 187
407 757 431 781 εἰ
446 755 470 780 se
483 753 557 783 dant,
572 758 596 776 et
611 756 638 775 vt
650 754 707 774 ante
720 748 789 779 dixi,
804 748 846 772 sua
861 748 967 780 sponte,
982 754 1034 780 quo
1049 745 1224 778 impellimus,
1245 743 1319 770 incli-
1337 750 1363 778 ις
1381 744 1476 778 apibus.
1547 743 1621 770 Idem
1641 744 1707 770 Acn.
1724 751 1806 778 95143
1845 746 1906 772 Leti
1925 745 2078 773 discrimina
2099 754 2190 779 parua.
2209 747 2278 775 Dant
2296 745 2417 772 Animos.

305 780 363 820 n'ant
375 797 449 824 atque
464 785 636 821 propendent,
651 783 751 817 accipio
766 781 835 817 quod
847 781 937 807 datur:
957 788 981 807 et
996 781 1027 806 ad
1042 780 1078 811 id,
1087 780 1155 806 vnde
1164 780 1260 814 aliquis
1274 780 1318 805 fla·
1380 782 1399 804 i.
1417 778 1581 813 Animofiores
1596 779 1711 814 faciunt.
1782 780 1910 807 Animum
1928 782 2004 807 suum
2023 781 2117 812 alicui,
2130 780 2194 816 quod
2211 783 2309 818 vulgus,
2324 783 2417 808 Ponere

302 836 341 854 ms
354 823 508 853 ostenditur,
520 821 576 846 vela
595 820 638 846 do.
691 818 763 844 Idem
776 818 805 843 dc
820 818 876 843 Fin.
892 825 913 848 ε,
929 822 959 846 82
990 817 1047 842 Hoc
1062 815 1106 841 etsi
1128 815 1217 842 multis
1233 814 1317 841 modis
1376 813 1448 849 fitam
1461 813 1633 848 affl‘t‘iionem,
1645 814 1717 840 dicit.
1741 815 1869 843 Laudatur
1882 817 1965 843 Plaut.
1979 817 2048 843 Afin.
2061 826 2088 850 4,
2126 836 2133 843 .

298 858 450 895 reprehendi
463 856 557 891 potest,
570 861 655 880 tamen
667 854 782 888 accipio,
795 852 864 887 quod
878 852 934 877 dat:
959 851 1027 877 mihi
1041 851 1111 876 enim
1127 851 1185 877 satis
1199 851 1244 883 est,
1259 850 1318 884 ipfis
1383 850 1501 875 moerori
1515 850 1570 876 Cic.
1585 850 1637 875 Att.
1651 858 1671 881 3,
1687 855 1708 879 8.

306 664 410 690 quoque
423 650 567 678 conceditis.

2214 819 2341 844 Animum
2355 816 2418 843 dare

1781 850 1869 877 Annos
1883 852 1944 878 dare
1958 852 2097 879 venatibus
2107 872 2114 884 ,
2134 855 2152 878 i.
2173 851 2312 887 Corzficmere
2326 861 2418 879 venan—

297 905 350 922 non
363 895 428 920 satis.
497 891 550 917 Cic.
559 889 636 916 Acad.
651 899 679 922 4,
693 899 722 919 50
744 889 809 921 Qus
822 887 891 913 enim
903 886 953 912 tibi
968 885 1069 912 dederit
1081 890 1125 912 aut
1138 885 1216 913 deum
1229 886 1319 912 omnia
1383 884 1410 909 di
1421 883 1517 917 studiis
1536 885 1623 911 Valer.
1637 886 1736 919 Argon.
1757 893 1781 917 3,
1793 893 1854 918 242.
1923 887 2018 914 Ansam
2039 888 2070 915 ad
2090 886 2350 922 reprehendendum,
2367 894 2420 923 pro
2459 898 2460 901 ¹

296 931 372 965 pofl‘e,
385 934 427 954 aut
439 927 474 952 ita
487 926 619 952 faelurum
632 926 679 951 esse
694 924 711 950 fi
726 924 813 959 potiit?
834 926 851 948 i.
860 921 984 948 Conccdet.
1055 922 1133 948 Varr.
1150 931 1172 954 2,
1188 931 1207 954 1,
1221 924 1252 947 26
1270 921 1318 947 Sed
1329 928 1367 947 20
1382 921 1450 946 Dare
1463 919 1615 954 occasionem.
1651 921 1706 947 Cic.
1721 920 1752 946 de
1761 921 1869 947 Amicit.
1882 923 1916 948 60
1928 932 1950 949 c.
1959 926 1988 949 16
2019 924 2093 957 Qiin
2107 924 2186 949 etiam
2200 923 2297 948 necesse
2311 924 2362 949 erit
2374 931 2420 949 cu-
2447 946 2453 947 .

296 965 330 990 do
342 963 419 990 etiam
432 963 460 989 in
473 961 625 988 hominibus
640 961 706 994 posse
721 958 829 985 retineri
847 957 1018 984 nouenarium
1040 965 1190 983 numerum.
1262 957 1318 983 Cic.
1384 964 1446 989 pere
1460 962 1485 982 et
1498 962 1599 990 optare,
1614 961 1643 981 vt
1656 965 1734 990 quam
1749 956 1888 990 saepiffime
1901 964 1994 991 peccet
2010 960 2126 991 amicus,
2145 967 2198 993 quo
2207 958 2298 992 plures
2314 957 2359 984 det
2369 958 2422 985 fibi

295 1000 346 1026 Att.
360 1007 399 1032 14,
424 1017 430 1024 .
459 1017 466 1024 .
484 998 567 1023 Puero
582 1004 685 1031 quoque
701 995 749 1020 hoc
763 1003 827 1020 aruc
841 993 921 1026 dabis,
934 992 951 1018 fi
964 991 1015 1018 tibi
1029 991 1175 1020 videbitur.
1246 992 1319 1018 Idem
1383 996 1507 1025 tauquam
1527 992 1597 1017 ansas
1617 991 1649 1017 ad
1667 992 1923 1025 reprehendendum.
1991 994 2064 1020 Idem
2083 1003 2131 1029 pro
2144 995 2211 1020 Sext.
2226 1002 2259 1020 22
2297 993 2421 1027 Denique

294 1035 369 1061 Verr.
384 1043 403 1065 3,
418 1037 459 1063 218
477 1032 524 1058 Sed
538 1031 571 1057 do
585 1032 633 1057 hoc
646 1031 720 1057 vobis
733 1036 757 1056 ct
770 1029 892 1061 concedo,
907 1028 954 1054 esl'e
966 1027 1079 1060 multos,
1100 1035 1146 1054 etc.
1218 1027 1266 1059 Da,
1280 1028 1321 1060 da,
1383 1026 1464 1052 etiam
1483 1027 1610 1053 sermonis
1630 1027 1709 1053 Ausas
1728 1026 1820 1058 dabat,
1847 1027 1945 1062 quibus
1966 1030 2116 1056 reconditos
2140 1030 2196 1056 eius
2221 1029 2306 1055 sensus
2325 1034 2420 1057 „tenere

293 1078 340 1105 per
353 1077 425 1095 auras
439 1067 557 1094 curribus
569 1067 658 1100 patriis
675 1065 736 1091 vehi
765 1064 820 1090 Sen.
835 1065 906 1090 Med.
919 1073 944 1089 v.
957 1071 992 1094 32.
1064 1063 1139 1096 Quid
1153 1068 1239 1089 autem
1259 1064 1322 1089 Cae.
1381 1062 1520 1095 possemus.
1593 1062 1696 1100 Aquam
1715 1062 1776 1089 dare
1796 1063 1825 1089 in
1836 1064 1940 1095 aluum,
1949 1071 1997 1099 pro
2012 1067 2117 1092 Iniicere
2130 1065 2196 1091 Cels.
2210 1074 2237 1099 4,
2251 1073 2276 1096 15
2295 1063 2422 1100 adfinem.

293 1104 357 1131 cilio
371 1103 511 1137 Plautoque
522 1102 593 1128 dabit
612 1101 676 1126 Hor.
691 1101 722 1126 de
730 1102 792 1125 Arte
806 1106 876 1132 ν.53.
947 1098 1077 1132 Qinc‘til.
1092 1108 1128 1131 12,
1142 1108 1178 1129 ιο,
1193 1107 1221 1131 52
1240 1099 1321 1132 de
1335 1106 1366 1130 25
1385 1099 1487 1131 Aquam
1501 1098 1562 1124 darc
1575 1097 1695 1123 manibus
1708 1098 1788 1125 Plaut.
1803 1098 1917 1126 Trucul.
1932 1108 1957 1132 2,
1973 1109 1996 1132 5,
2010 1105 2050 1130 28-
2121 1100 2245 1127 Arbitros
2261 1100 2333 1126 Caes.
2344 1100 2371 1126 B.
2384 1099 2418 1128 G.

294 1140 313 1167 fi
327 1139 394 1165 mihi
409 1139 450 1164 des
466 1137 597 1163 confilium
616 1135 730 1160 iudicum
743 1135 903 1168 sapientum,
923 1142 1048 1168 perquam
1065 1134 1149 1160 multa
1162 1133 1276 1160 recidam
1289 1143 1321 1161 ex
1385 1141 1406 1166 5,
1422 1141 1440 1158 1.
1476 1133 1532 1160 Cic.
1547 1132 1578 1158 de
1591 1133 1684 1166 chib.
1702 1142 1720 1163 1,
1733 1141 1759 1166 53
1791 1135 1846 1168 Ego
1868 1135 1943 1169 plane
1955 1135 2053 1162 vellem
2065 1136 2253 1163 meArbitrum
2271 1135 2341 1161 inter
2353 1133 2422 1161 anti-

294 1174 457 1201 orationibus
476 1181 527 1197 nou
547 1170 680 1196 Ciceronis
700 1169 795 1201 modo,
829 1170 870 1195 scd
890 1170 969 1195 etiam
990 1169 1065 1201 ειυς,
1090 1170 1136 1204 qui
1152 1169 1187 1195 cst
1204 1169 1322 1197 stric‘lior
1385 1177 1464 1202 quam
1480 1168 1648 1194 Academiam
1665 1174 1690 1194 et
1705 1169 1836 1196 Zenonem
1855 1170 1952 1197 datum.
2024 1171 2092 1198 Ter.
2107 1173 2202 1198 Heaut.
2223 1180 2252 1205 4,
2271 1178 2294 1203 5,
2307 1178 2342 1203 ²9
2371 1170 2422 1196 Ar-

295 1210 392 1241 multo,
412 1205 601 1234 Demosthenis,
627 1207 644 1230 i.
659 1205 685 1230 Si
693 1208 790 1238 pateris
803 1214 838 1231 me
846 1212 937 1239 ponere
956 1211 979 1230 et
986 1205 1082 1240 Jimzere
1094 1206 1156 1231 hanc
1170 1205 1321 1240 hypothefin.
1386 1209 1492 1238 gentum
1510 1203 1617 1230 dabitur
1631 1204 1656 1230 ci
1670 1204 1701 1230 ad
1715 1205 1819 1239 nuptias
1832 1215 1940 1239 aurum,
1955 1212 2033 1240 atque
2052 1206 2159 1233 vestem.
2212 1209 2423 1241 ‘Argumentum

298 1245 355 1272 Vid.
369 1253 394 1269 n.
408 1251 423 1277 7
440 1243 506 1268 Dare
519 1239 612 1266 Verba.
667 1239 707 1266 Sic
719 1240 814 1266 Demus
839 1239 970 1273 Qiindfil.
984 1249 1012 1274 4,
1025 1249 1045 1273 1,
1060 1248 1099 1273 24.
1114 1244 1143 1266 ir.
1159 1249 1193 1273 12,
1208 1250 1227 1273 1,
1243 1250 1275 1273 9,
1292 1248 1321 1267 vt
1377 1238 1459 1266 -aliud
1480 1239 1523 1266 dat
1542 1239 1719 1266 controuersia
1746 1241 1876 1274 Qiinelil.
1891 1250 1918 1276 7,
1933 1251 1952 1274 1,
1967 1250 2007 1276 57.
2043 1241 2111 1268 Add.
2129 1251 2153 1275 5,
2169 1250 2211 1275 ιο,
2229 1244 2273 1276 76.

286 1280 349 1316 fac,
370 1280 498 1308 Ponamus,
518 1281 562 1301 etc.
632 1273 691 1313 Cic.
702 1273 734 1300 de
747 1276 804 1301 Fin.
825 1283 837 1308 5
855 1285 876 1301 c.
897 1280 928 1305 28
952 1274 1069 1302 Prima'li
1090 1276 1208 1309 dederis‘,
1237 1276 1320 1302 danda
1335 1284 1367 1308 30
1386 1276 1450 1301 Aen.
1466 1283 1487 1307 3,
1501 1280 1532 1308 89
1563 1275 1603 1302 Da
1623 1281 1694 1310 pater
1706 1276 1960 1312 Augurium,atquc
1980 1278 2075 1304 animis
2096 1277 2213 1305 inlabere
2227 1277 2340 1304 nostris.
2368 1280 2423 1303 Au-

293 1316 351 1342 sunt
369 1313 462 1339 omnia.
532 1310 569 1335 Da
583 1308 632 1335 hoc
653 1309 693 1335 illi
708 1316 844 1340 mortuae,
861 1310 893 1336 da
907 1311 1015 1337 caeteris
1033 1311 1122 1338 amicis
1136 1321 1164 1338 ac
1183 1312 1322 1339 familiari·
1384 1311 1507 1346 glirium,
1519 1310 1600 1338 modo
1618 1312 1768 1338 oraculum:
1797 1312 1841 1339 sed
1859 1313 2021 1348 vsurpatiue.
2052 1313 2168 1340 Seruius.
2243 1312 2359 1339 Auribus
2376 1311 2424 1339 ali-

292 1349 355 1381 bus,
382 1347 426 1382 qui
442 1352 486 1372 tuo
508 1344 599 1374 dolore
618 1351 751 1371 moerent:
788 1345 820 1371 da
838 1346 953 1380 patriae,
971 1352 999 1373 vt
1014 1346 1031 1372 si
1047 1356 1097 1381 qua
1111 1348 1138 1373 in
1157 1356 1186 1374 rc
1200 1357 1265 1382 opus
1281 1348 1321 1381 sit,
1386 1348 1474 1378 cuius,
1493 1347 1545 1374 ἂς.
1565 1346 1708 1380 ΛΗὲητανί,
1721 1347 1840 1375 blandiri.
1877 1348 1932 1375 Cic.
1947 1349 2018 1375 Fam.
2033 1351 2071 1381 16,
2084 1357 2101 1383 7
2115 1352 2172 1381 (12,
2185 1350 2230 1380 16)
2261 1347 2330 1374 Noli
2348 1352 2432 1382 puta?

291 1392 369 1418 opera
389 1388 413 1408 ct
426 1379 533 1407 confilio
547 1386 594 1406 tuo
612 1380 651 1418 vti
666 1380 739 1411 pollit
765 1380 838 1407 Seru.
851 1381 945 1415 Sulpic.
960 1383 992 1408 ad
1010 1383 1065 1409 Cic.
1081 1384 1150 1409 Fam.
1167 1392 1194 1416 4,
1208 1393 1229 1415 5.
1262 1387 1279 1410 i.
1294 1387 1321 1409 in
1385 1391 1430 1416 re,
1442 1383 1481 1409 mi
1495 1383 1608 1414 Cicero,
1621 1392 1663 1409 nne
1683 1383 1733 1410 hoc
1752 1384 1861 1411 auribus
1881 1384 1934 1410 tuis
1955 1383 2025 1410 dare.
2059 1384 2127 1412 Add.

289 1419 357 1445 illius
369 1419 473 1453 gratiam
494 1415 572 1441 dolori
590 1414 683 1448 resiste,
703 1422 748 1441 etc.
816 1416 873 1442 Cic.
887 1426 935 1451 pro
949 1417 1035 1451 Ligar.
1049 1427 1071 1444 e.
1085 1427 1112 1444 η
1132 1420 1167 1445 Vt
1181 1419 1321 1445 conceffisti
1386 1419 1469 1445 Aures
1485 1418 1560 1450 darc,
1578 1417 1611 1452 ⁶st
1623 1419 1719 1445 Audire
1740 1426 1763 1445 es
1782 1419 1884 1456 obsequi.
1939 1419 1996 1446 Sen.
2013 1420 2122 1454 Hippoi.
2135 1428 2178 1453 415
2210 1420 2312 1446 'Amare
2331 1419 2424 1451 discat,

288 1455 326 1480 M.
340 1451 490 1479 Marcellum
504 1451 608 1476 Senatui
617 1469 630 1489 ,²
642 1449 675 1475 fic
691 1450 723 1476 da
739 1450 808 1476 hunc
821 1452 928 1485 populo.
979 1453 1026 1480 Sed
1038 1455 1091 1479 Att.
1106 1463 1144 1487 10,
1157 1463 1176 1489 4
1189 1462 1252 1481 extr.
1273 1455 1323 1481 Tu
1340 1457 1368 1484 3)·
1385 1460 1492 1480 mutuos
1511 1455 1583 1488 ignes
1606 1455 1691 1484 serat,
1717 1454 1761 1481 det
1779 1455 1864 1481 facilis
1876 1456 1974 1481 Aures:
2003 1462 2088 1482 votum
2103 1455 2229 1483 Phaedrae
2249 1455 2277 1481 de
2292 1457 2423 1489 priuigno.
2464 1456 2470 1466 ⁸

287 1489 388 1523 Oppios
407 1486 551 1513 Terentiae
572 1484 644 1510 dabis
654 1503 661 1515 ,
680 1488 698 1511 i.
710 1487 870 1518 conciliabis,
885 1487 990 1521 parabis
1008 1492 1107 1515 amicos.
1262 1487 1283 1526 q
1304 1499 1324 1524 4
1386 1490 1441 1516 Cic.
1451 1490 1504 1516 Att.
1517 1499 1537 1522 1,
1550 1498 1569 1523 4
1583 1493 1619 1521 (5)
1638 1490 1744 1516 Etenim
1756 1499 1839 1524 quum
1851 1491 1948 1517 multos
1963 1491 2018 1517 dies
2031 1492 2116 1517 Aures
2129 1499 2198 1517 ineas
2208 1490 2326 1516 Acutilio
2339 1489 2426 1515 dedis·
2458 1492 2460 1494 ’

286 1525 368 1552 Seruit
388 1526 459 1549 etiam
476 1520 680 1560 aliis-formulis..
706 1529 735 1560 p.
758 1530 783 1556 g.
830 1556 835 1560 ι
854 1522 936 1547 Plaut.
956 1523 1033 1549 Cure.
1057 1532 1089 1555 2,
1111 1532 1138 1556 3,
1157 1529 1190 1557 84
1218 1525 1322 1552 Ostium
1385 1526 1454 1557 sem,
1468 1526 1542 1551 cuius
1555 1526 1685 1551 sermonis
1695 1534 1785 1559 genus,
1799 1533 1845 1553 etc,
1892 1526 2045 1560 Auspicium
2059 1535 2161 1561 pugnae
2174 1527 2236 1551 dare
2254 1525 2300 1551 Sil.
2312 1532 2351 1559 17,
2375 1544 2382 1550 .
2414 1543 2424 1551 .

288 1560 335 1586 vbi
350 1556 484 1592 conspexi,
504 1555 596 1582 exinde
612 1564 653 1581 mc
673 1554 746 1581 illi-:o
767 1562 900 1590 protinam
917 1556 987 1583 dedi.
1025 1560 1055 1584 In
1073 1559 1129 1584 ludo
1141 1561 1200 1585 XII
1213 1560 1322 1595 firipto-
1385 1560 1531 1586 Auctorem
1553 1559 1615 1586 darc
1633 1568 1689 1586 rem
1708 1561 1788 1587 Plaut.
1802 1561 1931 1587 Trinum.
1944 1570 1964 1593 1,
1978 1570 2001 1594 2,
2012 1569 2055 1596 70.
2083 1561 2141 1588 Vid.
2162 1566 2307 1586 AVCTOR.
2360 1559 2424 1587 Liu.
2459 1572 2461 1574 ·

288 1604 342 1622 rum
359 1593 420 1620 dare
443 1591 475 1625 est
501 1591 534 1618 ad
554 1600 674 1617 numerum
704 1592 764 1616 talis
786 1590 880 1618 iaftmn
903 1593 1019 1619 collocare
1043 1595 1083 1620 vel
1103 1593 1187 1619 ducere
1206 1596 1321 1622 calculos.
1384 1600 1423 1627 38,
1461 1615 1467 1620 .
1505 1614 1513 1621 .
1548 1594 1658 1621 Auxilia
1669 1595 1815 1622 Nicomedi
1827 1596 1898 1628 dant,
1910 1602 1955 1622 etc.
1976 1618 1977 1621 ,
2002 1597 2104 1623 Bellum
2118 1596 2172 1631 ipsc
2185 1594 2246 1621 dedi
2260 1595 2425 1623 Stat.Theb.
2447 1614 2451 1615 ν

283 1629 371 1656 Ouid.
385 1630 438 1655 Art.
454 1636 478 1663 2,
494 1636 546 1660 204
571 1627 619 1653 Tu
633 1625 698 1652 male
711 1626 825 1659 iactato,
839 1633 867 1653 tu
878 1628 947 1654 male
962 1628 1029 1654 iafta
1043 1628 1114 1655 dato.
1139 1629 1197 1655 Vici.
1211 1630 1368 1663 Qii11&.40
1385 1639 1420 1661 12,
1433 1632 1487 1662 336.
1560 1629 1738 1662 Beneficium,
1755 1638 1804 1666 pro
1816 1632 1903 1657 facere
1921 1640 1972 1657 rem
1989 1639 2097 1668 gratam.
2166 1631 2245 1665 Inopi
2262 1630 2438 1665 beneficium·¹
2446 1655 2451 1662 ,

292 1674 326 1698 11,
340 1673 364 1697 2,
376 1670 402 1697 38
419 1671 440 1690 ec
454 1672 512 1699 quae
525 1662 559 1688 ibi
571 1665 661 1688 notaui.
719 1662 845 1688 Interdum
855 1666 959 1698 ponitur
972 1670 1020 1698 pro
1034 1666 1130 1691 Dicere.
1168 1665 1236 1693 Ter.
1251 1667 1321 1693 Prol.
1384 1665 1425 1691 bis
1439 1665 1497 1696 dat,
1515 1665 1564 1700 qui
1577 1665 1622 1692 dat
1640 1665 1770 1693 celeriter.
1782 1666 1942 1693 Beneficium
1955 1666 2041 1694 dando
2054 1667 2170 1701 accepit,
2189 1666 2238 1701 qui
2249 1665 2330 1699 digno
2348 1663 2426 1692 dedie-

290 1701 384 1727 Heaut.
400 1708 427 1725 10
467 1699 543 1725 Nunc
557 1707 634 1732 quam
651 1697 686 1723 ob
705 1706 762 1723 rem
784 1698 827 1724 has
846 1704 930 1732 partes
949 1699 1104 1725 didicerim:
1135 1700 1223 1734 paucis
1243 1700 1321 1728 dabo.
1384 1701 1410 1726 P.
1427 1701 1481 1731 Syr.
1496 1701 1573 1726 Mim.
1611 1701 1666 1727 Cic.
1681 1702 1753 1728 Fam.
1774 1709 1809 1733 13,
1823 1710 1848 1733 13
1876 1702 1939 1735 Qio
1958 1702 1987 1728 in
2003 1711 2112 1729 munere
2131 1703 2169 1728 ita
2187 1700 2368 1732 retractauit,
2387 1705 2419 1726 vt

291 1736 347 1762 Cic.
363 1736 414 1761 Att.
430 1743 464 1767 12,
476 1742 501 1767 15
526 1734 604 1760 Dabis
618 1733 698 1767 igitur
710 1733 889 1767 tribunatum,
903 1740 943 1767 et,
958 1735 974 1760 fl
988 1735 1104 1769 poteris,
1124 1735 1252 1762 Tubulus
1266 1745 1320 1770 quo
1384 1736 1506 1768 accepiffe
1525 1735 1558 1761 ab
1579 1745 1612 1761 co
1634 1736 1795 1763 Beneficium
1811 1736 1918 1763 viderer
1936 1746 1990 1764 non
2008 1738 2112 1765 dedisse.
2147 1736 2274 1765 Addnld.
2286 1735 2325 1762 ib.
2341 1738 2422 1767 (520.
2471 1750 2476 1753 -

289 1771 400 1798 crimine
414 1777 458 1796 etc.
479 1773 496 1795 i.
522 1769 621 1796 docebis.
678 1768 754 1803 Virg.
767 1769 819 1795 Ecl.
835 1778 855 1802 1,
869 1778 897 1802 19
916 1770 965 1796 Sed
979 1777 1066 1797 tamen
1083 1770 1130 1796 iste
1143 1770 1205 1797 deus
1220 1772 1266 1805 qui
1282 1772 1321 1804 sit,
1385 1770 1454 1796 Ter.
1469 1769 1550 1795 Andr.
1565 1779 1588 1802 3,
1603 1779 1626 1801 2,
1640 1781 1659 1804 4
1689 1771 1747 1797 Post
1767 1771 1860 1797 deinde
1879 1772 1951 1805 quod
1968 1773 2040 1805 iuffi,
2053 1774 2078 1799 ei
2090 1773 2149 1799 date
2163 1772 2268 1798 Bibere.
2309 1770 2357 1798 Vbi
2368 1769 2424 1796 Do·
2464 1776 2465 1780 ¹

287 1806 321 1832 da
334 1806 430 1837 Tityre
449 1804 533 1831 nobis.
587 1805 642 1831 Cic.
656 1804 733 1830 Acad.
752 1813 772 1836 1,
787 1813 814 1830 10
835 1814 857 1831 c.
874 1814 887 1837 3
915 1805 963 1831 Sed
981 1806 1011 1832 da
1030 1805 1098 1832 mihi
1117 1815 1201 1839 nunc,
1227 1807 1321 1833 satisne
1334 1807 1367 1833 45
1384 1811 1475 1838 natus,
1500 1806 1569 1831 Dare
1589 1805 1697 1836 bibere,
1717 1804 1906 1832 consuetudine
1923 1807 2021 1839 magis,
2041 1816 2120 1840 quam
2138 1807 2241 1832 ratione
2259 1805 2348 1836 dixit,
2372 1811 2424 1837 pro

289 1841 396 1876 probas,
410 1841 492 1866 immo
504 1848 581 1871 vere,
595 1847 640 1866 etc.
696 1841 789 1866 Horat.
811 1840 861 1867 Sat.
875 1849 900 1873 2,
916 1845 939 1874 8,
953 1848 965 1874 5
1002 1842 1057 1874 Da,
1071 1841 1088 1867 si
1109 1850 1188 1874 graue
1206 1851 1259 1868 non
1275 1843 1321 1874 est,
1384 1841 1451 1867 Date
1465 1841 1491 1866 ei
1503 1840 1650 1875 potionem.
1687 1841 1805 1867 Lucilius
1819 1841 1846 1867 in
1861 1842 1943 1873 sexto,
1958 1842 2023 1867 Date
2037 1841 2129 1867 bibere
2142 1842 2254 1866 summo.
2290 1840 2362 1866 Nam
2369 1838 2426 1864 duo

2343 1241 2421 1275 Virg.
2466 1252 2470 1258 ·

2148 1383 2257 1418 Quincti.
2276 1392 2315 1416 12,
2329 1392 2368 1415 10,
2379 1389 2432 1416 45..
2475 1389 2477 1391 ·

252 2307 256 2311 ’
294 2302 383 2325 tionem
396 2299 474 2324 Iustit.
483 2298 513 2324 de
525 2298 620 2325 action.
930 2330 935 2334 ¹

296 2333 328 2360 dc
340 2334 411 2361 verb.
423 2333 502 2368 oblig.
538 2334 583 2361 διά
594 2336 671 2360 lutcus
680 2340 751 2369 patet
764 2337 790 2359 in
804 2334 845 2360 illo
858 2335 914 2360 Cic.
928 2334 979 2360 Off.
994 2343 1016 2366 3,
1032 2338 1065 2361 66
1092 2337 1230 2364 Arbitrum
1245 2338 1320 2364 illum
1337 2339 1372 2365 60

289 1878 363 1909 Qac
383 1876 464 1909 prima
483 1876 577 1902 iratum
597 1881 716 1901 ventrem
736 1876 877 1910 placauerit
895 1877 959 1902 esca.
1015 1877 1084 1903 Ter.
1101 1876 1205 1903 Phorm.
1220 1885 1240 1909 5,
1255 1880 1281 1910 6,
1294 1884 1322 1909 38

291 1914 374 1945 Atque
389 1911 471 1937 hercle
485 1919 533 1944 ego
546 1919 649 1944 quoque
664 1911 737 1938 illam
751 1911 842 1937 audiui
861 1911 987 1937 fabulam.
1015 1918 1065 1938 GE.
1086 1913 1172 1937 Immo
1186 1912 1265 1938 ctiam
1279 1912 1322 1938 da-

290 1947 344 1978 bo,
357 1955 409 1980 quo
426 1946 505 1979 magis
523 1945 616 1971 credas.
654 1946 777 1972 Interdum
791 1946 880 1972 reddas
911 1955 936 1972 cr
953 1948 1047 1972 Facere.
1083 1946 1152 1972 Ter.
1168 1947 1242 1972 Adel.
1256 1955 1278 1978 3,
1292 1956 1321 1979 4,

280 1992 312 2015 ·4
327 1981 351 2008 O
365 1980 487 2007 Aeschine
501 1980 544 2013 pol
563 1980 630 2005 haud
644 1986 776 2013 paternum
791 1980 858 2008 istud

292 2025 330 2043 tre
351 2018 412 2042 talia
425 2016 522 2050 facere.
556 2015 689 2047 Donatus,
708 2016 823 2047 Dedisti,
838 2016 906 2042 deest
928 2017 1041 2043 facinus:
1058 2023 1084 2042 ct
1105 2015 1196 2042 dedisti
1216 2026 1264 2051 pro
1285 2018 1322 2043 fe-

294 2052 360 2078 cisti.
397 2050 444 2076 Sed
460 2050 492 2077 fic
510 2049 606 2076 dicitur
622 2050 648 2075 in
665 2059 693 2076 rc
713 2059 819 2085 magna,
839 2057 867 2077 vt
884 2051 963 2078 Dabit
983 2051 1028 2078 illc
1047 2052 1136 2078 ruinas
1162 2052 1324 2086 Arboribus,

295 2088 455 2121 stragemque
468 2085 533 2111 satis.
602 2086 675 2119 Virg.
689 2086 752 2111 Aen.
769 2088 795 2118 6,
808 2088 841 2111 66
874 2087 912 2112 Da
932 2103 975 2106 —
996 2087 1073 2113 Latio
1097 2087 1230 2114 confidere
1248 2089 1324 2115 Teu-

296 2132 353 2149 cros
364 2124 430 2148 Dare
443 2121 557 2153 viff'tum,
574 2123 592 2147 i.
613 2123 709 2147 vincerc
728 2121 786 2147 Sall.
802 2122 857 2155 lug.
872 2129 914 2157 75,
925 2132 952 2155 4.
1007 2123 1076 2149 Ter.
1091 2123 1188 2150 Heaut.
1208 2131 1230 2156 5,
1251 2133 1272 2156 1,
1291 2129 1324 2159 78

296 2158 322 2184 si
336 2158 398 2184 vino
411 2157 474 2183 adeo
487 2158 637 2182 exornatum
651 2155 733 2188 dabo,
753 2156 816 2182 adeo
834 2158 977 2192 depexum,
992 2164 1037 2191 vt,
1051 2158 1114 2184 dum
1127 2159 1216 2191 viuat,
1230 2161 1322 2185 memi-
1340 2165 1369 2191 55

282 2193 365 2220 'uerit
382 2192 480 2227 semper
497 2192 559 2218 mei.
609 2192 690 2218 Plaut.
711 2191 805 2227 Amph.
828 2202 880 2224 1,1,
894 2202 926 2226 54
964 2194 990 2220 Si
1010 2209 1055 2214 -—
1074 2202 1159 2229 neque
1174 2194 1235 2221 dent
1256 2204 1323 2229 quae

294 2234 379 2265 petat.
396 2231 414 2254 i.
431 2232 548 2262 imperata
560 2227 671 2263 faciant.
829 2226 849 2266 q
871 2236 883 2262 5
920 2227 1117 2262 Construfflonss
1137 2230 1234 2266 diuersa
1248 2234 1323 2257 ratio.

296 2263 529 2297 Da1·e,.limplic1'tcr
538 2266 726 2298 pronuntiatum
745 2263 810 2298 apud
823 2265 956 2299 Iuriscons.
973 2264 1074 2292 denotat
1087 2267 1201 2292 Dominis
1214 2268 1323 2292 transla-

638 2297 661 2336 §.
681 2298 722 2324 Sic
736 2298 823 2332 itaque
841 2299 958 2325 discretis
972 2300 989 2325 l.
1008 2300 1063 2326 Vbi
1083 2305 1170 2327 autem
1187 2299 1209 2338 §.
1226 2302 1269 2328 fin.
1290 2303 1322 2329 D.

294 2369 394 2404 adegit,
417 2369 479 2403 quid
500 2369 546 2395 fibi
565 2368 626 2395 dare
647 2370 732 2395 facere
754 2375 888 2403 oporteret
909 2378 940 2396 cx
960 2369 1010 2396 fide
1028 2370 1107 2398 bona.

294 2410 364 2431 tuam
379 2405 520 2431 faciendam
539 2405 618 2431 Plaut.
640 2405 747 2431 Curcul.
769 2414 787 2437 1,
811 2414 834 2439 2,
850 2413 890 2439 50.
927 2406 968 2433 sic
987 2406 1052 2440 apud
1068 2407 1124 2433 Cic.
1143 2407 1226 2434 Tusc.
1246 2418 1274 2441 4,
1289 2415 1322 2441 84

294 2440 361 2467 Dare
379 2441 404 2466 se
419 2440 597 2474 philosophiae
609 2440 791 2467 excolendum.
846 2443 877 2467 Et
891 2441 944 2467 Ate.
958 2450 983 2473 2,
998 2450 1007 2466 1
1036 2442 1105 2468 Dare
1126 2442 1225 2468 librum
1239 2444 1323 2477 perse.

295 2475 404 2502 rendum
424 2475 454 2501 ad
473 2476 595 2510 aliquem.
667 2476 708 2502 Do
729 2477 876 2512 ferre,pro
896 2478 934 2503 Do
951 2476 1085 2511 ferendum
1105 2477 1236 2510 Qiinc'til.
1255 2486 1280 2510 9,
1301 2486 1323 2510 3.

296 2511 371 2544 Virg.
386 2512 448 2536 Aen.
463 2518 485 2543 5,
498 2516 546 2543 248
573 2513 603 2538 Et
615 2511 715 2546 argenti
734 2521 857 2546 magnum
876 2512 919 2537 dat
939 2513 1008 2538 ferre
1021 2513 1156 2538 talentum.

297 2545 331 2570 est
341 2564 347 2574 ‚
367 2545 419 2570 duo
433 2546 512 2571 verba
528 2547 684 2580 coniungere
694 2567 701 2579 ‚
721 2553 749 2573 vt
763 2546 854 2581 paullo'
866 2547 936 2581 post,
958 2548 1043 2573 Donat
1059 2548 1155 2577 habere
1169 2548 1238 2575 viro.
1267 2549 1324 2575 Sex·-

298 2579 368 2605 vius.
411 2580 449 2605 Sic
465 2581 528 2604 Aen.
543 2588 568 2612 9,
583 2584 629 2611 362
657 2583 707 2607 Dat
723 2582 819 2609 habere
833 2582 932 2616 nepoti.
970 2582 1046 2616 Virg.
1061 2584 1127 2609 Aen.
1141 2592 1165 2615 9,
1180 2591 1221 2617 173
1249 2585 1324 2616 Quos

298 2620 371 2649 pater
390 2615 485 2639 Aeneas
517 2629 561 2633 —
593 2624 695 2641 morum
715 2617 785 2644 dedit
803 2619 850 2643 effe
865 2619 907 2643 Ma
928 2616 1011 2643 istros.

299 2650 371 2684 ginta
382 2649 460 2674 minis
472 2649 553 2674 Plaut.
568 2650 633 2675 Pers.
651 2658 678 2682 4,
691 2659 717 2682 4,
732 2659 764 2682 13.

300 2685 404 2711 modius
420 2684 495 2711 datur
509 2692 567 2709 acre
587 2691 721 2718 quaterno.

1181 2373 1256 2399 Dabo
1275 2373 1322 2400 sta-

1082 2618 1165 2644 Datur
1179 2618 1241 2644 haec
1256 2620 1324 2645 sexa-

819 2653 914 2680 Martia
928 2673 933 2678 .
948 2661 982 2681 η,
996 2660 1026 2686 73
1060 2652 1195 2687 Amphora
1213 2654 1324 2687 vigenis,

301 2727 324 2746 et
339 2721 404 2751 loco,
418 2726 445 2745 vt
465 2726 593 2745 occurrunt
611 2729 663 2752 res,
679 2727 705 2745 ut
719 2719 768 2754 fi’fi
788 2721 903 2754 offerunt.
939 2722 1005 2748 Ter.
1022 2723 1085 2748 Hcc.
1100 2732 1120 2756 3,
1137 2733 1156 2755 2,
1171 2732 1204 2750 20
1235 2725 1324 2750 Profe-

301 2754 345 2780 διο
361 2754 409 2780 hoc
423 2754 439 2779 fi
455 2754 505 2785 cst,
522 2760 549 2779 vt
570 2760 632 2788 puto
650 2755 772 2780 omnibus
785 2755 860 2782 nobis
874 2762 901 2782 vt
920 2765 959 2782 res
974 2756 1032 2783 dant
1048 2759 1114 2790 sese,
1132 2759 1169 2785 ita
1186 2760 1273 2792 magui
1289 2765 1325 2786 at-

303 2798 354 2823 que
375 2789 485 2815 humiles
506 2790 601 2816 sumus.
657 2790 715 2816 Liu.
732 2796 771 2821 28,
807 2811 813 2816 .
849 2811 855 2818 .
891 2792 1039 2822 Pollicitus.
1053 2800 1129 2827 prout
1143 2803 1241 2826 res,ac
1260 2800 1324 2820 tem-

302 2834 349 2858 pus
366 2825 389 2850 sc
405 2825 491 2856 daret,
504 2831 547 2850 etc.
601 2826 673 2857 Qiot
692 2834 732 2851 res
752 2824 861 2858 delere,
876 2826 923 2852 vbi
942 2828 1036 2861 possem
1055 2829 1237 2862 persentiscere
1255 2830 1324 2855 Ter.

304 2861 398 2885 Heaut.
418 2867 438 2891 5,
459 2868 477 2891 ι,
496 2868 526 2891 43
540 2859 643 2894 subaud.
664 2861 696 2886 se.

305 2895 354 2921 Dat
375 2895 399 2920 se
419 2903 457 2921 res
476 2894 546 2920 Idem
560 2894 590 2920 de
604 2895 638 2921 N.
656 2896 686 2921 D.
706 2904 717 2927 3
735 2906 756 2922 c.
770 2899 809 2923 26.
845 2898 902 2924 istd.
917 2899 992 2924 Gron.
1007 2899 1039 2924 ad
1054 2899 1113 2926 Liu.
1133 2905 1172 2930 28,
1193 2908 1213 2932 5.
1250 2899 1323 2934 Cous.

303 2939 358 2956 mox
373 2939 397 2955 n.
412 2937 436 2964 7.
590 2928 610 2963 q
631 2933 646 2957 6
687 2932 768 2962 Dare,
782 2933 928 2968 propinare,
949 2933 1079 2967 Exlrn'rere,
1092 2938 1119 2960 in
1137 2935 1240 2961 medicae
1260 2937 1326 2961 artis

303 2967 432 2991 exercitio:
478 2966 576 2992 Vinum
589 2965 649 2992 dare
666 2966 782 2993 Sci-ibon.
798 2976 840 2994 20.
886 2969 968 2995 Datur
981 2977 1106 3003 quantum
1119 2970 1179 2996 saba
1201 2977 1251 3001 123.
1267 2978 1323 3002 144.

303 3014 348 3020 ——-
382 3006 506 3034 quantum
525 3010 578 3027 nux
598 3001 712 3028 aucllana
734 3011 786 3028 120.
848 3003 948 3030 Dantur
963 3005 993 3030 ad
1017 3004 1178 3031 stomachum
1200 3005 1325 3031 habentes

303 3035 462 3062 imbecillem
476 3045 508 3068 92
519 3035 669 3072 sapastilli.

302 3084 347 3090 -—
382 3071 541 3098 Salam-andra
559 3077 609 3106 187-
679 3073 772 3108 Rurfies
786 3074 850 3108 apud
863 3076 934 3101 ICtos
944 3075 1072 3110 sollemnia
1084 3076 1145 3110 sunt
1158 3075 1246 3101 uerba:
1274 3075 1325 3105 Do,

304 3106 385 3138 Dico,
400 3106 510 3138 Addit-0,
524 3107 608 3142 quibus
620 3111 696 3133 omnis
710 3110 851 3135 Prasiorum
859 3109 978 3145 poteslas,
992 3120 1049 3146 quae
1061 3111 1129 3136 morlo
1144 3109 1198 3143 (flet
1216 3113 1243 3135 in
1261 3109 1325 3135 iudi-

303 3144 364 3172 ciis,
382 3141 518 3167 notabatur.
556 3144 662 3169 PrImum
681 3143 756 3169 dandi
774 3144 865 3170 iudicis
876 3145 1005 3181 fignificat
1019 3144 1178 3180 potestatem,
1193 3144 1326 3180 ficzmdnm

303 3178 366 3201 iuris
379 3176 489 3211 dici-ndi,
510 3183 532 3203 ct
544 3177 664 3213 ferendae
676 3179 829 3213 J}·nrc71tiae‚
846 3184 944 3207 tertium
962 3180 1067 3206 iudicari
1080 3179 1212 3215 faciendi,
1226 3186 1249 3205 ct
1263 3188 1290 3204 cx
1304 3179 1325 3204 {³-

304 3211 399 3245 qut—ndi.
436 3213 537 3238 Dicitur
556 3219 577 3238 et
595 3215 661 3247 plene
681 3215 748 3240 Dare
767 3214 910 3247 iudicium,
928 3215 988 3249 le.
1008 3215 1067 3240 inl.
1082 3215 1168 3248 prima
1187 3215 1218 3240 D.
1233 3213 1263 3240 dc
1292 3214 1324 3239 iis
1342 3212 1371 3240 85
1388 3217 1431 3238 tur
1443 3211 1581 3238 Counubia
1601 3211 1731 3245 gentibus.

306 3246 352 3277 qui
365 3246 444 3272 dcicc.
457 3247 496 3272 vel
512 3246 588 3273 cffud.
602 3249 706 3275 Praetor
719 3250 764 3281 ait,
779 3250 825 3284 qui
840 3250 991 3276 deiecerunt
1006 3250 1047 3275 vel
1062 3249 1210 3275 effiiderunt
1223 3249 1250 3274 in
1265 3257 1326 3274 eum

309 3280 391 3306 locum
401 3301 407 3312 ‚
421 3291 473 3315 quo
492 3283 571 3317 vulgo
585 3283 634 3309 iter
648 3283 700 3316 fier,
715 3292 758 3311 etc.
780 3292 905 3319 quantum
917 3294 948 3311 ex
965 3293 994 3311 ea
1008 3293 1036 3310 re
1050 3284 1172 3309 damnum
1188 3283 1275 3309 datum
1290 3284 1326 3309 fa-

309 3319 410 3341 cuuuuc
424 3318 489 3349 crit,
509 3318 535 3343 in
550 3327 624 3350 eum,
639 3320 685 3353 qui
704 3320 742 3345 ibi
763 3319 905 3350 habitauit,
932 3320 959 3345 in
979 3319 1086 3353 duplum
1106 3318 1235 3344 iudicium
1249 3317 1325 3344 dabo.

306 3349 362 3375 (ic.
377 3352 450 3377 Vcrr.
464 3361 487 3383 2,
501 3355 534 3379 66
553 3363 574 3379 c.
589 3361 621 3388 27
656 3355 681 3380 Si
697 3355 755 3388 quis
768 3364 827 3380 cum
849 3354 981 3388 pulsasset,
1001 3353 1084 3380 edixit
1097 3354 1123 3379 sc
1142 3353 1271 3379 iudicium
1286 3353 1324 3379 in-

898 1981 982 2007 edisti.
1001 1984 1018 2007 i.
1042 1982 1099 2007 Non
1114 1981 1226 2013 didicisti
1244 1992 1259 2008 a
1276 1984 1322 2008 Pa·
1339 1991 1371 2017 50

1379 2583 1477 2618 facere.

790 2687 824 2712 Vt
838 2696 875 2712 res
888 2687 948 2713 dant
963 2688 1028 2721 sese,
1049 2690 1067 2714 i.
1090 2690 1137 2714 Pro
1156 2698 1197 2721 re,
1210 2696 1323 2723 tempore,
1337 2692 1372 2720 70
1387 2696 1409 2720 3,
1426 2690 1485 2718 1,16
1515 2687 1586 2714 Nam
1604 2688 1629 2713 ei
1648 2695 1725 2713 vnam
1744 2688 1861 2712 Coenam
1882 2692 1961 2721 atque
1982 2686 2037 2712 eius
2056 2686 2198 2712 comitibus
2217 2685 2286 2713 dedi.

768 2863 801 2887 Vt
819 2863 843 2887 se
862 2862 979 2889 dederint
1001 2864 1077 2890 initia
1109 2865 1163 2891 Cic.
1181 2866 1232 2891 Att.
1250 2872 1274 2896 3,
1289 2873 1323 2895 23-
1337 2866 1369 2894 73
1388 2862 1464 2887 Colla
1477 2861 1579 2886 lacertis
1592 2860 1653 2886 darc
1665 2860 1725 2886 Stat.
1741 2859 1826 2886 Achil.
1842 2869 1865 2892 2,
1901 2879 1907 2886 .

1374 1876 1466 1902 'verba
1477 1876 1565 1901 acfflua
1578 1875 1677 1901 nullam
1696 1875 1794 1902 habent
1811 1876 2028 1910 significationem
2043 1876 2095 1902 fine
2109 1876 2218 1902 nomine
2230 1880 2276 1901 aut
2287 1873 2426 1908 pronomi-

1384 1919 1425 1936 ne.
1447 1916 1476 1936 vt
1491 1911 1508 1936 fi
1522 1910 1607 1942 dicas,
1619 1911 1669 1936 Dic
1683 1911 1780 1937 facere.
1818 1912 1885 1937 Cato
1899 1911 1930 1937 de
1939 1912 2010 1938 R.R.
2022 1920 2044 1938 c.
2059 1917 2089 1944 89
2119 1912 2162 1937 Bis
2179 1911 2206 1936 in
2219 1911 2262 1936 die
2275 1909 2385 1941 farciat,
2397 1913 2428 1935 et

1384 1945 1497 1971 meridie
1514 1945 1610 1971 Bibere
1628 1945 1698 1971 dato.
1733 1948 1770 1971 De
1787 1947 1932 1980 gallinaceis
1953 1953 1976 1972 et
1999 1947 2124 1982 anfiribus
2137 1945 2284 1981 farciendis
2304 1946 2426 1979 loquitur.
2461 1970 2465 1973 ,

1385 1980 1454 2006 Boni
1472 1980 1586 2006 multum
1601 1980 1681 2006 alicui
1699 1980 1781 2006 Plaut.
1795 1981 1866 2006 Men.
1880 1989 1902 2012 3,
1915 1989 1937 2010 2,
1951 1989 1987 2006 10.
2057 1980 2138 2007 Ouid.
2153 1981 2218 2006 Met.
2231 1989 2255 2012 3,
2269 1981 2322 2014 679
2350 1979 2426 2007 Alter

1386 2015 1419 2042 ad
1432 2016 1546 2042 intortos
1560 2015 1666 2049 cupiens
1684 2015 1746 2041 darc
1759 2015 1870 2041 Brachia
1883 2016 1958 2049 {unes
1967 2035 1975 2048 ,
1998 2015 2107 2042 Brachia
2121 2024 2176 2041 non
2189 2015 2292 2042 habuit.
2347 2015 2425 2051 Virg-

1386 2052 1451 2077 Acn.
1467 2054 1494 2083 6,
1507 2058 1561 2085 700
1580 2051 1641 2077 Ter
1655 2056 1761 2077 conatus
1772 2050 1814 2077 ibi
1827 2050 1898 2077 collo
1912 2051 1974 2077 dare
1987 2051 2098 2078 Brachia
2109 2051 2218 2077 circum.
2237 2051 2262 2077 h.
2277 2060 2297 2077 e.
2314 2051 2424 2077 Circum-
2462 2062 2467 2065 ·

1386 2086 1445 2113 dare
1462 2087 1532 2114 collo.
1602 2087 1661 2112 Liu.
1682 2093 1724 2121 37,
1761 2105 1767 2112 .
1805 2105 1811 2113 .
1849 2086 1958 2113 Nebula
1977 2087 2105 2113 matutina
2123 2088 2251 2112 crescente
2265 2086 2323 2118 die,
2338 2085 2428 2113 leuata

1385 2122 1414 2148 in
1429 2122 1529 2154 nubes,
1548 2122 1698 2156 Caliginem
1716 2121 1797 2148 dedit.
1868 2122 1943 2156 Virg.
1959 2121 2024 2148 Aen.
2037 2130 2065 2155 9,
2078 2124 2109 2156 56
2133 2121 2272 2155 Teucrum
2291 2121 2426 2149 mirantur
2460 2128 2464 2135 ¹

1387 2158 1483 2184 inertia
1503 2159 1599 2189 corda,
1623 2158 1686 2184 Non
1704 2166 1789 2191 aequo
1809 2156 1870 2183 dare
1887 2158 1911 2183 se
1932 2158 2042 2191 Campo.
2112 2157 2184 2183 Idem
2199 2158 2263 2183 Aen.
2280 2165 2299 2188 1,
2313 2162 2360 2189 398
2391 2157 2427 2184 Et

1386 2191 1462 2220 co'ctu
1483 2194 1589 2219 cinxere
1611 2193 1716 2229 polum,
1735 2193 1887 2227 Cantusque
1907 2192 2011 2219 dedere.
2082 2193 2162 2219 Casus
2176 2192 2329 2219 Mithridati
2349 2191 2429 2219 datus
2460 2224 2462 2227 y

1386 2229 1421 2255 est
1434 2228 1579 2263 occupandi
1595 2228 1747 2254 Armeniam
1759 2229 1788 2255 vi
1809 2229 1903 2255 militis
1917 2228 2033 2254 Romani
2045 2228 2077 2255 ad
2096 2228 2240 2255 excidenda
2257 2227 2426 2255 castellorum
2456 2250 2461 2255 ,,

1386 2265 1467 2292 ardua
1481 2265 1572 2291 Tacit.
1586 2265 1653 2291 Anu.
1671 2273 1704 2298 11,
1718 2272 1743 2297 9.
1813 2264 1924 2291 Catenas
1942 2264 2023 2290 alicui
2044 2264 2114 2291 Flor.
2134 2273 2157 2297 3,
2171 2272 2193 2297 5,
2205 2273 2248 2296 3ο.
2317 2264 2372 2290 Cic.
2392 2263 2427 2290 de

1387 2301 1461 2327 Orat.
1474 2309 1500 2333 2,
1513 2309 1553 2332 233
1579 2300 1642 2326 Non
1666 2300 1830 2327 committam
1843 2306 1872 2328 vt
1890 2299 1908 2327 fi
1930 2299 2097 2335 defugerim,
2111 2300 2163 2326 tibi
2176 2300 2286 2326 Causam
2306 2299 2426 2333 aliquam

1387 2336 1592 2363 irrcuocabilem
1612 2337 1671 2363 dem
1690 2336 1834 2362 recusandi.
1908 2335 2019 2362 Causam
2038 2334 2144 2362 dicendi
2162 2335 2255 2361 iustam
2275 2341 2300 2361 et
2314 2335 2426 2362 nccess'a-

1386 2373 1454 2399 rIam
1473 2372 1535 2399 dare
1554 2372 1610 2399 Cic.
1624 2372 1656 2398 de
1671 2372 1762 2406 Arusp.
1780 2372 1855 2406 Resp.
1870 2380 1907 2398 10.
1979 2372 2089 2398 Causam
2108 2369 2231 2405 peccandi
2252 2370 2316 2397 dare
2342 2369 2427 2397 Ouid.

1386 2409 1472 2435 Trist.
1489 2417 1512 2441 ρ,
1525 2413 1575 2438 28¹-
1649 2407 1747 2434 Cibum
1766 2407 1862 2433 ouibus
1885 2408 1962 2433 Varr.
1977 2406 2009 2433 de
2027 2407 2058 2433 R.
2072 2407 2103 2433 R.
2117 2415 2140 2439 3,
2155 2414 2180 2439 9.
2229 2427 2232 2431 .
2252 2406 2318 2432 Plin.
2341 2414 2382 2440 14,
2396 2407 2427 2432 16
2466 2431 2467 2434 ,

1387 2444 1418 2469 Et
1435 2443 1452 2469 si
1465 2445 1537 2477 prius
1551 2453 1629 2477 quam
1650 2449 1703 2470 tota
1723 2451 1775 2469 vua
1790 2443 1959 2474 maturescat,
1980 2442 2083 2469 incofiia
2104 2442 2182 2468 detur
2196 2441 2266 2468 Cibo
2279 2441 2426 2476 gallinaceo
2463 2466 2466 2467 .

1387 2479 1491 2510 generi,
1517 2479 1652 2505 fastidium
1671 2479 1756 2512 gignit
1774 2487 1838 2504 vuas
1856 2478 2006 2512 appetendi.
2076 2478 2132 2504 Cic.
2151 2477 2183 2504 de
2201 2477 2259 2504 Fin.
2273 2486 2295 2509 3,
2308 2486 2344 2510 40
2373 2478 2426 2503 Ita-¹
2452 2482 2462 2494 ¹*

1193 2514 1323 2540 Graecum
1338 2511 1368 2542 65
1387 2521 1438 2546 quc
1457 2513 1527 2539 mihi
1548 2513 1647 2538 videris
1660 2514 1754 2538 Latine
1768 2513 1862 2539 docere
1879 2512 2092 2546 Philosophiam,
2111 2518 2137 2538 et
2155 2512 2182 2538 ci
2195 2512 2264 2546 quasi
2279 2512 2427 2539 Ciuitatem

1387 2548 1462 2574 dare:
1483 2556 1549 2582 quac
1568 2548 1676 2581 quidem
1697 2547 1781 2573 adhuc
1800 2548 1962 2581 peregrinari
1977 2548 2076 2573 Romae
2093 2547 2242 2573 videbatur.
2262 2547 2287 2573 h.
2302 2556 2322 2572 e.
2342 2548 2427 2574 Ciuem

1550 2583 1702 2608 Clamorem
1721 2581 1753 2608 ad
1773 2582 1840 2608 astra
1858 2583 1918 2608 dare
1937 2582 1981 2609 Sil.
1998 2584 2030 2614 6,
2067 2601 2074 2608 .

1388 2627 1470 2652 quum
1482 2617 1615 2644 terrestres
1629 2618 1749 2644 volucres
1764 2624 1854 2643 contra
1868 2626 1962 2651 aquam
1976 2617 2119 2651 Clangores
2134 2615 2241 2643 dabunt.

1390 2661 1417 2678 22
1431 2653 1518 2681 *Nero
1536 2653 1629 2679 Caesar
1647 2653 1800 2679 Claritatem
1820 2653 1846 2678 ei
1863 2652 1936 2678 dedit
1952 2652 2033 2677 initio
2055 2652 2171 2685 imperii.

2314 2615 2381 2642 Plin.
2390 2624 2425 2649 13,

2242 2650 2310 2677 Ter.
2329 2651 2426 2685 fleant.

2334 2687 2420 2719 ‘Plautz

1387 2724 1458 2749 Men.
1474 2731 1494 2755 1,
1509 2731 1529 2754 1,
1545 2729 1572 2755 :5
1610 2723 1730 2749 Cereales
1744 2723 1844 2748 Coenas
1864 2721 1922 2752 dat,
1936 2721 1972 2748 ita
1991 2722 2090 2748 mensas
2109 2721 2227 2748 exstruit.
2267 2721 2336 2748 ·Cic.
2350 2721 2422 2747 Fam.
2436 2742 2440 2745 ,

1387 2767 1414 2791 9,
1429 2767 1459 2784 20
1496 2757 1545 2783 Sed
1563 2757 1625 2784 vide
1643 2757 1796 2789 audaciam,
1810 2757 1891 2783 ctiam
1910 2757 2006 2782 Hircio
2020 2757 2138 2783 Coenam
2158 2756 2218 2783 dedi
2237 2756 2291 2782 fine
2309 2762 2421 2788 pauone-
2444 2774 2445 2777 .

1387 2793 1428 2818 Ad
1440 2792 1618 2825 Cogitandum
1636 2793 1737 2826 aliquid
1756 2791 1818 2818 dare
1836 2792 1891 2816 Cic.
1905 2791 1959 2816 Att.
1974 2798 2008 2822 15,
2022 2796 2043 2821 8.
2114 2791 2301 2824 Cognitionem
2322 2789 2424 2815 Consu-

1388 2827 1458 2853 libus
1478 2827 1521 2852 dat
1539 2827 1580 2851 lex
1601 2826 1674 2851 Idem
1695 2827 1746 2851 Att.
1763 2827 1800 2855 16,
1821 2830 1854 2854 18.
1894 2825 2065 2860 cognomen,
2084 2826 2138 2851 vid.
2159 2829 2421 2851 COGNOMINO.

2022 2861 2104 2887 Ouid.
2118 2860 2183 2885 Met.
2197 2867 2220 2890 3,
2234 2863 2265 2891 89
2290 2859 2433 2894 Laesaque·
2446 2871 2447 2874 ¹

1387 2897 1463 2922 Colla
1482 2895 1559 2921 dabat
1577 2902 1663 2925 retro,
1683 2895 1836 2929 plagamque
1855 2895 1943 2922 sedere
1973 2894 2097 2922 Cedendo
2116 2893 2235 2924 arcebat,
2250 2902 2296 2920 nec
2315 2895 2422 2930 longius

1627 2930 1751 2964 Collegae
1771 2930 1825 2956 dati
1858 2931 1925 2964 Nep.
1940 2938 1966 2964 7,
1987 2938 2006 2955 1.
2079 2928 2192 2961 Liu.32,
2228 2949 2234 2955 .
2272 2949 2279 2956 .
2324 2930 2421 2965 Neque

1965 2964 2090 2990 Colorem
2112 2964 2173 2990 dare
2192 2963 2270 2991 alicui
2285 2965 2325 2991 rei
2336 2966 2420 3000 Quin-

1644 3000 1769 3026 Colorem
1783 2999 1949 3026 deformibus
1964 2999 2024 3026 dare
2041 3000 2113 3025 Idem
2130 3009 2151 3031 3,
2166 3005 2187 3030 8.
2257 3000 2319 3028 Liu.
2330 3009 2354 3033 3,
2382 3021 2388 3027 .
2410 3021 2419 3028 .

1388 2932 1428 2958 ire
1450 2930 1555 2957 sinebat.

1388 2966 1560 3001 Colloquium
1575 2965 1662 2999 postca
1676 2965 1797 2999 Philippo
1816 2965 1895 2991 dedit.

1388 3001 1443 3027 ciii.
1457 3003 1480 3033 6,
1495 3009 1520 3032 2,
1534 3005 1572 3030 28.

722 3037 817 3064 Datum
831 3040 1012 3070 (tmnaricum)
1028 3046 1078 3070 128.
1115 3039 1273 3067 Data-herba
1290 3047 1325 3065 12,
1340 3040 1372 3065 80
1387 3038 1443 3063 Iam
1460 3042 1535 3070 caput
1555 3035 1614 3061 fieri
1631 3036 1779 3062 libertatem
1800 3036 1991 3070 repetentium,
2005 3035 2023 3061 fi
2043 3035 2067 3060 sc
2084 3035 2154 3068 plebs
2168 3035 2302 3062 Comitem
2314 3034 2423 3063 Senatui*
2440 3030 2445 3039 ’
2468 3043 2469 3057 1

1388 3071 1439 3098 det.
1513 3072 1697 3097 Commeatum
1731 3071 1813 3096 militi
1846 3071 1906 3097 Liu.
1928 3080 1955 3101 3,
1990 3090 1995 3095 .
2034 3089 2041 3096 .
2077 3071 2129 3096 ond.
2158 3076 2174 3097 c
2186 3078 2419 3101 OMMEATVS.

1388 3108 1571 3133 Commeatum
1593 3112 1770 3132 remeatumue
1794 3106 1865 3131 exuli
1887 3114 1965 3132 nemo
1991 3105 2052 3131 dare
2074 3106 2176 3140 potest,
2200 3106 2247 3132 nifi
2271 3108 2419 3141 Imperator

1388 3142 1503 3167 Marcell.
1521 3142 1537 3167 l.
1554 3141 1673 3175 Relegati
1688 3142 1719 3166 D.
1734 3141 1765 3166 dc
1779 3142 1877 3174 poenis.
1913 3141 1979 3166 Hor.
1988 3141 2069 3166 Serm.
2083 3150 2106 3171 2,
2121 3147 2143 3173 s,
2159 3150 2189 3176 75
2210 3142 2282 3169 Tibi
2295 3142 2420 3177 di,·quae-
2450 3138 2455 3142 ’

1388 3185 1489 3210 cunque
1505 3177 1617 3210 preceris
1644 3176 1791 3202 Commoda
1809 3176 1877 3203 dent.
1947 3176 2028 3202 Ouid.
2044 3177 2108 3202 Fast.
2123 3185 2142 3208 3,
2156 3185 2198 3210 ι95
2225 3178 2344 3204 Externis
2358 3177 2420 3205 dan·
2443 3195 2446 3200 ·

1802 3211 1870 3238 Ter.
1886 3212 1949 3237 Eun.
1964 3219 1984 3241 2,
1999 3220 2020 3243 3,
2042 3217 2068 3244 35
2108 3212 2181 3238 Dixti
2204 3212 2328 3247 pulchre}
2353 3222 2420 3240 nun-

1388 3255 1466 3280 quam
1486 3246 1543 3272 vidi
1563 3247 1655 3272 melius
1670 3246 1815 3273 Consilium
1833 3247 1898 3273 dari.
1969 3246 2024 3272 Cic.
2039 3247 2069 3273 de
2083 3248 2190 3275 Amicit.
2204 3257 2242 3282 44
2272 3248 2419 3276 Consilium
2443 3267 2446 3270 -

1386 3290 1478 3308 verum
1493 3282 1554 3308 darc
1569 3281 1723 3315 gaudeamus
1739 3281 1831 3307 libere.
1901 3281 1972 3308 Idem
1988 3282 2064 3308 Acad.
2079 3294 2105 3317 4.
2142 3304 2148 3310 .
2185 3303 2194 3310 .
2229 3283 2303 3317 Quid
2316 3284 2420 3311 consilii

1388 3316 1471 3343 datis?
1541 3316 1654 3343 Consilia
1668 3317 1842 3350 pulcherrima
1856 3315 1917 3343 dare
1939 3318 2010 3350 Virg.
2024 3319 2087 3344 Aen.
2102 3327 2124 3351 5,
2139 3324 2194 3353 728.
2265 3319 2333 3346 Ter.
2341 3319 2416 3346 Adel.

1388 3359 1411 3383 3,
1424 3361 1452 3385 4,
1466 3360 1492 3384 53
1512 3352 1535 3378 Is
1548 3351 1617 3386 quod
1631 3352 1697 3378 mihi
1713 3352 1745 3379 de
1760 3351 1806 3377 hac
1820 3361 1847 3377 re
1860 3351 1962 3378 dederit
1979 3353 2131 3386 Consilium,
2146 3354 2173 3380 id
2189 3355 2288 3389 sequar.
2342 3354 2418 3382 Idem
2437 3351 2440 3353 ³

308 3384 432 3411 iuriarum
451 3396 502 3412 uon
521 3388 652 3422 daturum:
678 3389 809 3423 quidquid
829 3389 862 3415 ab
876 3398 907 3415 eo
929 3394 1074 3422 peteretur,
1096 3387 1209 3414 iudicem
1229 3388 1260 3413 de
1281 3389 1325 3414 sua
1337 3391 1373 3414 90
1387 3388 1451 3412 Eun.
1467 3395 1489 3419 5,
1502 3395 1526 3419 9,
1542 3396 1565 3420 15
1586 3387 1728 3422 Illum,qui
1748 3387 1816 3413 mihi
1830 3387 1902 3413 dedit
1910 3388 2061 3421 Consilium,
2076 3396 2103 3415 vt
2116 3391 2247 3422 facerem,
2264 3398 2297 3416 an
2313 3398 2355 3415 me
2368 3390 2418 3424 qui
2455 3413 2458 3417 .

309 3419 413 3446 cohorte
431 3421 555 3449 daturum.
610 3424 656 3458 lpsi
675 3429 762 3449 autem
779 3423 875 3449 nullius
894 3423 1024 3449 affionem
1050 3424 1089 3449 rei
1118 3423 1168 3448 sese
1193 3423 1323 3450 daturum.

309 3453 501 3493 Scdstmplicitcr
514 3458 667 3485 Absentibus
675 3457 814 3485 secundum
846 3459 972 3484 raescntes
981 3458 1057 3485 dabat
1071 3458 1138 3484 Suet.
1148 3457 1240 3483 Claud.
1254 3467 1274 3484 c.
1290 3466 1323 3489 15.

315 3488 370 3514 Ιίιί.
387 3500 439 3515 mox
457 3492 513 3517 llari·
533 3494 625 3520 Litcm,
863 3500 879 3526 7
915 3494 1039 3528 Reliquum
1057 3502 1146 3518 omnem
1167 3497 1259 3528 copiam
1281 3495 1324 3519 cle·-

310 3528 409 3548 mcntari
422 3526 503 3552 ordine
517 3528 723 3560 Szelgllantiuorum
735 3533 757 3552 rt
769 3529 958 3561 particularium,
977 3527 1063 3562 quibus
1076 3530 1197 3563 iungitur,
1211 3528 1324 3564 dispesca-

312 3564 370 3595 mus.
422 3561 507 3587 Acie-m
522 3563 597 3593 dare,
614 3563 667 3588 vid.
689 3568 786 3588 murs
1271 3560 1277 3564 ”

311 3590 362 3631 ”Us-
388 3599 458 3620 Atio.
508 3602 510 3605 ’
525 3598 596 3623 Idem
609 3606 632 3626 2,
648 3605 681 3628 13,
696 3605 711 3628 9
732 3597 822 3623 Flcxus
836 3597 895 3629 ille,
909 3604 933 3623 ct
946 3602 974 3623 vt
989 3596 1020 3622 sic
1035 3597 1161 3630 dixerim,
1179 3606 1264 3625 motus
1280 3599 1323 3626 dat

313 3624 396 3651 actum
409 3631 530 3661 quendam
542 3631 640 3659 officiis.
677 3633 712 3657 De
723 3630 814 3663 statuit
827 3640 849 3659 ct
860 3631 983 3667 piHuris,
996 3642 1042 3657 non
1056 3633 1215 3669 rIgi'dis‚fi·zl
1231 3638 1325 3670 agenti-

313 3659 363 3685 hus.
398 3663 461 3688 Affl-
475 3670 495 3695 5³,
510 3669 533 3696 6,
548 3676 577 3693 11.
619 3665 657 3692 Ad
670 3666 761 3692 bestias
775 3667 843 3694 dare.
860 3669 876 3693 1.
892 3676 918 3694 12
934 3667 958 3693 ss.
974 3667 1005 3693 de
1019 3668 1117 3694 Poenis.
1189 3669 1227 3695 Ad
1241 3671 1323 3696 carui-

315 3693 386 3718 ficem
400 3696 457 3723 dare
476 3700 552 3727 l‘laut.
567 3701 657 3727 Bacch.
672 3711 699 3734 4,
714 3710 741 3733 4,
756 3709 794 3736 37.
866 3703 904 3729 Ad
918 3703 1069 3737 languorem
1084 3703 1143 3729 darc
1167 3703 1238 3730 Idem
1254 3705 1321 3731 Asin.

314 3735 337 3757 3·
353 3737 374 3757 2·
389 3736 423 3757 28-
443 3739 464 3757 ct
484 3735 548 3761 Ter.
568 3738 660 3762 Iscaut.
675 3745 702 3768 4,
717 3739 742 3767 6,
757 3745 777 3767 3.

318 3769 350 3793 ¹3,
363 3772 381 3788 1.
398 3766 505 3793 [citiorem
518 3770 585 3803 ficri.
642 3770 680 3796 Ad
701 3771 787 3797 literas
807 3772 879 3803 dare,

316 3797 496 3865 ἳῇὶῆὲῐᾶἐῆεςο
515 3813 546 3830 co
565 3805 619 3839 ipso
638 3806 681 3831 dic
696 3805 824 3832 dederam.

895 3781 942 3807 pro
960 3773 1105 3809 Rescribcre.
1136 3774 1189 3799 Cic.
1210 3776 1260 3800 Att.
1276 3783 1298 3807 ς,
1313 3784 1324 3801 2

895 3809 931 3834 Ad
945 3807 1086 3834 ludendum
1100 3808 1159 3835 dant
1176 3810 1200 3835 se
1225 3810 1280 3836 Cic.
1294 3810 1325 3836 de

399 3868 403 3872 ἑ
525 3839 562 3864 Ad
581 3847 691 3866 mortem
710 3839 769 3866 dare
782 3841 861 3866 Plaut.
875 3843 966 3877 Amph.
980 3853 1003 3873 2,
1019 3852 1043 3873 2,
1057 3852 1112 3877 ¹77·
1182 3844 1221 3870 Ad
1241 3852 1325 3879 partes

316 3868 405 3903 populi
421 3869 478 3895 darc
489 3872 543 3897 Cic.
558 3873 589 3898 de
603 3875 670 3908 Lege
685 3875 745 3908 Agr.
760 3884 782 3905 2,
799 3884 826 3907 19
844 3885 864 3902 c.
879 3884 904 3910 7.
920 3888 938 3903 1.
958 3879 989 3904 ad
999 3881 1082 3913 popitlf
1094 3878 1232 3914 heneficium
1244 3888 1326 3906 traus-

316 3901 397 3933 l‘sr't',
406 3906 492 3937 populo
506 3906 645 3939 potnstatem
662 3911 766 3936 alicuius
784 3914 819 3937 rei
839 3911 905 3938 dare.

847 3739 886 3764 Ad
906 3739 1037 3765 leuitatem
1058 3739 1082 3763 se
1102 3738 1162 3764 darc
1181 3739 1235 3765 Cic.
1252 3741 1378 3766 Famsoo

1388 3423 1463 3448 ausus
1483 3422 1528 3448 tim
1544 3423 1677 3456 incipere?
1748 3423 1837 3448 Tacit.
1851 3423 1916 3448 Anu.
1935 3432 1965 3455 ιι,
1981 3433 1993 3449 2
2028 3425 2123 3459 Neque
2135 3425 2193 3451 data
2206 3425 2308 3451 Senatus
2322 3426 2417 3459 Copia,

1387 3458 1455 3483 intra
1479 3457 1629 3484 cubiculum
1652 3456 1774 3489 auditur,
1795 3461 1812 3483 i.
1833 3467 1880 3483 non
1900 3458 2039 3493 permfflhm
2063 3461 2099 3486 zllt
2114 3459 2146 3492 est
2170 3464 2197 3486 in
2217 3462 2305 3487 Senatu
2327 3460 2417 3487 dacen-

1386 3493 1497 3526 Copiam
1511 3493 1580 3523 darc,
1591 3500 1638 3527 pro
1651 3494 1743 3525 Sincrc,
1755 3496 1896 3527 permittere
1908 3496 1979 3519 ctiam
1998 3495 2065 3521 Ter.
2073 3496 2242 3530 prol.Heaut.
2255 3499 2294 3524 28.
2340 3496 2416 3530 Virg.
2448 3510 2451 3513 -

1388 3529 1451 3554 Aen.
1465 3537 1490 3560 9,
1505 3533 1557 3562 484
1590 3528 1669 3553 All'ari
1684 3535 1828 3554 extremum
1848 3529 1956 3555 miserae
1970 3530 2027 3556 data
2042 3531 2126 3565 Copia
2145 3530 2231 3557 matri.
2283 3531 2314 3556 Et
2326 3533 2416 3558 iterum

857 3562 995 3588 Actionem
1010 3562 1071 3588 dare
1085 3562 1191 3595 Quinti.
1205 3573 1238 3596 ιε,
1252 3567 1322 3596 9,16.
1339 3564 1370 3590 93
1387 3564 1450 3589 Aen.
1473 3571 1492 3595 1,
1512 3571 1542 3595 52
1574 3563 1711 3598 Postquam
1729 3563 1884 3598 introgresli,
1905 3571 1930 3591 ct
1944 3574 2030 3592 coram
2045 3566 2104 3593 data
2115 3566 2198 3601 Copia
2210 3563 2292 3591 fandi.
2362 3565 2415 3596 Lu-

1386 3605 1447 3625 cret.
1461 3602 1488 3631 6,
1502 3603 1544 3628 108

1488 3649 1556 3675 Dant
1567 3649 1646 3675 etiam
1659 3648 1772 3674 sonitum
1788 3649 1870 3683 patuli
1884 3651 1959 3684 super
1971 3660 2085 3687 aequora
2098 3650 2200 3683 mundi,

1488 3686 1614 3714 Carbasus
1627 3691 1655 3712 vt
1669 3686 1800 3720 quondam
1815 3690 1914 3722 magnis
1928 3690 2026 3717 intenta
2039 3689 2153 3720 theatris,

1488 3725 1538 3752 Dat
1551 3725 1687 3759 Crepitum
1700 3725 1781 3751 malos
1796 3726 1970 3759 interiaftata,
1991 3728 2154 3761 trabeisque,
2173 3732 2219 3753 etc.

1387 3775 1518 3807 Crimini,
1543 3776 1642 3801 Vertere
1655 3778 1718 3801 vitio
1744 3775 1837 3802 vit-“tor
1856 3777 1886 3803 de
1900 3778 1971 3805 Viris
1986 3777 2066 3804 Illust.
2080 3776 2136 3802 Cic.
2151 3774 2182 3802 de
2196 3776 2264 3803 Clar.
2277 3778 2350 3804 Orat.
2362 3777 2416 3810 276
2462 3807 2463 3810 Ἴ

1388 3820 1409 3836 c.
1424 3815 1455 3839 80
1476 3810 1549 3843 Qiin
1562 3811 1639 3836 ctiam
1653 3811 1776 3843 memini,
1786 3821 1864 3845 quum
1879 3813 1906 3839 in
1918 3814 2078 3841 accusatione
2091 3812 2135 3836 sua
2153 3812 2188 3844 Q
2198 3812 2285 3838 Gallio
2299 3811 2416 3839 Crimini

1390 3845 1509 3876 dedisset,
1535 3845 1582 3871 fibi
1597 3854 1657 3871 cuni
1672 3854 1800 3872 venenum
1819 3849 1951 3881 parauisse.
1967 3861 1973 3866 „
2020 3846 2092 3873 Idem
2105 3847 2180 3872 Vei-r.
2200 3854 2222 3879 5,
2237 3854 2270 3880 72
2302 3847 2416 3874 Calami-

1388 3886 1468 3906 tatem
1482 3880 1596 3907 Crimini
1610 3880 1679 3907 dare.
1750 3882 1828 3908 Plaut.
1838 3884 1897 3909 Mil.
1911 3893 1936 3915 2,
1948 3891 1973 3914 2,
1987 3886 2017 3911 28
2043 3880 2100 3907 Nifl
2117 3881 2223 3914 quidem
2238 3883 2282 3908 illa
2296 3891 2343 3908 nos
2357 3882 2415 3908 vult

977 3914 1015 3939 Ad
1033 3913 1142 3949 pistores
1161 3915 1222 3943 dare
1245 3916 1435 3950 Plaut.103qui
1448 3915 1516 3943 serui
1530 3916 1628 3947 sumus,
1664 3917 1771 3951 Propter
1788 3918 1863 3947 suum
1883 3926 2002 3947 amorem
2017 3924 2107 3946 onmes
2126 3917 2257 3945 Crucibus
2276 3917 2414 3945 contuber-

2341 3951 2414 3979 nale:

2189 2581 2255 2607 Plin.
2274 2586 2310 2613 18,
2323 2588 2350 2612 35
2391 2583 2439 2610 Et.
2478 2600 2479 2608 ι
