2479 4225
16 165 101 234 ἷ537
411 177 445 217 E
529 177 566 216 X
657 178 686 218 P
1345 168 1375 184 ⁷
1533 176 1684 241 EWX
1768 181 1833 240 Q
2105 198 2173 238 538

37 269 70 305 <st
81 269 173 306 referre
190 264 299 303 respefiu
318 268 387 297 eius,
405 268 448 301 qui
467 266 524 292 illas
542 265 667 303 confecit,
685 272 709 293 et
721 269 775 293 acci
793 275 831 293 ere
842 271 866 291 ee
882 266 1023 290 examinare
1034 273 1071 289 re·
1132 263 1212 290 Plaut.
1224 263 1306 291 Trin.
1319 272 1344 295 2,
1359 272 1379 296 1,
1392 269 1415 294 8.
1491 265 1547 292 Cic.
1561 265 1633 292 Fam.
1652 275 1690 298 10,
1704 275 1739 299 24
1774 269 1849 301 Quae
1863 281 1934 298 mens
1947 282 2007 301 eum
2017 296 2024 307 ,
2048 283 2093 303 aut
2105 286 2173 312 quo-

30 303 116 344 speflu
128 307 193 334 eius,
211 302 245 329 ad
257 311 323 337 quem
334 301 389 328 illae
401 301 556 336 reseruntur.
609 304 700 338 Nempe
716 312 759 328 cmi
771 301 899 327 iderantur
912 301 1010 324 nomina
1018 298 1070 330 fin-
1133 308 1193 326 rum
1206 299 1312 326 consilia
1326 308 1340 325 a
1354 305 1424 328 tanta
1438 300 1540 334 gloria,
1559 301 1608 328 fibi
1619 310 1684 329 vero
1698 303 1777 329 etiam
1793 307 1932 334 necessaria
1945 319 1973 335 ac
1986 311 2108 339 salutaria
2128 323 2173 340 vo,

53 342 106 373 ula,
125 336 303 373 aerafingula,
322 343 345 363 et
366 345 426 372 quae
445 334 510 363 reete
524 337 553 373 se
575 337 660 364 babere
673 337 782 364 iudicare
795 337 920 366 volumus,
939 343 965 360 ea
974 331 1070 368 pum‘io
1133 335 1214 367 carit,
1234 343 1279 362 etc.
1300 340 1424 369 exputare
1437 345 1490 362 non
1503 337 1612 371 possum.

0 392 5 401 r
28 350 102 412 ,55⁶⁵
121 373 222 400 duetuue
252 381 374 407 uacunque
386 378 520 404 notantur,
541 379 570 399 vt
587 373 771 402 admoneamur,
790 371 819 397 de
838 370 879 397 his
896 379 945 395 non
963 371 1072 404 amplius
1171 377 1187 396 Ε
1198 377 1215 396 Χ
1226 377 1353 397 PVTAB
1366 377 1374 395 1
1386 378 1458 403 Lls,
1479 381 1501 397 e.
1539 373 1599 399 Adi.
1641 371 1709 399 Vnde
1723 374 1921 408 inexputabilis.

35 409 139 448 quaesito
152 414 210 444 opus
223 381 275 441 effi.
347 407 469 443 Graphice
482 408 546 436 Plin,
562 417 586 441 2,
599 410 630 435 26
649 409 828 434 Annumerare
847 405 957 439 posteris
977 404 1070 444 stellaS,
1092 409 1106 436 ς
1170 412 1185 432 E
1198 412 1214 431 x
1226 413 1241 432 P
1251 412 1270 431 V
1279 413 1300 432 Τ
1309 412 1325 431 R
1337 413 1353 432 E
1362 413 1374 432 s
1385 412 1402 432 C
1415 412 1434 432 O
1443 426 1451 438 ,
1471 408 1577 441 putrui,
1614 410 1666 436 ere.
1702 407 1912 445 [nurug‘›5no,um]
1951 414 2079 442 putridum
2101 417 2173 453 fieri.

37 455 67 474 ae
88 444 168 472 sidera
192 443 224 470 ad
248 451 345 469 nomen
371 451 528 478 expungere.
632 442 770 470 Modestin.
784 441 801 467 l.
814 446 826 471 8
839 441 871 467 D.
885 441 916 468 de
930 440 1070 480 Admimst,
1133 440 1214 467 Plaut.
1234 442 1310 468 Cure.
1330 450 1355 473 z,
1378 450 1403 474 1,
1418 444 1451 467 26
1470 443 1543 475 Qun
1556 449 1583 470 tu
1596 444 1700 479 aliquot
1713 444 1768 472 dies
1781 445 1908 480 perdura,
1926 447 1988 475 dum
2000 450 2120 479 intestina
2132 463 2174 480 ex-

0 488 3 506 :
37 480 135 511 ᾔει-11111,
153 478 293 505 Calcularii
307 479 405 505 erroris
417 478 570 505 retractatio
583 479 662 505 etiam
674 478 730 513 post
748 476 869 503 decennii
888 481 932 502 aut
952 484 1070 502 Vicennu
1134 478 1284 510 putrescunt
1304 476 1364 504 tibi.
1400 478 1444 504 At.
1465 480 1640 512 exputescunt.

37 521 153 550 tempora
164 514 333 546 admittetur,
354 513 396 540 se'd
408 514 426 540 si
441 515 554 549 gratiose
567 514 710 548 expunctae
725 512 860 543 dicentur,
879 521 933 538 non
947 511 1071 538 retracta-

0 545 3 577 l
36 546 140 579 buntur.
233 550 394 584 Hermogen.
408 549 424 576 1.
440 559 464 582 13
479 551 510 577 D.
524 549 556 576 de
568 549 662 575 diuers.
675 554 754 582 temp.
769 548 880 574 Praescr.
895 547 970 581 Reip.
991 547 1072 573 ratio·
1517 550 1543 581 E
1642 553 1668 584 X
1764 554 1811 600 Q

0 607 2 612 .
37 595 80 613 nes
93 585 250 619 subscriptae
263 591 289 611 et
301 584 446 619 expunctae
458 585 580 612 aduersus
592 592 650 610 eum
664 583 782 618 quidem,
791 584 838 618 qui
848 582 1071 609 administrauerit
1087 590 1115 608 10
1483 584 1486 588 ”

0 648 5 657 .
35 621 102 649 vltra
116 620 212 655 viginti
225 631 231 646 :
267 620 390 647 aduersus
403 629 468 647 vero
481 619 602 647 heredem
611 639 620 651 ‚
637 619 706 645 vltra
725 618 816 645 decem
834 627 916 645 annos
934 617 1074 645 retraeiari
1170 624 1187 644 E
1198 625 1217 644 x
1227 625 1278 656 Qv
1287 625 1334 646 ΑΕ
1343 625 1389 645 Ro
1399 639 1407 651 ,
1426 620 1480 645 ere.
1517 618 1599 647 Plaut.
1613 620 1692 648 Stich.
1708 630 1727 654 1,
1741 631 1765 654 2,
1779 630 1810 655 50
1830 623 1889 650 Huc
1902 624 2079 659 exquaesitum
2097 627 2174 654 muli-

22 665 87 684 Ἰ11011
101 656 208 691 possunt.
281 657 349 682 Hinc
361 659 446 683 variae
451 656 578 692 formulae
590 654 657 689 apud
670 654 742 680 ICtos
751 655 916 717 progenito,
936 661 959 680 et
977 663 1001 680 eo
1019 654 1071 688 ipso
1134 662 1209 680 erum
1223 663 1310 681 mores
1325 654 1406 681 venis.
1442 655 1482 681 Sic
1489 655 1568 691 aliqui
1575 655 1663 683 habent
1672 658 1804 692 Exquaere
1819 665 1842 684 et
1856 660 2045 694 Exquaesiuero
2059 663 2087 688 in
2095 663 2174 690 ejusd.

7 706 9 711 .
34 693 129 719 nomine
139 691 205 727 apud
211 691 414 718 Tertullianum
434 711 441 722 ,
476 700 500 717 v.
512 700 538 726 g.
557 690 589 716 de
603 690 708 716 Corona
712 696 756 725 pr.
774 691 805 716 Li
827 689 930 716 eralitas
944 689 1069 724 praestan·
1134 689 1223 716 Aulul.
1238 698 1266 722 4,
1281 698 1319 721 10,
1333 697 1376 724 70.
1411 695 1435 715 et
1453 690 1526 724 Capt.
1543 699 1564 722 2,
1577 699 1602 723 2,
1616 700 1643 725 4.
1683 693 1741 720 Vid.
1765 699 1923 734 EXQVIRO.
2134 693 2137 696 ⁴

25 727 188 755 ‘minimorum
207 726 398 762 imperatorum
411 725 606 760 expungebatur
618 725 646 751 in
658 725 756 752 castris.
789 729 807 752 i.
828 728 1019 765 uniuscuiusque
1030 735 1072 751 no-
1170 732 1186 751 Ε
1198 731 1217 751 Χ
1228 731 1276 759 Qv
1286 732 1307 751 A
1316 732 1333 751 Ε
1343 732 1355 751 s
1364 732 1385 751 T
1394 731 1438 751 OR
1448 745 1455 757 ,
1475 727 1514 752 vel
1533 732 1549 752 E
1560 733 1578 752 x
1590 734 1640 764 (ὲν
1650 735 1672 755 Α
1680 735 1697 755 E
1705 736 1717 755 s
1726 735 1746 754 T
1756 736 1774 755 ο
1784 736 1802 755 R
1811 737 1837 756 fl,
1868 731 1919 756 (1η,-
1932 728 2059 766 quaestus-,1
2065 731 2177 768 sung-zu,

28 763 103 796 'mem
121 772 173 789 cum
187 771 317 795 coronam,
333 762 429 789 aliudue
441 761 528 787 donum
534 760 621 796 ficum,
640 760 783 796 accePiffet,
798 759 892 797 punHo
904 761 1012 795 apposito
1029 770 1070 786 no-
1088 765 1113 791 ις
1132 758 1175 793 est.
1211 760 1301 787 lustin.
1316 760 1348 787 de
1361 760 1481 787 Pendeo.
1496 762 1542 795 Ep.
1556 770 1567 793 3
1583 761 1637 799 §.6
1658 765 1732 797 Qiae
1751 765 1841 791 omnia
1859 756 1979 792 c‘ffiifefla
1997 767 2053 793 sunt
2071 777 2116 802 per
2135 769 2175 796 vi-

29 798 140 825 'tabatun
233 797 271 824 Id.
287 798 319 825 de
333 797 430 825 Poenit.
443 805 464 822 c.
479 804 491 828 3
511 796 622 822 Animus
657 811 702 817 —
738 803 837 824 temere
851 805 897 830 per
910 796 1071 822 voluntatem
1132 805 1192 823 rum
1211 797 1341 822 excelsum
1358 804 1406 822 nec
1423 805 1476 822 non
1498 797 1720 831 prudentiffimum
1740 801 1894 834 magistrum
1911 803 2083 836 exquaestore
2095 810 2176 831 etex.

3 855 6 859 .
33 833 158 869 expungit
180 833 318 867 effectum,
337 833 365 860 de
383 829 520 865 libidinosis
539 832 748 867 cogitationibus,
778 841 837 858 ‹aae
855 839 904 866 pro
926 830 984 858 abiu
1000 832 1070 866 sunu
1133 831 1237 857 consule
1249 831 1461 858 Tribonianum.
1504 833 1561 859 lf'id.
1580 836 1607 859 in
1625 841 1813 862 EchNSVL.
1918 838 2102 872 Exquacsitore
2114 840 2175 868 Am.

0 870 2 874 ’
35 869 151 896 Tertull.
170 869 248 903 Apol.
267 879 288 895 c.
309 877 336 902 3ς
362 868 429 894 Vota
444 872 470 893 et
483 865 579 901 gaudia
594 868 731 894 Caesarum
745 841 806 894 casii
819 874 844 893 et
857 866 941 893 sobrii
954 874 979 893 ct
993 868 1071 901 probi
1134 868 1216 894 mian.
1231 874 1272 902 27,
1280 876 1299 899 3.
1341 867 1400 893 Vid.
1421 877 1480 903 quae
1499 868 1609 895 diximus
1643 879 1701 896 voce
1722 876 1764 897 Ex
1782 880 1808 897 n.
1822 872 1846 897 6.

33 905 205 939 expungimus
214 925 223 937 ,
244 907 262 931 i.
283 905 372 938 obimus
386 903 491 934 natales,
510 909 540 928 vt
551 912 604 929 cum
616 903 769 940 recensentur
778 907 878 929 nomina
891 902 1072 934 celebrantium,
1183 909 1200 929 13
1211 910 1230 929 x
1241 909 1291 940 qv
1301 910 1310 928 1
1320 909 1354 928 LI
1366 909 1385 928 Α
1395 910 1411 929 E
1420 923 1429 935 ,
1442 903 1467 939 s.
1488 910 1504 930 Ε
1514 912 1526 931 s
1535 911 1581 941 qv
1593 913 1602 931 1
1611 912 1626 931 L
1636 913 1644 931 1
1654 914 1674 932 A
1685 913 1701 932 E
1710 925 1717 936 ,
1733 915 1817 932 arum.
1843 906 1862 932 f.
1900 908 1977 933 Mons
2009 906 2042 941 qs}
2063 916 2087 936 et
2105 913 2177 937 vicu,-

33 943 107 967 etiam
128 938 212 973 nostra
231 942 328 966 nomina
344 938 474 973 expungi,
498 944 615 973 tanquam
634 938 663 965 de
682 939 772 975 quibus
785 947 833 964 non
845 940 951 973 amplius
964 938 1069 974 quaefitu
1084 946 1119 964 20
1134 939 1230 970 Romae,
1243 938 1272 963 de
1286 946 1339 973 qua,
1350 941 1368 964 i.
1377 938 1406 964 de
1417 939 1588 974 appellationis
1601 944 1697 967 ratione
1716 943 1804 968 Varro
1819 941 1850 967 de
1860 942 1890 967 R.
1905 943 1936 968 R.
1949 953 1976 975 4,
1990 949 2003 973 8
2018 954 2041 978 p.
2051 953 2121 979 1;,14
2135 947 2176 973 Se.

34 974 149 1011 opussie,
174 981 351 1011 expungantur.
424 972 511 999 Eodem
525 973 593 1000 modo
608 974 684 1008 Apol.
701 983 725 1000 21
745 974 855 1000 Duobus
867 975 938 1000 enirn
952 974 1071 1001 aduenti-
1134 974 1232 1000 eundae
1243 974 1360 1008 regionis
1374 974 1525 1008 Esquilinae
1539 974 1571 1001 ab
1585 975 1725 1010 Esquiletis
1744 976 1788 1011 (f.
1804 977 1948 1010 Esculefis,
1968 979 2064 1015 Sciopp.
2083 982 2174 1016 Esqui.

34 1011 83 1038 bus
95 1009 189 1045 Christi
206 1009 366 1045 signinum,
386 1008 491 1042 primo,
512 1010 559 1044 qui
573 1009 626 1036 iam
645 1009 789 1044 expunGtus
811 1009 846 1036 est
870 1010 898 1036 in
921 1009 1071 1036 humilitate
1133 1009 1195 1040 liis)
1233 1009 1288 1036 Alii
1301 1009 1345 1035 has
1364 1010 1519 1044 scripserunt
1531 1011 1564 1037 ab
1578 1011 1698 1038 excubiis
1710 1012 1790 1046 regiis
1804 1011 1886 1037 dietas
1902 1022 1909 1043 ;
1943 1013 1991 1039 alii
2005 1015 2038 1041 ab
2053 1017 2176 1051 eo,quod

36 1046 197 1073 conditionis
209 1046 335 1072 humanae
350 1055 358 1075 ς
378 1044 490 1071 secundo
499 1065 507 1077 ,
527 1045 575 1080 qui
588 1045 769 1072 concludendo
783 1045 886 1071 saeculo
898 1045 1019 1072 imminet
1027 1053 1072 1072 etc.
1133 1045 1250 1071 excultae
1261 1053 1276 1071 a
1288 1053 1349 1079 rege
1364 1045 1463 1072 Tullio
1477 1046 1554 1072 essent
1570 1054 1615 1072 etc.
1652 1047 1713 1073 Sunt
1726 1050 1789 1073 enim
1797 1050 1882 1081 plura.
1922 1049 1976 1073 Nos
1987 1050 2049 1076 iliud
2060 1052 2129 1079 modo
2137 1053 2176 1079 ob-

32 1083 65 1109 Ee
77 1091 99 1108 c.
113 1091 130 1108 2
149 1081 247 1108 Debito
260 1089 358 1115 poenae
371 1089 466 1106 nocens
479 1081 662 1115 expungendus
675 1081 726 1112 est,
743 1090 797 1107 non
811 1081 979 1111 eximendus,
991 1088 1073 1117 nempe
1126 1081 1272 1116 seruamus,
1291 1089 1320 1106 ex
1332 1087 1436 1116 utraque
1450 1082 1495 1107 hac
1508 1083 1654 1117 etymologia
1667 1082 1729 1108 illud
1740 1082 1850 1118 intelligi
1859 1101 1867 1115 ,
1884 1084 1958 1108 etiam
1970 1084 2097 1113 Varronis
2111 1095 2177 1115 aeta.

31 1117 190 1152 expungitur
200 1119 227 1143 in
241 1115 352 1143 Indiculo
362 1115 556 1151 puniendorum,
571 1117 599 1142 de
612 1126 658 1152 quo
666 1117 814 1152 Supplicium
817 1117 926 1152 sumtum
943 1115 983 1150 est.
1020 1119 1071 1143 Du·
1086 1122 1118 1148 25
1133 1122 1157 1142 te
1164 1114 1258 1152 fuiffi’,
1279 1119 1322 1151 qui
1335 1118 1362 1142 in
1371 1119 1457 1151 prima
1473 1117 1568 1152 Syllaba
1580 1117 1654 1143 binus
1665 1120 1772 1143 nominis
1786 1119 1814 1143 Χ
1831 1117 1998 1153 agnoscerent.
2053 1122 2178 1149 Caeterum

31 1152 162 1188 riusa-ulum
184 1150 232 1185 cst,
243 1151 292 1187 sed
312 1158 393 1177 tamen
417 1161 445 1178 ex
470 1150 548 1178 dic‘l'is
567 1152 719 1188 intelligitur
737 1152 800 1178 illud
815 1152 876 1179 adu.
897 1153 988 1179 Marci.
1004 1161 1025 1184 3,
1042 1162 1065 1179 12
1128 1158 1177 1187 per
1196 1152 1213 1178 S
1226 1152 1352 1187 scribitur
1364 1155 1436 1178 etiam
1450 1153 1531 1179 Ouid.
1547 1151 1612 1178 Fast.
1629 1161 1651 1185 3,
1666 1155 1720 1187 246
1754 1153 1827 1179 Adde
1847 1153 1918 1187 quod
1931 1154 2056 1184 excubias
2069 1156 2117 1183 vbi
2130 1167 2175 1185 rex

35 1188 126 1215 Omnis
139 1196 216 1222 genS,
234 1196 343 1221 quoquo
357 1187 421 1213 sono
434 1187 531 1214 dixerit
543 1187 690 1214 Nobiscum
704 1189 789 1219 Deus,
808 1188 1004 1214 Emmanuelem
1012 1197 1071 1222 pro·
1134 1188 1268 1213 Romanus
1281 1187 1388 1221 agebat,
1423 1189 1478 1221 Qui
1496 1197 1566 1214 nunc
1587 1188 1715 1222 Esquilias
1737 1189 1847 1215 nomina
1866 1189 1941 1215 collis
1957 1189 2044 1218 habet.
2116 1194 2177 1220 Pro.

33 1222 178 1256 nuntiabit,
198 1223 227 1249 in
240 1222 311 1249 sensu
326 1223 419 1249 sonum
432 1231 599 1257 expungens,
617 1226 635 1249 i.
654 1223 710 1249 dum
717 1223 815 1260 sensum
827 1224 925 1250 eundem
932 1223 1028 1260 figunt,
1036 1224 1071 1257 fi·
1134 1228 1200 1257 pert.
1214 1232 1243 1256 4,
1256 1228 1279 1255 8,
1294 1231 1303 1249 1
1323 1223 1400 1249 Disce
1412 1223 1477 1257 quid
1491 1223 1627 1258 Exquilias
1641 1223 1687 1250 hac
1701 1224 1779 1250 noete
1792 1224 1892 1258 fugarit
1903 1226 2022 1259 aquosas.
2090 1229 2178 1256 Varro

2 1259 4 1263 ’
33 1259 84 1294 mul
95 1262 166 1286 etiam
177 1261 296 1285 rationem
307 1258 418 1285 reddidit
425 1258 485 1294 fimi
497 1258 666 1291 Emmanuel,
686 1266 715 1285 ut
728 1259 768 1286 ille
775 1259 855 1294 fhnns
867 1263 915 1286 iam
933 1260 1029 1286 dimitti
1049 1266 1073 1286 et
1134 1258 1166 1284 de
1181 1258 1211 1284 L.
1225 1259 1255 1284 L.
1269 1269 1296 1292 4,
1308 1266 1339 1290 32
1354 1267 1379 1292 p.
1394 1264 1432 1291 38,
1449 1268 1472 1291 13
1496 1259 1624 1294 Esquiliis
1636 1260 1710 1286 vicus
1725 1260 1839 1286 Africus.
1878 1261 1946 1287 Hinc

3 1295 5 1300 ’
35 1296 126 1336 negligi
137 1300 189 1321 tuto
196 1292 286 1329 poffit,
305 1303 358 1320 cum
374 1303 413 1320 res
425 1294 479 1330 ipsa
493 1301 516 1320 et
522 1294 610 1331 sensus
622 1294 736 1321 redditus
749 1294 796 1329 fit.
904 1296 1020 1321 Tertull.
1037 1294 1069 1321 de
1083 1300 1115 1324 30
1168 1300 1211 1320 ΕΧ
1221 1300 1314 1332 QVIL
1327 1301 1332 1319 1
1344 1300 1365 1319 v
1376 1301 1404 1325 s,
1418 1303 1446 1325 a,
1470 1303 1524 1321 um.
1542 1294 1602 1321 Adi.
1638 1295 1718 1322 Ouid.
1731 1295 1796 1321 Fast.
1810 1304 1835 1328 2,
1844 1304 1890 1329 435
1910 1296 2003 1323 Monte
2019 1296 2067 1323 sub
2079 1298 2178 1334 Exqui.

37 1331 136 1366 Virgm.
150 1329 250 1357 veland.
276 1338 298 1355 c.
317 1337 330 1361 3
355 1329 525 1356 Consuetudo
537 1331 712 1365 expimgitur,
731 1333 749 1356 i.
769 1333 849 1357 irrita
861 1329 903 1363 effi‘
917 1330 1069 1362 declaratur,
1132 1328 1171 1355 lio
1182 1329 1274 1356 multis
1290 1329 1431 1356 incaeduus
1445 1331 1518 1356 annis
1528 1350 1536 1362 ‚
1570 1331 1682 1357 Iunonis
1696 1340 1804 1365 magnae
1816 1332 1923 1357 nomine
1938 1332 2010 1358 lucus
2022 1339 2085 1361 erat.

1 1381 5 1384 «
36 1369 77 1393 vis
84 1365 206 1402 probandi
216 1365 254 1392 illi
266 1364 395 1393 adimitur.
432 1366 525 1401 Nempe
546 1369 618 1392 etiam
636 1365 731 1402 punHo
749 1367 788 1392 vel
807 1366 870 1392 obelo
883 1373 927 1392 etc.
944 1373 1071 1397 notantur,
1168 1370 1317 1405 EXQVIL
1329 1367 1342 1391 i
1352 1372 1439 1398 NVS,
1459 1374 1489 1396 a,
1508 1375 1562 1392 um.
1599 1367 1677 1393 Aliud
1690 1367 1750 1392 Adi.
1787 1367 1909 1393 Pontifex
1923 1368 2060 1402 Exquilini
2081 1369 2177 1397 venesi.

37 1410 156 1438 quaenon
166 1401 269 1436 :implius
281 1401 363 1427 valere
376 1402 487 1427 volumus
501 1411 509 1426 :
544 1408 574 1427 vt
586 1411 639 1428 cum
654 1403 807 1439 iugulamus,
826 1402 992 1437 confodimus,
1013 1411 1073 1437 quae
1135 1402 1175 1431 cl,
1192 1407 1240 1435 pro
1256 1400 1383 1427 Veneficii
1403 1402 1470 1428 Hor.
1485 1401 1566 1436 Epod.
1583 1409 1620 1436 17,
1635 1408 1661 1435 58
1682 1403 1724 1428 vbi
1737 1403 1795 1428 Vct.
1808 1402 1894 1429 Sel-101.
1915 1404 1994 1430 Extra
2007 1411 2109 1438 portam
2129 1407 2178 1432 Ex-

36 1436 174 1464 damnamus
191 1439 218 1462 in
230 1436 285 1472 scri
303 1439 338 1462 tir
356 1434 449 1469 nostris·
467 1437 508 1463 vel
520 1438 618 1464 alienis.
726 1438 766 1464 Sic
781 1437 869 1472 Papin.
885 1438 901 1463 l.
919 1446 943 1470 ¹5
955 1437 982 1463 ff.
997 1437 1029 1463 de
1043 1446 1071 1463 re
1134 1436 1264 1471 quilinam
1277 1435 1303 1462 h.
1318 1445 1340 1462 e.
1354 1437 1383 1463 in
1397 1437 1535 1471 aggeribus
1548 1437 1690 1471 religiones
1706 1443 1781 1464 erant
1800 1443 1826 1464 et
1846 1439 1963 1472 sepulcra
1978 1450 1983 1465 ι
2019 1440 2089 1467 inter
2109 1451 2177 1476 quae

2 1479 5 1490 '-
35 1472 93 1498 mil.
112 1473 149 1498 Ex
174 1472 246 1498 causa
288 1472 427 1498 esertionis
447 1478 553 1499 notatus
573 1482 601 1499 ac
615 1472 765 1506 restitutus,
780 1474 907 1507 temporis
918 1494 926 1505 ‚
955 1473 1027 1508 quod
1043 1474 1071 1499 in
1089 1482 1115 1508 35
1134 1471 1262 1498 malificae
1276 1472 1399 1500 mulieres
1412 1472 1537 1499 nociibus
1552 1473 1595 1499 sua
1609 1473 1735 1499 veneficia
1748 1473 1929 1500 conficiebant.
1998 1475 2121 1504 Pontifex
2136 1478 2179 1505 hic

33 1506 180 1534 desertione
191 1507 284 1540 fuerit,
300 1507 443 1542 impendiis
450 1508 746 1542 (Haloandfflpendiis)
759 1509 924 1543 expungitur.
961 1509 1041 1542 Qiod
1055 1508 1073 1534 si
1134 1506 1165 1541 esi
1181 1508 1361 1542 Hier-ophanta.
1465 1509 1532 1535 Hor.
1548 1508 1628 1542 Epod.
1643 1517 1670 1541 5,
1683 1516 1717 1541 99
1757 1508 1814 1535 Post
1830 1510 1959 1543 insepulta
1971 1514 2090 1538 membra
2103 1512 2177 1540 diffe-

29 1538 98 1570 titio
111 1542 272 1575 constiterit,
291 1551 378 1577 neque
390 1542 552 1569 desertorem
574 1544 666 1574 fuisse,
684 1544 849 1578 apparuerit,
868 1544 960 1571 omnia
977 1545 1072 1578 stipen-
1134 1549 1192 1569 rent
1206 1543 1279 1577 lupi,
1315 1544 1345 1569 Et
1360 1543 1516 1577 Exquilinae
1530 1543 1613 1570 alites.
1686 1543 1759 1579 Qiod
1771 1551 1808 1570 ita
1822 1544 1925 1575 dietum,
1940 1548 1998 1581 quia
2009 1554 2065 1572 ante
2075 1555 2177 1582 portam

28 1577 149 1605 dia‘citra
161 1579 288 1612 temporis
302 1578 381 1604 finem
394 1578 549 1605 redduntur.
653 1577 673 1617 Ἴ
697 1588 713 1605 2
738 1580 781 1606 An
794 1579 917 1614 tonsorum
927 1579 1073 1613 verbumfit,
1134 1578 1303 1613 Exquilinam
1312 1599 1320 1611 ,
1337 1581 1377 1605 vel
1391 1581 1495 1605 Metiam
1501 1579 1628 1615 supplicia
1635 1579 1795 1615 fiunebantur
1809 1580 1838 1605 de
1850 1580 1984 1607 damnatis.
2027 1583 2085 1608 ls'id.
2107 1584 2177 1619 ,ΜΡ-Γ.

27 1613 168 1640 videndum.
204 1614 274 1640 Certe
287 1614 402 1640 Martial.
416 1620 443 1648 7,
458 1619 489 1643 82
504 1615 553 1644 (al.
565 1617 609 1646 83)
621 1613 735 1648 ficboni
753 1615 813 1641 libri
824 1615 928 1646 babent,
948 1616 1071 1649 Eutrape-
1134 1615 1167 1640 ad
1179 1615 1269 1641 Tacit.
1285 1616 1352 1641 Ann.
1365 1624 1390 1647 2,
1404 1624 1433 1647 32
1447 1623 1511 1641 extr.
1597 1615 1681 1640 Lucus
1700 1615 1851 1649 Esquilinus
1883 1617 1969 1641 Varro
1985 1615 2016 1641 de
2029 1617 2058 1642 L.
2076 1618 2105 1643 L.
2120 1628 2148 1651 4,
2163 1624 2177 1648 8

28 1649 68 1676 lus
80 1650 171 1677 tonsor
184 1647 246 1675 dum
259 1649 355 1675 circuit
368 1657 415 1675 ora
428 1650 557 1683 Luperci,
578 1650 762 1685 Expungitque
775 1659 869 1684 genas,
888 1650 969 1677 altera
987 1650 1069 1677 barba
1081 1662 1118 1686 40
1132 1659 1157 1684 p.
1172 1658 1205 1682 ις.
1226 1652 1364 1686 aliquoties.
1469 1651 1546 1676 Porta
1561 1649 1716 1683 Exquilina,
1732 1653 1750 1675 i.
1771 1651 1840 1684 Qae
1851 1653 1879 1675 in
1892 1651 2020 1684 Exquilias
2033 1652 2101 1677 ducit
2121 1654 2178 1680 Cic.

27 1684 108 1711 subit.
179 1683 299 1711 Videntur
318 1690 383 1711 certe
399 1685 530 1719 expungi,
547 1695 600 1711 cum
609 1687 674 1720 pilis
685 1685 832 1712 liberamur.
888 1686 935 1713 Sed
950 1687 1071 1712 Gruterus
1133 1686 1162 1711 in
1182 1686 1268 1711 Pison.
1291 1694 1327 1718 55.
1432 1685 1537 1711 Tribus
1557 1684 1700 1719 Exquilina
1736 1685 1821 1710 Varro
1841 1684 1874 1711 de
1890 1685 1918 1710 L.
1932 1686 1960 1710 L⁴
1975 1694 2003 1718 4,
2017 1694 2034 1719 9
2047 1696 2071 1721 p.
2087 1690 2125 1720 16,
2136 1697 2177 1722 34.

22 1719 141 1755 praefirt
153 1719 276 1753 expingi,
294 1728 360 1754 quem
367 1719 484 1755 sequitur
502 1722 647 1747 Scriuerius.
683 1721 771 1747 Eadem
783 1720 934 1754 varietas-est
949 1725 976 1747 in
989 1721 1069 1747 eadem
1130 1721 1197 1746 Plin.
1213 1725 1248 1752 18,
1263 1729 1284 1750 3-
1327 1720 1385 1745 Vid.
1408 1727 1534 1746 TR113VS.

28 1763 57 1782 re
74 1754 141 1790 apud
162 1753 258 1780 eundem
276 1755 391 1781 Martial.
416 1760 439 1787 8,
463 1763 490 1788 52
519 1756 703 1791 Expungitque
716 1762 818 1788 cutem,
835 1757 952 1790 facitque
964 1756 1069 1790 longam
1168 1756 1291 1789 EXQVI‘
1301 1761 1363 1785 Ro,
1380 1755 1448 1786 siui,
1479 1758 1573 1783 situm,
1604 1754 1658 1778 ere.
1695 1752 1710 1784 [
1718 1751 1837 1786 ἐξετάζω,
1857 1753 2000 1789 ἐξελέγχω]
2036 1757 2179 1793 Diligenter

0 1813 2 1818 ,
28 1789 148 1816 Detonsis
162 1789 349 1824 Epaphaeresin
363 1791 472 1824 capillis.
1130 1791 1256 1821 inquirere
1268 1795 1291 1813 et
1303 1787 1462 1824 inuestigare.
1532 1788 1600 1813 Ter.
1614 1786 1696 1813 Andr.
1711 1795 1732 1818 1,
1745 1796 1770 1819 2,
1788 1796 1812 1820 15
1839 1788 1917 1815 Nunc
1930 1799 1960 1815 ca
1973 1800 2014 1816 me
2029 1794 2178 1826 exquirere,

63 1831 81 1850 Ε
92 1831 111 1850 x
121 1831 197 1850 ΡνΝ
208 1830 225 1850 c
235 1832 256 1850 ‘r
267 1833 322 1855 vs,
343 1834 370 1855 a,
391 1834 444 1850 um.
463 1825 555 1850 Partic.
591 1823 672 1849 Plaut.
686 1825 762 1849 Cure.
778 1832 806 1854 4,
819 1832 847 1855 4,
861 1832 894 1854 29
920 1822 998 1848 Miles
1012 1822 1068 1855 pul·
1084 1830 1117 1854 45
1132 1822 1221 1855 iniqui
1237 1823 1319 1855 patris
1333 1822 1378 1848 est.
1473 1823 1528 1849 Cic.
1543 1822 1619 1848 Acad.
1634 1831 1660 1854 4,
1674 1829 1691 1856 7
1710 1822 1806 1857 Neque
1821 1833 1868 1850 nos
1884 1823 1998 1851 studium
2018 1828 2177 1861 exquirendi

26 1858 88 1885 chre
102 1859 261 1884 centuriatus
275 1859 311 1883 est
323 1859 454 1891 expondio
466 1859 494 1883 in
509 1858 653 1891 manipula
674 1860 692 1883 i.
714 1856 874 1883 exaudiorato
892 1856 988 1889 dimisti>
996 1876 1004 1888 ‚
1026 1859 1069 1891 qui
1132 1856 1270 1890 defatigati
1293 1857 1483 1891 relinquemus.
1592 1858 1667 1883 Intro
1676 1858 1796 1893 exquire,
1811 1858 1874 1885 sitne
1888 1859 1934 1891 ita,
1948 1868 1976 1886 vt
1990 1870 2039 1895 ego
2052 1864 2176 1896 praedico

25 1896 75 1921 iam
88 1893 167 1920 nullus
180 1891 221 1925 est.
259 1894 316 1918 Vct.
331 1892 416 1918 Schol.
431 1894 498 1919 Pers.
513 1901 536 1922 2,
551 1900 575 1924 13
593 1892 694 1918 Milites
708 1892 832 1926 expunCti
846 1892 984 1924 dicuntur,
1005 1891 1069 1918 dum
1132 1892 1213 1918 Plaut.
1228 1892 1318 1918 Aulul.
1336 1904 1358 1923 4,
1372 1901 1409 1924 ιο,
1423 1900 1466 1927 70.
1572 1891 1645 1925 Quid
1662 1893 1738 1919 omni
1757 1893 1786 1920 in
1800 1903 1909 1920 munere
1924 1896 1994 1921 vitae
2006 1899 2136 1931 optimum
2150 1906 2176 1928 et

26 1929 96 1957 foras
107 1937 122 1956 a
133 1927 230 1954 militia
242 1927 409 1954 emittuntur.
503 1927 628 1954 Rationes
647 1928 771 1963 Reipubl.
793 1927 952 1962 subscriptae
978 1934 1003 1954 et
1026 1936 1068 1954 ex-
1131 1927 1291 1954 veriffimum
1304 1928 1334 1953 sit
1347 1929 1488 1962 exquirere
1506 1927 1562 1953 Cic.
1578 1928 1609 1953 de
1623 1927 1680 1953 Fin.
1694 1936 1713 1960 1,
1728 1937 1760 1954 11.
1875 1930 1948 1963 Qud
1970 1931 1997 1958 in
2012 1933 2105 1968 aliquo
2119 1945 2176 1970 pec.

27 1963 137 2001 pandiae
156 1964 281 1997 Hermog.
297 1971 321 1995 13
334 1962 366 1989 de
378 1963 439 1989 Diu.
454 1969 533 1997 temp.
554 1963 650 1997 praesc.
1131 1969 1219 1988 catum
1245 1963 1276 1989 fit
1302 1964 1441 1997 exquirere
1466 1963 1520 1989 Cic.
1536 1962 1587 1988 Off
1605 1971 1624 1994 1,
1643 1970 1700 1997 147.
1808 1964 1952 1991 Consilium
1967 1967 2077 1996 adhibet
2111 1971 2177 2005 quid

64 2006 81 2027 Β
94 2007 112 2026 x
123 2005 224 2026 PVNC
234 2005 314 2030 Tlo,
339 2000 407 2025 onis.
432 1999 451 2024 f.
487 1998 606 2025 Tertull.
624 1998 656 2025 de
669 1998 765 2025 Idolol.
788 2007 809 2024 c.
823 2000 851 2025 16
877 1999 981 2032 Operae
994 2006 1068 2024 meae
1086 2008 1117 2033 50
1132 1998 1265 2032 optimum
1279 1998 1351 2024 iaetu
1365 1999 1440 2029 essct,
1456 1998 1599 2032 exquirens
1636 1999 1709 2024 Curt.
1723 2006 1751 2031 4,
1766 2007 1800 2031 13,
1814 2008 1836 2031 3.
1940 2002 2019 2029 Nihil
2034 1990 2099 2032 cert'i
2119 2007 2175 2034 Cic.

27 2031 181 2071 eiipunfifio,
202 2037 220 2061 i.
237 2031 391 2070 praestatio,
413 2043 473 2070 quae
493 2035 556 2060 mibi
578 2037 605 2060 in
629 2035 768 2061 rationibus
780 2034 917 2069 procedat,
937 2041 966 2060 vt
985 2043 1069 2060 nomen
1132 2034 1186 2060 Att.
1199 2041 1225 2068 7,
1238 2042 1274 2060 12.
1345 2033 1426 2060 Plaut.
1440 2035 1496 2060 Cas.
1511 2042 1532 2065 3,
1546 2042 1568 2066 ς,
1581 2041 1617 2067 49
1637 2033 1678 2059 Est
1692 2033 1765 2068 quod
1779 2035 1842 2061 volo
1856 2036 2002 2071 Exquirere
2016 2048 2030 2065 a
2043 2046 2077 2067 te.
2133 2042 2175 2069 Ab

0 2091 6 2101 ,-
28 2081 99 2099 meum
110 2077 225 2106 tanquam
233 2067 327 2105 func‘ii
339 2068 419 2104 officio
431 2073 540 2106 expungi
553 2077 576 2095 et
589 2073 706 2096 annotari
720 2070 812 2105 postu..
1130 2069 1226 2104 stirpe,
1246 2072 1264 2095 i.
1284 2069 1313 2095 A
1319 2072 1448 2104 principio
1467 2069 1760 2101 Plaut.'1*rin.1,z‚180.
1804 2071 1944 2106 Dealiquo
1963 2074 2018 2101 Cic.
2027 2085 2076 2110 pro
2085 2077 2175 2105 Deiot,

0 2128 1 2132 ,
63 2112 79 2134 Ε
89 2113 192 2133 ΧΡνΝ
202 2112 275 2133 CTO
286 2113 319 2137 R,
340 2106 403 2132 oris.
422 2115 457 2132 m.
494 2105 613 2132 Tertull.
628 2106 659 2132 de
673 2106 747 2132 Orat.
762 2115 783 2131 c.
800 2114 809 2131 1
836 2104 1009 2138 Euangelium
1023 2112 1066 2130 ex·
1131 2113 1171 2137 41.
1265 2104 1413 2138 Exquirere
1427 2113 1459 2130 ex
1479 2104 1561 2130 Plaut.
1576 2106 1649 2138 Capt.
1664 2113 1688 2135 2,
1702 2113 1725 2132 2.
1742 2113 1760 2130 1.
1854 2107 1895 2134 Sic
1910 2108 1999 2135 Sticho
2012 2119 2032 2143 1,
2047 2120 2074 2145 2,
2087 2121 2120 2146 54
2140 2115 2176 2141 At

0 2140 1 2144 ,
32 2142 139 2178 punfitor
150 2141 230 2168 totius
251 2147 324 2168 retro
337 2141 471 2168 vetustatis
489 2141 599 2174 dicitur,
618 2151 666 2177 qua
672 2141 787 2176 formula
801 2140 986 2175 compleffltraer,
1006 2148 1066 2175 quae
1131 2149 1180 2174 ego
1195 2148 1227 2165 ex
1242 2146 1266 2166 te
1280 2140 1408 2174 exquiro,
1423 2146 1503 2174 atque
1519 2148 1550 2166 ex
1565 2139 1625 2165 istac
1634 2146 1677 2166 tua
1688 2141 1788 2167 sorore.
1881 2143 1940 2170 Cic.
1954 2145 1986 2171 de
2000 2147 2057 2173 Fin.
2072 2156 2095 2180 ς,
2105 2154 2117 2178 8
2131 2158 2173 2182 c.3

7 2191 9 2195 v
33 2180 70 2205 ita
84 2177 149 2204 modo
168 2177 329 2214 discutimur,
352 2177 490 2212 Quidquid
509 2183 582 2203 retro
600 2178 701 2208 fuerat,
725 2182 770 2203 aut
789 2177 952 2202 demutatum
967 2175 1018 2205 cst,
1037 2180 1065 2201 vt
1083 2184 1111 2210 55
1131 2176 1162 2202 Et
1175 2175 1323 2209 complures
1338 2175 1391 2201 iarn
1404 2176 1503 2201 menses
1516 2175 1624 2202 Athenis
1639 2174 1701 2201 haec
1715 2175 1768 2210 ipsa
1789 2181 1814 2203 te
1832 2186 1865 2204 ex
1886 2180 2020 2207 Antiocho
2039 2183 2176 2211 videamus

36 2211 208 2246 eircumcifio;
243 2218 288 2239 aut
302 2213 472 2248 suppletum,
484 2219 512 2239 vt
525 2212 629 2248 reliqua
641 2213 699 2242 lex;
737 2218 780 2239 aut
794 2212 948 2246 impletum,
968 2217 995 2237 vt
1005 2212 1065 2236 Pro·
1131 2212 1280 2245 exquirere.
1350 2210 1557 2237 Constantiffime
1571 2211 1726 2245 exquirere,
1746 2212 1797 2238 vid.
1819 2218 2050 2245 CONSTANTER.
2090 2213 2093 2214 ⁷
2128 2220 2176 2247 Di-

15 2252 18 2276 Ι
32 2247 117 2283 phetia
130 2257 137 2280 ;
163 2255 204 2275 aut
218 2247 379 2283 perfec‘ium,
398 2255 428 2275 vt
441 2248 504 2275 fides
517 2248 579 2283 ipsa.
675 2248 754 2275 Glofl:
767 2248 857 2274 Graec.
871 2249 928 2274 Lat.
944 2245 1067 2281 διαιρὲτης,
1128 2247 1242 2281 ligcuter
1255 2246 1318 2281 quid
1333 2247 1414 2273 alicui
1425 2247 1456 2273 de
1469 2247 1523 2273 alio
1536 2246 1636 2281 'placeat
1647 2248 1787 2281 exquirere
1807 2249 1863 2275 Cic.
1878 2251 1931 2276 Att.
1947 2260 1981 2284 13,
1998 2261 2036 2280 22.
2109 2255 2175 2283 Non

16 2280 17 2306 l
33 2283 143 2316 diuisor,
162 2284 314 2319 expunemr.
1128 2283 1210 2308 nimis
1222 2282 1255 2308 ab
1269 2282 1403 2317 aliquibus
1417 2282 1562 2317 quidquam
1576 2283 1631 2309 Cic.
1646 2283 1698 2308 Att.
1713 2290 1740 2317 7,
1756 2291 1784 2317 17
1797 2287 1845 2315 (18)
1859 2288 1878 2311 i.
1886 2285 2021 2321 pfflulare.
2092 2290 2174 2319 Plaut,

16 2335 17 2346 ;
36 2323 38 2327 “
63 2325 159 2346 ΕΧΡν
170 2325 190 2346 0
201 2340 210 2353 ,
228 2320 269 2346 vel
278 2322 367 2355 potius
385 2326 402 2346 Ε
412 2327 430 2346 Χ
440 2326 452 2345 s
462 2326 507 2346 1³V
519 2324 556 2350 ο,
571 2318 615 2350 ui,
636 2321 728 2352 situm,
747 2321 800 2345 ere.
821 2317 979 2352 [dmm-dm]
1007 2318 1068 2352 spu·
1131 2318 1200 2344 Rud.
1214 2327 1240 2351 4,
1253 2328 1279 2351 4,
1292 2321 1333 2350 136
1354 2319 1448 2344 Eamus
1461 2327 1520 2344 mea
1533 2326 1608 2353 gnata
1623 2318 1654 2344 ad
1668 2325 1778 2344 matrem
1792 2324 1879 2351 tuam,
1899 2331 1965 2356 quae
1983 2332 2014 2350 ex
2033 2330 2059 2351 te
2075 2327 2175 2361 poterit

0 2363 2 2366 ’
16 2354 85 2387 londo
97 2357 190 2382 eiicere.
225 2355 290 2381 Plin.
298 2363 325 2390 7,
334 2364 358 2387 23
380 2355 488 2389 Exspuit
500 2355 528 2381 in
541 2363 570 2380 os
585 2355 699 2387 tyranni.
772 2356 858 2380 Varro
872 2355 903 2381 de
919 2355 950 2380 R.
965 2355 996 2380 R.
1011 2362 1031 2385 3,
1045 2362 1066 2385 3.
1076 2362 1111 2385 60
1131 2354 1292 2387 argumentis
1305 2353 1371 2380 hanc
1383 2363 1439 2380 rem
1453 2354 1535 2388 magis
1549 2354 1698 2388 exquirere.
1807 2356 1902 2383 Causas
1919 2358 2030 2386 alicuius
2050 2363 2089 2388 rei
2116 2363 2172 2390 Cic.

0 2390 127 2419 ,lPetrom
135 2398 156 2417 c.
165 2399 200 2423 131
222 2392 280 2417 Hoc
294 2390 400 2425 ρει-380
413 2391 529 2417 carmine
541 2396 583 2417 ter
597 2400 639 2417 me
652 2390 719 2417 iussit
733 2391 866 2424 exspuere.
921 2389 995 2424 Cons.
1010 2390 1034 2414 b.
1049 2390 1066 2414 l.
1131 2389 1162 2415 de
1177 2390 1268 2415 Diuin.
1284 2399 1306 2421 ε,
1317 2392 1362 2422 46.
1466 2389 1504 2415 Id.
1520 2390 1590 2415 Fam.
1606 2399 1639 2422 4,
1654 2398 1666 2414 2
1693 2389 1773 2422 Qnod
1787 2399 1875 2418 meum
1888 2393 2026 2421 consilium
2045 2398 2163 2432 exquiris

0 2434 2 2447 ι
14 2427 17 2456 ι
33 2427 141 2452 Wower.
213 2427 353 2460 Exspuitur
367 2427 436 2460 ignis
449 2426 564 2452 caelestis
577 2426 606 2451 in
618 2426 700 2452 sidera
716 2426 780 2451 Plin.
799 2435 824 2456 2,
837 2434 879 2451 20.
983 2424 1065 2450 Plaut.
1130 2424 1157 2451 id
1172 2425 1207 2451 est
1222 2426 1290 2457 tale,
1311 2431 1340 2451 vt
1354 2433 1446 2459 capere
1458 2425 1562 2451 facilius
1576 2426 1630 2459 ipse
1644 2424 1749 2459 poffun,
1766 2435 1844 2459 quarn
1859 2427 1936 2454 alteri
1950 2429 2020 2456 dare.
2091 2419 2174 2460 Plane:

1 2461 111 2490 ⁴,1Pseud.
125 2469 145 2494 1,
162 2470 183 2494 1,
198 2469 235 2495 74
256 2462 392 2487 Pumiceos
404 2461 495 2487 oculos
508 2461 609 2492 habeo,
630 2469 683 2486 non
702 2469 773 2495 queo
795 2461 936 2486 lacrumam
956 2468 1067 2488 exorare
1130 2462 1212 2487 Merc.
1226 2470 1244 2491 1,
1259 2470 1288 2487 10
1307 2460 1381 2493 Quid
1395 2460 1423 2486 id
1437 2460 1487 2491 est,
1510 2460 1580 2495 quod
1606 2461 1652 2487 ille
1676 2467 1729 2486 tam
1750 2461 1871 2495 expedite
1891 2465 2009 2498 exquirit
2030 2467 2172 2495 Cursuram

0 2489 52 2527 ¹.th
66 2497 188 2531 exspuant
201 2504 280 2521 vnam
292 2495 383 2521 modo.
438 2496 513 2522 Mare
528 2496 630 2529 exspuit
642 2496 719 2522 illum
739 2496 824 2522 Catul.
839 2499 881 2527 62,
897 2503 944 2528 κς.
996 2496 1064 2522 Ter.
1130 2496 1179 2522 sibi
1195 2498 1203 2522 3
1297 2496 1375 2522 Facta
1387 2497 1499 2523 alicuius
1512 2496 1543 2523 ad
1557 2497 1680 2531 antiquae
1702 2495 1840 2529 religionis
1859 2499 1991 2525 rationem
2023 2502 2079 2528 Cic.
2094 2504 2171 2530 Verr.

0 2526 5 2565 1
24 2533 88 2559 Eun.
104 2533 188 2563 3‚1‚16
207 2531 283 2562 Scio,
303 2529 374 2565 quasi
384 2529 432 2557 vbi
446 2530 518 2557 illam
533 2532 667 2566 exspueret
682 2532 814 2558 miseriam
830 2541 861 2558 ex
876 2533 974 2558 animo.
1019 2531 1066 2557 Vbi
1080 2535 1111 2566 ⁶3
1130 2541 1156 2564 4,
1172 2541 1208 2559 10.
1304 2532 1461 2558 Sceleratum
1490 2532 1630 2566 exquirere
1662 2531 1755 2564 Frigus
1776 2538 1856 2557 terrae
1884 2532 2000 2560 Difficile
2022 2536 2058 2563 est
2095 2539 2172 2574 Virg.

0 2571 5 2590 1
28 2567 145 2593 Donatus
158 2575 164 2591 t
184 2565 328 2599 Exspuere,
347 2567 415 2593 Cum
427 2566 534 2593 fastidio
547 2567 648 2602 aliquid
662 2567 773 2594 reiicere
786 2573 810 2593 et
823 2568 961 2602 expellere.
1002 2567 1066 2593 Huc·
1130 2568 1227 2602 Georg.
1242 2576 1263 2599 2,
1278 2569 1333 2599 256.
1448 2568 1573 2592 Honores
1585 2566 1723 2600 singulares
1749 2566 1805 2592 Cic.
1820 2566 1933 2602 Philipp.
1947 2578 1974 2602 4,
1989 2579 2010 2603 ς.
2099 2574 2172 2601 Iudi-

0 2610 2 2614 ·
26 2608 97 2627 tenus
111 2600 176 2627 bene.
213 2600 258 2628 Sed
269 2601 334 2637 quod
343 2601 430 2633 addit,
449 2603 518 2629 Nam
531 2610 631 2638 expuere
645 2603 680 2629 est
693 2609 765 2630 extra
780 2610 828 2638 pus
848 2603 967 2633 mittere,
987 2602 1014 2628 id
1029 2602 1065 2628 est
1128 2603 1200 2628 cium
1214 2602 1325 2628 alicuius
1345 2601 1400 2626 Cic.
1416 2602 1468 2627 Att.
1484 2606 1506 2632 8,
1520 2611 1539 2631 3.
1631 2602 1674 2626 Ius
1692 2600 1846 2634 aliquorum
1878 2604 1950 2630 Idem
1962 2615 2011 2639 pro
2024 2607 2112 2635 Domo
2128 2611 2172 2637 sua

0 2647 3 2658 ι
25 2636 106 2663 foras.
142 2636 213 2662 Nam
229 2643 278 2671 pus
295 2636 332 2663 est
349 2639 435 2664 omnis
450 2638 547 2664 humor
560 2639 668 2673 corpori
688 2641 814 2665 onerosus
828 2650 834 2669 ;
869 2642 895 2665 in
909 2648 934 2664 cn
946 2644 1065 2672 nugatur,
1128 2646 1167 2669 39.
1276 2637 1364 2661 Mores
1377 2636 1488 2661 alicuius
1507 2636 1563 2662 Cic.
1581 2644 1630 2670 pro
1644 2636 1726 2661 Flacc.
1741 2644 1776 2662 12.
1847 2639 1938 2666 Mores
1952 2641 2056 2668 testium
2080 2644 2118 2670 Id.
2133 2645 2170 2672 ib.

26 2675 65 2698 ita
76 2679 166 2703 tamen,
179 2678 209 2697 vt
221 2671 329 2703 indicet,
344 2675 392 2699 iam
405 2683 432 2699 ea
445 2673 582 2708 tempestate
591 2673 800 2709 frequevzsfuffl‘e
813 2671 866 2707 post
882 2682 912 2698 ex
925 2672 1066 2704 litei-amfi-
1128 2680 1160 2697 12.
1259 2669 1385 2696 Officium
1399 2679 1430 2696 ex
1445 2677 1564 2704 tempore
1591 2671 1647 2697 Cic.
1660 2670 1711 2698 Off.
1726 2679 1749 2703 3,
1786 2691 1793 2697 .
1832 2691 1838 2698 .
1874 2674 1911 2700 Id.
1926 2674 1958 2701 de
1972 2677 2046 2704 Orat.
2062 2688 2071 2704 1
2095 2689 2120 2706 21
2136 2682 2171 2708 Vt

24 2707 141 2734 bilantem
154 2709 273 2733 omittere.
343 2709 467 2734 Caeterum
482 2707 545 2743 quod
556 2708 598 2734 hic
619 2708 745 2741 Parasitus
764 2717 810 2733 non
822 2707 876 2740 stne
893 2708 1020 2741 petulanti
1038 2708 1064 2730 in
1072 2716 1111 2742 „70
1127 2714 1181 2732 non
1199 2704 1324 2732 desideret
1345 2704 1565 2740 Philosophorum
1583 2706 1785 2740 descriptiones,
1803 2715 1890 2742 neque
1903 2712 2026 2746 exquirat
2039 2700 2161 2743 oritione

28 2741 180 2778 Thrasonem
194 2745 244 2768 ioco
259 2742 357 2769 videtur
371 2742 472 2776 dixrffi’,
490 2742 642 2778 illud-seuere
650 2743 736 2777 posicit
752 2743 810 2768 Seu.
825 2742 855 2768 de
864 2743 905 2768 Ira
920 2750 931 2773 3
946 2742 992 2767 vlt.
1011 2742 1065 2766 lam
1128 2742 1259 2767 summum
1274 2740 1339 2767 illud
1356 2740 1455 2767 bonum
1470 2743 1497 2768 in
1511 2742 1636 2768 animone
1651 2741 1697 2773 sit,
1718 2750 1750 2767 an
1762 2741 1790 2767 in
1804 2752 1926 2778 corpore.
2019 2750 2091 2784 Virg.
2104 2737 2171 2779 Aen’

25 2779 109 2814 ipsum
124 2778 250 2812 Spiritum
268 2778 416 2812 exspuimus
429 2778 536 2804 interim
546 2798 553 2810 ,
572 2777 634 2804 dum
648 2777 777 2804 trahimus
797 2786 938 2812 unaquaque
959 2776 1065 2811 respira·
1128 2786 1154 2809 4,
1170 2784 1200 2810 57
1235 2791 1281 2795 —-
1316 2777 1460 2812 Pacenique
1475 2786 1522 2811 per
1535 2785 1590 2803 aras
1627 2777 1783 2811 Exquirunt.
1877 2781 1992 2808 Pretium
2008 2784 2118 2813 alicuius
2130 2773 2173 2815 rei

25 2817 90 2841 sione
102 2813 200 2848 aliquid
212 2813 342 2849 Spriruss
357 2817 459 2849 vaporis
471 2814 538 2840 illius
551 2816 638 2840 vitalis
651 2814 752 2840 decedit.
806 2815 879 2839 Alter
891 2813 949 2839 Sen.
962 2811 1066 2838 Troad.
1129 2813 1184 2838 Cic.
1193 2813 1268 2837 Verr.
1284 2820 1311 2843 3,
1326 2815 1369 2846 76.
1474 2813 1590 2838 Pretium
1614 2812 1699 2847 palam
1722 2813 1863 2847 exquirere
1891 2817 1947 2843 Cic.
1976 2820 2053 2846 Vcrr.
2076 2830 2091 2848 2
2123 2832 2161 2856 ¹“3

27 2851 84 2882 1169
102 2849 155 2875 Vbi
176 2848 241 2874 hanc
260 2849 338 2875 anilis
358 2851 481 2884 exspuam
501 2849 548 2876 leti
560 2858 679 2881 moram,
699 2848 885 2884 indignabunda
903 2848 999 2874 Hecuba
1012 2856 1065 2873 cum
1128 2847 1200 2873 Idem
1214 2847 1296 2873 Tusc.
1310 2855 1333 2880 ς,
1345 2850 1379 2873 66
1400 2846 1515 2874 Alterius
1529 2857 1600 2874 mens
1621 2848 1778 2875 Rationibus
1796 2850 1926 2885 agitandis
1946 2841 2172 2894 exquirendisqiie'

37 2891 121 2912 creatu
150 2885 213 2910 anili
241 2887 348 2911 animam
380 2885 496 2921 deponere
524 2888 601 2921 cupit.
673 2885 813 2911 Rationem
845 2892 876 2910 ex
898 2884 988 2910 animo
1013 2884 1064 2909 Lu-
1082 2889 1114 2917 75
1128 2882 1256 2909 alebatur.
1360 2881 1507 2917 Religionis
1520 2884 1652 2910 rationem
1674 2884 1729 2910 Cic.
1742 2885 1817 2911 Verr.
1831 2895 1859 2919 4,
1878 2896 1914 2913 10.
2009 2892 2171 2922 Sententiam

26 2925 88 2947 eret,
101 2928 125 2951 2,
141 2921 215 2952 1046,
1128 2919 1236 2945 alterius
1257 2918 1329 2944 Caes.
1343 2918 1371 2944 Β.
1385 2918 1418 2944 G.
1434 2927 1455 2950 3,
1469 2927 1489 2950 3.
1560 2919 1666 2945 Vallem
1680 2919 1830 2947 vmbrosam
1843 2923 1937 2950 mediis
1955 2925 2067 2954 aestibus
2095 2930 2169 2965 Virg.

63 2954 183 2982 Exsrit
193 2962 275 2986 ENS,
294 2955 370 2981 entis.
389 2956 481 2982 Partic.
518 2955 621 2989 Vulgat.
634 2955 716 2982 Marc.
731 2962 754 2988 8,
769 2964 807 2987 23.
845 2961 868 2980 et
878 2954 1065 2988 Matth.27,30.
1128 2955 1226 2988 Georg.
1240 2962 1263 2986 3,
1275 2962 1321 2986 331.
1429 2955 1484 2980 Cic.
1500 2963 1548 2988 pro
1562 2955 1668 2981 Caecin.
1684 2962 1715 2990 57
1729 2964 1750 2981 c.
1765 2965 1796 2982 :0
1820 2958 1933 2993 Cognita
1948 2961 2075 2990 sententia
2088 2964 2170 2993 inter-

62 2997 80 3016 E
90 2997 109 3016 x
122 2996 138 3015 Ρ
148 2996 170 3015 ν
179 2998 188 3016 1
197 2997 218 3017 Τ
229 2997 285 3023 10,
305 2991 372 3017 bnis.
396 2991 416 3017 f.
458 2990 523 3017 Plin.
537 2999 577 3026 23,
589 3000 598 3017 1
622 2991 653 3017 Et
672 2990 705 3017 ad
726 2991 908 3025 expuitionem
934 2989 1066 3024 sanguinis
1128 2989 1192 3016 dicii
1202 3009 1209 3019 ‚
1230 2989 1317 3015 Verba
1329 2988 1463 3016 subtiliter
1476 2991 1583 3025 exquiri
1597 2999 1687 3017 omnia
1702 2991 1852 3019 noluerunt.
1947 2997 2090 3025 Veritatem
2111 3001 2167 3027 Cic.

0 3030 3 3047 1
32 3033 137 3060 quoque
150 3025 282 3052 adhibent,
1127 3034 1176 3060 pro
1189 3026 1219 3051 L.
1232 3025 1325 3051 Manil.
1340 3033 1363 3057 5¹
1379 3033 1399 3050 c.
1415 3032 1451 3059 17.
1539 3027 1569 3052 In
1583 3035 1649 3053 vero
1664 3027 1828 3061 exquirendo
1840 3030 1967 3064 cogitatio
1981 3034 2096 3061 maxime
2110 3045 2169 3063 vcr-

67 3065 258 3092 ExPV'rvs,
278 3070 308 3093 a,
329 3069 382 3087 um.
405 3061 464 3087 Adi.
501 3061 590 3088 Sidon.
607 3062 682 3096 Epist.
699 3071 717 3093 1,
730 3069 747 3097 7
760 3069 823 3088 extr.
847 3062 869 3088 A
883 3060 960 3088 rebus
974 3059 1107 3093 huma-80
1126 3063 1196 3087 satur
1210 3061 1265 3087 Cic.
1279 3060 1330 3087 Off.
1347 3069 1366 3092 1,
1378 3068 1418 3091 132
1432 3070 1452 3086 c.
1468 3063 1508 3093 36.
1613 3062 1782 3089 Voluntatem
1798 3064 1907 3091 alterius
1925 3067 1983 3101 le.
2000 3068 2059 3096 inl.
2073 3070 2168 3097 incon-

31 3094 72 3120 nis
84 3094 168 3120 veluti
179 3096 280 3123 vomitu
294 3097 416 3123 fortunae
428 3098 575 3123 nauseantis
590 3104 708 3132 exputus,
1127 3096 1256 3127 cedendo,
1293 3103 1316 3121 et
1328 3095 1430 3122 Paullus
1453 3096 1469 3124 l.
1484 3098 1605 3131 proxima
1619 3099 1650 3124 D.
1666 3098 1697 3124 de
1711 3107 1778 3133 aqua
1794 3099 1865 3133 pluu.
1881 3104 1984 3129 arcend.
2089 3107 2167 3132 Ouae.

69 3136 86 3156 Ε
96 3135 114 3155 Χ
125 3136 168 3155 PV
177 3136 224 3157 RG
234 3137 253 3157 0
261 3150 269 3162 ,
287 3136 339 3158 are.
376 3132 567 3168 [ἐποκοιθαίρῳ
587 3134 741 3169 ἔκκαθκίρω]
777 3134 883 3160 Omnino
898 3138 1009 3167 purgare
1020 3140 1062 3156 au·
1126 3133 1201 3159 rendo
1213 3134 1332 3157 inuenire.
1369 3130 1433 3158 Plin.
1448 3140 1472 3163 2,
1485 3141 1516 3166 41
1537 3133 1611 3166 Quin
1623 3139 1649 3160 et
1663 3134 1775 3160 soricum
1789 3135 1866 3161 fibras
1879 3137 2036 3171 respondere
2054 3131 2166 3168 nuffiero

0 3174 5 3188 ι
25 3163 134 3202 serendo
157 3167 184 3189 in
201 3168 291 3200 primis
304 3168 400 3203 sordes.
446 3169 596 3203 Expurgare
614 3175 640 3195 et
658 3169 761 3203 explere
786 3168 904 3195 Scribon.
919 3169 962 3193 66.
983 3167 1060 3192 ulcus.
1127 3168 1218 3198 lunae,
1238 3167 1402 3201 exquisiuere
1434 3167 1624 3202 diligentiores.
1664 3169 1689 3196 h.
1715 3179 1732 3195 e.
1750 3172 1928 3205 Amzotarum,
1948 3173 2157 3209 deprehenderunt

0 3197 4 3220 l
33 3215 79 3221 ..-
115 3198 209 3226 Vlcera
226 3208 280 3241 1137.
314 3217 358 3223 -—
393 3211 521 3239 quantum
540 3204 656 3231 alienum
682 3205 718 3231 est
735 3213 792 3231 201.
886 3201 1016 3230 Columel.
1037 3210 1063 3234 2,
1126 3202 1301 3237 Exquisitum,
1318 3204 1402 3237 sapin.
1432 3203 1519 3239 uPlaut.
1528 3204 1608 3231 Stich.
1626 3214 1645 3235 1,
1659 3212 1720 3238 2‚30
1741 3206 1813 3238 Qtid
1827 3206 1901 3239 istuc,
1921 3210 1991 3242 quod
2007 3198 2165 3245 exquisituni

34 3244 61 3269 9,
75 3243 95 3261 11
127 3234 299 3270 defrugtbus‚
315 3239 403 3271 Quum
421 3241 510 3266 rursus
522 3241 635 3275 amplior
647 3240 728 3267 meffis
742 3240 910 3274 prouenerit,
931 3237 1062 3272 quidquid
1079 3243 1108 3272 85
1126 3240 1270 3266 mulierum
1284 3246 1372 3264 mores
1384 3238 1457 3265 venis
1471 3239 1480 3265 3
1596 3240 1668 3267 Idem
1684 3240 1778 3276 Amph.
1793 3250 1815 3274 2,
1831 3251 1851 3274 1,
1863 3248 1888 3272 81
1921 3245 1961 3270 Mi
1974 3245 2037 3272 istuc
2049 3248 2164 3281 primum

31 3276 182 3310 exteretur,
200 3270 332 3304 capisterio
343 3283 372 3300 ex
391 3275 536 3310 urgandum
549 3276 609 3303 erit.
715 3275 788 3302 Idem
801 3284 829 3308 4,
844 3282 906 3307 24,;
922 3272 1061 3300 Dolabella
1124 3274 1255 3309 exquisito
1268 3283 1333 3309 opus
1346 3273 1391 3300 est.
1434 3275 1491 3301 Vid.
1506 3275 1575 3302 eund.
1591 3285 1616 3307 2,
1629 3284 1654 3308 2,
1671 3284 1722 3309 159.

32 3311 156 3332 conuenit
168 3307 302 3339 expurgari
322 3310 366 3343 qui
385 3311 450 3346 quid
469 3317 620 3338 emortuum
635 3310 680 3338 est.
786 3311 938 3337 Sermonem
958 3309 1013 3335 Cic.
1029 3308 1061 3334 de
1160 3318 1176 3337 E
1193 3318 1211 3337 Χ
1227 3316 1282 3347 Qv
1299 3317 1307 3335 1
1325 3317 1344 3336 R
1358 3316 1378 3336 o
1391 3316 1420 3336 R.
1473 3311 1534 3337 Pais.
1604 3311 1664 3346 le.
1703 3311 1722 3338 l.
1764 3313 1796 3338 In
1832 3314 1936 3341 conced.
1971 3317 2003 3343 D.
2034 3316 2067 3343 de
2098 3327 2165 3354 aqua

32 3341 188 3381 ΟΙᾶΐ-,Οΐᾶῐ-
204 3346 248 3373 258
260 3349 282 3367 C·
295 3349 338 3382 '724-
449 3347 598 3382 Expurgate
609 3353 635 3374 et
646 3347 783 3374 dimouere
798 3346 970 3381 suspicionem
990 3344 1063 3370 Pseu·
1123 3346 1195 3382 pluu.
1215 3345 1319 3372 arcend.

31 3377 134 3404 do-Cic.
155 3381 294 3410 antequam
312 3384 362 3405 iret
380 3379 408 3406 in
425 3382 485 3409 exii.
499 3391 537 3409 21.
643 3383 725 3409 Plaut.
740 3382 797 3409 Mil.
813 3391 835 3414 2,
849 3384 875 3413 6,
890 3389 917 3416 17
953 3380 1062 3411 Vicine,
1161 3388 1262 3419 EXQV
1273 3383 1285 3408 i
1296 3386 1409 3414 RENS,
1429 3379 1504 3407 entis.
1540 3380 1633 3407 Partic.
1670 3382 1822 3418 [ἐξετάζων]
1856 3384 1911 3411 Cic.
1932 3384 1964 3410 de
1982 3386 2046 3412 Fato
2057 3396 2073 3413 2
2094 3389 2165 3416 Mul.

13 3447 15 3452 ,
33 3412 148 3453 ausculta
171 3411 268 3446 quaeso
301 3425 344 3432 —
377 3415 522 3452 Expurgare
547 3418 611 3445 volo
631 3427 682 3445 me.
731 3424 776 3445 PE.
795 3418 869 3444 Tun‘
888 3423 912 3444 te
927 3424 1062 3450 expurges,
1075 3424 1111 3450 90
1125 3424 1181 3444 tum
1203 3426 1253 3444 vna
1272 3425 1390 3449 eramus,
1407 3417 1522 3444 maxime
1541 3425 1589 3442 nos
1609 3417 1719 3451 quidem
1733 3420 1898 3453 exquirentes
1911 3428 1940 3446 ea
1954 3421 2076 3455 consilia,
2096 3433 2164 3459 quae

12 3478 15 3482 ,
32 3457 79 3484 (ιω
92 3448 193 3474 fannus
207 3452 307 3473 tantum
320 3454 365 3474 ΒΜ·
466 3453 535 3480 Ter.
549 3454 629 3481 Andr.
644 3462 665 3487 ς,
679 3464 701 3487 3,
714 3462 744 3486 29
773 3454 832 3479 Sine
848 3461 889 3479 me
910 3460 1062 3486 expurgem.
1126 3453 1158 3480 ad
1173 3461 1260 3487 pacem
1273 3453 1342 3479 etad
1356 3452 1523 3479 concordiam
1538 3451 1638 3479 ciuium
1654 3454 1822 3487 pertinerent.

27 3486 50 3510 ί.
61 3482 182 3517 ostendam
190 3489 280 3517 purum
293 3482 419 3525 fraudis..
603 3506 604 3509 ,
1164 3495 1180 3514 E
1189 3497 1207 3515 x
1216 3495 1236 3522 Q
1246 3496 1267 3515 v
1278 3495 1286 3514 1
1297 3495 1316 3515 R
1326 3494 1342 3514 E
1352 3495 1373 3514 N
1381 3494 1399 3513 n
1410 3494 1428 3512 v
1439 3495 1452 3515 s
1460 3508 1468 3520 ,
1486 3496 1517 3520 a,
1536 3496 1590 3516 um.
1618 3489 1711 3516 Partic.
1747 3489 1823 3515 Sedes
1844 3489 2005 3525 exquirenda
2025 3492 2085 3520 aliis
2107 3495 2163 3523 oris

9 3523 11 3525 ’
67 3525 84 3545 E
95 3525 113 3545 x
125 3526 140 3545 P
150 3524 199 3544 VR
211 3524 231 3544 G
240 3525 262 3544 A
274 3523 294 3543 T
307 3524 359 3548 10,
377 3522 443 3547 oms.
461 3522 481 3548 f.
498 3524 682 3560 [ἓκκοίθκρσις]
718 3524 940 3559 Expurgationem
954 3522 1062 3556 habere,
1125 3523 1218 3551 Claud.
1233 3523 1264 3550 de
1277 3524 1351 3558 Rapt.
1363 3523 1480 3558 Proserp.
1493 3531 1514 3555 3,
1531 3531 1584 3550 122.

10 3563 11 3566 ¹
34 3557 53 3580 i.
73 3555 228 3590 Sepurgare.
297 3552 378 3579 Plaut-
409 3555 501 3592 Amph.
530 3568 557 3592 3,
590 3569 612 3593 3,
643 3569 672 3587 10
709 3559 800 3587 Habui
831 3559 1064 3594 expurgationem,
1161 3561 1325 3599 Exqv1si
1335 3566 1425 3591 Tvs,
1445 3567 1474 3591 a,
1491 3567 1544 3585 um.
1565 3560 1632 3585 Part.
1667 3558 1859 3593 [ἐξητασμένος]
1895 3561 2026 3595 Epitheton
2040 3573 2122 3592 rerum
2133 3569 2162 3592 in

0 3583 13 3613 ἲ
34 3589 101 3616 faeta
119 3598 167 3624 pax
188 3588 234 3615 est.
249 3625 259 3628 -
383 3626 394 3630 -
415 3625 420 3629 Ι
447 3603 449 3606 ν
565 3620 567 3624 .
958 3617 961 3621 ,
1075 3601 1108 3628 95
1120 3594 1167 3629 suo
1179 3604 1266 3630 genere
1275 3593 1462 3629 praeliantium.
1498 3595 1555 3621 Cic.
1571 3594 1602 3620 de
1615 3595 1688 3621 Orat.
1705 3602 1722 3624 1,
1737 3601 1782 3626 250
1803 3593 1851 3627 lpsi
1865 3596 1972 3629 omnia,
1991 3607 2104 3633 quorum
2117 3611 2162 3628 ne.

69 3630 88 3651 Ε
98 3631 116 3651 Χ
125 3632 140 3651 p
149 3632 169 3651 V
178 3631 197 3651 R
207 3630 227 3650 G
237 3631 258 3650 A
267 3629 288 3648 'r
297 3629 344 3649 OR
356 3643 364 3655 ,
381 3632 444 3650 oris.
460 3634 494 3653 m.
529 3631 604 3665 Apud
615 3631 718 3658 Celsum
731 3630 774 3664 eff&
789 3631 892 3657 dicitur.
1125 3629 1229 3663 gotium
1241 3629 1292 3660 est,
1309 3630 1426 3656 consulta
1439 3630 1469 3656 ad
1482 3639 1530 3656 nos
1544 3636 1569 3656 et
1583 3629 1707 3664 exquisita
1720 3627 1850 3656 deferunt.
1921 3632 1999 3660 Nihil
2012 3636 2080 3669 apud
2093 3636 2164 3664 hune

40 3696 43 3697 .
69 3666 114 3687 Ex
125 3667 168 3686 Pv
178 3666 195 3686 R
207 3666 227 3686 G
236 3666 258 3686 A
267 3666 288 3685 Τ
298 3665 316 3685 O
327 3666 347 3685 R
356 3666 394 3701 ¹,V
403 3667 415 3686 s
425 3679 433 3691 ,
451 3669 465 3686 a
474 3680 482 3692 ,
499 3670 550 3690 um.
570 3665 628 3692 Adi,
664 3667 741 3703 Apud
758 3666 829 3692 eund.
866 3686 873 3693 .
910 3685 917 3692 .
953 3685 960 3691 .
1127 3665 1243 3696 lautum,
1260 3664 1329 3691 nihil
1342 3666 1461 3700 elegans,
1477 3665 1546 3692 nihil
1561 3664 1732 3698 exquisitum,
1750 3673 1783 3690 ne
1796 3673 1953 3701 magnopere
1964 3669 2071 3704 quidem
2086 3673 2160 3707 quid-

71 3702 88 3721 E
99 3701 118 3721 x
127 3703 142 3722 Ρ
151 3702 172 3736 xj
183 3701 204 3722 'r
215 3702 230 3722 E
240 3702 252 3720 s
262 3700 279 3721 c
290 3700 323 3725 o,
346 3694 398 3720 vid.
419 3702 436 3721 E
447 3701 466 3721 x
476 3703 491 3721 Ρ
499 3702 520 3722 v
529 3704 550 3723 'r
559 3706 577 3726 R
587 3707 604 3726 E
615 3708 627 3727 s
635 3709 651 3729 c
661 3708 692 3729 o.
1127 3709 1206 3734 quarn
1229 3707 1333 3734 praeter
1352 3701 1477 3727 libidines
1499 3700 1657 3727 sumtuosum
1683 3699 1737 3725 Cic.
1751 3699 1779 3725 in
1792 3700 1877 3728 Pison.
1890 3705 1925 3737 67
1939 3713 1960 3730 c.
1974 3713 2014 3740 27.
2108 3708 2159 3734 Ad-

72 3737 141 3772 1-:x-1>
150 3737 202 3756 VT
213 3738 251 3769 o,
267 3734 320 3756 are.
357 3730 563 3767 [οἶνοιλογιξομαι]
603 3737 705 3764 Verbum
715 3734 891 3772 rusticum,quo
902 3733 1064 3772 significatur
1127 3735 1245 3762 hortatio
1265 3736 1329 3763 Plin.
1345 3737 1423 3771 Epist.
1438 3747 1455 3769 1,
1469 3742 1492 3766 8.
1582 3735 1671 3760 Tacit·
1686 3734 1752 3761 Atm-
1766 3739 1839 3766 καί)
1859 3738 1996 3767 Caeterum
2010 3741 2082 3769 attiae
2089 3743 2160 3777 prin-

40 3765 134 3792 Putatzo
147 3773 170 3792 et
181 3768 264 3800 incijto
271 3765 450 3802 superfluorum
463 3776 582 3794 ramorum
594 3778 635 3796 aut
641 3773 835 3807 sarmentorum,
851 3780 910 3806 quae
927 3779 969 3797 aut
982 3780 1011 3796 cx
1024 3780 1063 3796 ar-
1071 3780 1118 3799 100
1128 3772 1181 3805 cipi
1200 3776 1298 3805 grates,
1316 3772 1486 3807 exquisitiore
1504 3771 1532 3797 in
1551 3769 1700 3796 Domitium
1727 3770 1896 3800 Adulatione.
1999 3778 2159 3812 Argumenta

40 3798 133 3827 boribus
144 3808 187 3828 aut
198 3801 383 3828 vitibus-runca
398 3805 544 3828 eximuntur.
578 3804 706 3833 Columel.
719 3817 751 3837 11,
766 3817 792 3839 2,
807 3816 834 3834 12
853 3807 925 3833 Palos
938 3815 987 3833 vna
1002 3814 1063 3840 ope·
1129 3806 1350 3841 Philosophorum
1373 3807 1500 3842 exquisita
1533 3806 1589 3831 Cic.
1611 3805 1643 3831 de
1657 3805 1748 3832 Diuin.
1766 3815 1785 3837 ¹,
1798 3815 1811 3840 ς
1824 3817 1845 3834 c.
1863 3820 1883 3840 3·
1990 3813 2037 3839 Ars
2056 3813 2110 3838 Cic.
2127 3813 2158 3838 de

18 3842 20 3865 ι
42 3842 71 3860 ra
83 3835 205 3877 caedere,
225 3843 250 3863 et
273 3843 408 3871 exputatos
427 3846 518 3863 acuere
537 3844 640 3865 centum
652 3850 761 3869 numero
774 3843 865 3876 potest.
959 3842 1031 3869 Idem
1045 3850 1063 3872 3,
1127 3844 1200 3870 Orat.
1216 3851 1237 3873 2,
1254 3850 1306 3876 175.
1413 3840 1622 3875 Conxpositiones
1637 3841 1780 3877 exquisitae
1805 3843 1924 3871 Scribon.
1938 3846 1983 3880 Ep.
2085 3847 2160 3874 Diffi-

18 3870 19 3889 l
42 3876 75 3901 15,
88 3879 99 3902 3
119 3871 217 3898 Deinde
232 3881 288 3899 eam
300 3872 374 3898 velut
386 3879 535 3900 veteranam
549 3873 629 3899 vitem
643 3880 723 3903 totam
735 3886 868 3911 exputare.
976 3879 1016 3905 Sic
1032 3886 1064 3908 11,
1126 3877 1207 3904 cultas
1220 3877 1313 3911 lapidis
1325 3878 1452 3912 exquisita
1472 3876 1536 3902 Plin.
1550 3884 1593 3911 27,
1607 3885 1638 3904 11.
1709 3878 1868 3913 Disciplinae
1881 3882 2088 3916 exquisitissimae
2109 3884 2160 3909 Co-

41 3913 63 3936 2,
78 3913 105 3938 ¹9
123 3907 227 3934 Planffls·
301 3909 329 3934 Et
346 3917 374 3941 4,
388 3917 435 3941 30,
448 3911 465 3934 6
483 3908 586 3935 Salices·
779 3911 799 3949 fl
826 3923 842 3940 2
878 3913 921 3940 Ad
933 3916 1063 3950 cogitatio-
1105 3910 1107 3912 ’
1127 3914 1189 3940 lum.
1202 3914 1321 3939 Prooem.
1335 3923 1356 3939 c.
1372 3919 1394 3943 8.
1460 3911 1585 3938 Doctrina
1599 3912 1725 3948 exquisita
1739 3913 1910 3949 Philosophus
1929 3917 1984 3942 Cic.
1998 3916 2029 3942 de
2044 3918 2159 3949 Fin.1‚1.

40 3949 93 3985 nem
107 3943 237 4006 νςίεντξῖὀ
244 3943 396 4006 1Vtriiqrque
415 3953 471 3972 rem
488 3944 562 3971 simul
577 3949 707 3979 exputcm.
723 3948 742 3971 i.
755 3946 889 3984 disputem,
903 3948 1062 3985 perpendam.
1072 3955 1116 3981 ¹05
1127 3949 1255 3977 Doctrina
1268 3954 1294 3975 et
1306 3949 1376 3975 ratio
1395 3949 1450 4009 ci&
1465 3948 1537 4015 ξᾶζιη.
1551 3957 1578 3981 4,
1592 3956 1625 3981 13.
1695 3949 1823 3978 Βοὲἲτίιιει
1834 3951 1962 3986 exquisita
1981 3958 2006 3979 et
2024 3951 2161 4016 firilgiiiffiii
