2479 4225
11 229 13 280 Ι
24 232 98 289 ’577
413 230 444 269 F
527 232 564 270 A
654 231 688 271 C
1542 232 1573 271 F
1652 234 1690 272 A
1772 235 1805 272 C
2099 255 2141 290 5?
2148 251 2170 288 8

34 320 127 355 Quales
141 329 171 346 ex
187 319 233 346 hac
246 319 288 345 die
301 318 464 354 experiundo
477 320 648 354 cognouerit,
665 319 773 354 perinde
787 319 888 352 Operae
902 325 996 343 eorum
1012 325 1068 351 prc-
1132 326 1239 353 quoque
1266 319 1297 345 D.
1318 318 1349 344 de
1361 327 1390 344 re
1405 319 1534 351 iudicata,
1554 321 1578 348 Si
1600 322 1672 356 saepe
1692 322 1816 348 conuenti
1835 326 2005 356 praesentiam
2026 327 2063 354 sui
2082 329 2168 356 sace„e

0 345 4 356 ⁸
23 358 100 385 ,tium
112 355 196 382 faciat.
267 356 322 382 Cic.
331 355 391 382 Diu.
402 356 477 381 Verr.
488 364 545 387 1,45
567 356 679 388 Quoties
693 355 739 381 illc
750 353 801 380 tibi
814 352 965 388 potestatem
974 353 1067 386 Optio·
1132 354 1275 380 noluerint.
1316 355 1542 388 Hermogeniauus
1561 357 1589 383 in
1605 356 1620 383 1.
1635 358 1816 389 contumacia,
1836 360 1928 384 codem
1943 363 2022 387 titulo
2049 366 2169 391 praesen,

0 404 3 411 ν
35 387 144 426 nemque
159 390 274 417 fauturus
288 390 326 423 lit,
343 397 370 417 vt
383 390 462 425 eligas
476 397 564 417 vtrum
578 391 652 417 vclis.
722 391 804 423 Opus,
825 388 956 420 Labor-are,
972 391 1070 423 operari
1133 389 1197 415 tiam
1223 390 1262 416 sui
1283 390 1368 416 facere
1387 392 1539 417 coutemnit.
1613 393 1672 419 Liu.
1691 401 1737 425 39,
1760 398 1784 424 18
1801 401 1842 428 pr·
1876 395 1930 427 Qui
1953 403 2050 424 tuntum
2071 400 2170 427 initiari

1 421 3 425 Δ
19 439 22 442 ⁴
37 428 116 455 Plaut.
129 426 209 453 Trin.
224 434 249 458 2,
262 435 290 459 4,
307 431 359 456 180.
453 426 522 452 Ter.
537 426 603 456 Eun.
617 435 641 459 2,
655 434 675 459 1,
689 434 719 458 14
742 425 814 458 Opus
827 422 938 455 faciam,
958 430 987 450 vt
1000 423 1070 449 desa-
1135 431 1222 456 erant,
1242 431 1267 452 et
1287 434 1319 452 ex
1339 425 1455 453 camnine
1476 426 1563 459 sacro,
1585 435 1725 461 praecunte
1745 429 1824 455 verba
1832 429 1987 461 «sacerdote,
2008 435 2171 462 l'u·ccati0nes

0 485 2 488 ,
36 463 104 498 tiger
115 470 211 496 vsque,
232 462 365 496 ingratus,
383 466 412 488 vt
425 461 567 488 dormiam.
638 461 806 490 Orationem,
832 459 883 485 uid.
906 465 1013 485 ORAT
1024 467 1069 497 11).
1101 469 1114 495 ς
1135 460 1258 486 fecerant.
1365 461 1495 492 Pretium,
1516 461 1652 494 Aestimure
1670 465 1750 492 Plaut.
1767 463 1833 491 l‘ers.
1853 474 1881 498 4,
1898 474 1926 498 4,
1945 473 1984 500 37,
2057 470 2119 497 pun·
2136 481 2171 503 η,

38 498 119 528 Qrbes
136 496 236 524 Sallust.
250 496 278 523 in
293 497 410 531 luguurth.
431 506 452 523 c.
467 505 502 532 97
519 504 583 524 extr.
606 495 639 529 est
650 504 727 532 genus
739 497 812 525 aciei,
832 501 861 519 vt
873 494 980 529 undique
993 493 1072 528 rqsisti
1136 504 1169 521 20
1191 496 1306 522 Pretium
1324 495 1487 530 Daphnoidis
1509 498 1608 524 faciunt
1630 505 1658 525 x.
1678 506 1750 527 CCC.
1822 500 1881 526 Liuu.
1895 509 1943 535 24,
1964 510 1997 533 24
2018 505 2073 536 Qui
2089 515 2171 538 quum

31 532 113 570 poffit.
184 533 226 559 Sic
238 533 310 559 Caes.
325 533 389 559 Bell.
403 532 469 559 Gall.
483 542 511 566 4,
524 540 556 566 37
583 533 671 565 Quum
688 529 729 557 illi
745 529 812 556 orbe
831 528 902 555 fabio
919 530 971 555 sese
984 529 1073 556 defen·
1136 530 1230 557 ordine
1245 531 1336 558 onmia
1348 531 1504 564 edocuiss'et,
1522 539 1547 558 ct
1564 534 1723 569 Principium
1737 535 1930 562 coniurationis
1942 536 2041 563 factum
2058 539 2090 565 ab
2107 542 2172 567 Har.

0 579 2 597 ι
37 568 140 600 deu-ent,
159 568 281 594 celeriter
299 569 330 595 ad
345 568 488 596 clamorem
507 567 646 594 hominum
661 565 767 592 circiter
785 565 871 592 nuillia
887 566 930 591 sex
945 574 1075 592 conuene-
1136 568 1242 593 unoniae
1257 567 1364 593 Gelonis
1379 567 1450 594 filiae
1463 569 1577 602 nuptiis,
1594 576 1639 595 cte.
1712 571 1782 597 Caes.
1798 571 1824 597 B.
1840 572 1872 598 G.
1887 577 1915 605 5,
1929 580 1959 604 45
1988 574 2091 600 Veritus
2110 575 2126 600 si
2142 585 2174 603 ex

0 601 7 635 ‚ff
27 599 105 632 siunt.
158 603 206 631 sed
217 603 297 630 Ouid.
313 605 378 630 Met.
391 613 422 636 2,
436 612 482 637 514
1137 601 1257 628 hibernis
1279 603 1357 636 fugae
1373 603 1493 631 ,limile-uu
1508 604 1704 630 Profectionem
1725 606 1836 638 fecill'et,
1863 612 1891 633 vt
1915 607 2028 635 hostium
2048 610 2176 644 impetum

43 651 46 655 <
190 639 322 672 Mentiar,
341 639 484 666 obscurum
501 637 549 665 11111
563 645 616 664 nox
629 644 711 672 quum
723 635 816 662 fecerit
830 634 949 668 Orbem,
982 639 1001 663 i.
1015 642 1077 663 tene-
1090 640 1118 658 10
1139 637 1265 664 sustinere
1282 647 1335 664 11011
1349 639 1436 672 poss'ct.
1544 639 1608 668 Plin.
1646 660 1652 666 .
1689 660 1695 666 .
1733 661 1739 667 .
1777 643 1831 668 Nec
1845 643 1976 679 minorem
1996 645 2043 671 sub
2057 654 2089 671 eo
2104 655 2178 680 prae.

0 670 5 683 *
642 672 697 698 bris
713 671 821 698 tellurem
834 673 975 698 inuolucrit.
1141 679 1246 707 ccptore
1259 674 1410 700 Profec'tuuuu
1422 672 1502 706 fecit,
1535 677 1552 700 i.
1573 685 1614 701 nac
1627 679 1708 702 minus
1715 677 1836 712 profecit.
1908 679 1964 705 Cic.
1979 679 2090 707 Tuscul.
2105 692 2131 716 4,
2146 691 2178 715 43

193 709 288 744 Nuper
306 709 448 736 honoratas
466 709 568 736 summo
587 716 645 734 mea
662 707 772 734 vulnera
793 706 865 734 caelo
1141 708 1326 742 Philosophiae
1338 709 1452 744 denique
1466 709 1544 743 ipsius
1558 711 1703 746 princip-ss,
1724 722 1856 747 nunquam
1873 713 1899 739 in
1914 716 1964 740 suus
1984 715 2074 743 studiis
2094 723 2180 744 tantos

180 745 321 772 ,Videritis
342 745 436 772 stellas.
1141 744 1289 778 Progress'us
1304 744 1355 770 11110
1370 745 1490 778 flagranti
1505 747 1647 780 cupiditate
1666 748 1750 773 facere
1765 749 1912 782 potQiffsnt.
2016 752 2072 779 Cic.
2086 752 2139 780 Off.
2158 761 2181 786 3,

38 779 95 806 Cic.
108 780 179 806 Fam.
193 785 216 813 8,
230 790 259 814 14
286 782 339 807 Scis
353 781 466 815 Appium
479 778 621 805 Censorem
634 777 677 804 hic
691 778 798 805 Ostenta
811 777 898 804 facere
913 777 946 804 de
961 777 1038 812 signis
1054 784 1080 806 et
1141 788 1173 812 95
1194 780 1348 806 Promissum
1366 781 1455 814 potius
1476 790 1530 807 non
1549 781 1713 815 faciendum,
1732 792 1810 817 quain
1830 791 1880 810 tam
1902 790 1999 812 tetrum
2019 787 2119 814 facinus
2138 789 2181 815 ad-

40 815 144 842 tabulis.
233 817 326 851 Virgil.
337 817 390 842 l-jcl.
404 824 425 847 1,
438 815 454 840 6
480 814 505 840 Ο
517 814 662 846 Meliboee,
678 814 748 840 Deus
762 813 839 840 nobis
852 813 914 839 haec
929 814 993 840 Otia
1009 815 1080 846 fecit,
1101 819 1126 846 15
1141 814 1301 841 mittendum
1314 815 1374 841 fuit.
1410 816 1478 850 Ergo
1496 818 1617 844 Prouuuiula
1637 827 1690 844 non
1703 819 1821 845 facienda
1841 829 2038 856 nonnunquam.
2109 824 2184 851 Caest

37 853 57 876 i.
70 854 234 885 ‚procuratam
329 853 412 878 Varro
433 849 464 875 de
478 850 509 875 R.
524 850 555 875 R.
570 857 591 882 3,
604 858 621 882 9
645 850 688 876 Ne
710 859 742 875 ue
762 850 818 876 fere
837 850 865 875 in
885 849 959 875 villis
972 850 1031 876 Ouua
1051 859 1079 876 ac
1142 851 1170 877 B.
1184 852 1215 877 C.
1229 859 1251 883 2,
1265 857 1293 883 25
1313 852 1373 884 Qua
1387 851 1604 879 Pronuntiationc
1618 854 1699 884 safra,
1714 856 1838 887 temporis
1853 856 1963 889 pundo,
1985 858 2092 885 sublatis
2107 868 2183 886 anco-

58 886 130 912 ullos*
145 886 261 921 faciunt,
280 887 323 914 sed
342 887 369 912 in
388 885 468 911 siluis.
687 859 707 923 ξ
733 887 767 911 16
793 884 938 911 ‘Pac‘liones
950 904 957 915 ,
984 886 1080 921 Pacisci
1141 887 1195 919 ris,
1214 894 1304 912 omnes
1318 887 1421 913 Vticam
1442 887 1604 922 relinquunt.
1655 890 1862 925 Paullosupcrms
1877 892 1990 924 drawn-ult,
2019 895 2103 920 Curio
2122 904 2184 930 pro.

63 920 95 947 ic.
110 922 164 948 Att.
180 932 208 955 4,
223 931 259 957 ¹7·
328 920 480 948 Paetionem
500 928 559 946 cum
577 919 670 954 aliquo
693 923 725 947 de
741 929 770 947 re
783 920 871 954 aliqua
887 920 960 946 Idem
974 920 1005 946 de
1020 922 1079 947 Pro·
1141 922 1260 948 nuntiari
1277 921 1352 947 iuffit.
1429 923 1494 950 Plin.
1516 933 1558 957 12,
1577 932 1589 957 5
1617 924 1694 951 Rami
1711 934 1808 951 nouam
1829 926 1876 952 libi
1894 929 2066 962 Propagincm
2086 931 2184 958 faciant

37 956 109 982 vinc.
125 958 204 983 Cous.
218 967 254 986 ιο,
324 958 355 983 Et
374 965 423 990 pro
439 955 513 982 Rosc.
528 956 604 982 Com.
621 965 657 989 40
688 958 780 990 Quum
800 955 832 981 dc
853 961 908 982 tota
920 956 967 982 lite
981 957 1080 983 Pacuio·
1143 958 1211 984 circa
1222 963 1357 992 parentem
1373 957 1400 983 in
1412 959 1512 987 orbes..
1601 960 1750 994 Propitium
1763 962 1880 994 aliquem
1898 963 1976 990 Plaut.
1987 967 2062 990 u'oen.
2073 969 2186 1000 1,2,165.

17 1018 23 1023 ,
38 1000 100 1017 110111
113 992 218 1020 faceret.
295 991 350 1019 Cic.
367 1000 416 1026 pro
435 991 511 1018 Rosc.
533 991 610 1017 Com.
625 994 660 1017 26
691 993 739 1019 Dic
759 991 911 1018 Pazffionem
929 991 1029 1022 fecisse,
1051 999 1079 1019 vt
1090 999 1127 1017 20
1144 993 1212 1019 Ibid-
1226 1001 1251 1025 2,
1265 994 1281 1019 6
1301 993 1358 1019 Nec
1373 994 1447 1026 potui
1460 1002 1547 1021 tamen
1559 996 1703 1030 Propitiauuu
1717 997 1846 1022 Venerem
1860 998 1958 1028 facere,
1980 1001 2017 1025 vti
2034 1001 2092 1027 ell'et
2107 1003 2185 1028 mihi.

40 1027 240 1055 absolueretur:
265 1036 317 1054 non
331 1026 441 1062 pepigit.
482 1026 540 1052 ufid.
557 1027 648 1053 Iustin.
666 1035 701 1061 15,
715 1036 737 1060 2,
752 1035 777 1054 2.
800 1034 823 1053 et
837 1036 865 1060 4,
881 1035 917 1053 21.
972 1028 1078 1054 PaCtum
1143 1030 1305 1055 Prouentum
1318 1029 1447 1055 maiorem
1459 1050 1467 1061 ,
1493 1031 1517 1056 h.
1533 1040 1551 1056 c.
1574 1031 1772 1057 exuberantiora
1781 1031 1887 1066 fmuHus
1900 1034 1966 1059 dare.
2003 1036 2107 1062 Colum.
2123 1047 2146 1070 2,
2161 1045 2187 1069 15

40 1063 110 1089 inter
124 1072 168 1090 eos
183 1063 280 1090 facium
294 1062 330 1089 est
343 1062 456 1089 Modest.
467 1061 496 1088 in
509 1062 525 1088 l.
540 1062 620 1088 Caius
640 1063 671 1089 D.
686 1063 718 1089 de
731 1063 862 1097 pignorat.
878 1062 992 1090 achone.
1034 1065 1081 1091 Pau·
1144 1064 1202 1091 Nec
1221 1064 1306 1090 solum
1332 1073 1361 1090 ea
1382 1074 1422 1090 res
1441 1066 1568 1092 maiorem
1588 1066 1650 1092 facit
1671 1067 1846 1099 Prouentum,
1867 1067 1911 1092 sed
1931 1069 2009 1094 etiam
2025 1071 2142 1104 saporem
2163 1079 2189 1099 ct

39 1098 125 1124 Plaut.
140 1098 234 1133 Amph.
250 1107 270 1130 1,
283 1107 308 1130 2,
321 1107 360 1131 32.
431 1097 505 1124 Idem
519 1097 602 1124 Trin.
615 1107 641 1130 2,
654 1106 680 1130 2,
699 1107 719 1132 4
744 1098 847 1125 Feceris
864 1098 912 1125 Par
931 1100 982 1124 tuis
1000 1107 1082 1126 caete·
1144 1099 1257 1126 odorem
1272 1099 1330 1125 vini
1344 1109 1537 1136 pomorumque
1552 1101 1639 1127 reddit
1652 1102 1800 1128 meliorem.
1872 1103 1977 1130 rum-irc
1993 1106 2053 1131 tacit
2068 1107 2189 1134 Sci-ibon.

39 1133 77 1166 ris
94 1133 186 1166 faGtiS,
213 1139 314 1168 patrem
334 1141 410 1160 tuum
428 1133 446 1159 fi
465 1133 593 1168 percoles.
663 1134 730 1162 Plin.
743 1134 835 1169 Paneg.
856 1143 877 1160 c.
891 1139 915 1164 81
932 1141 975 1169 pr.
1000 1135 1081 1169 Quod
1145 1144 1196 1167 193.
1268 1135 1412 1161 Pueritiam
1432 1145 1537 1163 omnem
1560 1137 1588 1163 in
1603 1137 1686 1163 domo
1706 1138 1792 1171 patrui
1807 1137 1905 1164 Pinarii
1925 1139 1988 1165 fccit
2003 1141 2147 1175 Capitolin.
2161 1144 2190 1170 in

36 1163 58 1196 'ii
94 1168 182 1195 uando
199 1178 259 1195 cum
279 1169 452 1196 influentibus
471 1169 586 1203 negotiis
605 1169 680 1195 Paria
703 1169 804 1202 fecisti,
828 1169 908 1196 instar
927 1170 1081 1197 τᾶρι’-1101115
1098 1175 1128 1202 25
1145 1171 1266 1197 Maximo
1280 1178 1305 1197 et
1318 1171 1390 1197 Balb.
1410 1181 1430 1197 c.
1445 1181 1466 1204 5.
1503 1171 1556 1199 uid.
1578 1173 1666 1199 Annos
1681 1173 1776 1199 facere.
1847 1174 1936 1200 Tacit.
1954 1176 2020 1201 Ann.
2034 1185 2061 1208 3,
2075 1186 2103 1204 21
2129 1179 2190 1204 Pro-

41 1177 172 1231 exiqst'imas
185 1205 359 1232 mutationem
374 1204 488 1236 laboris,
517 1207 536 1230 i.
547 1203 573 1238 fi
585 1204 654 1240 satis
666 1203 772 1241 sensti,
793 1212 816 1231 ct
835 1203 941 1239 officium
959 1213 1026 1232 tuum
1039 1207 1083 1242 fe·
1146 1207 1247 1241 speram
1265 1205 1390 1233 aduersus
1404 1207 1536 1234 Numidas
1550 1209 1663 1242 Pugnan]
1677 1209 1748 1234 facit.
1819 1210 1931 1243 Puugnauu
1946 1220 1977 1236 ex
1993 1220 2075 1245 auro,
2100 1216 2116 1240 i.
2124 1214 2191 1249 scul-

41 1237 104 1273 εζίὶὶ.
173 1240 230 1267 Cic.
243 1239 275 1267 de
287 1241 380 1275 Legib.
393 1249 422 1273 3,
438 1248 465 1273 19
496 1240 594 1266 Omnia
610 1240 702 1267 infima
716 1241 823 1267 summis
841 1241 916 1267 Paria
931 1242 1009 1274 fecit,
1030 1248 1084 1269 tur·
1140 1249 1201 1277 pere
1219 1245 1246 1268 in
1265 1252 1324 1268 auro
1345 1243 1440 1276 Virgil.
1456 1244 1552 1277 Georg.
1566 1253 1588 1276 3,
1602 1253 1634 1278 27
1662 1245 1692 1270 111
1705 1244 1809 1270 fou-ibus
1823 1245 1936 1279 Pugnam
1956 1255 1986 1273 ex
2000 1256 2080 1279 auro,
2095 1250 2192 1276 solido.

41 1274 130 1309 bauit,
148 1275 262 1303 miscuit.
322 1279 371 1304 Pro
385 1276 430 1303 hoc
443 1276 532 1302 Senec.
551 1275 628 1310 Epist.
646 1284 675 1308 19
698 1277 765 1303 dixit
783 1277 877 1303 Facere
895 1278 985 1304 Parem
1003 1278 1085 1305 ratio·
1147 1286 1198 1312 que
1212 1277 1352 1312 elephanto
1388 1278 1568 1312 Gangaridi'mu
1583 1279 1688 1312 faciam,
1710 1279 1871 1314 victorisque
1883 1290 1955 1308 arma
1969 1283 2089 1317 (Quirini.
2137 1286 2193 1312 Cic.

0 1319 7 1341 ‚⁴
42 1309 119 1344 nem,
139 1311 193 1338 vid.
209 1318 223 1337 P
233 1318 292 1339 AR.
351 1312 486 1338 Parentem
505 1311 613 1345 pulchra
627 1312 704 1346 prole
723 1312 799 1347 Virg.
815 1313 880 1339 Aen.
893 1321 912 1344 1,
926 1320 968 1347 79.
1024 1314 1083 1340 Par·
1149 1312 1226 1340 Acad.
1239 1322 1266 1346 4,
1280 1321 1324 1346 145
1345 1314 1422 1340 Τ11111
1435 1324 1517 1349 quunu
1532 1314 1607 1349 plane
1620 1316 1810 1350 compresserat,
1824 1317 1994 1352 Pugnunuque
2008 1319 2114 1351 fecerat,
2122 1329 2193 1347 com-

45 1345 181 1379 rieidit'im,
197 1353 247 1383 pro
261 1348 414 1374 Committere
431 1347 521 1373 lustin.
544 1356 562 1379 1,
581 1355 607 1380 9,
621 1355 642 1379 5.
749 1348 852 1375 Partem
871 1348 899 1374 in
919 1348 976 1375 lusu
994 1349 1083 1375 Senec.
1100 1355 1132 1379 30
1148 1349 1347 1383 prehenssonem
1362 1349 1435 1376 illauu
1449 1351 1497 1376 effe
1510 1350 1620 1377 dicebat.
1694 1353 1781 1377 Varro
1800 1351 1831 1377 de
1845 1352 1875 1378 R.
1891 1353 1920 1378 R.
1937 1362 1959 1385 3,
1975 1363 1995 1386 5,
2010 1357 2026 1380 6
2045 1355 2110 1382 Non
2121 1357 2194 1384 enim

0 1379 1 1383 ¹
47 1381 176 1414 de'Benef.
190 1391 213 1415 2,
226 1391 266 1415 32.
360 1383 416 1409 Cic.
430 1382 462 1409 de
476 1383 550 1409 Orat.
565 1391 591 1415 2,
605 1384 655 1415 366
678 1383 796 1410 Primum
815 1383 875 1418 quis
888 1384 1007 1410 Antonio
1027 1393 1085 1419 per·
1149 1390 1178 1411 vt
1191 1384 1307 1411 aduenae
1321 1385 1441 1412 volucres
1455 1386 1555 1413 faciunt
1570 1387 1673 1420 Pullos,
1691 1393 1736 1412 etc.
1791 1386 1859 1413 Add.
1875 1396 1900 1419 3,
1915 1397 1941 1420 9,
1958 1398 1994 1424 ¹7·
2031 1398 2054 1416 et
2074 1400 2096 1423 3,
2112 1401 2150 1424 10,
2170 1401 2195 1420 2,

18 1426 22 1433 ⁴
49 1416 132 1451 huifit,
149 1417 251 1452 inquit,
269 1424 298 1445 vt
311 1424 338 1445 et
349 1419 435 1446 Partes
449 1419 564 1450 faceret,
585 1424 611 1445 et
626 1424 712 1445 vtram
726 1419 823 1453 vellet,
843 1419 919 1454 prior
935 1420 988 1454 ipse
1001 1421 1085 1446 sume-
1148 1420 1203 1447 vid.
1224 1420 1349 1447 Subolem
1362 1421 1456 1448 facere.
1655 1421 1675 1459 ‘ff
1704 1431 1738 1456 17
1774 1424 1961 1456 Qieriuuuonias
1972 1445 1979 1457 ,
1994 1426 2121 1460 gemitus,
2139 1427 2197 1461 eiu-

47 1453 110 1480 res?
125 1460 129 1463 “
173 1453 255 1481 Plaut.
271 1454 361 1481 Pseud.
374 1463 394 1485 1,
408 1463 428 1487 1,
440 1463 457 1488 9
483 1454 557 1487 Quid
572 1454 624 1485 est,
643 1454 717 1489 quod
736 1461 765 1481 tu
783 1456 946 1482 exanimatus
966 1457 1018 1482 iam
1038 1456 1086 1482 hos
1150 1455 1216 1482 latus
1231 1456 1300 1482 Gell.
1314 1465 1324 1482 1
1346 1465 1367 1483 c.
1382 1456 1429 1483 vlt.
1501 1457 1655 1490 Quaestum,
1673 1459 1781 1484 Lucrari
1796 1459 1876 1484 Plaut.
1890 1460 1963 1494 Capt.
1980 1469 1997 1491 u,
2012 1470 2037 1494 2,
2053 1465 2090 1488 26.
2126 1464 2195 1490 Ter.

0 1505 3 1514 .
46 1486 140 1514 multos
152 1487 207 1516 dies
220 1490 300 1524 gestas
314 1490 422 1517 tabellas
436 1496 523 1516 tecum
536 1498 578 1516 eas
591 1489 708 1516 lacrimis
721 1490 803 1523 lauis,
825 1500 910 1526 neque
926 1492 966 1518 tui
979 1492 1086 1518 Partici-
1149 1493 1246 1518 Heaut.
1260 1501 1288 1525 4,
1303 1500 1323 1523 1,
1338 1499 1369 1526 27
1395 1493 1498 1526 Nempe
1513 1493 1574 1518 anui
1590 1493 1632 1518 illi
1646 1493 1750 1527 prodita
1770 1493 1814 1519 abs
1828 1500 1853 1520 te
1869 1494 1923 1521 filia
1936 1496 1971 1522 est
1985 1497 2136 1531 planissume
2151 1507 2198 1533 per

43 1530 103 1558 pem
114 1524 217 1551 consilii
230 1535 382 1561 quenquam
394 1525 476 1552 facis?
532 1525 598 1551 Plin.
612 1532 657 1559 27,
672 1534 697 1551 12
713 1525 741 1551 de
752 1526 836 1561 phyllo
848 1527 938 1559 herba,
958 1528 1030 1554 Haec
1045 1527 1085 1553 sui
1105 1529 1133 1554 35
1150 1532 1191 1558 te,
1207 1527 1249 1553 vel
1266 1527 1306 1554 vti
1320 1527 1462 1560 Quaestum
1479 1528 1590 1560 faceret,
1610 1529 1652 1555 vel
1667 1529 1706 1554 vti
1719 1530 1836 1555 vaenirct
1850 1530 1942 1564 palam.
2015 1533 2197 1560 Pseudo-Cic.

42 1559 116 1585 sexus
129 1559 194 1587 facit
207 1562 305 1588 Partus.
409 1561 488 1587 Parui
504 1560 585 1586 Plaut.
600 1561 661 1586 Aul.
676 1569 702 1592 1,
715 1569 737 1593 2,
750 1570 792 1595 34.
828 1568 851 1587 et
870 1563 937 1588 Rud.
951 1571 981 1595 3,
1000 1571 1029 1595 3,
1050 1571 1087 1596 35.
1151 1561 1183 1589 ad
1198 1562 1292 1589 OCtau.
1326 1582 1333 1588 .
1368 1582 1374 1589 .
1408 1583 1414 1589 .
1452 1563 1535 1589 Cuius
1555 1572 1618 1589 auus
1636 1564 1720 1590 fuerit
1732 1567 1911 1598 argentarius,
1932 1567 2102 1601 adstipulator
2116 1576 2198 1602 pater,

43 1593 103 1620 Liu.
117 1602 148 1627 3,
184 1615 192 1623 .
228 1616 235 1622 .
273 1596 348 1623 Alibi
366 1597 511 1626 Pauorem,
531 1596 597 1622 alibi
618 1596 744 1630 gaudium
764 1597 855 1630 ingens
877 1597 950 1623 facit.
981 1598 1087 1634 subaud.
1151 1604 1262 1632 vterque
1276 1607 1342 1625 vero
1357 1598 1506 1633 precarium
1519 1599 1663 1632 Quaestum
1678 1600 1780 1626 fecerit.
1852 1601 1995 1634 Quaestum
2009 1603 2073 1629 facit
2086 1613 2199 1638 corpore

42 1629 161 1657 Clamor.
216 1631 298 1658 Plaut.
312 1633 389 1658 Poen.
402 1639 426 1662 2,
441 1639 464 1663 13
493 1631 609 1664 Quando
624 1631 668 1663 id,
688 1631 760 1665 quod
775 1633 811 1658 sat
823 1638 896 1665 erat,
916 1633 976 1659 satis
991 1633 1089 1660 habere
1151 1637 1270 1659 meretrix
1290 1634 1350 1660 Liu.
1365 1636 1411 1666 26,
1432 1642 1466 1665 33.
1539 1635 1683 1667 Quaestum
1702 1635 1877 1662 carcerarium
1896 1636 1976 1662 Plaut.
1990 1638 2063 1671 Capt.
2077 1647 2095 1668 1,
2117 1648 2139 1671 c,
2159 1641 2199 1665 26.

43 1664 149 1698 noluit,
167 1674 217 1700 ego
235 1668 342 1693 Pansam
364 1667 425 1693 feci.
497 1667 569 1692 Caes.
586 1667 649 1692 Bell.
663 1667 730 1693 Gall.
744 1676 767 1699 2,
784 1676 814 1700 29
841 1668 974 1695 Consensu
995 1678 1089 1695 eorum
1153 1669 1296 1702 Quaestum
1309 1670 1388 1695 furtis
1405 1671 1460 1696 Cic.
1470 1670 1546 1695 Verr.
1560 1678 1583 1701 5,
1597 1679 1654 1702 140.
1727 1670 1795 1708 Ter.
1810 1670 1954 1704 Adelphaeffi
1967 1682 1994 1704 4,
2011 1681 2034 1703 15
2055 1672 2120 1699 Nati
2133 1674 2200 1700 filii:

44 1694 166 1730 omnium
179 1702 242 1728 Pace
255 1702 333 1728 fafita.
404 1700 486 1728 Ouid.
506 1701 571 1728 Fast.
587 1710 614 1734 3,
629 1704 678 1736 673
705 1703 768 1729 Pace
791 1703 864 1729 domi
884 1704 969 1736 facia,
988 1704 1089 1738 signum
1100 1711 1137 1736 40
1153 1705 1205 1730 alia
1219 1713 1295 1739 cura:
1319 1713 1400 1738 porro
1414 1711 1503 1730 autem
1517 1704 1580 1729 dum
1595 1704 1686 1730 studeo
1699 1703 1770 1735 11115,
1785 1711 1813 1730 vt
1828 1706 2064 1739 Quampluriuuuun
2077 1709 2202 1740 facerem,

0 1735 9 1763 L
44 1736 155 1769 posuere
170 1745 292 1771 perenne.
361 1737 455 1764 Pacem
469 1737 555 1763 fecere
568 1746 626 1763 cuum
639 1737 926 1798 Samnitibusdmmani
940 1739 995 1765 Cic.
1011 1737 1089 1765 Offic.
1153 1739 1271 1764 contriui
1286 1739 1314 1764 in
1328 1739 1483 1772 quaerundo
1497 1739 1596 1770 vitam,
1611 1745 1689 1772 atque
1703 1745 1814 1765 aetatem
1827 1748 1920 1766 meam.
1991 1743 2047 1777 Ego
2063 1745 2163 1777 Quanti
2175 1750 2202 1771 tc

0 1767 5 1783 ³
45 1774 66 1802 ς’,
82 1779 137 1802 109.
174 1773 205 1798 Et
218 1773 330 1806 Liu.24‚
368 1792 375 1798 .
412 1792 420 1800 .
460 1772 529 1798 Add.
543 1772 604 1798 Iust.
613 1780 635 1803 3,
644 1780 668 1803 9,
677 1781 710 1804 13.
736 1778 757 1802 8,
765 1782 791 1805 4,
847 1780 870 1797 et
883 1782 923 1804 30,
933 1782 953 1804 1,
962 1780 987 1806 7.
1041 1774 1087 1798 Pe·
1152 1773 1264 1802 faciam,
1286 1774 1441 1807 semperque
1459 1773 1585 1803 fecerim,
1604 1774 1705 1806 Quanti
1725 1783 1766 1799 me
1786 1783 1801 1800 a
1820 1781 1845 1800 te
1863 1775 1923 1802 fieri
1943 1776 2123 1806 intellexerim
2144 1782 2200 1807 Cic.

44 1805 180 1839 cuariam,
191 1814 241 1841 pro
255 1809 372 1834 Exere-ere
393 1807 499 1833 Sueton.
514 1807 564 1832 Iul.
583 1815 604 1831 c.
618 1815 663 1839 42.
758 1806 908 1832 Peculatum
928 1808 1010 1832 Plaut.
1025 1807 1089 1832 cist.
1152 1807 1224 1832 Fam.
1239 1808 1266 1837 6,
1280 1815 1309 1832 10
1323 1814 1368 1840 pr.
1440 1807 1513 1840 Quid
1527 1808 1625 1834 faceret
1639 1811 1646 1834 ἐ
1673 1808 1754 1834 Plaut.
1773 1810 1840 1836 Rud.
1855 1819 1879 1843 2,
1899 1820 1920 1843 3,
1941 1818 1974 1846 48
2000 1814 2159 1842 &liberantis
2178 1823 2203 1842 et

44 1847 66 1870 1,
81 1847 102 1871 1,
116 1846 161 1873 74.
218 1842 274 1867 Cic.
287 1850 335 1875 pro
350 1841 441 1867 Rabir.
455 1840 572 1874 peu-duel.
588 1848 614 1873 7.
685 1839 767 1865 Plaut.
782 1840 859 1865 Most.
876 1850 904 1872 4,
919 1849 939 1872 1,
953 1848 970 1874 7
997 1841 1045 1866 Sed
1059 1840 1089 1866 hi
1152 1843 1356 1867 communicantis
1369 1840 1411 1873 est.
1449 1843 1569 1876 sichd
1582 1843 1714 1870 facerem?
1735 1853 1820 1879 neque
1835 1847 1944 1873 seruitio
1958 1857 1999 1874 me
2012 1851 2085 1877 exire
2098 1851 2203 1881 licebat,

42 1873 63 1901 fl
85 1873 234 1908 reprehenfi
255 1876 331 1906 sunt,
355 1875 457 1900 faciunt
474 1883 490 1900 a
512 1874 583 1900 malo
607 1873 756 1908 peculium,
787 1877 805 1900 i.
822 1879 979 1909 puniuntur,
999 1876 1089 1901 malum
1105 1878 1137 1904 45
1153 1876 1212 1902 Nec
1231 1876 1287 1910 spes
1305 1876 1436 1903 libertatis
1455 1884 1525 1910 erat,
1544 1888 1592 1904 nec
1611 1888 1672 1905 cura
1691 1880 1780 1913 peculi
1801 1881 1896 1915 Virgil.
1910 1883 1961 1908 Ecl.
1977 1891 2002 1916 1,
2017 1893 2055 1917 41.
2129 1886 2203 1920 Quid

43 1909 226 1945 nancfiuntur.
309 1910 448 1936 Pecuniam
457 1929 466 1941 ,
483 1915 530 1944 pro
544 1910 652 1935 Lucrari
660 1929 668 1941 ,
684 1911 837 1935 accumulare
846 1930 853 1942 ,
873 1910 995 1946 colligere.
1031 1911 1089 1938 Cic.
1154 1911 1233 1938 faciat
1247 1911 1413 1939 Philomela?
1439 1913 1530 1947 fugam
1546 1914 1663 1940 custodia
1676 1915 1774 1941 claudit
1786 1916 1865 1942 Ouid.
1879 1918 1944 1944 Met.
1958 1921 1988 1949 6,
2002 1928 2056 1954 572.
2129 1922 2204 1956 Quid

45 1945 156 1976 verm,
168 1951 197 1979 17
217 1946 352 1979 Quaerere
367 1945 421 1979 ipse
436 1945 534 1977 secum,
553 1950 579 1971 et
594 1944 710 1979 cogitare
723 1954 783 1970 cum
798 1946 851 1971 suuis
864 1948 961 1980 coepit,
982 1945 1091 1981 quibus·
1153 1947 1251 1973 faeiat?
1268 1947 1373 1973 casusne
1388 1948 1447 1973 suos
1461 1949 1529 1974 ferat
1542 1949 1596 1983 ipsa
1607 1950 1709 1983 parenti
1723 1950 1783 1976 Stat.
1793 1951 1887 1978 Achill.
1899 1956 1988 1988 u,674.
2025 1955 2094 1982 Add.
2114 1958 2136 1984 S.
2151 1960 2203 1984 Lu-

35 1988 106 2009 Juam
115 1980 236 2007 rebus.in
248 1990 278 2007 ea
290 1981 430 2016 prouincia
441 1981 585 2006 maximam
601 1989 655 2006 vno
668 1988 737 2006 anno
750 1981 889 2007 Pecuniam
903 1982 989 2008 facere
1002 1981 1091 2015 posset.
1154 1991 1210 2008 cam
1226 1984 1263 2012 16,
1279 1990 1302 2014 3.
1339 1983 1472 2009 Miserunt
1485 1984 1643 2016 consultum,
1664 1985 1789 2020 quidnam
1805 1987 1921 2015 facerent
1935 1989 1967 2015 de
1980 1990 2058 2017 rebus
2072 1993 2124 2019 suis
2133 1994 2202 2028 Nep.

45 2015 119 2043 Idem
131 2017 208 2044 Verr.
223 2026 247 2050 3,
261 2025 290 2043 21
315 2017 347 2042 Et
361 2016 409 2043 ista
421 2017 526 2043 ratione
540 2015 764 2042 innumerabilem
777 2017 917 2043 Pecuniam
933 2017 1020 2043 facere
1034 2017 1091 2051 pos·
1154 2026 1180 2051 2,
1194 2026 1217 2049 2,
1232 2019 1257 2043 6.
1329 2017 1402 2051 Quid
1416 2018 1495 2045 faciet
1508 2019 1595 2046 mihi?
1622 2020 1780 2055 difficientis
1792 2020 1824 2053 eli
1838 2023 1919 2051 Plaut.
1933 2026 2001 2052 Pers.
2015 2035 2039 2057 2,
2054 2035 2076 2060 3,
2092 2031 2129 2055 16.
2172 2032 2204 2055 Et

47 2051 100 2084 set,
118 2057 163 2078 etc.
235 2053 341 2086 Magnas
355 2052 477 2086 pecunias
498 2060 530 2078 ex
549 2051 664 2078 metallis
684 2051 752 2085 Nep.
768 2059 790 2084 5,
805 2061 822 2084 1,
838 2061 860 2084 3.
930 2052 1090 2084 Periculum,
1110 2057 1142 2083 50
1154 2053 1222 2079 Ter.
1237 2053 1302 2078 Eun.
1320 2060 1342 2085 5,
1356 2063 1379 2086 2,
1395 2063 1423 2080 10
1455 2055 1569 2081 Haereo.
1607 2055 1680 2089 Quid
1695 2056 1808 2083 faciam?
1835 2059 1909 2091 Quid
1924 2068 1981 2087 mea
1995 2065 2101 2090 autem?
2129 2064 2204 2098 Quid

0 2109 5 2118 ,Ἴ
45 2088 173 2122 Tentare,
189 2090 299 2123 experiri
319 2087 401 2114 Plauut.
416 2087 474 2114 Mil.
488 2095 510 2120 3,
526 2096 546 2120 1,
560 2095 600 2120 41.
655 2087 724 2113 Ter.
738 2087 819 2113 Andr.
832 2097 855 2120 3,
873 2096 896 2120 3,
916 2096 942 2121 33
971 2088 1027 2121 Qui
1043 2089 1090 2114 scis
1154 2088 1234 2115 faciet
1253 2087 1323 2114 milui
1337 2090 1345 2114 ἓ
1390 2088 1438 2115 Sed
1451 2089 1533 2116 Andr.
1548 2099 1569 2122 1,
1586 2099 1605 2122 1,
1621 2096 1648 2124 85
1669 2092 1743 2125 Quid
1756 2092 1825 2119 mihi
1840 2093 1883 2120 hic
1898 2095 1978 2123 faciet
1991 2099 2059 2131 patri
2074 2100 2083 2125 3
2108 2099 2204 2133 honeste

0 2143 5 2154 .
41 2120 112 2157 ‚ergo
127 2122 191 2149 istuc
210 2123 258 2149 11111
275 2123 424 2150 Periculum
444 2123 560 2149 feceris?
632 2122 705 2148 Idem
716 2123 815 2149 fleant.
838 2132 863 2155 1,
881 2133 913 2155 2,
934 2126 966 2155 36
991 2124 1091 2150 Scitum
1152 2126 1354 2159 argumentantis
1373 2122 1416 2156 est.
1489 2126 1564 2159 Quid
1581 2135 1635 2152 non
1656 2126 1770 2153 faciebat
1788 2129 1912 2162 Amyntas
1932 2132 2025 2167 Virgil.
2045 2134 2097 2160 Ecl.
2117 2144 2149 2168 z,
2168 2144 2205 2169 35.

0 2155 2 2158 ¹
53 2155 102 2191 effi,
125 2156 269 2185 Periculum
284 2168 315 2186 ex
329 2159 389 2185 aliis
401 2159 506 2191 facere,
522 2158 573 2184 tibi
587 2159 658 2193 quod
673 2166 704 2184 ex
719 2159 766 2184 vsu
780 2158 834 2184 liet.
907 2159 975 2185 Ter.
991 2159 1056 2185 Eun.
1070 2167 1091 2190 3,
1154 2159 1281 2193 Magnum
1296 2160 1435 2194 pauperies
1453 2161 1630 2195 opprobrium
1644 2162 1718 2189 iubet
1733 2163 1849 2197 Quiduis
1868 2172 1894 2193 et
1914 2167 2000 2194 facere
2018 2176 2044 2195 et
2063 2171 2116 2204 pati
2137 2173 2204 2198 Hor.

56 2192 117 2225 2.,’23
133 2193 181 2227 Fac
192 2195 342 2221 Periculum
361 2195 390 2221 111
401 2194 501 2224 literis,
520 2193 561 2220 fac
578 2194 606 2219 in
624 2193 767 2228 palaestra,
787 2194 814 2219 in
833 2194 953 2227 musicis,
973 2203 1040 2229 quae
1060 2194 1092 2220 li-
1156 2202 1179 2226 3,
1199 2203 1244 2227 24,
1266 2203 1307 2234 24.
1379 2195 1440 2221 Liuu.
1456 2204 1492 2228 21,
1506 2202 1536 2226 28
1557 2205 1621 2224 extr.
1648 2199 1739 2224 Donec
1753 2200 1878 2233 Quietem
1900 2203 1955 2237 ipse
1974 2205 2072 2237 timor,
2093 2207 2206 2233 circum.

55 2227 148 2255 berum
156 2230 219 2257 scire
231 2239 344 2265 aequuum
358 2231 394 2257 est
407 2229 614 2259 adolescentem,
634 2229 755 2255 solertem
768 2229 847 2256 dabo.
942 2230 1093 2257 Periculum
1112 2231 1140 2257 55
1156 2229 1328 2264 spicient1bus
1347 2239 1458 2265 aquam,
1476 2232 1581 2259 fecisset.
1655 2236 1782 2268 Quietem
1796 2236 1917 2265 infestam
1932 2239 2029 2272 alicui,
2054 2244 2072 2267 i.
2090 2243 2208 2277 impedire

0 2281 13 2297 ,u
39 2262 45 2265 “
55 2263 201 2298 diligentiae
213 2267 354 2293 Cic.Verr.
369 2265 425 2292 Δεῖ.
440 2274 460 2298 1,
474 2274 516 2298 34.
570 2265 720 2291 Periculum
734 2265 869 2299 legionum
883 2265 955 2292 Caes.
994 2285 1001 2292 .
1039 2285 1046 2292 .
1084 2285 1091 2292 .
1155 2267 1271 2301 aliquem,
1286 2265 1426 2301 neserurus
1439 2267 1548 2294 dormiat
1561 2269 1665 2297 Lucret.
1679 2279 1701 2303 5,
1716 2276 1768 2304 981.
1986 2273 2006 2313 ff
2029 2281 2058 2306 18
2095 2278 2153 2304 Lju.
2169 2284 2207 2311 28,

12 2299 13 2322 i
50 2299 196 2331 Periculum
211 2302 251 2328 sui
265 2302 321 2328 Cic.
336 2302 397 2328 Diu.
411 2303 487 2328 Verr.
503 2309 543 2335 27.
615 2301 707 2327 Tacit.
723 2300 791 2327 Hist.
807 2312 836 2335 4,
850 2308 878 2335 71
901 2301 1010 2328 Crebris
1025 2301 1094 2328 inte·
1156 2310 1188 2334 39
1206 2308 1271 2328 extr.
1296 2302 1372 2334 Quae
1391 2302 1468 2329 nobis
1482 2305 1657 2338 imperatores
1673 2306 1752 2332 vestri
1764 2307 1905 2335 commoda
1920 2309 2084 2345 tribuerunt,
2098 2322 2127 2340 ea
2142 2315 2206 2340 Rata

12 2343 13 2360 1
49 2333 101 2363 'risu
113 2337 211 2363 nuntiis
223 2337 395 2364 Valentinum
413 2345 556 2366 monuere,
576 2345 609 2370 ne
629 2337 746 2363 summae
758 2336 801 2363 rei
818 2337 966 2363 Periculum
985 2338 1092 2364 faceret.
1155 2343 1236 2371 atque
1255 2343 1381 2371 perpetua
1394 2338 1554 2366 auctoritate
1567 2341 1652 2367 vestra
1666 2341 1777 2368 faciatis.
1851 2345 1926 2371 Ratcs
1948 2347 2019 2373 Caes.
2038 2349 2064 2375 B.
2079 2349 2110 2374 G.
2127 2358 2153 2381 1,
2172 2359 2205 2376 12.

12 2367 13 2371 ¹
48 2369 196 2399 periculum
214 2373 376 2411 aucun-Pro
389 2372 519 2400 Adducere
532 2375 559 2398 j„
575 2372 706 2408 dyst-riman
724 2378 747 2398 ct
757 2374 903 2406 periculum.
940 2373 1008 2399 Tac.
1023 2374 1091 2399 Ann.
1156 2373 1322 2399 Raucitatem
1336 2373 1400 2399 facit
1413 2374 1532 2401 Scribon.
1548 2381 1596 2408 185.
1667 2377 1739 2403 Caes.
1754 2377 1819 2404 Bell.
1833 2379 1864 2405 G.
1876 2390 1909 2413 4,
1923 2390 1954 2413 30
1975 2383 2113 2417 Optimum
2132 2385 2204 2412 ῑᾶᾶὶυ

49 2413 83 2438 13,
96 2415 123 2439 33
143 2408 266 2444 Eousque
280 2408 395 2435 ambitus
408 2408 564 2443 praeualuit,
578 2414 607 2434 vt
620 2407 729 2442 quidaun
742 2408 922 2434 accusatorum
937 2409 994 2434 eius
1008 2408 1092 2434 exilio
1109 2406 1144 2431 60
1157 2409 1205 2434 effe
1221 2407 1367 2441 duxerant,
1384 2409 1542 2437 Rebellione
1556 2410 1642 2444 faeta,
1662 2412 1798 2439 frumento
1812 2423 2013 2452 commeatuque
2030 2420 2131 2446 nostros
2145 2430 2207 2454 pro-

47 2441 239 2476 multarentur‚
257 2450 383 2478 tanquam
396 2444 495 2470 insonti
506 2442 656 2469 Periculum
673 2443 799 2469 fecissent.
871 2444 988 2470 Peritum
1001 2453 1044 2470 me
1056 2444 1094 2470 fe·
1156 2443 1259 2470 hibere.
1330 2444 1426 2476 Recte,
1447 2452 1472 2472 et
1493 2447 1623 2481 sapienter
1644 2455 1688 2474 aut
1708 2450 1847 2476 commode
1868 2452 1951 2478 Plaut.
1967 2454 2060 2487 Amph.
2076 2463 2095 2486 1,
2117 2464 2135 2487 1,
2157 2464 2205 2488 133.

47 2485 106 2504 cere
118 2478 197 2505 dolor
211 2485 238 2505 et
251 2479 375 2505 lacrimae
388 2479 507 2512 Propert.
522 2486 542 2509 1,
555 2486 581 2509 9,
595 2485 621 2512 7.
724 2479 779 2505 Cic.
794 2479 847 2505 Att.
861 2487 884 2511 5,
901 2488 923 2511 13
950 2481 1005 2514 Ego
1020 2488 1093 2514 prae·
1156 2479 1362 2512 Redeunturauuu,
1389 2481 1442 2506 vid.
1464 2489 1598 2510 REDIMO.
1669 2485 1737 2510 Ter.
1750 2486 1846 2511 Heaut.
1861 2495 1882 2516 2,
1894 2497 1917 2518 4,
1930 2493 1954 2517 18
1975 2490 2044 2523 Ergo
2058 2499 2115 2516 mea
2130 2491 2205 2517 Anti-

45 2515 117 2539 terea
130 2514 263 2540 rationem
275 2513 415 2548 Philogeni
426 2512 717 2546 Permutationis‘eius,
731 2523 809 2548 quam
824 2521 910 2541 tecum
923 2514 997 2549 fecit,
1011 2514 1093 2542 edidi.
1156 2515 1230 2550 pbila
1253 2521 1282 2542 tu
1302 2525 1373 2542 nunc
1393 2517 1446 2542 sola
1466 2518 1599 2544 Reducem
1621 2527 1664 2544 me
1683 2520 1710 2545 in
1729 2526 1840 2553 patriam
1859 2521 1932 2547 facis.
2012 2524 2118 2560 Reliqui
2137 2527 2207 2553 nihil

47 2546 140 2574 Tacit.
153 2549 222 2574 Hist.
237 2557 257 2578 2,
271 2558 302 2581 70
323 2550 399 2583 Quae
412 2548 478 2576 laeta
497 2549 526 2575 in
540 2550 659 2583 praesens
678 2558 739 2575 mox
754 2550 900 2576 Pernicieun
921 2550 981 2585 ipsis
997 2552 1093 2578 fecere.
1157 2551 1206 2577 fibi
1221 2551 1253 2577 ad
1267 2551 1429 2578 celeritatem
1444 2553 1516 2578 Caes.
1525 2554 1551 2579 B.
1561 2554 1592 2579 G.
1607 2561 1630 2583 2,
1647 2557 1677 2579 26
1697 2561 1760 2580 extr.
1797 2555 1865 2582 Adcl.
1886 2557 1954 2591 Nep.
1969 2566 2007 2591 25,
2022 2568 2059 2592 21,
2074 2568 2095 2593 5.
2133 2563 2207 2590 Caes.

48 2582 104 2608 Cic.
118 2583 179 2609 Diu.
193 2585 272 2610 Verr.
288 2592 300 2616 5
321 2584 392 2610 Nam
405 2590 434 2611 vt
447 2591 551 2619 apertus
566 2585 595 2610 in
605 2585 781 2619 corripiendis
796 2586 914 2619 pecuniis
928 2587 997 2620 fuit,
1018 2587 1051 2613 fic
1065 2588 1094 2613 in
1110 2587 1141 2619 65
1158 2587 1186 2612 Β.
1204 2587 1235 2612 G.
1251 2592 1272 2617 8,
1286 2595 1319 2620 24
1344 2587 1370 2612 Si
1385 2596 1450 2626 quos
1464 2588 1571 2613 fortuna
1584 2589 1682 2628 fecillct
1692 2590 1833 2628 Reliquum.
1904 2592 1971 2619 Ter.
1985 2595 2095 2630 Adelph.
2110 2606 2135 2627 2,
2143 2606 2167 2629 2,
2178 2607 2206 2626 ῃ.

48 2617 93 2652 spe
107 2619 294 2653 corrumpendi
315 2619 409 2646 iudicii
426 2620 560 2655 Perspicua
579 2621 623 2646 sna
644 2620 947 2656 consilia‚1conatusque
967 2622 1093 2649 ouuuuuibus
1159 2622 1305 2655 Nunquam
1318 2622 1383 2647 Rem
1397 2622 1493 2655 facies,
1513 2623 1574 2655 abi,
1593 2624 1674 2650 nescis
1688 2625 1803 2651 inescare
1817 2625 1939 2654 homines
1953 2630 2061 2663 Sannio,

2081 2641 2130 2658 711171
2150 2644 2205 2660 uam

48 2653 122 2680 fecit.
191 2655 420 2682 Perturbationem
440 2656 512 2682 Caes.
527 2655 590 2682 Bell.
606 2656 675 2682 Gall.
688 2665 715 2689 4,
731 2665 770 2688 29.
842 2657 974 2683 Columel.
989 2660 1015 2689 6,
1030 2665 1042 2689 5
1063 2658 1095 2683 Et
1159 2655 1294 2690 diuesfies-
1320 2690 1326 2695 .
1367 2657 1433 2695 Hpr-
1450 2657 1528 2690 Epist.
1545 2666 1564 2690 1,
1579 2667 1599 2689 1,
1614 2662 1658 2693 64·
1733 2661 1798 2686 Rem
1818 2661 1835 2687 fi
1850 2663 1909 2696 quis
1923 2664 1989 2691 fecit
2006 2665 2038 2692 ad
2052 2642 2205 2703 aliumqper-

46 2687 77 2715 id
91 2689 240 2724 praecipue,
258 2690 331 2725 quod
344 2692 429 2726 egerit
441 2692 481 2717 sus
495 2699 581 2724 aegra,
598 2691 775 2717 Pestilentiam
788 2691 873 2717 facere
886 2692 965 2717 valet.
1037 2691 1094 2717 Cic.
1157 2691 1251 2730 venire
1264 2690 1369 2725 leian.
1391 2699 1419 2717 111
1437 2691 1454 2717 l.
1469 2693 1563 2719 11111211.
1583 2694 1614 2720 D.
1632 2695 1662 2720 ad
1680 2695 1869 2726 exhibendum.
1942 2700 2009 2727 Ter.
2025 2702 2089 2729 Eun.
2110 2712 2132 2736 3,
2152 2714 2172 2736 3,
2187 2712 2205 2741 7

46 2724 107 2750 Post
119 2724 176 2751 red.
190 2725 218 2751 in
233 2725 317 2752 Senat.
333 2734 361 2752 10
388 2726 505 2760 Egestate
522 2732 547 2751 et
566 2725 738 2759 improbitate
757 2726 862 2752 coac'hus
881 2726 1020 2752 Piraticam
1040 2727 1095 2760 ipse
1159 2725 1214 2751 Vbi
1233 2726 1310 2755 veni,
1330 2727 1432 2753 causam
1451 2734 1479 2754 vt
1499 2728 1539 2755 ibi
1558 2738 1707 2765 manerem,
1733 2733 1865 2766 repperit,
1886 2734 1923 2760 ait
1940 2735 2005 2762 Rem
2027 2738 2147 2766 diuinam
2166 2741 2206 2767 fe-

46 2759 155 2787 feciss-et·
209 2760 283 2788 Idem
299 2761 327 2788 jn
340 2762 414 2789 Orat·
427 2767 476 2791 228
497 2761 538 2787 Sic
551 2761 640 2787 oratio
653 2769 699 2786 nec
713 2761 816 2795 Plagam
830 2770 937 2796 grauem
950 2761 1025 2794 facit,
1044 2762 1140 2791 1111170
1158 2761 1232 2792 ciffe,
1252 2767 1278 2787 et
1292 2762 1358 2788 Rem
1373 2762 1466 2789 seriam
1486 2765 1554 2790 velle
1572 2774 1649 2798 agere
1671 2774 1782 2793 mecum.
1855 2769 1911 2795 Cic.
1927 2772 2000 2798 Verr.
2017 2782 2047 2806 4,
2062 2780 2086 2804 18
2109 2776 2160 2801 Res
2174 2776 2205 2802 il-

19 2795 144 2830 r‘petitio
163 2796 244 2823 fuerit
261 2803 328 2831 apta.
422 2797 545 2827 Planum,
567 2803 613 2831 pro
629 2794 760 2828 Ostendere
773 2804 796 2824 st
810 2797 943 2823 declarare.
980 2797 1094 2831 Cic.pr0
1157 2796 1213 2823 lum
1234 2796 1339 2823 diuinas
1359 2797 1427 2832 apud
1446 2808 1491 2824 eos
1511 2799 1572 2826 deos
1591 2801 1620 2826 in
1633 2801 1679 2827 suo
1702 2803 1815 2829 sacrario
1829 2813 1910 2839 prope
1929 2807 2051 2841 quotidie
2065 2811 2151 2837 facere
2166 2812 2205 2838 vi.

47 2831 123 2858 Rosc.
137 2832 213 2858 Coun.
229 2840 261 2865 54
288 2831 360 2866 Quid
381 2832 398 2859 fi
419 2833 523 2859 tandem
535 2832 642 2858 Planum
661 2832 732 2858 facio
752 2832 808 2866 post
822 2832 980 2859 decisionem
993 2833 1094 2865 Roscii,
1160 2831 1230 2858 disti.
1302 2833 1362 2859 Liu.
1378 2834 1442 2860 Bell.
1460 2835 1525 2861 Mac.
1563 2855 1569 2862 .
1607 2856 1613 2862 .
1652 2856 1657 2861 .
1695 2838 1745 2864 Res
1764 2839 1868 2866 diuinas
1884 2841 1971 2869 facere
1992 2845 2139 2872 maioribus
2158 2847 2205 2874 ho-

25 2859 95 2895 dae.
163 2868 272 2894 Plenum
287 2868 404 2901 fastidii,
425 2866 645 2903 Implerefastidio
663 2867 744 2894 Plaut.
759 2867 816 2894 Mil.
832 2878 858 2902 4,
872 2877 898 2901 2,
912 2877 952 2901 43.
1008 2868 1094 2895 Pluris
1158 2867 1214 2894 stiis
1236 2868 1361 2894 iusserunt
1408 2870 1476 2909 (Mul.
1493 2871 1564 2897 Non.
1579 2880 1606 2905 4,
1622 2880 1674 2906 217.
1722 2874 1795 2909 Cous.
1816 2875 1906 2910 Nepos
1920 2887 1961 2910 23,
1985 2888 2011 2911 2,
2023 2889 2050 2913 4.
2122 2883 2203 2910 Fiant,

47 2902 119 2937 Nep.
134 2911 168 2936 11,
179 2912 202 2936 3,
216 2913 243 2936 4.
297 2903 408 2930 Plurimi
423 2904 478 2930 Cic.
486 2905 558 2930 Fam.
572 2911 607 2937 15,
621 2911 661 2936 14.
716 2903 850 2944 Lamprid.
865 2904 938 2930 Alex.
954 2911 982 2937 55
1001 2905 1093 2938 Quum
1158 2903 1248 2930 Pseud.
1262 2912 1284 2937 2,
1300 2913 1318 2936 1,
1335 2913 1362 2930 12
1388 2905 1413 2931 Su
1430 2915 1479 2939 ego
1501 2906 1550 2933 hoc
1565 2915 1702 2942 expugno,
1723 2909 1828 2936 facilem
1848 2911 1913 2938 hanc
1928 2915 1992 2940 Rem
2012 2917 2079 2942 meis
2099 2919 2203 2946 ciuibus

50 2937 105 2971 ipse
119 2938 265 2965 Alexander
278 2947 376 2966 cornua
396 2939 496 2972 adiret,
531 2954 577 2959 --
611 2947 690 2965 11121111
703 2939 852 2966 Plurunuuuun
872 2939 979 2967 faceret.
1035 2941 1094 2966 Plu·
1110 2939 1263 2970 75faciam.
1337 2941 1393 2967 Cic.
1410 2942 1481 2967 Fam.
1503 2951 1540 2975 14,
1561 2951 1590 2976 14
1614 2944 1744 2970 Labienus
1758 2946 1823 2972 Rem
1842 2949 1981 2976 meliorem
2001 2952 2078 2983 feeit,
2102 2953 2202 2988 dtstustu

51 2973 151 3001 rinuum
169 2974 300 3008 Qiintffil.
320 2977 352 3007 6,
373 2983 394 3008 ς.
483 2975 539 3002 Cic.
561 2975 589 3000 111
604 2974 690 3000 Pison.
709 2982 744 3008 70
776 2976 870 3002 Po'e'ma
884 2984 965 3010 porro
978 2975 1042 3002 facit
1057 2976 1092 3002 ita
1149 2975 1197 3011 suo
1211 2985 1226 3001 a
1241 2975 1341 3011 Caefizre
1355 2986 1404 3003 rem
1417 2977 1540 3011 publicam
1555 2981 1627 3004 iuuit.
1699 2981 1766 3007 Ter.
1781 2983 1876 3009 Heaut.
1891 2993 1918 3016 4,
1930 2994 1951 3017 3,
1965 2995 1995 3018 43
2019 2989 2081 3020 Quo
2093 2990 2158 3015 velis
2171 2984 2203 3017 'in

33 3040 35 3042 q
52 3007 193 3043 festiuum,
212 3010 249 3036 ita
261 3011 436 3043 concinnum,
453 3016 500 3037 etc.
554 3011 649 3037 Horat.
664 3009 694 3036 in
707 3011 770 3037 Arte
786 3011 857 3037 Po'c't.
870 3020 923 3044 303.
975 3012 1093 3038 Pondus:
1157 3018 1294 3045 tempore,
1313 3018 1340 3037 vt
1353 3018 1378 3038 te
1391 3013 1526 3045 exsoluas,
1546 3014 1611 3040 Rem
1627 3015 1706 3041 facias
1721 3017 1814 3049 palam.
1887 3020 1951 3046 Reun
1968 3031 2043 3048 vnauuu
2057 3032 2088 3049 ex
2101 3024 2203 3052 duabus

53 3048 100 3074 vt,
119 3043 260 3078 Minimum
275 3046 399 3080 ponderis
412 3047 477 3073 facit
497 3046 563 3073 Plin.
582 3055 619 3078 12,
634 3054 671 3078 19.
751 3047 806 3073 Cic.
821 3048 892 3074 Fam.
907 3056 944 3080 10,
959 3055 983 3080 15
1010 3049 1093 3074 Ponte
1157 3046 1213 3073 Cic.
1228 3046 1259 3072 de
1272 3047 1329 3073 Fin.
1346 3056 1368 3077 2,
1406 3068 1413 3074 .
1450 3068 1455 3074 .
1529 3050 1594 3075 Plin.
1609 3059 1649 3082 30,
1664 3054 1679 3077 6
1708 3053 1815 3079 recludis
1834 3053 1887 3080 lien
1901 3065 1988 3082 recens
2003 3059 2111 3090 magicis
2128 3070 2202 3094 prae-

56 3084 111 3103 vno
123 3076 167 3104 die
185 3079 253 3107 suffio
267 3082 412 3109 exercitum
430 3082 464 3109 ad
486 3083 548 3109 1111.
564 3082 601 3108 Id.
617 3081 684 3108 Maii
698 3081 813 3109 traduxi.
869 3083 929 3110 Liuu.
942 3089 977 3113 28,
992 3092 1010 3117 4
1028 3090 1092 3109 extr.
1157 3083 1238 3116 ceptis
1258 3083 1334 3116 super
1349 3083 1482 3110 dolentem
1504 3084 1601 3112 lienem
1620 3087 1784 3121 extenditur,
1807 3089 1910 3116 dicente
1923 3100 1972 3124 eo,
1995 3086 2201 3127 qui‘medeatur‚

57 3110 152 3138 eodem
167 3121 233 3141 anno
248 3116 324 3144 claffis
338 3119 457 3145 Romana
472 3127 531 3144 cum
544 3119 580 3144 M.
597 3117 707 3144 Valerio
720 3118 822 3145 Leuino
836 3119 992 3145 Proconsule
1009 3127 1040 3145 ex
1055 3119 1092 3145 Si·
1111 3118 1143 3144 80
1157 3117 1221 3144 lieni
1237 3118 1260 3143 se
1274 3118 1433 3146 Remedium
1446 3120 1541 3147 facere.
1647 3123 1752 3157 leian.
1767 3133 1802 3156 49
1822 3124 1839 3150 l.
1854 3134 1862 3151 u
1885 3126 1964 3152 titulo
1989 3129 2103 3160 Quando
2115 3133 2202 3166 appel-

55 3147 119 3174 cilia
136 3147 174 3188 in·
183 3149 296 3180 Africam
312 3154 456 3181 transmissa
476 3153 505 3180 in
522 3153 652 3186 Vticensi,
673 3154 935 3189 Carthaginiensique
955 3163 1019 3189 agro
1040 3155 1092 3181 late
1157 3153 1264 3180 landum
1279 3153 1323 3184 sut,
1342 3156 1383 3180 An
1397 3165 1462 3182 vero
1477 3165 1489 3182 a
1504 3157 1662 3184 Remiffione
1678 3168 1754 3193 quam
1772 3161 1870 3186 Praeses
1885 3162 1994 3195 fecerit,
2013 3166 2155 3198 appellatio
2169 3167 2201 3194 fit

54 3182 238 3218 Populatlones
251 3186 320 3217 fecit.
424 3190 462 3216 Ex
474 3189 557 3216 variis
575 3188 645 3224 quali
659 3189 795 3217 elementis
813 3191 984 3225 congregauit
998 3199 1092 3224 corpus
1156 3189 1357 3223 interponenda.
1413 3191 1472 3218 Sall.
1487 3193 1516 3218 111
1529 3193 1606 3219 Catil.
1621 3203 1640 3219 c.
1652 3203 1681 3226 52
1702 3195 1793 3222 Nolite
1808 3196 1958 3224 existimare
1972 3200 2084 3226 maiores
2097 3202 2200 3230 nostros

54 3228 153 3250 vnum,
171 3219 346 3258 Pop'ulnmque
353 3225 506 3252 Romanum
520 3226 573 3260 ipse
586 3225 650 3252 fecit
664 3225 734 3252 Flor.
747 3235 767 3258 1,
782 3234 800 3257 1,
814 3234 839 3259 9.
877 3226 929 3252 vid.
943 3226 992 3253 h.l.
1002 3227 1090 3252 Graeu.
1156 3225 1356 3259 Reunpublicam
1370 3235 1402 3252 ex
1416 3236 1495 3261 parua
1506 3230 1586 3255 armis
1600 3239 1720 3263 magnam
1732 3231 1826 3258 fecill'e.
1899 3234 1980 3261 Plaut.
1994 3236 2083 3262 Bacch.
2097 3246 2119 3267 2,
2131 3246 2153 3270 3,
2168 3241 2200 3265 62

54 3253 162 3290 idemque
179 3256 207 3280 in
220 3255 297 3284 Lefh.
311 3259 405 3293 Hesiod,
425 3270 446 3288 c.
458 3271 498 3296 14.
550 3261 624 3296 szf.
639 3261 735 3287 Facere
749 3262 909 3288 Exercitum.
981 3262 1092 3288 Potesta-
1155 3260 1342 3287 Reuersuonenu
1355 3261 1387 3288 ad
1401 3269 1497 3289 terram
1513 3264 1612 3291 faciunt
1630 3266 1740 3299 vesperi.
1797 3268 1897 3298 Reum,
1924 3270 1946 3295 h.
1962 3280 1980 3296 e.
1999 3277 2120 3306 accusare,
2134 3275 2200 3300 auod

10 3300 12 3308 ,
54 3296 142 3330 ‘3213'
152 3289 296 3323 concedere.
312 3296 351 3322 vel
361 3297 507 3323 Perna-,tere
529 3297 585 3324 Cic·
601 3297 630 3324 j„
645 3297 725 3323 Catil,
740 3305 767 3329 3,
784 3306 806 3324 11
831 3298 856 3323 Si
870 3295 935 3332 quid
949 3296 981 3323 de
996 3296 1037 3323 his
1051 3306 1091 3323 re.
1111 3294 1140 3324 85
1155 3300 1229 3322 etiam
1242 3296 1275 3329 <st
1289 3298 1364 3324 Reum
1377 3308 1457 3335 agere.
1494 3301 1549 3326 Cic.
1567 3309 1616 3334 pro
1629 3301 1733 3329 Clucuut.
1746 3305 1774 3335 56
1795 3303 1902 3330 Tamen
1916 3306 2007 3331 Auitus
2021 3300 2198 3341 Oppianiium

55 3325 103 3352 bus
116 3324 204 3366 dicere
215 3325 308 3366 vellet,
326 3329 377 3357 feci
389 3332 553 3359 potestatem,
624 3331 698 3359 Idem
713 3341 761 3367 pro
774 3333 878 3360 Cluent.
915 3352 921 3359 .
960 3352 967 3359 .
1004 3352 1010 3359 .
1042 3333 1092 3359 Re·
1155 3332 1240 3358 Reum
1260 3332 1346 3359 statim
1367 3343 1424 3360 nour
1440 3335 1512 3361 i'ccit.
1586 3337 1617 3362 Et
1636 3337 1707 3364 Fam.
1728 3347 1761 3370 4,
1783 3345 1800 3373 7
1834 3340 1942 3366 Alienae
1965 3342 2062 3374 igitur,
2085 3344 2197 3379 inquies,

55 3360 200 3401 sppndendu
217 3360 367 3391 Fldfflll'flno
384 3367 496 3395 Potestas
517 3367 585 3394 fatsta
605 3377 659 3394 non
679 3369 747 3394 esset.
826 3369 881 3395 Cic.
897 3370 974 3394 Verr.
991 3377 1025 3401 4,
1042 3377 1089 3402 149
1154 3368 1244 3402 culpae
1257 3377 1300 3395 me
1308 3369 1393 3396 Reum
1408 3371 1506 3397 facies?
1541 3372 1646 3407 Legitur
1659 3382 1688 3398 ex
1702 3372 1794 3406 venusio
1808 3377 1948 3409 exemplari,
1967 3377 2104 3407 Siubiicies.
2153 3382 2198 3408 Ri-

53 3398 106 3423 Huc
120 3396 313 3436 ego-postulare
325 3401 414 3434 coepi,
432 3409 460 3430 vt
473 3403 542 3430 mihi
562 3403 663 3430 tabulas
681 3403 832 3438 obsignare,
853 3414 881 3430 ac
901 3404 1041 3438 deportare
1058 3404 1090 3430 li-
1152 3404 1209 3430 suuuuu
1230 3405 1362 3438 Quiuuffiu.
1377 3414 1399 3438 ς,
1437 3425 1442 3431 .
1481 3425 1487 3432 .
1558 3408 1631 3433 idem
1645 3411 1671 3440 6,
1688 3410 1710 3438 1⁸,
1729 3418 1765 3441 40
1791 3410 1825 3435 Ea
1847 3411 1946 3444 saepius
1961 3412 2051 3439 Risum
2073 3415 2152 3449 fecit,
2177 3420 2196 3444 i.

53 3438 141 3459 ceret:
173 3432 219 3472 1110
238 3438 336 3459 contra.
369 3435 462 3466 instare
479 3449 543 3475 ego,
562 3440 685 3466 omnium
705 3440 775 3466 mihi
794 3440 944 3466 tabularum
964 3445 989 3466 et
1002 3439 1089 3466 litera·
1153 3443 1237 3466 mouit.
1273 3440 1342 3467 Add.
1358 3441 1374 3466 s·
1387 3446 1429 3473 48-
1502 3441 1608 3474 Robur,
1621 3451 1671 3478 Pro
1684 3445 1806 3471 R0b0rffl'1'
1821 3446 1928 3477 Quin&
1944 3455 2064 3480 ΙΟ,3,10.
2109 3452 2196 3479 Ruina

53 3476 113 3496 rum
126 3467 186 3494 fieri
200 3467 352 3494 Potestateun
364 3478 492 3504 oportere.
595 3475 749 3502 Potestatem
765 3485 865 3510 pugnae
879 3475 1036 3509 11111111.2,5,
1051 3484 1088 3502 10.
1105 3478 1141 3502 90
1154 3475 1223 3501 fac-*ta
1239 3475 1275 3501 est
1295 3476 1345 3502 tibi
1366 3476 1447 3503 Ouid.
1464 3477 1549 3504 Trist.
1568 3488 1591 3511 5,
1606 3488 1650 3512 14,
1671 3488 1709 3511 23.
1782 3480 1911 3512 Quinem.
1927 3482 1999 3509 Decl.
2016 3493 2044 3517 19
2067 3486 2136 3513 Dunu
2155 3489 2196 3515 ni-

22 3507 39 3512 *
52 3510 77 3530 et
89 3512 130 3536 32,
143 3512 172 3536 3,
186 3512 207 3536 5.
279 3503 336 3530 Cic.
349 3505 514 3542 QFratr.1‚
533 3508 546 3537 '2
573 3510 654 3544 Quod
674 3521 758 3546 quum
772 3511 917 3537 Gabinium
937 3510 969 3536 de
987 3512 1088 3537 ambitu
1153 3511 1238 3536 unium
1252 3511 1373 3538 libertati
1391 3513 1464 3540 vocis
1477 3513 1612 3548 indulges,
1631 3515 1714 3548 potest
1733 3517 1842 3548 populus
1859 3516 1975 3551 aliquem
1995 3519 2027 3546 de
2047 3530 2090 3548 me
2109 3523 2196 3551 facere

47 3537 134 3566 'vellet
154 3538 301 3573 postulare,
321 3547 406 3574 neque
422 3543 552 3573 Praetores
577 3547 670 3574 diebus
693 3547 796 3581 aliquot
820 3547 890 3573 adiri
913 3547 1025 3581 possent,
1044 3547 1088 3573 vel
1152 3546 1309 3573 Rumorem.
1506 3547 1526 3585 q
1555 3558 1588 3581 19
1625 3550 1787 3576 Sacrificium
1801 3557 1826 3576 et
1840 3551 1908 3578 sacra
1923 3554 1977 3580 Cic.
1991 3555 2024 3581 de
2038 3556 2109 3584 Clar.
2119 3559 2194 3587 Orat.

52 3574 206 3601 Potestatem
225 3574 265 3600 sui
285 3575 410 3601 facerent.
477 3580 548 3608 Idem
561 3583 674 3617 Philipp.
690 3588 719 3615 8,
735 3591 759 3614 31
788 3583 883 3609 Facere
903 3582 1029 3608 omnibus
1047 3582 1087 3608 sui
1153 3583 1193 3614 56.
1265 3582 1325 3609 Liu.
1340 3591 1359 3615 1,
1373 3590 1406 3616 43
1426 3590 1489 3610 extr.
1519 3585 1653 3618 Quidnam
1674 3591 1700 3611 tu
1715 3585 1804 3619 hospes
1818 3585 1908 3620 par'as,
1920 3589 2018 3624 ,inquit
2032 3592 2040 3617 3
2066 3593 2194 3623 incestum

51 3609 228 3636 'conueniendi
241 3610 402 3650 Potestatem.
472 3614 622 3645 Potestatem
637 3619 677 3644 sui
690 3618 777 3645 facere
792 3618 910 3644 dicuntur
923 3617 1088 3652 magistratus
1153 3616 1317 3644 Sacrificium
1336 3619 1436 3645 Dianae
1456 3620 1564 3647 facere?
1635 3620 1709 3647 Idem
1731 3629 1754 3654 1,
1773 3630 1806 3647 20
1839 3623 1944 3656 Quibus
1962 3625 2070 3660 hostiis,
2095 3631 2192 3664 quibus

52 3645 158 3680 Nlpianz
171 3646 198 3672 in
212 3645 332 3686 l.·prud1e
357 3647 387 3672 D.
403 3645 435 3687 de
447 3647 538 3677 Feriis.
606 3654 662 3680 Cic.
677 3655 747 3680 Fam.
769 3656 801 3684 6,
821 3659 846 3683 13
873 3654 937 3684 Eos,
955 3654 1001 3688 qui
1017 3653 1085 3678 face-
1106 3651 1137 3677 95
1153 3651 1261 3684 diebus,
1275 3653 1307 3679 ad
1319 3663 1386 3688 quae
1400 3655 1495 3689 templa
1509 3656 1583 3682 Sacra
1597 3655 1697 3681 fierent.
1752 3656 1827 3683 Sacra
1838 3658 1898 3685 Ioui
1910 3660 2028 3689 fac'lurus
2042 3670 2098 3691 erat
2111 3666 2190 3693 Ouid.

3 3687 12 3702 -'
53 3686 112 3721 rent
122 3682 307 3721 Praeconium,
327 3688 411 3708 vetar1
424 3682 472 3708 effe
486 3683 515 3710 in
529 3685 716 3716 decurionibus
730 3700 737 3721 ;
762 3689 810 3723 qui
823 3689 953 3720 feciss'ent,
972 3697 1026 3714 non
1043 3697 1086 3715 ve·
1152 3687 1215 3713 Met.
1229 3697 1251 3720 3,
1265 3690 1307 3714 26.
1379 3690 1450 3716 Hirt.
1467 3691 1532 3717 Bell.
1547 3691 1602 3717 Afr.
1616 3696 1643 3722 85
1672 3693 1759 3725 Atque
1777 3693 1858 3719 armis
1879 3694 1986 3723 dimissis
2003 3698 2191 3728 Salutationem

0 3716 12 3733 '¹'
45 3721 112 3755 Url-
168 3716 215 3745 Sed
227 3717 308 3744 0¹¹¹d·
322 3717 399 3751 EPist·
413 3719 448 3747 ¹5⁵
462 3726 504 3750 139
524 3721 616 3756 Magna
630 3724 737 3759 quidem
756 3725 787 3751 de
802 3730 826 3751 te
838 3733 932 3750 rumor
945 3724 1086 3750 Praeconia
1149 3731 1224 3749 more
1244 3723 1356 3751 militari
1374 3725 1483 3752 faciunt.
1553 3727 1611 3751 Liuu.
1626 3733 1663 3757 35,
1700 3745 1706 3752 .
1746 3747 1752 3752 .
1790 3728 1917 3757 Nondum
1933 3732 2036 3760 indicto
2051 3734 2131 3768 bello,
2145 3742 2191 3763 aut

4 3763 37 3787 τ’,
53 3751 125 3779 fecit.
195 3752 318 3779 Praedam
340 3754 394 3780 Cic·
410 3755 486 3780 Verr·
500 3762 522 3786 32
536 3763 583 3789 ¹17·
633 3761 664 3785 Et
676 3761 747 3786 Caes.
764 3761 790 3787 B.
805 3761 836 3786 G.
852 3769 879 3793 4,
894 3769 925 3793 34
945 3760 976 3786 Et
989 3765 1085 3794 quanta
1148 3758 1184 3784 ita
1199 3759 1350 3792 commiffo,
1370 3768 1399 3787 vt
1412 3761 1515 3787 strictos
1533 3761 1650 3794 gladios,
1669 3767 1713 3788 aut
1728 3762 1885 3797 Sanguinem
1905 3777 2014 3802 vsquam
2030 3770 2126 3796 factum
2143 3780 2189 3797 auu-

0 3789 9 3811 '1
54 3784 164 3814 Praedae
181 3787 333 3821 faciendae,
352 3796 396 3815 aut
416 3789 444 3815 in
463 3795 618 3823 perpetuum
635 3795 674 3820 sui
689 3796 820 3822 liberandi
840 3796 948 3822 facultas
969 3794 1084 3821 daretur.
1149 3793 1249 3820 diti'cnt.
1302 3795 1552 3828 Plaut.Men.5,4‚5
1571 3796 1644 3829 Quin
1657 3804 1687 3823 ea
1696 3799 1772 3825 causa
1786 3799 1854 3827 duco
1867 3807 1908 3833 te,
1929 3811 1957 3831 vt
1975 3804 2001 3830 id
2019 3806 2086 3831 dicas
2101 3805 2168 3832 mihi
2184 3818 2190 3832 :

55 3819 159 3855 Praedas
171 3832 277 3858 magnas
290 3825 358 3859 Nep.
373 3833 410 3856 12,
424 3833 449 3857 2,
462 3833 484 3857 3.
556 3825 638 3853 Plaut.
650 3830 736 3857 Aulul.
750 3840 773 3862 2,
791 3840 815 3862 1,
828 3840 857 3864 4¹
884 3831 910 3856 Si
931 3840 988 3857 eam
1008 3832 1084 3857 senex
1096 3835 1224 3863 100atquue
1239 3829 1315 3857 illum
1329 3837 1357 3857 vt
1364 3832 1458 3858 Sanum
1471 3832 1559 3857 facias.
1595 3832 1667 3867 Cous.
1677 3833 1811 3862 Disertum
1825 3837 1920 3865 facere.
1957 3840 2090 3874 Sapienter
2105 3841 2186 3868 Plaut.

55 3864 132 3884 auum
143 3859 328 3893 Praegnanteun
341 3860 436 3887 fecerit
449 3860 580 3892 fortuito,
600 3867 646 3888 etc.
713 3866 784 3892 Caes.
800 3867 864 3892 Bell.
878 3867 909 3892 G.
926 3875 935 3892 1
944 3886 952 3899 ,
974 3875 997 3898 13
1026 3868 1084 3893 Hoc
1149 3865 1257 3896 Pom-5,
1266 3873 1289 3897 2,
1298 3874 1346 3898 132.
1383 3868 1437 3893 Cic.
1453 3867 1484 3892 de
1492 3866 1561 3892 clar.
1568 3867 1642 3894 Orat.
1651 3877 1660 3895 1
1675 3869 1729 3903 Ego
1743 3879 1807 3897 vero
1820 3872 1938 3907 inquam,
1951 3875 1968 3900 fi
1983 3882 2085 3908 potero,
2093 3875 2188 3902 faciam

53 3893 153 3932 praelio
166 3894 253 3927 facto,
273 3902 318 3922 etc.
389 3896 463 3922 Idem
478 3897 505 3922 B.
520 3897 549 3922 C.
564 3905 590 3928 2,
606 3901 630 3926 18
655 3897 733 3932 Saepe
746 3909 777 3926 ex
790 3902 937 3928 Tribunali
953 3902 1085 3936 praedica·
1146 3900 1224 3927 vobis
1232 3900 1306 3926 Satis.
1324 3901 1524 3937 i.faci.im,quoil
1537 3904 1622 3928 vultis.
1666 3904 1745 3940 Plaut.
1755 3906 1850 3940 Ruud.1,
1860 3917 1914 3941 3,13
1938 3911 2004 3935 Nam
2021 3919 2061 3935 une
2076 3910 2093 3936 11
2107 3911 2186 3939 sciam

18 3955 19 3962 ἵ
52 3933 94 3966 yut
107 3928 211 3961 aduersa
223 3932 358 3958 Caesarem
374 3932 473 3959 Praelia
486 3932 581 3958 fecisse.
655 3933 726 3959 Caes.
740 3935 768 3960 B.
781 3937 809 3962 C.
823 3945 846 3967 u,
859 3945 874 3971 7
898 3938 1028 3964 Hortatur
1042 3947 1086 3964 cu-
1147 3936 1231 3962 fcciffc
1245 3941 1288 3962 aut
1301 3939 1403 3970 parenti
1416 3936 1535 3969 sceleste,
1548 3938 1634 3965 nuinus
1647 3941 1701 3966 mei
1713 3942 1860 3970 misererer.
1915 3945 1969 3970 cic.
1985 3944 2016 3970 de
2025 3946 2096 3971 Orat.
2105 3955 2124 3978 1,
2138 3955 2187 3973 220

18 3995 19 4003 ¹
49 3970 93 3991 xus
105 3965 272 3999 Imperatoris
287 3965 366 3993 due'hu
378 3976 475 3994 nouem
491 3968 565 3994 annis
579 3968 778 4001 Rempublicam
795 3971 939 3998 felicissume
953 3974 1086 4007 gesserant,
1147 3972 1232 3998 Scelus
1243 3980 1287 3997 eos
1301 3973 1433 3998 nefarium
1448 3972 1540 4003 facere,
1547 3981 1591 4000 etc.
1612 3974 1712 4003 dicunt.
1750 3978 1901 4005 Ouid.Met.
1911 3986 2001 4012 7,340.
2040 3980 2106 4006 Tac.
2117 3983 2185 4010 Ann.

47 3998 215 4036 ,plurimaque
227 4002 326 4028 Praelia
345 4003 455 4030 secunda
472 4003 605 4036 fecerant,
625 4010 669 4030 etc.
771 4005 874 4033 Paullus
893 4008 922 4034 111
938 4008 955 4034 1.
975 4008 1006 4035 de
1020 4018 1084 4036 vno.
1098 4013 1179 4041 10515,
1187 4010 1221 4042 67
1244 4007 1377 4034 Faciendis
1389 4007 1534 4034 Scelcribus
1549 4019 1674 4044 promtus.
1712 4012 1819 4039 Schema
1831 4022 1877 4046 per
1889 4014 2092 4046 iuuuprudeuutiaun
2100 4018 2186 4050 Quin-

200 4043 290 4064 vou.
326 4038 366 4064 11.
1446 4044 1470 4086 D
1490 4043 1505 4069 d
1527 4044 1542 4070 d
1564 4046 1580 4071 d
2130 4053 2185 4081 6111.
