2479 4225
21 2299 23 2301 ,
57 2272 192 2307 publicum
203 2277 302 2303 mereri
323 2276 388 2303 Fest.
409 2278 500 2312 Pomp.

54 203 55 206 ’
87 191 150 232 393

0 1654 10 1663 n
38 1673 40 1675 v
62 1646 165 1668 tantum
177 1649 205 1667 vt
220 1641 341 1676 speeiem.
376 1643 451 1679 Cons.
466 1644 535 1670 Suet.
550 1645 634 1680 Calig.
648 1656 670 1673 e.
684 1650 724 1674 26.

54 1780 144 1817 fidem
157 1785 184 1808 in
194 1783 381 1820 quatuordecim
394 1784 531 1811 ordinibus.

31 2358 33 2360 -
57 2349 272 2382 1NEQV1TARF..

55 2379 170 2416 intelligi.
205 2382 281 2409 Tum
294 2382 341 2409 iste
360 2392 375 2410 a
395 2384 445 2410 Cn.
471 2385 567 2412 Calido
603 2402 649 2407 ——
685 2388 814 2422 equuleos
836 2397 975 2424 argenteos
997 2394 1103 2419 nobiles

55 2428 101 2436 —
135 2416 231 2444 aufert.
266 2419 420 2452 Imprudens
434 2420 485 2446 huc
498 2421 582 2447 incidi
596 2421 706 2449 iudices.

87 261 222 295 ἠὼς-1111113
255 262 382 290 Insultare
396 263 466 294 solo,
484 265 612 299 etgresl'us
620 266 765 301 glomerare
773 266 903 301 superbos.
944 266 1126 304 Viaphilarg.

85 304 113 329 in
124 302 167 327 loc.
200 297 268 324 Gell.
288 303 322 329 18,
338 306 350 331 5
378 301 422 333 qui
439 299 470 325 ab
492 301 569 327 Ennio
582 302 610 327 id
626 302 740 338 acccpzffir
752 305 790 328 ait
807 303 959 337 Virgilium,
978 304 1045 338 apud
1057 313 1125 339 quem

85 334 130 367 fit',
146 334 266 368 Denique
285 333 313 359 vi
334 342 427 367 magna
449 335 595 371 quadrupes
613 346 708 373 eques,
727 342 806 372 atque
830 337 964 371 elephanti
977 339 1125 366 Proiiciunt

837 373 904 399 Min.
919 373 973 400 Fel.
987 374 1048 400 Oct.
1062 383 1083 400 c.
1099 382 1124 409 7.

83 371 144 398 rese.
215 368 333 395 Macrob.
347 371 363 395 6
374 378 395 395 c.
409 369 457 396 vlt.
530 373 645 407 Propert.
658 382 685 407 4,
697 381 720 405 3,
733 377 770 410 38-

845 409 931 444 Eques
946 417 993 444 pro
1008 411 1125 446 Equitatu

84 403 157 441 Conf.
169 405 237 430 Hor.
251 404 333 438 Epod.
349 406 387 437 16,
401 413 432 431 11.
469 413 492 431 et
506 407 578 434 Caes.
594 409 621 435 B.
636 409 665 436 C.
680 416 702 440 2,
715 415 754 439 39.

85 440 174 469 Tacit.
183 440 249 465 Ann.
265 448 287 472 1,
303 442 347 473 60,
360 448 381 473 3.
417 440 487 467 Flor.
501 451 527 475 2,
540 445 566 476 6,
581 452 615 476 13.
648 449 671 469 et
684 451 707 474 3,
721 450 759 476 17,
773 450 801 475 4.

118 481 341 514 rqvsss'rssn,
364 475 428 508 tris,
454 482 500 503 tre.
533 479 592 505 Adi.
630 477 757 511 [in-mnis]
794 477 867 513 Qiod
879 482 991 513 pertinet
1009 480 1043 506 ad
1059 483 1126 515 equi-

82 517 138 538 tem.
175 509 327 544 Equestrem
338 510 459 537 ordinem
473 511 658 549 mediumfussb
669 510 764 545 constat
777 515 844 539 inter
858 515 983 541 Patricios
998 522 1021 541 et
1022 517 1124 550 plebem.

80 547 207 580 Principio
221 548 312 580 equites
324 545 461 582 iudicesque
474 548 547 575 iidem
558 547 719 578 habebantur,
737 554 761 573 et
771 547 885 584 gestandi
898 552 986 577 annuli
1005 554 1074 577 aurci
1086 555 1124 583 ius

79 583 114 608 eis
128 587 191 607 erat.
227 579 312 614 Postea
325 582 365 608 Μ.
379 583 429 608 Cic.
448 586 475 609 in
489 584 538 610 Con
551 584 618 610 ulatu
624 583 671 618 βω
685 584 809 618 Equestrc
823 593 921 611 nomen
927 584 1066 618 stabilium
1084 588 1123 614 Se-

79 622 165 643 natum
178 618 201 642 ei
216 617 367 650 concilians,
387 618 510 645 celebrans
516 583 586 654 Jesex
598 626 623 643 eo
637 617 723 644 ordine
739 619 886 654 proueflum
905 620 958 654 tjffi’·
1028 622 1068 649 Ab
1081 623 1122 650 illo

78 658 184 687 tempore
192 653 267 686 plone
278 651 323 678 hoc
335 656 435 679 tertium
448 660 536 689 corpus
548 655 575 679 in
588 653 648 688 Rep.
656 653 762 688 fabium
774 653 824 688 qsl,
841 660 966 692 coepitque
989 656 1069 683 adiici
1083 659 1122 686 Se-

79 690 167 719 natui,
186 688 245 722 Pop.
259 688 328 713 Rom.
343 688 468 723 Equester
480 687 555 715 ordo.
600 689 650 714 Aes
663 689 797 725 equestre,
813 694 898 727 inquit
918 692 1023 725 Festus,
1042 694 1121 726 Quod

79 722 165 758 equiti
177 721 296 749 dabatur.
368 725 467 758 Agmen
485 723 565 750 Ouid.
580 723 658 757 Epist.
672 733 699 757 9,
714 734 769 752 100.
841 727 898 753 Cic.
912 729 948 761 Q
964 728 1048 755 Fratr.
1065 738 1092 761 1,
1107 739 1120 756 2

73 759 145 785 -Ecce
160 758 236 792 supra
249 767 276 785 ca
297 763 325 784 ut
339 757 421 786 homo
433 758 497 784 leuis
510 767 538 785 ac
552 759 689 792 sordidus,
709 761 752 787 sed
768 767 854 788 tamen
866 763 980 797 equestri
988 765 1065 790 censu
1073 767 1121 791 Ca-

79 793 173 819 tienus.
294 793 397 821 ohortis
411 793 541 827 Equestris
554 794 639 821 sextae
651 795 783 822 Centurio
796 804 946 824 memoratur
959 798 1025 825 Plin.
1040 800 1119 834 Epist.

75 835 114 860 ιο,
130 834 177 862 107
190 827 262 863 etsq.
306 829 363 855 Vid.
378 834 506 856 σοι-1038
528 838 553 854 11.
568 836 593 855 2.
710 832 810 866 Copiae
839 833 897 860 Cic.
917 833 950 860 de
969 834 1028 862 Fin.
1043 844 1066 868 2,
1082 845 1121 863 112

77 871 99 889 c.
113 871 154 896 34.
193 864 291 890 Cursus
303 864 430 899 equestres
443 863 538 890 ducere
559 865 635 899 Virg.
648 866 712 893 Aen.
725 876 747 900 5,
759 871 821 902 667.
894 869 1015 904 Dignitas
1051 871 1120 906 Nep.

74 906 116 931 25,
131 907 151 933 1,
166 907 185 924 1.
258 899 399 933 Disciplina
417 899 473 925 Cic.
483 900 558 926 Verr.
568 908 594 933 4,
631 920 638 927 .
677 921 684 928 .
721 903 793 930 Loco
806 904 922 938 equestri
933 911 1007 932 ortus
1025 907 1080 933 Cic.
1089 908 1121 934 de

72 934 105 961 L.
119 934 182 968 Agr.
199 942 218 966 1,
233 943 244 960 2
266 954 272 960 .
342 933 426 966 Ludi,
447 934 500 960 vid.
516 936 626 971 Interpr.
639 937 725 964 adSil.
740 941 778 970 16,
791 946 844 972 355.
915 941 1029 968 Militias
1043 952 1120 977 eque-

11 986 13 995 .
56 969 136 996 xstres
155 970 192 996 ita
208 977 240 996 or
260 969 343 996 inanit
360 969 477 996 Claudius
498 971 652 1006 Imperator,
669 979 698 999 vt
717 974 775 1008 post
793 975 942 1002 Cohortem
960 977 1045 1011 alam,
1063 979 1120 1013 post

72 1005 141 1031 alam
155 1005 318 1032 tribunatum
332 1003 444 1038 legionis
459 1004 533 1032 daret
562 1006 669 1034 sueton.
683 1017 705 1035 c.
723 1017 762 1042 25.
785 1012 803 1035 i.
816 1010 913 1046 gradus
931 1013 1053 1046 militiae,
1076 1018 1120 1051 qui

72 1040 200 1075 equestris
213 1039 308 1066 ordinis
320 1039 458 1066 hominibus
470 1040 602 1068 dabantur.
640 1045 707 1070 Nam
722 1044 842 1077 Cohors,
859 1054 889 1072 vt
908 1048 963 1083 'Psa
982 1049 1064 1083 Legio
1074 1058 1119 1086 pe·

70 1074 162 1108 destris
176 1077 281 1102 militiae
303 1082 340 1100 me
352 1074 425 1113 dgcbio
438 1079 538 1103 nomina
545 1077 616 1112 fient.
653 1080 750 1106 Harum
770 1081 939 1116 Equestrium
957 1084 1118 1112 militiarum

71 1113 163 1137 memio
175 1113 247 1137 etiam
259 1119 269 1136 e
304 1112 332 1135 in
344 1110 393 1144 lap.
409 1117 461 1137 vet.
476 1113 542 1147 apud
555 1114 663 1140 Donium
677 1123 701 1148 p.
715 1123 769 1148 253.
783 1125 809 1142 11.
820 1125 876 1152 107.
912 1120 954 1145 Ita
966 1119 984 1146 l.
997 1129 1029 1153 43
1042 1121 1068 1147 ff.
1084 1121 1117 1148 de

70 1146 187 1173 Testam.
198 1145 254 1172 mil.
274 1145 359 1172 Filius
373 1146 489 1173 familias
503 1148 618 1182 equestri
629 1149 728 1177 militia
741 1159 898 1186 exornatu5‚
918 1160 944 1181 et
957 1155 985 1182 in
1007 1157 1116 1184 comita-

73 1187 103 1209 tu
115 1181 241 1216 Principis
254 1186 380 1208 retenti-1⁵.
416 1182 571 1217 Splendidae
580 1184 697 1212 'militiae
710 1186 839 1222 stipendia
855 1196 928 1215 vocat
943 1192 1000 1217 Val.
1009 1193 1079 1219 MaX.
1089 1202 1118 1226 4,

70 1224 97 1251 7,
113 1224 134 1250 5.
205 1217 247 1244 Sic
258 1217 343 1244 Burm.
357 1216 392 1242 ad
404 1218 468 1245 Suet.
484 1220 501 1245 l.
515 1228 537 1245 c.
546 1219 648 1254 Jecutus
662 1222 783 1250 Schelium
797 1224 832 1250 ad
839 1225 935 1261 Hygin.
945 1235 969 1260 p.
980 1230 1049 1260 691'1.
1057 1237 1115 1262 324.

70 1252 147 1279 Ordo
171 1251 235 1278 Plin.
248 1260 283 1284 33,
298 1260 319 1284 3.
355 1252 412 1280 Cic.
425 1262 475 1287 pro
486 1254 570 1281 Plane.
588 1264 609 1281 c.
625 1263 663 1288 35.
863 1261 868 1265 “

69 1296 129 1322 ceps
144 1288 204 1314 Cic.
219 1288 289 1314 Fam.
303 1296 336 1320 11,
351 1290 388 1314 16.

67 1324 179 1359 Equinus
194 1323 249 1349 Sen.
263 1322 389 1349 Phoeniffi
403 1327 461 1358 396.

771 1259 883 1286 Ordinis
902 1262 1028 1296 equestris
1043 1265 1114 1297 prin-

439 1289 513 1315 Idem
527 1299 576 1324 pro
590 1291 696 1319 Cluent.
735 1313 741 1320 .
779 1313 786 1321 .
858 1296 904 1322 Pes
933 1298 1078 1333 equestris,
1097 1303 1115 1325 i.

545 1326 638 1360 Populi
665 1329 727 1355 Stat.
741 1329 806 1356 Silu.
821 1339 845 1364 3,
859 1339 881 1364 3,
896 1341 950 1366 143.
1042 1336 1116 1361 Prae-

67 1358 135 1394 lium
153 1359 222 1385 Caes.
237 1358 264 1385 B.
278 1359 310 1385 G.
324 1366 347 1391 3,
360 1367 403 1385 20.
473 1360 561 1394 Pugna
580 1362 637 1389 Cic.
652 1364 731 1390 Verr.
746 1375 775 1399 4,
788 1375 833 1393 122
848 1376 915 1400 c.55.
986 1369 1117 1403 Splendor

68 1394 125 1421 Cic.
139 1393 284 1428 pro'Planc.
298 1402 332 1420 21.
376 1403 426 1428 pro
439 1395 463 1422 S.
479 1396 556 1422 Rosc.
570 1398 629 1424 Am.
645 1407 668 1425 c.
681 1405 723 1432 48.
833 1403 889 1429 Cic.
907 1403 1023 1440 Philipp.
1040 1408 1071 1437 6,
1087 1414 1115 1433 12

65 1428 200 1463 Adspicite
223 1438 237 1455 a
257 1429 355 1457 sinistra
379 1430 453 1457 illam
475 1432 624 1467 equestrem
643 1434 756 1463 statuam
779 1436 937 1466 inauratam.
1009 1441 1116 1468 Turma

65 1463 157 1491 Claud.
172 1463 204 1490 de
217 1465 245 1491 Β.
262 1465 321 1492 Get.
341 1472 400 1500 579.

64 1494 79 1535 Ἰ
98 1505 115 1525 E
126 1504 179 1539 ἣν
189 1506 205 1526 E
215 1507 228 1526 s
237 1507 259 1527 Τ
267 1507 286 1526 R
295 1508 305 1526 1
313 1507 334 1527 A
344 1520 352 1532 ,
372 1510 428 1527 um.
447 1511 474 1528 n.
487 1503 526 1529 Pl.
564 1503 577 1537 [
584 1503 674 1531 ἱππικοὶ
681 1505 695 1539 ]
729 1507 808 1534 intell.
826 1509 904 1536 Loca.
924 1512 1115 1546 Qatuordecim

63 1534 162 1561 ordines
175 1537 202 1561 in
216 1535 328 1568 theatro,
347 1539 375 1562 in
389 1537 477 1572 quibus
488 1541 582 1573 equites
588 1540 724 1575 fidebant,
745 1551 819 1569 vocat
833 1545 891 1571 Sen.
905 1546 938 1572 de
952 1548 1043 1573 Benef.
1052 1556 1116 1582 7,12

62 1570 199 1605 Equestria
212 1571 334 1598 onmium
347 1572 474 1607 Equitum
488 1573 566 1600 Rom.
581 1576 650 1602 sunt.
723 1579 801 1611 Item,
822 1580 917 1607 Habeo
932 1581 961 1607 in
983 1583 1115 1617 Equestri-

62 1605 110 1632 bus
125 1605 212 1632 locum
226 1617 232 1632 :
268 1615 323 1632 non
342 1613 371 1634 vt
387 1607 518 1635 vendam:
555 1619 611 1636 non
628 1616 657 1637 vt
674 1611 778 1646 locem,
798 1623 853 1640 non
873 1622 901 1642 vt
914 1615 1049 1650 habitem,
1069 1619 1113 1645 sed

798 1649 869 1685 Lips.
884 1651 916 1677 de
933 1652 1071 1686 Amphith.
1092 1663 1114 1680 c.

65 1684 105 1714 14.
176 1678 246 1704 Hinc
256 1679 411 1704 meretricula
423 1679 490 1713 apud
499 1680 603 1707 petron.
626 1691 647 1708 c.
662 1685 709 1708 126
735 1683 861 1712 Viderint
874 1692 1009 1714 matronae
1019 1708 1028 1721 ,
1047 1698 1114 1723 quae

65 1711 230 1745 flagellorum
243 1712 353 1747 vestigia
365 1714 518 1741 osculantur
532 1727 539 1747 3
576 1725 626 1750 ego
639 1717 721 1744 etiam
732 1718 751 1745 fi
771 1721 865 1748 ancilla
885 1723 957 1754 snm,
978 1732 1114 1757 nunquam

62 1751 151 1772 tamen
163 1747 211 1773 nisi
224 1748 253 1774 in
265 1748 430 1782 equestribus
444 1749 530 1777 sedeo.
547 1754 566 1778 i.
581 1752 756 1787 Nunquamest
768 1755 885 1786 mihim-s,
897 1756 944 1789 nist
953 1766 1008 1783 cum
1019 1761 1061 1787 iis,
1070 1761 1114 1792 qui

572 1786 632 1812 Vni.
649 1788 757 1813 Turneb.
771 1789 879 1824 Aduetf
894 1800 965 1824 4,19.
986 1801 988 1804 ’
1001 1797 1112 1823 et15',33.

60 1820 84 1841 ἐι
94 1825 140 1842 πω-
151 1819 472 1856 ιἠυΨνΑΤνοΚΒΕςΙΜ.

54 1854 55 1858 ’
95 1856 171 1888 Eqv
181 1858 190 1875 1
204 1857 226 1875 'r
237 1857 271 1881 o,
289 1854 341 1876 are.
376 1851 507 1885 [ἱππείξω,
526 1852 638 1885 ἱππεύω]
675 1854 743 1888 Equo
757 1855 822 1881 vehi.
860 1856 929 1884 Hor.
945 1858 1028 1885 Serm.
1043 1868 1072 1892 2,
1086 1869 1109 1892 3,

0 1894 1 1898 ’
57 1889 108 1916 248
127 1883 231 1910 Ludere
243 1893 290 1918 par
302 1885 401 1917 impar,
422 1886 543 1919 equitare
555 1887 584 1912 iu
597 1887 728 1914 arundine
740 1888 828 1924 longa.

36 1914 39 1918 ’
53 1919 135 1954 Apud
149 1928 219 1954 quos
229 1925 316 1945 autem
331 1920 446 1946 venandi
461 1927 487 1947 et
500 1922 638 1956 equitandi
651 1922 707 1950 laus
720 1925 809 1959 viget,
830 1927 893 1961 qui,
915 1935 962 1955 etc.

58 1961 129 1988 tare,
148 1961 174 1981 et
186 1954 269 1981 homo
284 1961 359 1982 vtens
372 1964 458 1990 equo,
476 1962 502 1983 et
517 1958 606 1992 Equus
620 1958 668 1985 sub
682 1959 791 1986 homine
805 1962 943 1996 gradiens,
960 1964 1107 1994 dicebatur.

57 1990 176 2017 Lucilius
189 1999 305 2025 namque
318 1990 362 2017 vir
374 1993 494 2026 apprime
506 1993 613 2028 linguae
624 1994 719 2022 Latine
733 1996 828 2030 sciens,
848 2007 947 2033 equum
962 2007 988 2027 et
1000 2011 1106 2030 currere

40 2040 44 2044 ·
59 2031 86 2053 et
102 2025 218 2061 equitare
234 2026 303 2053 dixit
318 2026 359 2053 his
379 2027 513 2061 verfibus,

871 1892 927 1919 Cic.
943 1893 1025 1921 Tusc.
1040 1904 1066 1927 2,
1075 1899 1109 1923 62.

1028 1932 1108 1965 Equi-

210 2062 295 2102 Queis
309 2061 371 2089 hinc
385 2072 490 2090 currere
505 2074 605 2100 equum
618 2074 666 2092 nos
679 2071 757 2101 atque
771 2069 891 2102 equitare
902 2070 1035 2106 videmus,

210 2098 260 2124 His
272 2098 376 2132 equitat
390 2099 527 2134 curritque
541 2111 547 2127 τ
583 2101 668 2128 oculis
681 2103 801 2137 equitare
814 2104 950 2138 videmus,

209 2133 280 2168 Ergo
293 2134 379 2160 oculis
392 2135 494 2169 equitat
510 2137 519 2162 3

61 2166 131 2195 fluet:
143 2167 207 2195 Gell.
224 2174 259 2200 18,
276 2177 297 2202 5.
352 2170 426 2207 Conf.
440 2171 559 2198 Macrob.
573 2174 590 2199 6
603 2182 624 2200 c.
638 2172 685 2200 vlt.

63 2203 97 2230 In
108 2205 220 2230 circulum
240 2204 322 2231 Ouid.
336 2206 402 2232 Met.
418 2214 454 2238 12,
470 2210 528 2239 468.

61 2238 89 2264 se
101 2244 126 2264 et
139 2238 166 2264 in
179 2238 218 2266 his
230 2240 363 2275 equitabit
376 2243 505 2276 equuleis.

775 2174 807 2200 In
821 2174 916 2203 orbem
931 2178 1068 2212 equitare,
1088 2183 1106 2206 i.

645 2209 701 2235 Cic.
716 2209 792 2236 Verr.
805 2220 834 2244 4,
847 2221 883 2245 42
896 2222 918 2238 c.
932 2221 966 2239 20
992 2214 1112 2247 Iati’tabit,

585 2243 724 2276 Equitare,
746 2246 850 2280 antiqui
865 2247 987 2275 dicebant
1000 2250 1105 2285 Equum

587 2278 717 2312 Ostentare
723 2280 768 2316 se,
783 2289 807 2307 et
819 2283 966 2318 infhlentius
979 2287 1008 2311 in
1021 2287 1107 2322 aliqua

463 2323 496 2347 42
509 2322 530 2340 c.
553 2322 588 2340 20
623 2316 759 2351 Equitabit
773 2317 801 2343 in
814 2317 855 2344 his
874 2320 1003 2354 equuleis.
1045 2322 1104 2349 ls'id.

342 2349 463 2375 Ponemus
474 2356 551 2375 totum
565 2351 642 2377 locum
655 2352 798 2385 Ciceronis,
819 2360 848 2380 vt
860 2355 927 2390 lepos
947 2357 1016 2382 illius
1030 2357 1105 2392 poffit

56 2316 84 2334 re
94 2307 196 2336 inflare.
232 2312 288 2338 Cic.
313 2312 392 2338 Verr.
415 2323 442 2347 4,

748 2424 819 2450 Emit
839 2426 926 2458 enim,
946 2436 1001 2453 non
1018 2428 1103 2455 abstu-

42 2449 96 2477 111.
132 2451 232 2478 nollem
245 2452 345 2479 dixisse.
382 2454 493 2481 Iaetabit
506 2456 531 2481 se
542 2475 549 2486 ,
570 2462 596 2483 et
609 2457 638 2482 in
652 2457 692 2483 his
708 2459 840 2492 equitabit
855 2461 982 2496 equuleis.
1020 2464 1103 2495 Affine

6 2482 7 2528 1
38 2492 45 2499 “
53 2483 89 2519 1st
98 2505 113 2525 ,ᾗ
120 2486 169 2521 fid
180 2489 255 2513 multo
268 2488 433 2515 vehementius
445 2495 468 2515 et

480 2493 590 2517 atrocius
603 2493 720 2527 quiddam
725 2493 857 2530 fignificat
866 2516 874 2528 ,
897 2498 963 2532 quod
978 2498 1043 2525 dicit
1057 2500 1104 2527 Ca-

55 2520 131 2546 nidia
150 2522 216 2547 Hor.
230 2521 312 2555 Epod.
328 2530 366 2557 17,
381 2530 417 2558 74
437 2525 571 2553 Veoabor
589 2526 705 2555 humeris
723 2535 786 2556 tunc
807 2539 857 2565 ego
876 2533 996 2560 inimicis
1015 2544 1102 2569 eques.

6 2546 7 2579 J
53 2553 120 2587 Paſj.
135 2555 296 2592 [inndg'sam]
317 2557 382 2586 Plin.
403 2565 445 2592 ‚18
464 2561 562 2588 Omnes
569 2570 657 2590 autem
666 2564 734 2591 iniis
742 2566 820 2592 terris
828 2566 1010 2596 iumentorum
1023 2570 1103 2598 dorso

0 2765 3 2795 ξ
50 2766 107 2793 Cic.
122 2768 192 2793 Fam.
206 2776 233 2802 7,
247 2778 256 2795 1
279 2770 417 2797 Armatur-a
430 2771 504 2797 varia
518 2772 649 2806 peditatus
662 2780 688 2800 et
707 2775 847 2808 equitatus.

0 2801 2 2816 l
48 2802 128 2829 Font.
138 2811 150 2834 3
158 2812 179 2829 c.
189 2812 202 2828 2
221 2805 340 2832 Caeteris
357 2815 464 2841 magnos
472 2807 603 2842 equitatus
611 2808 642 2834 ad
650 2817 679 2834 ea
689 2809 758 2836 bella
765 2826 810 2830 —
818 2811 969 2845 imperauit.
1006 2813 1098 2841 Claud.

0 2872 2 2878 .
51 2837 281 2900 {lizssaggeserem
295 2843 328 2867 62
344 2843 395 2868 Dat
408 2842 493 2868 Gallia
506 2842 590 2869 robur
625 2844 723 2871 Militis
733 2865 741 2877 ,
760 2845 876 2878 Illyricis
890 2848 982 2875 sudant
995 2850 1098 2884 equita-

51 3015 106 3042 vid.
124 3022 215 3043 01130.

54 2590 218 2624 funguntur,
237 2597 316 2627 atque
328 2594 408 2620 etiam
422 2597 574 2630 equitantur
593 2599 622 2625 in
639 2600 756 2635 praeliis.
792 2604 830 2629 De
844 2606 952 2631 camelis.
990 2606 1062 2634 Flor.
1078 2616 1101 2639 3,

55 2634 83 2659 4,
96 2634 109 2658 5
129 2626 198 2652 Dum
210 2636 256 2661 per
268 2630 368 2655 flumen
381 2631 530 2665 Equitatur.

91 2668 107 2687 E
117 2667 292 2700 QV1¹1¹AT1
303 2672 338 2696 o,
358 2666 426 2693 onis.
446 2667 466 2693 f.
500 2669 642 2703 [ἵππευσις]
676 2670 746 2697 Plin.
758 2676 799 2703 28,
814 2680 833 2705 4
855 2673 992 2707 EquitatIo
1007 2673 1100 2700 stoma-

53 2695 105 2723 cho
118 2704 143 2722 et
156 2698 227 2724 coxis
242 2699 385 2726 vtiliilima.

89 2739 105 2758 E
115 2738 165 2767 QV
176 2740 185 2758 Ι
195 2740 216 2759 Τ
225 2735 248 2760 A
257 2741 278 2760 T
286 2742 307 2760 V
316 2742 329 2761 S
337 2754 346 2768 ,
364 2734 407 2761 fis.
447 2744 484 2761 111.
520 2735 568 2769 [rei
588 2736 683 2764 ἱπντικᾶν
692 2760 700 2773 ,
726 2737 741 2768 ἧ
752 2740 840 2775 ἵππος]
877 2743 991 2804 Equitudm
1004 2752 1099 2770 manus.

954 2779 966 2804 1
986 2787 1027 2803 em
1048 2788 1097 2813 pro

309 2877 403 2904 Valere
416 2879 534 2912 equitatu
553 2879 622 2913 Nep.
638 2885 673 2912 18,
691 2889 703 2912 3
717 2887 781 2907 extr.
853 2883 947 2910 Vic'lor
966 2886 1097 2918 equitatus

52 2909 143 2935 Tacit.
157 2909 225 2935 Hist.
239 2919 263 2942 3,
279 2916 313 2941 18.
385 2913 523 2941 Abducere
542 2915 575 2940 ab
594 2915 686 2950 aliquo
705 2917 867 2951 equitatum,
883 2919 936 2945 vid.
958 2927 1097 2948 ABDvco.

53 2944 125 2971 Exiit
138 2945 222 2979 portis
236 2947 369 2981 equitatus
393 2949 468 2983 Virg.
482 2950 546 2976 Aen.
562 2955 584 2980 8,
598 2955 648 2983 585.
742 2952 873 2980 instruere
890 2955 1006 2989 aliquem
1025 2957 1098 2991 pedi-

52 2985 125 3013 tatu,
144 2981 278 3015 equitatu,
299 2983 383 3018 copiis
411 2985 468 3011 Cic.
492 2985 605 3020 Philipp.
630 2993 652 3019 5,
675 2989 692 3013 6
713 2996 735 3013 c.
754 2996 778 3014 2.
849 2990 952 3017 Orbare
967 2992 1097 3026 equitatu,

412 3017 434 3058 ff
457 3029 469 3046 2
505 3022 593 3056 Supini
598 3021 623 3057 s
639 3021 790 3055 Substantim'
801 3024 859 3051 adeo
872 3030 978 3052 nominis
991 3032 1041 3054 vim
1055 3029 1098 3055 ho-

52 3050 174 3111 oetEPlin.
189 3057 230 3084 28,
242 3059 267 3086 15
280 3052 316 3080 ad
327 3053 418 3091 finem,
438 3057 547 3084 Femina
560 3057 655 3090 atteri,
672 3057 801 3094 adurique
812 3061 929 3095 equitatu
943 3070 1037 3090 notum
1053 3065 1097 3091 est.

55 3094 75 3110 z.
110 3089 249 3121 quitatione.

58 3142 62 3148 .
91 3127 236 3158 ΕεζγΑΚΙ
246 3130 303 3157 vs,
323 3124 341 3151 i.
361 3134 398 3152 m.
435 3126 502 3153 Idem
515 3136 544 3153 ac
558 3128 654 3164 Equifh.
691 3129 772 3156 Solin.
786 3140 807 3158 c.
823 3138 854 3166 57
868 3133 924 3167 (al.
937 3134 989 3168 45)
1009 3134 1038 3161 de
1050 3136 1097 3161 Bu-

6 3138 8 3155 3
55 3155 166 3199 ξερῇιιιο,
185 3158 253 3185 Cum
266 3159 299 3185 ab
312 3161 422 3196 equario
437 3163 483 3188 suo
496 3163 576 3189 ctiam
588 3165 707 3192 molliter
718 3166 859 3194 sederetur.
896 3168 976 3195 Gloss'.
984 3170 1030 3198 Gr.
1039 3172 1096 3198 Lat.

0 3478 2 3485 ’
55 3479 99 3500 tur
112 3473 175 3499 idem
190 3483 249 3509 quos
263 3480 287 3507 8,
300 3485 324 3509 15

41 3698 60 3702 *v
91 3688 283 3726 aqvist‚
302 3696 330 3718 a,
351 3697 404 3716 11111.
429 3690 489 3718 Adi.
524 3695 649 3732 [Tamus]

57 3191 194 3224 ιππονομεῦς
205 3194 347 3228 Equarius,
365 3197 434 3232 Equi
455 3198 548 3233 pastor.

92 3232 310 3268 EQVAlfflv-S,
329 3240 358 3264 a,
378 3242 433 3260 um.
455 3233 515 3260 Adi.
551 3235 684 3271 [ἱππικός]
720 3237 794 3273 Qod
812 3238 846 3265 ad
866 3248 949 3272 equum
975 3245 1095 3275 pertinet,

55 3267 101 3292 vt,
121 3261 245 3296 Equarius
259 3265 373 3294 medicus
391 3269 478 3296 Valer.
492 3271 563 3297 Max.
576 3279 603 3304 9,
616 3279 650 3304 25,
664 3281 689 3298 2.
727 3275 813 3300 Varro
826 3274 859 3301 de
873 3276 903 3302 R.
913 3276 943 3302 R.
952 3284 966 3301 2
975 3285 1094 3310 prooem.

56 3295 137 3335 Qiod
151 3302 176 3323 et
189 3298 241 3338 ipse
254 3303 384 3334 pecuarias
398 3304 481 3331 habui
494 3306 619 3340 grandes,
640 3308 668 3334 in
683 3308 780 3343 Apulia
794 3311 911 3337 ouiarias
919 3330 928 3344 ,
948 3317 974 3338 et
989 3312 1016 3338 in
1030 3313 1094 3339 Rea-

57 3337 116 3358 11110
131 3340 255 3373 equarias.
274 3338 291 3362 i.
306 3347 360 3370 res,
373 3338 503 3375 pastiones.
812 3364 813 3367 =

87 3374 328 3407 ῥεεζψΡΕκνε,
346 3375 364 3400 i.
397 3385 433 3402 m.
471 3377 560 3408 [ἵππος
584 3375 681 3413 ἄγριος]
716 3379 782 3406 Plin.
802 3385 842 3412 28,
865 3389 888 3413 13
908 3382 926 3408 s.
948 3389 975 3414 ςς
996 3383 1027 3409 In
1040 3384 1093 3418 pri-

56 3410 107 3428 mis
127 3402 216 3443 efficax
238 3412 310 3437 potus
323 3410 505 3443 equiferorum
520 3413 660 3448 sanguinis.
696 3415 728 3440 Et
748 3424 769 3442 c.
784 3424 812 3441 10
826 3418 843 3442 s.
857 3424 889 3449 45
915 3418 953 3443 De
966 3420 1093 3453 equiferis

55 3446 110 3464 non
125 3438 279 3472 scripserunt
292 3442 535 3480 Graeci,quoniam
549 3454 634 3475 terrae
652 3449 714 3476 illae
733 3459 787 3477 non
808 3452 958 3486 gignebant.
1002 3456 1092 3482 Viden-

274 3511 280 3515 .
338 3479 356 3504 s.
369 3483 398 3506 16
414 3483 500 3517 Equos
513 3485 583 3510 feros
597 3491 679 3511 vocat.

93 3515 184 3543 EQv1
197 3517 212 3535 L
222 3516 253 3550 r,
273 3518 303 3536 is.
316 3521 347 3552 ⁴n..
381 3515 546 3552 [fn-noemia]
583 3520 708 3547 stabulum
721 3530 841 3556 equorum.
878 3524 964 3552 Varro
971 3533 1024 3561 2,7
1032 3526 1092 3562 sua-

56 3543 98 3570 det
111 3544 201 3571 frenos
223 3554 250 3571 111
262 3547 345 3580 equili
367 3549 524 3584 suspendere.
560 3556 626 3582 Cato
640 3555 671 3582 de
686 3557 716 3583 R.
733 3557 763 3583 R.
777 3566 798 3584 c.
814 3567 853 3592 ¹4·

93 3586 167 3616 EQV
177 3589 186 3607 1
195 3588 218 3606 M
228 3588 244 3607 E
255 3588 274 3606 Ν
285 3589 306 3608 T
315 3589 336 3608 v
345 3589 369 3608 Μ
379 3603 387 3615 ,
405 3587 457 3612 vid.
472 3596 738 3626 AEQWMENTVM-

58 3648 78 3676 E
92 3621 188 3677 Egvll
200 3622 349 3656 MVLGA,
369 3627 409 3647 ae.
427 3630 462 3648 m.
495 3625 585 3653 Sidon.
615 3637 644 3662 4,
676 3636 685 3653 1
723 3628 897 3664 Equimulgae
929 3631 1035 3658 Geloni.
1060 3632 1093 3658 al.

81 3658 171 3684 qunnu
183 3660 218 3685 gi.

686 3697 754 3725 Hor.
769 3699 832 3726 Arte
844 3701 917 3727 Poet.
935 3709 943 3727 1
965 3702 1091 3728 Humano

57 3721 135 3755 capiti
148 3723 279 3750 ceruicem
293 3723 379 3758 pietur
392 3726 514 3760 equinam
548 3731 660 3766 Iungere
679 3733 696 3760 fi
709 3734 783 3761 velit.
855 3736 960 3763 Caudae
978 3738 1090 3771 equinae

59 3795 109 3818 Bur.
149 3793 206 3820 Vid.
226 3801 364 3836 SORITFS3
435 3798 524 3823 Cornu
545 3803 686 3836 equinum,
708 3808 726 3831 i.
748 3807 794 3831 Pes
811 3817 914 3833 corneus
927 3811 982 3844 equi
1001 3808 1089 3835 Valcr.

62 3823 155 3864 Argon.
169 3838 191 3862 5,
204 3837 251 3862 153.
324 3832 401 3866 Virg.
420 3833 484 3858 Aen.
506 3842 550 3866 10,
563 3837 612 3868 869
637 3839 702 3865 Aere
726 3847 801 3875 caput
815 3843 932 3876 fulgens,
952 3844 1089 3879 Cristaque

61 3857 169 3891 hnfiutus
183 3866 288 3900 equina.
358 3867 423 3894 Iuba
439 3869 502 3895 Plin.
517 3878 539 3901 2,
553 3877 592 3901 25.
627 3872 705 3899 Ouid.
718 3876 781 3902 Met.
798 3886 835 3910 12,
848 3884 885 3908 88.
956 3879 1037 3906 Ouid.
1057 3889 1089 3906 ex

59 3893 130 3923 Pom.
143 3907 161 3932 1,
175 3909 195 3932 2,
210 3909 237 3927 21
254 3902 287 3927 At
300 3902 379 3929 semel
394 3903 508 3930 intentus
522 3905 616 3931 Neruo
629 3906 694 3933 leuis
707 3918 779 3938 arcus
797 3915 905 3947 equino.
1013 3916 1090 3942 Pecus

58 3928 141 3960 Varro
153 3935 183 3962 de
196 3936 226 3962 R.
242 3937 273 3962 R.
288 3946 314 3969 2,
329 3945 362 4001 71
389 3940 519 3967 Coluxuel.
531 3943 557 3973 6,
570 3949 613 3976 27.
649 3943 723 3979 Virg.
738 3946 834 3983 Georg.
847 3957 872 3983 3,
886 3957 929 3985 72.

210 3977 230 3998 V
240 3978 259 4000 0
269 3979 295 3999 l..-
363 3993 370 4000 .

1599 187 1747 230 ER
1829 194 1869 235 A
2166 209 2239 250 394

1193 272 1258 299 Met.
1270 281 1308 306 12,
1321 280 1371 308 374
1390 288 1434 294 -—
1453 275 1616 312 Pedibusque
1629 277 1717 305 virum
1730 279 1864 307 conculcat
1879 284 1991 317 equinis.
2060 285 2142 313 Ouid.
2156 286 2235 321 Epist.

1193 316 1278 342 9,14z
1296 309 1411 335 Semiuir
1429 311 1552 339 occubuit
1567 313 1608 344 vi,
1629 314 1824 350 Lernifcroque
1837 325 1939 345 veneno
1976 321 2082 353 Nessus,
2099 327 2124 350 et
2144 322 2237 349 infecit

1195 345 1298 384 sanguis
1312 345 1423 379 equinus
1436 354 1523 381 aquas.
1593 349 1650 376 Seta
1669 351 1725 377 Cic.
1737 351 1819 379 Tusc.
1833 359 1854 385 5,
1870 355 1900 378 62
1913 362 1934 379 c.
1947 363 1989 381 20.
2060 358 2149 386 Vbcra
2166 359 2235 385 Hor.

1150 420 1163 448 ς
1194 379 1372 455 Εμὲἓ5,18(.),
1392 417 1440 441 ite.
1478 417 1640 454 [ἱππομανῖὖ]

1676 420 1771 448 Coitum
1784 423 1839 458 equi
1854 428 1980 458 appetere,
1998 423 2059 457 ficut
2072 427 2156 459 sizire,
2169 426 2236 464 suis.

1194 449 1259 476 Plin.
1276 460 1313 483 10,
1330 452 1360 483 63
1379 451 1463 484 Equas
1477 451 1590 480 domitas
1604 456 1648 481 LX
1839 458 1844 463 '

1666 455 1760 483 diebus
1783 466 1797 484 e
1818 466 1885 485 uire.

1230 492 1247 512 E
1257 492 1304 525 QV
1314 493 1323 512 1
1333 493 1352 512 R
1362 492 1371 512 1
1382 493 1403 512 Α
1412 505 1420 517 ,
1439 494 1525 513 onum.
1545 498 1569 514 11,
1590 489 1777 527 [ἱπποδροιμιά]
1799 467 1875 526 lindi,
1883 502 1949 528 quos
1963 494 2089 521 Romulus
2101 496 2182 523 Marti
2196 498 2235 523 in-

1193 520 1278 548 stitnit
1292 530 1338 556 per
1354 529 1484 556 equorum
1498 524 1614 555 cursum,
1633 528 1679 560 qni
1693 528 1720 553 in
1734 536 1825 563 campo
1838 529 1938 556 Martio
1959 530 2161 562 exercebantur,
2189 533 2236 558 Fe.

1192 555 1244 582 stus
1259 567 1264 582 ε
1291 559 1360 584 cuius
1376 559 1449 582 etiam
1463 557 1510 583 huc
1519 562 1647 593 pertinent
1659 563 1716 594 illa,
1736 565 1867 591 Martialis
1879 574 1983 600 campus
1999 566 2025 590 in
2039 566 2132 592 Caelio
2145 574 2236 593 monte

1193 590 1308 623 dicitur,
1330 591 1402 626 quod
1423 592 1451 618 111
1472 602 1504 619 eo
1525 594 1633 627 Equiria
1654 598 1771 625 solebant
1786 599 1860 631 ficri,
1879 600 1897 627 fl
1910 601 2014 635 quando
2028 609 2110 635 aquae
2122 602 2236 629 Tiberis

1193 636 1314 660 campum
1327 627 1455 654 Martium
1468 631 1637 663 occupassent.
1709 635 1790 661 Ouid.
1804 636 1869 663 Fast.
1882 645 1906 668 2,
1919 642 1965 669 859
1995 637 2030 662 Ex
2043 645 2108 663 vero
2122 637 2236 671 politum

1191 663 1331 697 permansit
1346 663 1450 697 equiria
1463 672 1569 692 nomen.
1606 667 1679 704 Conf.
1694 669 1759 696 Fast.
1774 679 1794 703 3,
1808 679 1861 706 517.
1898 679 1930 699 ze.
1948 674 2024 699 Varr.
2039 671 2071 698 de
2083 672 2113 698 L.
2127 672 2158 698 1..
2172 681 2200 705 5,
2213 681 2235 705 3.

1191 698 1310 725 Tertull.
1326 698 1358 724 de
1373 698 1488 732 Speelac.
1501 709 1524 726 c.
1540 708 1562 733 5.

1226 739 1374 772 EQVISE
1386 739 1462 765 TIS,
1481 737 1684 769 111113ον1εέ
1696 745 1718 765 'r
1730 746 1798 773 VM,
1819 741 1838 768 i.
1857 750 1885 769 n.
1912 742 2046 775 Herba,de
2059 752 2106 778 qua
2120 742 2236 774 Plin.26,

1141 781 1166 807 ¹5
1191 777 1215 801 13
1230 769 1248 794 s.
1268 774 1295 801 83
1322 769 1475 803 Equisetum
1494 771 1623 806 Hippuris
1643 781 1656 800 a
1672 774 1779 803 Graecis
1792 776 1876 809 dicta,
1897 782 1922 804 et
1940 778 1967 803 in
1988 779 2068 812 pratis
2088 779 2236 813 vituperata

1190 803 1282 835 nobis,
1303 805 1356 835 (est
1370 811 1457 831 autem
1470 806 1538 840 pilus
1551 814 1651 839 terrae,
1672 811 1784 844 equinae
1799 813 1866 839 setae
1881 812 1989 845 similis)
2002 815 2084 840 lienes
2099 815 2236 841 cursorum

1191 839 1333 874 exstinguit
1347 847 1392 866 etc.
1430 842 1541 878 Respicit
1554 843 1587 868 ad
1594 846 1631 876 26,
1640 851 1667 874 28
1686 847 1773 873 inuisa
1787 855 1812 874 et
1826 849 1950 883 equisetis
1964 849 2014 881 est,
2034 859 2049 876 a
2062 850 2235 877 similitudine

1190 875 1303 910 equinae
1322 876 1397 903 setae.

1226 912 1388 949 EQVI'SO,
1419 912 1487 939 bnis.
1523 922 1559 939 m.
1595 914 1762 949 [fn-nono'ms,
1789 916 1942 954 ἱππόδαμος]

1142 605 1172 624 10

1978 921 2100 955 Equorum
2120 919 2236 946 domitor.

1190 947 1277 973 Varro
1295 946 1362 981 apud
1382 947 1455 974 Non.
1475 957 1499 979 2,
1512 954 1558 979 288
1582 950 1652 976 Nam
1666 957 1694 976 vt
1712 960 1810 985 equuS,
1828 954 1874 987 qui
1887 954 1920 980 ad
1939 953 2088 982 vehendum
2102 956 2138 982 est
2152 962 2236 987 natus,

1190 987 1278 1008 tamen
1291 982 1405 1009 traditur
1417 984 1556 1017 magistro,
1577 994 1605 1012 vt
1621 987 1714 1020 equiso
1729 988 1821 1013 doceat
1840 989 1946 1015 tolutim
1963 991 2091 1018 incedere.
2162 992 2237 1018 Idem

1190 1017 1330 1044 Eumenid.
1351 1017 1447 1053 Neque
1460 1020 1592 1047 furentem
1606 1021 1748 1055 equuleum
1761 1022 1865 1048 insanus
1879 1026 1972 1057 equiso
1992 1026 2132 1052 exhibebis
2145 1026 2237 1053 morbi

1189 1052 1321 1079 fluffibus.
1357 1054 1436 1080 Locus
1453 1056 1553 1082 videtur
1572 1064 1712 1092 corruptus.
1751 1057 1807 1083 Val.
1827 1058 1898 1084 Max.
1917 1066 1942 1092 7,
1955 1068 1976 1090 3,
1989 1068 2002 1085 2
2015 1068 2079 1089 extr,
2106 1063 2236 1088 Acumine

1188 1088 1300 1115 Oebaris
1313 1089 1446 1122 equisonis
1462 1091 1501 1117 sni
1519 1093 1614 1118 Darius
1627 1101 1728 1128 regnum
1740 1091 1844 1127 adeptus
1862 1091 1903 1125 est.
2069 1094 2089 1133 ff
2111 1105 2126 1122 2
2163 1097 2237 1123 Nau-

1135 1137 1168 1164 25
1186 1124 1234 1151 tici
1255 1124 1394 1158 equisones
1409 1126 1519 1161 Jiztirica
1541 1126 1647 1162 quadam
1664 1128 1768 1163 lasciuia
1785 1126 1850 1155 disti
1874 1128 1993 1156 videntur
2005 1138 2021 1156 a
2034 1130 2155 1159 Varrone
2167 1131 2235 1167 opud

1187 1159 1260 1186 Non.
1274 1161 1292 1186 l.
1305 1169 1327 1186 c.
1337 1167 1387 1194 pro
1401 1165 1494 1187 ›zaza-is.
1640 1171 1647 1175 “
1813 1185 1816 1187 ,

1222 1196 1501 1234 EQv1TA13‘1‘Lis,
1532 1206 1555 1223 e.
1585 1196 1647 1224 Adi.
1683 1196 1853 1233 [ἱππάσιμος]
1895 1201 1946 1232 Vt,
1965 1201 2050 1227 Locus
2073 1202 2236 1236 equitabilis,

1185 1232 1214 1256 in
1231 1239 1278 1266 quo
1291 1230 1375 1266 facile
1393 1235 1448 1267 equi
1458 1233 1610 1259 inambulare
1618 1232 1720 1268 poffint.
1756 1235 1912 1268 Opportuna
1925 1236 2086 1270 explicandis
2099 1239 2183 1273 copiis
2196 1247 2236 1265 re-

1185 1265 1232 1300 gio
1248 1272 1317 1297 erat,
1337 1267 1506 1301 equitabilis,
1526 1274 1551 1294 et
1565 1268 1634 1295 vasta
1647 1269 1768 1303 planities
1784 1271 1858 1297 Curt.
1873 1280 1900 1304 4,
1912 1279 1937 1303 9,
1955 1280 1993 1298 10.

1221 1308 1238 1328 E
1249 1308 1298 1340 qv
1309 1308 1319 1328 1
1329 1309 1350 1328 Τ
1359 1309 1409 1329 AT
1419 1309 1438 1328 V
1447 1310 1495 1330 RA
1503 1323 1511 1336 ,
1531 1312 1570 1330 ae.
1600 1303 1620 1330 f.
1659 1304 1755 1333 Sarisb.
1770 1306 1816 1340 Ep.
1830 1311 1875 1340 283
1897 1307 2065 1342 Equitaturas
2076 1314 2101 1335 et
2112 1310 2235 1344 expensas

1184 1346 1349 1372 praeparare.
1598 1339 1600 1343 ”

1222 1380 1239 1399 E
1249 1379 1314 1410 Qvi
1324 1380 1363 1400 Τ]
1375 1379 1396 1398 v
1406 1380 1447 1405 M,
1466 1374 1485 1400 i.
1507 1383 1533 1400 n.
1571 1374 1731 1409 [ἱππαγέλη]
1769 1377 1890 1411 Equorum
1904 1385 2050 1406 armentum.
2087 1380 2191 1415 leian.
2207 1381 2236 1408 in

1185 1407 1204 1434 l.
1220 1417 1243 1434 12
1257 1408 1365 1435 Plenum
1380 1407 1402 1446 §.
1418 1410 1524 1444 Equitii
1537 1410 1568 1436 D.
1584 1410 1617 1436 de
1630 1411 1676 1436 vsu
1689 1417 1714 1437 et
1732 1411 1911 1444 habitatione,
1931 1414 2034 1448 Equitii
2047 1424 2153 1450 quoque
2167 1416 2235 1451 lega-

1184 1449 1213 1470 to
1227 1444 1287 1475 vsu,
1307 1444 1451 1471 videndum
1461 1465 1467 1475 ‚
1485 1454 1518 1472 nc
1531 1452 1556 1472 et
1570 1445 1679 1472 domare
1692 1446 1778 1480 poffit,
1799 1454 1824 1473 et
1838 1448 1870 1474 ad
1884 1448 2033 1476 vehendum
2047 1451 2094 1476 sub
2108 1452 2171 1486 ingo
2187 1453 2235 1479 vti.

1135 1493 1164 1519 35·
1184 1479 1256 1506 Adde
1269 1480 1287 1506 1.
1303 1489 1311 1506 1
1325 1478 1348 1517 §.
1363 1481 1410 1507 vlt.
1426 1481 1487 1515 Dig.
1502 1481 1534 1507 de
1548 1481 1588 1507 rei
1602 1481 1729 1508 vindicat.
1767 1483 1872 1510 Colum.
1887 1486 1911 1515 6,
1924 1492 1970 1518 27,
1985 1494 1995 1512 1
2018 1495 2045 1512 m
2066 1488 2124 1514 MS.
2148 1488 2235 1523 (ioelii,

1178 1521 1228 1552 pro
1242 1516 1370 1550 equinum
1387 1525 1476 1555 pecus.¹

1132 955 1170 974 20

1135 1314 1167 1339 30

1230 1557 1246 1576 E
1256 1557 1304 1589 ἣν
1316 1558 1325 1576 1
1334 1558 1356 1577 T
1364 1559 1373 1577 1
1383 1558 1404 1576 V
1414 1558 1427 1577 s
1435 1570 1441 1581 ,
1469 1558 1486 1577 1.
1514 1560 1557 1577 m.·
1588 1551 1620 1577 Co
1640 1561 1722 1577 nomen
1731 1551 1852 1585 familiae
1862 1554 1996 1589 Romanae,
2009 1557 2040 1583 ab
2052 1561 2139 1593 equino
2147 1566 2234 1595 pecore

1182 1584 1322 1611 deduHum.
1365 1586 1424 1611 Vid.
1439 1587 1515 1613 Varr.
1531 1586 1563 1612 de
1576 1586 1608 1612 R.
1648 1607 1654 1612 .
1667 1594 1691 1616 2,
1706 1595 1724 1618 1,
1740 1596 1776 1613 10.

1221 1625 1238 1645 Ε
1249 1627 1298 1657 Qv
1309 1627 1317 1646 1
1327 1627 1348 1646 T
1358 1628 1367 1646 1
1377 1628 1395 1647 A
1408 1628 1426 1647 R
1436 1629 1445 1647 1
1455 1628 1475 1646 v
1486 1629 1498 1647 s
1507 1641 1514 1652 ‚
1539 1621 1557 1647 i.
1586 1630 1620 1648 m.
1658 1624 1755 1661 Equmj
1773 1620 1865 1653 custos,
1883 1624 2088 1662 yelpraeffflm.
2124 1629 2235 1658 Fit-mic.

1123 1669 1160 1694 40
1184 1660 1205 1686 8,
1223 1664 1246 1687 13
1267 1657 1401 1682 Centauro
1414 1657 1517 1683 oriente
1528 1656 1576 1690 qui
1589 1663 1663 1682 natus
1675 1657 1771 1697 fuerit,
1792 1663 1837 1682 aut
1851 1664 1903 1683 erit
1917 1660 2008 1693 auriga
2017 1679 2024 1691 ,
2048 1668 2092 1689 aut
2101 1671 2234 1697 equorum

1182 1691 1300 1717 nutritor
1314 1698 1339 1717 et
1351 1692 1452 1721 cultor,
1470 1691 1512 1717 vel
1527 1699 1619 1716 eorum
1627 1697 1787 1717 exercitator
1796 1711 1802 1721 ,
1822 1698 1867 1717 aut
1879 1693 2086 1729 mulomedicus,
2107 1699 2150 1725 vel
2158 1701 2233 1735 equi-

1181 1725 1284 1751 tiarius.
1320 1726 1400 1752 Glofl'.
1415 1727 1472 1752 Lat.
1488 1727 1533 1752 Gr.
1554 1726 1731 1759 Equitiarius,
1751 1726 1892 1758 ἱπποκόμος.

1218 1766 1233 1784 Ε
1243 1766 1291 1797 (ὲν
1302 1767 1322 1785 v
1330 1768 1346 1786 L
1355 1767 1372 1787 E
1380 1767 1401 1785 V
1410 1768 1422 1786 s
1431 1780 1437 1791 ‚
1459 1762 1477 1786 i.
1498 1770 1533 1786 m.
1571 1760 1673 1786 Dimin.
1710 1761 1824 1794 [mvnvs]
1852 1762 1948 1801 “Pullus
1961 1769 2062 1800 equinus
2076 1775 2100 1794 et
2114 1771 2231 1799 nouellur.

1181 1792 1255 1819 Non.
1269 1802 1293 1824 2,
1308 1799 1355 1827 284
1375 1804 1403 1820 ex
1414 1795 1473 1822 Cic.
1487 1795 1645 1826 Hortensio,
1667 1797 1701 1822 Vt
1715 1797 1783 1822 same
1796 1796 1952 1825 debilitetur
1964 1802 2138 1835 equuleorum
2151 1807 2233 1834 nimis

1149 1842 1161 1850 ··
1178 1827 1303 1853 effrenata
1323 1829 1372 1854 vis.
1443 1831 1474 1856 In
1500 1830 1541 1856 his
1555 1831 1688 1864 equitabit
1701 1832 1821 1866 equuleis
1842 1833 1897 1859 Cic.
1913 1835 1988 1861 Verr.
2002 1846 2029 1870 4,
2042 1846 2074 1871 43
2089 1847 2161 1866 c.20.
2186 1844 2230 1869 In-

1179 1863 1273 1898 telligit
1285 1872 1346 1898 quos
1358 1863 1427 1890 modo
1442 1865 1556 1897 dixerat,
1576 1867 1708 1900 Equuleos
1720 1875 1856 1901 argenteos
1869 1868 1982 1896 nobiles.
2090 1874 2230 1910 Liu.23,31

1178 1897 1229 1924 Bos
1244 1899 1387 1932 equuleum
1402 1901 1513 1935 peperit.
1560 1902 1730 1936 Exagitantur
1744 1903 1814 1928 136111
1828 1911 1900 1929 110110
1913 1905 2020 1938 equulei
2034 1908 2112 1936 freno
2128 1912 2230 1941 11116610

1177 1933 1234 1959 Cic.
1267 1935 1349 1960 Tusc.
1385 1943 1398 1967 3
1407 1955 1415 1967 ,
1442 1938 1477 1970 67
1503 1945 1525 1961 c.
1553 1942 1592 1966 28.
1623 1946 1651 1963 ex
1678 1938 1806 1973 Euripide.
1883 1940 2013 1968 Tormenti
2040 1953 2127 1980 genus.
2168 1949 2228 1976 Vid.

1177 1975 1193 1994 Ε
1201 1975 1217 1995 C
1228 1976 1248 1995 v
1256 1976 1272 1995 L
1282 1976 1298 1995 Ε
1308 1976 1328 1994 ν
1339 1976 1361 1995 s.

1213 2011 1229 2030 E
1239 2011 1372 2040 QVVLV
1383 2012 1395 2031 S
1405 2024 1412 2035 ,
1432 2005 1452 2031 ἦ,
1485 2015 1520 2032 m,
1558 2004 1708 2041 [ἱππ-οἶμον]
1747 2009 1844 2034 Paruus
1862 2017 1946 2045 equus.
1985 2012 2041 2039 Cic.
2057 2014 2089 2040 de
2102 2016 2137 2042 N.
2154 2018 2186 2044 D.
2200 2027 2227 2052 2,

1177 2044 1205 2071 38
1220 2048 1241 2065 c.
1260 2048 1290 2072 14
1309 2040 1406 2067 Omnia
1419 2040 1446 2066 in
1460 2041 1585 2075 perfetffis
1600 2048 1626 2067 et
1642 2043 1752 2068 maturis
1767 2043 1843 2069 docet
1859 2046 1906 2071 effe
1919 2046 2046 2081 meliora,
2067 2056 2096 2076 vt
2116 2052 2144 2078 in
2158 2062 2228 2088 equo

1177 2084 1258 2110 quam
1272 2076 1300 2100 in
1313 2076 1427 2110 equulo,
1448 2077 1476 2102 in
1491 2086 1553 2103 cane
1568 2086 1648 2111 quam
1662 2078 1690 2103 111
1703 2078 1805 2111 catulo,
1826 2079 1854 2105 in
1869 2082 1930 2107 viro
1944 2091 2022 2116 quam
2036 2085 2064 2110 in
2079 2095 2170 2120 puero.

1213 2117 1289 2147 ,μὲν
1299 2109 1319 2136 xi
1330 2117 1390 2143 LA,
1410 2120 1449 2137 ae.
1471 2112 1490 2139 f,
1528 2111 1674 2146 [im-olym]
1711 2114 1794 2139 Parua
1807 2124 1875 2150 equa.
1917 2118 2000 2144 Varro
2018 2122 2086 2154 apud
2103 2123 2226 2153 Nonium

1176 2153 1203 2177 2,
1215 2154 1267 2178 290
1287 2146 1378 2172 Nemo
1393 2146 1428 2172 est
1442 2152 1494 2173 tam
1510 2148 1662 2182 negligens,
1681 2149 1729 2182 qui
1743 2150 1843 2176 summa
1857 2151 1996 2186 diligentia
2016 2156 2096 2190 eligat
2116 2159 2226 2194 alinum,

1126 2191 1154 2218 55
1176 2181 1224 2215 qui
1238 2182 1310 2207 suam
1325 2182 1399 2208 saliat
1412 2183 1547 2216 equulam.
1584 2183 1707 2217 Equilam
1721 2186 1802 2212 Merc.
1837 2186 1920 2215 Plaut.
1934 2189 1998 2218 cist.
2009 2199 2038 2225 4,
2047 2200 2068 2226 2,
2077 2198 2106 2224 88
2125 2195 2227 2225 Adhin.

1174 2216 1235 2244 nire
1247 2217 1380 2252 equulam.
1420 2218 1478 2245 Vni.
1496 2219 1600 2245 Taubm.
1611 2226 1641 2255 p.
1655 2223 1715 2254 466.
1866 2236 1868 2245 1

1122 2016 1155 2043 50

1210 2364 1227 2385 Ε
1235 2365 1284 2385 RA
1294 2364 1313 2385 D
1321 2361 1354 2387 ic
1364 2367 1383 2387 o
1391 2380 1399 2393 ,
1420 2364 1473 2387 are.
1498 2360 1621 2396 [ἒκρίζω]
1657 2362 1762 2389 Euellere
1774 2372 1829 2390 cum
1842 2364 1902 2400 ipsis
1914 2367 2048 2397 radicibus.
2085 2372 2134 2400 Sed
2144 2374 2225 2403 adhuc

1172 2403 1220 2420 uon
1227 2394 1274 2428 nist
1281 2397 1443 2431 metaphorice
1451 2397 1557 2432 positum
1565 2401 1692 2425 annotaui.
1717 2399 1775 2425 Vid.
1784 2406 1864 2427 earnm
1873 2412 1928 2428 mox
1946 2411 1962 2430 E
1971 2412 1989 2431 R
1998 2413 2016 2430 Λ
2031 2413 2048 2432 D
2059 2414 2068 2433 1
2077 2414 2093 2434 C
2102 2416 2123 2435 A
2136 2416 2157 2436 T
2169 2418 2188 2436 V
2198 2418 2222 2438 S.

1173 2430 1243 2456 Ter.
1258 2430 1339 2457 Andr.
1355 2440 1381 2464 4,
1395 2440 1418 2464 5,
1432 2440 1458 2458 22
1480 2431 1513 2458 Di
1531 2438 1556 2459 te
1572 2433 1721 2466 eradicent,
1743 2435 1778 2461 ita
1790 2445 1833 2461 me
1848 2437 1969 2465 miseram
1984 2442 2097 2469 territas.
2146 2445 2221 2473 Idem

1172 2466 1268 2492 Heaut.
1281 2474 1304 2498 3,
1319 2473 1341 2499 3,
1356 2472 1395 2497 28.
1463 2467 1603 2496 Eradicare
1618 2478 1692 2495 aures
1705 2469 1822 2503 alterius,
1827 2479 1875 2505 pro
1883 2474 2023 2500 Obtundere
2035 2479 2160 2505 narrando
2174 2483 2222 2507 ali.

1171 2501 1241 2536 quid.
1298 2502 1378 2529 Plaut.
1393 2502 1468 2537 Epid.
1483 2513 1504 2536 3,
1520 2513 1542 2536 3,
1557 2513 1586 2538 52
1616 2505 1711 2538 Pugnis
1724 2507 1902 2532 memorandis
1915 2510 1981 2534 meis
1995 2511 2160 2540 eradicabam
2173 2515 2221 2542 ho.

1121 2543 1153 2576 65
1171 2537 1276 2563 minum
1309 2547 1385 2564 aures
1395 2558 1404 2570 ,
1427 2539 1533 2573 quando
1563 2548 1744 2573 occoeperam.
1818 2542 1892 2577 Conl-
1919 2543 1987 2571 Rud.
2012 2553 2040 2578 5⁷,
2060 2556 2076 2573 2
2085 2567 2094 2580 ,
2120 2558 2160 2583 59,
2195 2558 2220 2578 et

1171 2573 1231 2598 Aul.
1248 2581 1274 2604 2,
1286 2582 1314 2605 4,
1329 2582 1353 2599 21
1369 2582 1414 2599 etc.

1207 2614 1281 2633 ΗΚΛ
1294 2613 1492 2640 DmATvs,
1514 2609 1555 2634 vel
1572 2615 1873 2643 EXRADmATvs,
1893 2621 1916 2644 a,
1935 2622 1990 2640 um.
2011 2615 2105 2647 Partic.
2141 2621 2218 2650 Van,

1169 2642 1200 2668 R.
1211 2643 1240 2667 R.
1255 2650 1275 2672 1,
1291 2650 1335 2676 27,
1348 2651 1369 2668 2.
1379 2646 1492 2677 proprie.

1206 2683 1222 2702 E
1231 2683 1250 2702 R
1259 2683 1307 2703 AD
1317 2685 1325 2702 1
1337 2683 1354 2703 c
1366 2684 1387 2703 A
1398 2684 1418 2703 T
1429 2685 1438 2704 1
1449 2684 1484 2710 0,
1504 2678 1571 2704 onis.
1592 2678 1612 2704 f.
1646 2679 1766 2706 Tei-tull.
1780 2680 1812 2706 de
1825 2681 1882 2707 Res.
1896 2682 1973 2710 Carn.
1987 2694 2009 2711 c.
2022 2693 2061 2720 27.

1205 2718 1221 2737 Ε
1232 2718 1250 2737 R
1260 2718 1283 2737 A
1293 2719 1311 2738 D
1320 2720 1329 2737 1
1339 2718 1355 2738 C
1365 2719 1373 2737 1
1385 2719 1406 2738 'r
1417 2718 1435 2737 v
1446 2720 1467 2739 s.
1504 2714 1572 2739 Adu.
1609 2714 1750 2741 Malefaela
1764 2717 1880 2750 reperire
1892 2727 1946 2745 non
1959 2721 2086 2749 radicitus
2096 2724 2216 2761 quidem,

1168 2755 1264 2773 verum
1278 2748 1357 2773 etiam
1373 2748 1514 2774 eradicitus
1533 2749 1616 2775 Plaut.
1632 2750 1709 2776 Most.
1724 2759 1746 2783 5,
1761 2759 1782 2783 1,
1797 2754 1820 2777 6.

1205 2789 1221 2808 E
1230 2789 1248 2808 R
1257 2783 1279 2808 Ᾱ
1288 2789 1307 2808 D
1317 2789 1335 2809 o
1344 2801 1352 2814 ‚
1373 2783 1390 2808 fi
1400 2803 1408 2815 ,
1428 2783 1484 2809 sum
1493 2803 1499 2814 ‚
1520 2785 1574 2810 ere.
1610 2784 1750 2820 [οἰποζόω]
1785 2787 1901 2815 Rodendo
1923 2790 2024 2825 auferre
2043 2796 2084 2820 vel
2101 2799 2214 2825 eximere.

1167 2817 1297 2843 Laudatur
1309 2818 1441 2844 Columel.
1455 2827 1477 2851 3,
1515 2839 1521 2845 .
1558 2839 1565 2845 .
1602 2820 1690 2847 Postea
1704 2822 1820 2849 surculos
1832 2843 1840 2855 ‚
1861 2833 1928 2858 quos
1942 2827 2056 2855 inserere
2071 2831 2144 2858 voles
2159 2842 2215 2860 era.

1168 2852 1226 2878 dito
1240 2859 1292 2878 tam
1307 2853 1366 2884 alte.
1374 2863 1454 2888 quam
1471 2863 1583 2880 cuneum
1600 2855 1734 2883 demisisti.
1772 2859 1819 2885 Sed
1832 2860 1898 2886 nihii
1909 2864 1936 2886 in
1952 2872 1976 2888 eo
1988 2865 2051 2890 libro
2064 2869 2122 2893 mle.
2176 2870 2215 2896 Si-

1118 2895 1149 2923 75
1167 2889 1238 2914 milia
1251 2896 1272 2921 5,
1288 2897 1320 2921 11,
1333 2899 1361 2922 4.
1432 2890 1576 2917 Medullam
1591 2900 1698 2918 omnem
1712 2893 1815 2921 eradito
1832 2895 1905 2921 Idem
1921 2896 1953 2924 de
1966 2899 2031 2926 Arb.
2045 2910 2066 2927 e.
2080 2910 2137 2934 9,3.
2173 2905 2212 2931 ld.

1167 2934 1196 2957 4,
1209 2931 1253 2956 24,
1267 2927 1297 2950 26
1317 2925 1422 2951 Muscus
1435 2926 1508 2952 ferro
1521 2925 1665 2953 eradendus
1680 2928 1725 2955 est.
1792 2930 1850 2956 Sen.
1864 2932 1942 2966 Epist.
1955 2942 1978 2960 11
2005 2935 2117 2964 Eradere
2136 2940 2212 2967 vitia,

1166 2960 1257 2986 Tacit.
1273 2961 1340 2986 Arm.
1353 2970 1380 2993 4,
1393 2969 1428 2993 42
1447 2962 1541 2988 Caesar
1554 2962 1680 2996 Apidium
1693 2965 1840 2998 Merulam,
1854 2967 1926 3002 quod
1942 2969 1970 2995 in
1983 2970 2040 2997 aeta
2053 2972 2109 2998 diui
2124 2974 2213 3009 Augu-

1167 2995 1198 3021 sti
1211 3004 1265 3021 non
1278 2996 1427 3026 iurauerat,
1445 2996 1506 3024 albo
1521 2998 1660 3025 Senatorio
1671 2999 1755 3027 erasit.
1831 3003 1966 3031 Eradenda
1988 3007 2116 3035 elementa
2134 3011 2212 3044 praui

1166 3030 1298 3065 cupidinis
1316 3032 1383 3058 Hor.
1397 3033 1484 3058 Carni.
1500 3041 1522 3064 3,
1535 3041 1579 3066 24,
1594 3042 1628 3066 51.

1202 3073 1218 3092 E
1228 3068 1278 3093 ΚᾸ
1288 3074 1300 3094 s
1310 3073 1367 3099 VS,
1389 3076 1417 3100 a,
1440 3077 1493 3094 um.
1514 3070 1607 3095 Partic.
1645 3071 1837 3107 [ἔξαλειφθεῐς]
1874 3072 1938 3099 Ρ1111.
1953 3074 1980 3099 in
1995 3075 2085 3110 Paneg.
2100 3087 2121 3104 c.
2136 3086 2183 3111 25,
2196 3088 2209 3112 3

1165 3102 1262 3128 Datum
1270 3102 1305 3128 est
1320 3103 1362 3133 iis,
1376 3104 1422 3137 qui
1436 3104 1493 3138 post
1505 3104 1623 3131 edietum
1638 3112 1712 3133 tuum
1727 3108 1754 3132 in
1770 3107 1856 3133 locum
1877 3110 2011 3135 erasorum
2033 3112 2131 3140 subditi
2152 3116 2209 3141 suc-

1164 3144 1232 3164 rant.
1289 3138 1444 3172 Erasorum,
1465 3143 1482 3166 i.
1498 3141 1638 3167 Deletornm
1652 3151 1662 3167 e
1675 3151 1770 3169 numero
1785 3152 1874 3173 eorum,
1882 3147 1926 3179 qui
1938 3147 2090 3181 accipiebant
2108 3153 2209 3185 congia-

1163 3176 1236 3199 rium.
1307 3174 1425 3208 Propert.
1439 3184 1466 3208 4,
1480 3181 1503 3208 8,
1517 3178 1548 3202 26
1567 3177 1623 3210 Qui
1639 3176 1710 3204 dabit
1724 3178 1875 3205 immundae
1889 3181 1990 3207 venalia
2008 3182 2075 3209 farta
2095 3185 2208 3219 saginae,

1164 3209 1259 3234 Vincet
1271 3208 1319 3235 vbi
1332 3211 1415 3236 erasas
1428 3210 1509 3238 barba
1521 3212 1642 3246 pudenda
1655 3222 1741 3248 genas.
1849 3215 1952 3242 Timor
1971 3219 2056 3244 erasus
2069 3227 2100 3245 ex
2115 3221 2206 3249 animo

1115 3246 1144 3276 85
1165 3244 1222 3270 Sen.
1237 3243 1347 3276 Thyest.
1364 3254 1417 3281 517.

1200 3287 1217 3307 E
1227 3287 1274 3306 ΕΑ
1284 3287 1305 3306 Ν
1314 3288 1335 3307 A
1344 3301 1351 3312 ,
1367 3290 1404 3308 ae.
1425 3281 1444 3307 f.
1481 3282 1605 3318 Oppidum
1620 3286 1647 3309 in
1665 3285 1762 3311 Amano
1776 3294 1790 3311 a
1804 3285 1917 3312 Cicerone
1929 3294 2034 3321 captum,
2069 3289 2205 3319 Cic.Fam‚

1164 3323 1199 3349 15,
1212 3325 1231 3349 4
1249 3316 1360 3343 Eranam
1373 3324 1460 3343 autem
1473 3327 1540 3353 quae
1554 3319 1606 3345 fuit
1619 3328 1671 3345 non
1686 3320 1738 3346 vici
1752 3321 1847 3352 instar,
1868 3322 1911 3348 sed
1924 3323 2012 3355 vrbis,
2031 3330 2077 3350 etc.

1202 3357 1218 3377 E
1230 3350 1280 3378 RA‘.
1293 3359 1381 3385 NOS,
1400 3353 1419 3379 i.
1445 3362 1480 3379 m.
1515 3354 1617 3380 Collatia
1634 3359 1740 3390 priuata
1763 3357 1797 3382 ad
1830 3357 1985 3383 iableuandum
2006 3362 2119 3387 amicum.
2155 3363 2206 3389 Res

1162 3387 1258 3414 Graeca
1272 3394 1296 3413 et
1307 3397 1399 3417 nomen.
1442 3389 1576 3416 Tribuitur
1587 3400 1602 3415 α
1615 3394 1682 3417 viris
1693 3390 1774 3418 doflis
1824 3392 1856 3419 ic.
1869 3393 1922 3418 Att.
1936 3401 1973 3424 12,
1986 3400 2000 3425 5
2013 3403 2036 3427 p.
2045 3403 2092 3428 291
2116 3397 2204 3425 Graeu.

1113 3433 1148 3458 90
1167 3423 1225 3449 Vid.
1241 3423 1374 3458 Cafizzcbon.
1389 3424 1423 3450 ad
1440 3424 1564 3460 Theophr.
1572 3425 1645 3452 Char.
1661 3434 1686 3459 15
1699 3436 1722 3461 p.
1740 3433 1782 3456 180
1790 3428 1848 3463 Jqu.

1201 3464 1217 3484 Ε
1228 3465 1246 3484 R
1255 3466 1275 3485 A
1287 3466 1308 3485 N
1318 3466 1366 3486 ΤΗ
1377 3466 1393 3486 E
1403 3467 1427 3486 M
1437 3467 1456 3486 0
1468 3467 1490 3486 Ν
1500 3481 1508 3493 ,
1527 3461 1545 3487 1.
1570 3470 1596 3487 11.
1618 3462 1784 3497 [ἐράνθεμον]
1806 3464 1890 3489 Vnum
1904 3470 1935 3488 ex
1948 3464 2102 3493 nominibus
2113 3468 2204 3495 anthe-

1161 3493 1199 3520 mi
1213 3493 1310 3520 herbae
1325 3505 1330 3520 :
1366 3495 1398 3521 sic
1413 3495 1528 3527 dietum,
1548 3497 1619 3531 quod
1634 3507 1695 3524 vere
1708 3499 1800 3523 floreat
1818 3497 1882 3523 Plin.
1897 3506 1933 3528 22,
1947 3507 1984 3525 21.

1200 3535 1216 3555 Β
1227 3536 1245 3555 R
1254 3536 1276 3556 A
1285 3537 1297 3556 S
1309 3532 1321 3556 i
1330 3538 1351 3556 N
1361 3538 1381 3557 V
1391 3538 1403 3557 s
1412 3551 1420 3563 ,
1441 3532 1459 3557 i.
1485 3540 1519 3558 m.
1556 3532 1708 3568 [Ἐρασῖνος]
1742 3533 1855 3558 Achaiae
1868 3533 1981 3566 fluuius,
2000 3535 2028 3561 in
2042 3536 2097 3563 sinu
2118 3538 2202 3572 Argo.

1161 3564 1231 3595 licO,
1253 3573 1281 3591 vt
1289 3566 1382 3601 scribit
1396 3567 1465 3593 Mela
1477 3575 1502 3600 2,
1518 3576 1539 3599 3,
1553 3574 1589 3600 85.
1658 3569 1681 3593 Is
1696 3575 1775 3594 terras
1791 3567 1873 3598 subit,
1893 3570 2052 3605 rursumque
2064 3572 2202 3601 redditur:

1108 3608 1140 3634 95
1162 3600 1224 3626 sicut
1237 3601 1267 3626 in
1280 3601 1337 3628 Alia
1352 3602 1448 3634 Lycus,
1470 3603 1497 3628 in
1511 3604 1701 3636 Mesopotamia
1712 3603 1807 3636 Tigris
1844 3603 1910 3630 Plin.
1931 3613 1957 3636 2,
1972 3614 2023 3638 103.
2119 3609 2201 3636 Ouid.

1161 3636 1225 3661 Met.
1242 3644 1275 3668 15,
1293 3640 1341 3671 276
1372 3637 1502 3664 Redditur
1521 3638 1650 3672 Argolicis
1671 3639 1761 3671 ingens
1781 3638 1898 3665 Erasinus
1911 3640 1939 3666 in
1953 3642 2030 3675 agris.
2139 3646 2201 3672 Stat.

1161 3669 1253 3697 Theb.
1268 3680 1286 3702 1,
1302 3680 1348 3706 357
1368 3673 1475 3699 Gelidas
1490 3675 1593 3708 surgens
1607 3672 1722 3699 Eratinus
1735 3673 1766 3699 ad
1786 3674 1889 3701 Ardlos.

1195 3713 1212 3732 E
1221 3713 1239 3732 R
1249 3713 1269 3733 Α
1280 3714 1292 3733 S
1302 3715 1331 3734 IS
1340 3715 1360 3734 T
1369 3715 1386 3734 R
1396 3707 1445 3735 ᾹΤ
1456 3716 1475 3734 V
1484 3717 1496 3736 S
1505 3729 1513 3741 ‚
1535 3711 1551 3735 i.
1573 3718 1607 3734 m.
1643 3708 1844 3744 [Ἐρασίςρατος]
1880 3711 1994 3738 Medicus
2002 3716 2106 3740 eximius
2118 3714 2201 3750 exfa-

1160 3743 1230 3767 milia
1241 3741 1387 3775 Arfflotelis
1398 3752 1489 3776 natur,
1509 3747 1535 3769 in
1549 3752 1616 3778 quem
1623 3743 1724 3778 saepius
1736 3746 1863 3773 inuehitur
1877 3747 1990 3775 Galenus.
2025 3750 2143 3776 Meminit
2156 3751 2199 3777 hu-

1126 2365 1161 2391 60

1116 2722 1151 2749 70

1110 3070 1141 3095 80

28 3782 30 3785 ,
57 3755 124 3788 pilos
138 3758 234 3785 vellere
252 3760 319 3786 Hor.
334 3760 410 3794 Epist.
419 3770 440 3792 2,
450 3769 467 3791 1,
475 3770 507 3794 45
525 3763 633 3800 dicitur,
653 3772 696 3804 qui
703 3770 783 3805 sorite
800 3771 842 3798 illo
861 3773 1031 3807 inexplicabili
1043 3776 1148 3802 uti-100
1161 3780 1200 3803 ius
1213 3780 1300 3804 multis
1311 3782 1338 3805 in
1352 3781 1413 3806 locis
1427 3780 1534 3806 Plinius.
1555 3787 1612 3814 ing.
1626 3785 1667 3811 23,
1683 3786 1715 3812 15.

1195 3819 1341 3845 ERATO,
1371 3814 1409 3841 sis.
1435 3816 1454 3841 f.
1490 3813 1619 3848 Musarum
1639 3823 1704 3847 una,
1725 3824 1796 3851 quam
1821 3816 1872 3843 οἷπᾶ
1892 3818 1926 3843 τί
1944 3820 2039 3853 ἔρωτος,
2076 3820 2101 3846 h.
2116 3829 2136 3846 e.
2157 3820 2199 3846 Ab

1158 3857 1334 3875 amorenomen
1348 3850 1434 3876 habere
1454 3851 1555 3874 intumit
1594 3849 1674 3876 Ouid.
1695 3851 1726 3877 de
1747 3853 1809 3878 Arte
1823 3853 1881 3879 Am.
1894 3862 1919 3883 2,
1933 3856 1961 3880 16
1988 3854 2066 3880 Nunc
2087 3855 2155 3881 mihi
2179 3854 2197 3881 fi

1158 3884 1279 3918 quando,
1299 3886 1379 3916 Puer,
1399 3891 1424 3911 et
1450 3884 1580 3915 Cytherea
1607 3885 1715 3912 fauete:
1751 3887 1828 3914 Nunc
1849 3889 1948 3915 Erato:
1979 3898 2040 3914 nam
2059 3895 2087 3915 tu
2100 3898 2197 3916 nomen

1157 3920 1256 3945 amoris
1282 3919 1369 3946 habes.
1413 3919 1499 3945 Eadem
1525 3920 1553 3946 de
1572 3922 1643 3957 causti
1663 3922 1730 3948 illam
1751 3926 1777 3949 in
1799 3927 1872 3950 tertio
1891 3922 2079 3959 Argonauticdn
2098 3928 2198 3950 inuocat

1008 3952 1089 3978 Ouid·
1102 3965 1146 3991 ¹05
1156 3954 1309 3990 Apollonius.
1346 3955 1450 3982 Diodor.
1464 3964 1521 3980 vero
1531 3966 1555 3990 5,
1569 3966 1580 3983 1
1605 3956 1634 3983 id
1645 3959 1752 3984 nominis
1760 3959 1879 3993 sortitam
1890 3959 1968 3986 Erato
1981 3962 2034 3991 ait,
2054 3959 2118 3994 quod
2129 3958 2198 3986 dotti

1459 3990 1482 4016 D
1497 3990 1536 4017 dd
2120 3995 2196 4023 hvmi-
