2479 4225
114 144 150 179 η,
467 125 740 166 DEA
1622 125 1904 167 DEB
2191 144 2233 181 14

111 217 154 244 vel
169 214 270 243 soluere
281 223 399 251 quaeque
411 214 527 241 vicissim.
586 215 615 240 Et
632 222 655 246 ις
680 215 737 240 Hos
757 211 848 250 versus
863 209 912 236 feci
935 208 1023 236 subito
1042 208 1073 234 de
1085 216 1139 235 cai·-
1231 216 1311 249 *nEA
1321 216 1334 235 s
1345 215 1360 235 c
1373 210 1412 248 1Ᾱ
1423 216 1444 236 ’1-
1455 218 1475 237 ν
1485 218 1512 242 s,
1535 219 1569 242 a‚.
1588 221 1641 239 um.
1683 214 1775 241 Partic.
1812 215 1933 243 Prudent.
1952 218 2027 245 Rom.
2050 220 2097 248 381.
2168 218 2232 244 Dea.

111 253 190 278 mine.
226 252 336 282 Similia,
357 254 382 277 in
399 251 483 276 ficibus
495 250 564 285 solus
575 250 706 276 Ablstiuus
718 249 776 274 aliis
786 244 898 281 fiifficit,
918 245 986 271 dedit
999 246 1083 270 Heum.
1106 243 1139 270 ad
1202 245 1282 271 sciato
1301 244 1441 278 supplicare
1455 246 1545 280 stipiti.

111 297 138 313 υ.
153 295 189 318 12,
206 289 232 312 in
247 287 332 322 quibus
344 286 386 312 illu
416 285 534 311 Tei-tull.
545 285 620 319 Apol.
635 294 657 311 ii
679 283 800 316 Aliquem
814 281 846 307 de
860 281 884 306 sa
906 281 985 320 ieiitia
999 280 1139 310 Socratem,
1240 288 1257 306 D
1267 287 1340 306 EAv
1353 285 1371 305 R
1383 286 1470 310 O‚{‹re.
1507 284 1634 310 lnam-arr.
1672 284 1750 311 Glon‘.
1760 285 1806 311 Gr.
1816 286 1870 312 Lat.
1886 288 1997 321 χρυσόω,
2019 289 2105 320 Auro,
2126 289 2233 320 [nauto.

114 323 146 348 de
154 319 257 348 'iustitia
264 320 415 353 Aristidem,
429 320 460 346 de
474 320 571 346 militia
584 316 798 348 Themistoclem,
817 316 849 342 de
860 316 887 341 su
909 316 1018 341 limitute
1031 315 1140 341 Alexan-
1204 315 1317 341 Deauro.
1353 315 1419 341 Cod.
1432 316 1538 343 Theod.
1552 318 1601 351 leg.
1616 327 1625 344 1
1645 318 1676 344 de
1695 320 1832 347 sabriccns.
1854 322 1976 348 Bucciilas
1996 331 2113 357 tegerent
2126 331 2233 358 argento

115 357 206 389 drum,
233 356 265 382 de
284 356 411 383 felicitate
430 355 605 387 Polycratem,
625 355 657 380 de
677 353 752 386 copia
769 352 895 377 Croesum
907 370 915 382 ,
940 351 971 376 de
988 350 1140 384 eloquentia
1163 365 1178 391 ς
1204 356 1230 375 ct
1251 350 1412 376 deaurarent.
1468 352 1628 379 Tertullian.
1650 354 1681 380 de
1696 355 1789 381 Idolol.
1808 366 1828 382 c.
1844 362 1856 387 8
1882 358 1974 384 Soccus
1994 366 2019 384 et
2037 359 2101 385 baxa
2112 359 2235 393 quotidie

114 391 325 419 Demosthenem.
395 392 459 424 Aug.
475 391 584 418 eonfess:
599 398 635 420 ιο,
650 395 676 419 32
698 388 794 420 Regem
808 386 925 412 nostruin
944 395 998 412 non
1011 386 1042 412 de
1055 394 1141 417 carne,
1204 385 1371 412 deaurantur.

114 427 157 455 sed
171 427 202 453 de
216 435 281 461 pane
296 427 344 453 else
358 433 492 453 tentatum.
547 427 620 460 Plura
633 422 721 449 Barth.
733 421 839 457 Aduers.
853 431 891 455 17,
912 431 947 455 ¹7·
975 428 998 460 ι’(
1015 421 1048 446 ad
1063 421 1141 446 Clau-
1240 427 1313 447 DEA
1325 420 1497 452 vuarvs,
1516 430 1529 448 a
1539 441 1547 453 ,
1566 432 1620 450 uni.
1657 424 1749 451 Pal-tic.
1787 426 1843 453 Sen.
1858 428 1902 461 Ep.
1918 430 1953 462 76
1972 428 2025 455 Cui
2042 428 2179 455 deauratus
2198 430 2234 456 cst

113 463 182 489 dian.
202 462 230 488 in
244 463 350 496 Eutrop.
364 470 380 488 2
405 462 486 496 praef.
500 469 535 494 25.
728 455 749 494 Ἴ
778 465 812 483 12
849 458 879 483 ln
898 458 1033 491 composaetis
1051 464 1142 497 quoque
1205 454 1314 482 balteus.
1351 457 1442 495 sse-Pit
1459 464 1546 498 45’„¹0.
1565 459 1595 484 In
1609 459 1703 486 vestitu
1721 461 1862 494 deaurato,
1880 470 1919 497 ap.
1934 465 2047 498 interpr.
2061 462 2137 497 Vulg.

113 500 211 524 variam
223 500 274 524 vim
286 498 357 523 habet
370 508 377 522 .·
401 496 544 533 absoluendi,
562 499 590 519 vt
604 491 740 524 Describe,
754 493 881 526 Depugno
895 502 903 522 ;
929 499 952 518 ct
965 495 1023 518 hinc
1035 491 1141 526 augendi
1240 498 1260 517 D
1270 499 1284 518 E
1293 498 1370 518 AVR
1379 498 1401 517 A
1411 499 1432 517 T
1441 498 1567 522 01³,oris.
1584 503 1618 519 m.
1655 496 1714 530 Leg.
1729 505 1738 522 i
1759 497 1825 522 Cod.
1838 497 1871 523 de
1884 500 1968 525 emus.
1982 500 2054 526 artis.
2068 498 2235 526 deauratores

107 533 134 570 s,
151 532 310 564 intrudendi,
335 538 364 557 vt
381 532 496 564 Deamo,
513 531 640 559 Decerto‚
661 527 760 554 Dedico
770 547 779 560 ,
800 526 924 558 Dete-elo,
944 526 1035 560 (valde
1055 525 1140 557 lecto)
1159 545 1188 563 10
1205 533 1378 554 memorantur.
1415 526 1492 553 Glosl'.
1505 528 1562 554 Vct.
1575 530 1710 564 χρυσωτοὲς,
1727 531 1910 559 Denuratores.

116 568 265 602 Delinquo,
288 567 425 599 Demiror,
449 564 606 593 Deosculor,
633 563 765 597 Deprecor
778 573 784 588 t
814 563 943 598 auferendi
961 569 983 588 ct
1001 561 1142 593 mtmoemli,

116 603 250 635 Defundo,
268 602 373 636 Depilo,
388 603 501 636 Deplco:
525 605 613 624 motum
629 598 657 623 cle
671 600 739 630 loco,
755 598 885 627 Destndo,
904 598 1007 628 Deliuo,
1021 597 1142 630 Depello,
1585 591 1613 620 D
1708 594 1734 623 F.
1830 595 1852 625 B

116 639 230 670 Desero,
249 637 396 670 Descendo,
413 635 552 670 Deprimm
570 634 697 660 Decem-eo
710 644 716 660 :
743 633 837 667 finem,
857 633 976 665 Detono,
1001 633 1143 673 Detumeo,
1242 639 1339 672 oizssA
1350 639 1368 659 c
1379 637 1397 658 c
1407 639 1427 659 u
1437 640 1483 660 OR
1493 653 1501 666 ,
1519 634 1587 668 aris,
1606 636 1654 662 ari.
1690 639 1824 673 [παραινῶ]
1859 641 1922 667 Prae
1936 640 2048 668 ebrietate
2060 639 2236 675 valdqsurm,

116 673 290 704 Deferucsw,
308 673 414 705 Dfflno,
434 670 570 703 Defflgro,
588 668 721 702 Depetio,
740 668 874 700 Detestor,
899 674 944 694 etc.
991 668 1049 693 Cum
1066 677 1144 693 nomi·
1176 701 1179 704 .
1204 668 1668 706 vtjtmulsurorisfiriisstgrzfflceezaer.
1722 674 1788 700 Ter.
1803 675 1912 708 Adelph
1927 684 1952 707 2,
1966 685 1985 709 ι,
1999 686 2029 709 30
2057 678 2083 703 Si
2104 677 2163 702 sati,
2182 677 2237 703 iam

114 708 186 735 nibus
198 711 303 740 minuit,
319 715 362 740 ut,
377 705 523 735 Deformis,
541 704 670 743 DePygiss
684 704 813 736 Demens,
831 710 876 730 ‘'fc-
999 738 1003 742 ⁴
1071 700 1091 740 q
1114 711 1142 736 ¹3
1160 717 1186 743 15
1205 703 1375 743 debacchatus
1387 712 1413 743 ΟΞ,
1430 706 1505 735 leno,
1522 706 1584 732 audi
1600 706 1616 732 si
1632 708 1671 733 vis
1684 717 1751 734 nunc
1766 710 1826 736 iam.
1848 712 1872 737 's.
1894 712 1981 744 Egone
1994 712 2165 738 debacchatus
2180 712 2198 738 si
2209 719 2237 739 m

115 745 155 770 De
166 753 196 769 αι·
210 744 244 769 Di
257 751 335 779 compo
347 743 433 770 iton-um
438 740 512 776 saepe
525 739 656 775 confundi,
675 739 784 775 obseruat
796 737 920 765 Drake’lb·
934 737 967 764 “d
980 737 1026 764 5¹¹·
1036 745 1074 776 17,
1086 740 1141 770 164-
1206 746 1235 765 ¹¹¹
1248 744 1272 764 te
1281 758 1289 770 ,
1308 747 1340 764 aii
1354 744 1382 764 tu
1396 748 1424 765 in
1436 747 1478 765 nie
1493 740 1502 765 ἒ
1553 741 1597 767 Ad
1607 745 1717 769 inanima
1730 749 1811 771 traxit
1829 747 1895 773 Hor.
1909 746 1959 773 Od.
1971 756 1994 780 3,
2006 756 2029 780 3,
2041 755 2069 780 55
2088 749 2148 780 Qia
2164 754 2238 780 parte

113 782 144 805 it.
161 778 280 805 Brouclsh,
299 745 347 805 adl
343 775 410 804 Tib.
422 784 443 808 1,
455 783 477 808 5,
490 783 535 808 40.
584 776 634 800 Vix
651 781 731 801 tutum
749 773 781 807 est
798 775 840 801 hic
857 776 885 799 in
897 774 971 800 MSS.
983 773 1141 808 praesidium.
1207 773 1398 800 debacchantur
1411 774 1493 808 igneS.

115 815 213 840 Certius
231 814 360 849 distr-imm
370 809 524 846 figur-'ficatio
532 809 650 844 praebet,
669 819 729 846 quae
745 810 773 836 di
782 808 907 846 pstulat,
924 815 1018 845 quoties
1032 808 1127 835 diullio
1135 827 1144 840 ,
1242 815 1262 835 D
1271 815 1286 834 E
1295 815 1310 835 B
1320 815 1393 849 AC·C
1402 816 1421 835 H
1430 817 1450 836 A
1460 817 1481 836 T
1492 816 1533 849 ro
1544 829 1554 842 ,
1590 811 1659 838 finis.
1693 813 1713 838 f.
1751 815 1868 840 Immanis
1884 816 2018 844 bacchatio.
2066 816 2179 844 Saluian.
2204 816 2237 842 de

115 849 273 884 dispersione
284 852 311 875 in
317 848 392 883 plura
403 847 480 872 locum
492 845 572 871 hahet.
1207 844 1317 878 gubern.
1331 844 1381 870 Dei
1396 851 1413 878 7
1432 845 1560 871 Feruidae
1577 845 1696 873 libidinis
1709 847 1909 876 debacchatione
1922 853 2064 885 graffantcs.

86 879 88 883 ’
152 891 171 910 D
180 892 195 911 E
204 892 282 916 A,ae.
295 883 315 909 f.
335 879 411 915 [θεαζ
423 880 497 915 θεὼ]
532 881 559 907 Α
572 880 656 906 Deus:
682 882 778 906 Dana
788 880 847 906 Abl.
864 879 974 906 Deabus.
1011 879 1069 905 Nee
1082 879 1143 905 deus
1157 893 1192 911 20
1241 886 1260 905 D
1269 886 1286 905 Ε
1297 885 1312 904 Β
1325 885 1345 905 A
1356 887 1368 905 S
1378 887 1387 906 1
1396 881 1471 907 ᾹΤΟ
1480 887 1509 912 R,
1516 881 1578 907 oris.
1600 891 1634 907 m.
1655 882 1719 908 Idem
1733 884 1796 918 quod
1806 884 1925 917 Brfiator.
1963 888 2069 921 Apulcii
2080 885 2123 920 effe
2133 886 2238 914 dicitnr.

115 919 184 947 hunc
197 919 290 951 mensa,
304 917 351 943 dea
367 925 414 942 nec
426 916 533 950 dignata
546 915 628 941 cubili
641 914 675 940 est
689 916 761 949 Virg.
773 915 825 941 Ecl.
840 924 867 948 4,
880 918 918 946 63.
963 915 1019 940 Cic.
1034 914 1065 941 de
1080 915 1142 941 Nat.
1245 921 1265 940 D
1274 921 1290 941 E
1299 921 1343 941 BA
1352 922 1442 942 SiAT
1451 923 1470 941 v
1480 923 1492 942 s
1502 937 1510 949 ,
1529 923 1554 948 a,
1571 926 1626 943 um.
1660 919 1737 952 Apud
1749 919 1854 945 eundem.

114 956 194 982 θεοῖ,
206 963 229 987 3,
242 955 277 988 47
297 957 350 981 c.18
371 951 452 985 Quod
467 952 484 977 fi
497 951 560 977 tales
574 950 613 977 dii
627 952 699 982 sunt,
733 965 778 970 -—
813 950 897 979 Natio
911 958 1017 984 quoque
1035 949 1081 976 dea
1095 960 1141 985 pu-
1243 956 1440 982 DEBATVO,
1460 953 1513 977 ere.
1550 953 1664 987 Pugnare
1681 955 1722 979 vcl
1733 957 1820 988 potius
1832 956 1967 990 pugnando
1977 955 2098 993 fiebigere.
2135 958 2239 984 Petron-

97 990 100 994 ’
116 991 192 1017 tanda
210 989 263 1016 est:
298 1002 343 1008 -—-
377 988 413 1013 Ea
424 986 441 1013 si
455 987 503 1013 dea
515 986 566 1018 est,
585 986 624 1012 dii
637 994 726 1012 onmes
739 986 797 1018 illi,
816 993 861 1012 etc.
934 985 1031 1019 Virgil.
1044 986 1106 1012 Aen.
1123 995 1144 1018 1,
1207 994 1229 1011 c.
1244 987 1278 1017 69
1301 984 1423 1011 Solebam
1442 986 1526 1020 ipsum
1539 995 1666 1014 amineam
1681 987 1829 1015 debatuere.
1867 990 2000 1025 obscenum
2017 993 2123 1018 vzdetur.

116 1031 160 1058 328
182 1025 237 1052 Nec
255 1031 308 1049 vox
328 1022 464 1049 hominem
478 1023 568 1054 sonat,
588 1022 612 1047 O
627 1021 673 1047 dea
690 1027 768 1047 certe.
839 1022 977 1055 Aequorea
996 1020 1043 1046 dea
1063 1021 1145 1048 Ouid.
1243 1026 1428 1053 DEBELLO,
1456 1025 1508 1047 sire.
1549 1023 1760 1056 [καταπολεμεῖν,
1779 1026 1991 1061 καταγωνίζειθκι]
2033 1028 2099 1053 Bello
2112 1027 2240 1061 srtpcrariss

115 1060 244 1096 Epist—19,
259 1060 311 1085 126.
383 1057 526 1085 Auxiliaris
541 1058 614 1083 Ideni
629 1057 692 1083 Met.
705 1065 731 1088 9,
744 1059 801 1089 698.
865 1057 970 1083 Celeres
985 1056 1047 1082 deae
1061 1056 1143 1083 Ouid.
1161 1066 1193 1093 25
1208 1061 1354 1091 expugnare.
1390 1055 1455 1082 Plin.
1469 1058 1495 1088 6,
1509 1064 1532 1088 13
1551 1057 1660 1084 Darium
1675 1058 1820 1085 Alexander
1835 1059 1984 1087 debellauit.
2027 1062 2121 1095 Virgil.
2133 1066 2199 1087 Aen.
2214 1066 2242 1094 6,

116 1097 179 1123 Met.
192 1102 217 1127 2,
231 1101 279 1126 119.
305 1095 324 1119 i.
341 1093 422 1120 borae.
500 1092 577 1119 Clara
588 1092 650 1124 dea,
667 1093 720 1118 Iris
739 1092 800 1118 Stat.
811 1091 902 1118 Theb.
918 1100 954 1122 10,
992 1111 999 1117 .
1037 1111 1045 1118 .
1097 1093 1144 1118 Fe·
1209 1095 1254 1123 852
1273 1092 1380 1117 Parcere
1394 1091 1533 1124 subieens,
1551 1098 1577 1118 et
1590 1092 1724 1120 debellare
1737 1094 1870 1128 superbos
1941 1097 2000 1123 Liu.
2015 1102 2038 1129 8,
2051 1100 2082 1129 36
2107 1096 2242 1124 Debellari

113 1131 201 1157 minea
220 1129 336 1163 Propert.
353 1138 388 1162 4,
407 1137 440 1161 9,
461 1136 490 1161 25
523 1126 556 1161 est
573 1128 646 1154 Bona
664 1128 734 1160 Dea,
764 1127 807 1153 vbi
823 1126 876 1153 vid.
981 1127 1061 1153 Flaua
1080 1127 1144 1159 dea,
1208 1135 1241 1152 eo
1252 1126 1296 1152 die
1309 1135 1368 1152 cum
1381 1126 1540 1153 Samnitibus
1553 1128 1670 1162 potuisse.

114 1166 184 1192 Ceres
202 1163 282 1190 Ouid.
299 1165 389 1190 Amor.
407 1172 435 1196 3,
452 1172 495 1195 10,
516 1171 556 1196 43.
628 1162 766 1196 Frugifera
783 1162 848 1194 dea,
865 1163 937 1188 Ceres
958 1162 1095 1189 Claudian.
1112 1162 1145 1188 de
1244 1168 1263 1189 1>
1273 1168 1289 1188 E
1299 1168 1314 1188 Β
1324 1167 1340 1186 E
1350 1168 1366 1186 L
1376 1168 1452 1188 LAT
1462 1169 1520 1194 vs,
1538 1171 1563 1195 a,
1579 1172 1632 1189 uin.
1668 1164 1761 1191 Partic.
1797 1165 1949 1192 Debellatus
1962 1167 1990 1193 vi
2005 1166 2085 1194 hostis
2099 1168 2157 1195 Liu.
2167 1173 2190 1201 8,
2204 1178 2242 1195 1ο.

114 1202 198 1234 Raptu
213 1199 328 1233 Proserp.
340 1208 366 1231 2,
380 1204 427 1231 138.
497 1198 580 1225 Idalia
593 1197 650 1230 dea,
669 1197 844 1225 Venus-<Ouid
857 1197 890 1223 de
903 1199 966 1224 Arte
979 1198 1037 1224 Ani.
1050 1207 1073 1231 3,
1089 1200 1144 1224 106.
1210 1196 1242 1223 Id
1260 1195 1293 1230 essi
1310 1195 1407 1224 Viam.
1442 1197 1585 1229 Tyrannus
1606 1198 1748 1226 debellatus
1766 1200 1857 1227 Claud.
1878 1202 1968 1236 Paneg.
1985 1211 2011 1236 7.
2082 1204 2167 1230 Prima
2187 1205 2244 1230 acie

113 1232 210 1262 P'allcns
232 1235 293 1267 dea,
312 1236 413 1261 Aurora
448 1234 511 1261 Stat.
525 1233 616 1260 Theb.
634 1236 666 1265 6,
685 1242 736 1266 393.
811 1233 960 1260 Pbaretrata
979 1233 1041 1264 dea,
1060 1235 1147 1260 Diana
1161 1246 1194 1270 30
1209 1232 1369 1258 debellatum
1383 1232 1419 1258 est
1432 1232 1491 1259 Liu.
1505 1240 1531 1268 7,
1543 1239 1584 1263 28.
1636 1235 1678 1261 Sic
1690 1239 1725 1266 38,
1739 1243 1770 1269 37
1790 1236 1870 1269 Qiod
1884 1246 1943 1264 cum
1955 1237 2088 1265 Antiocho
2104 1248 2156 1265 vno
2170 1249 2244 1273 prae.

114 1270 194 1298 Ouid.
214 1270 290 1304 Epist.
309 1279 358 1302 20,
375 1278 437 1304 204.
508 1270 628 1303 Princeps
646 1269 770 1302 dearum,
788 1271 848 1296 Iuno
874 1268 947 1295 Idem
968 1269 1032 1295 Fast.
1052 1270 1085 1300 6,
1103 1276 1144 1303 37.
1209 1267 1247 1294 lio
1261 1267 1422 1294 debellatum
1435 1269 1502 1294 esset.
1558 1269 1626 1294 Vell.
1640 1278 1664 1301 2,
1677 1274 1711 1302 84
1731 1270 1896 1298 Debellatuin
1909 1273 1978 1307 apud
1992 1274 2108 1300 aetium.
2161 1275 2245 1301 Velut

113 1307 197 1333 Rosea
217 1305 281 1338 dea,
302 1307 370 1331 Luna
390 1304 471 1331 Ouid.
486 1304 518 1330 de
529 1305 592 1331 Arte
604 1305 663 1331 Am.
677 1313 697 1336 3,
710 1309 752 1337 84.
828 1304 909 1330 Saeua
926 1303 1000 1330 Idem
1014 1304 1092 1338 Epist.
1105 1312 1145 1336 21,
1209 1303 1264 1330 iam
1277 1302 1424 1335 debellato,
1440 1303 1512 1338 quod
1525 1303 1556 1330 ad
1570 1303 1711 1338 Syphacem
1724 1305 2003 1343 Carthaginiensesque
2014 1309 2145 1336 attineret.
2183 1310 2243 1336 Liu.

116 1344 133 1368 6
154 1351 169 1366 :2
189 1343 225 1367 61.
296 1340 421 1374 Spicifera
435 1339 498 1372 dea,
517 1341 589 1367 Ceres
608 1340 665 1366 Seii.
681 1341 760 1366 Herc.
775 1340 835 1366 Oet.
850 1345 904 1372 598.
955 1340 987 1365 Et
1009 1339 1146 1374 spiciferae
1209 1347 1251 1371 30,
1266 1343 1284 1368 8
1300 1338 1373 1365 Idem
1388 1340 1431 1370 26,
1443 1347 1470 1365 21
1491 1339 1570 1372 Qiod
1584 1339 1632 1365 iiifi
1645 1346 1765 1366 manente
1783 1341 1810 1367 in
1823 1343 1960 1376 prouincia
1974 1343 2044 1371 bello
2059 1354 2112 1371 non
2125 1346 2246 1371 decerne-

114 1376 226 1404 concelsa
239 1375 300 1402 deae
321 1377 407 1403 Attica
423 1375 515 1408 mystas
533 1374 630 1402 claudit
643 1375 752 1402 Eleufin.
789 1380 791 1383 ’
821 1375 974 1402 Triformis
988 1374 1052 1407 dea,
1071 1375 1100 1400 id
1113 1372 1146 1407 gs}
1208 1380 1296 1405 retur,
1323 1382 1385 1400 eum
1407 1373 1477 1408 quafi
1502 1374 1634 1401 debellato
1655 1376 1835 1410 triumphare,
1860 1387 1919 1404 cum
1934 1380 2062 1406 exercitus
2085 1380 2171 1413 testis,
2198 1387 2245 1407 etc.

113 1413 233 1443 Hecates,
251 1421 312 1447 quac
331 1419 354 1437 ec
367 1413 437 1437 Luna
455 1418 477 1437 et
488 1413 588 1443 Diana,
605 1418 628 1437 et
641 1410 788 1446 Prostrpina
804 1410 916 1437 creditur
928 1409 971 1444 effi
989 1410 1070 1437 Ouid.
1081 1411 1146 1436 Met.
1162 1420 1192 1446 35·
1209 1410 1375 1447 Partg'fflpium
1388 1409 1493 1444 absolute
1500 1409 1606 1445 pcfitum
1613 1410 1783 1447 stibinteueeio
1796 1416 1892 1439 nomine
1912 1416 1951 1441 vel
1962 1419 2107 1450 pro-nomine
2118 1426 2128 1444 ,·
2154 1419 2183 1442 de
2199 1425 2246 1451 quo

112 1454 139 1482 7,
153 1454 259 1481 94.177.
330 1446 454 1473 Semoffit.
463 1448 512 1479 965
530 1447 646 1474 Tartara
658 1447 752 1478 testor,
768 1446 900 1481 Erebique
914 1447 991 1479 Deas,
1009 1445 1141 1472 Scelerum
1216 1444 1280 1477 Voſj.
1294 1446 1322 1470 de
1335 1442 1429 1477 Cmfir.
1447 1453 1470 1471 c.
1479 1455 1521 1479 49.

111 1483 227 1509 vlti·ices.
263 1481 331 1508 Adai.
346 1482 416 1510 Med.
429 1485 491 1516 967.
560 1483 633 1517 Saepe
644 1482 688 1508 hae
704 1491 774 1508 voces
792 1482 838 1508 Dii
856 1482 978 1516 Deaeque
990 1490 1080 1508 omnes
1092 1490 1147 1507 con-
1246 1487 1265 1507 D
1273 1487 1289 1506 E
1299 1486 1315 1506 B
1323 1487 1339 1506 E
1350 1487 1366 1505 L
1376 1486 1391 1505 L
1400 1487 1423 1506 A
1431 1487 1453 1506 N
1462 1487 1481 1506 D
1489 1487 1510 1505 V
1518 1487 1531 1507 s
1539 1499 1548 1512 ,
1558 1489 1583 1512 a,
1599 1490 1654 1507 um.
1685 1481 1778 1507 Partic.
1805 1483 2135 1519 [καταπολεμηέησόμενος]
2171 1488 2246 1521 Vlrg.

111 1516 195 1544 iuncte
206 1519 328 1553 leguntur.
369 1517 428 1544 Vid.
439 1519 556 1552 Propert.
570 1526 600 1550 3,
615 1526 655 1550 11,
667 1525 706 1551 41.
747 1517 843 1551 Virgil.
857 1518 954 1552 Georg.
970 1525 990 1549 1,
1005 1525 1042 1544 21.
1076 1517 1146 1543 Ter.
1212 1516 1276 1541 Aen.
1291 1523 1312 1547 5,
1326 1523 1376 1549 730
1400 1515 1468 1540 Gens
1483 1515 1561 1547 dura,
1580 1521 1659 1549 atque
1673 1517 1760 1549 aspera
1774 1517 1846 1542 cultu
1875 1518 2034 1547 Debellanda
2048 1521 2099 1547 tibi
2112 1521 2188 1546 Latio
2201 1523 2246 1547 est.

113 1553 219 1580 Phorm.
235 1563 263 1587 4,
276 1562 303 1586 4,
317 1555 342 1579 6.
366 1559 392 1579 et
409 1561 432 1586 5,
447 1561 472 1588 7,
486 1559 523 1586 38.
558 1553 631 1588 Conf.
645 1552 752 1586 Brifflm.
766 1552 882 1588 deform.
897 1562 908 1578 1
925 1559 954 1586 p.
966 1562 1007 1587 54.
1042 1551 1148 1577 Deabus
1249 1557 1368 1576 DEBEL
1378 1557 1393 1574 L
1403 1550 1958 1589 aroR,ariam.Verbalgeffimmywmn'x]
1968 1555 2198 1588 Cruentigurgitis
2206 1556 2249 1581 de-

113 1588 181 1615 dixis
198 1588 253 1617 Cic.
268 1596 316 1623 pro
330 1588 432 1615 Rabiro
449 1598 471 1614 c.
485 1597 498 1614 2
524 1587 567 1614 vln'
583 1587 740 1621 dilline‘lione
751 1588 827 1623 sexus
847 1594 906 1621 opus
924 1593 986 1613 erat.
1021 1587 1086 1612 alias
1099 1593 1148 1624 pujo
1159 1595 1196 1620 40
1210 1584 1324 1609 bellator
1342 1584 1404 1609 Stat·
1422 1582 1513 1610 Theb·
1530 1592 1564 1617 9,
1588 1592 1643 1617 545-
1714 1585 1810 1618 virgil.
1824 1585 1888 1612 Aen.
1907 1595 1938 1621 7,
1951 1590 2003 1621 651.
2040 1597 2064 1616 et
2082 1590 2247 1617 Tertulliani.

113 1624 190 1650 eodem
203 1625 337 1659 usin-patur
350 1627 492 1651 terminatio
504 1633 542 1649 ma
555 1624 640 1649 culini.
680 1624 710 1649 V.
724 1632 750 1658 g.
770 1623 855 1648 Varro
868 1623 899 1648 R.
913 1621 944 1647 R.
956 1629 984 1653 3,
1003 1623 1041 1652 16,
1053 1628 1071 1654 7
1097 1621 1147 1646 His
1211 1618 1288 1653 Apol.
1307 1627 1360 1652 cap.
1381 1626 1402 1650 5.
1479 1635 1481 1638 .
1558 1655 1569 1659 q
1585 1653 1591 1658 .
2026 1637 2029 1641 »

113 1659 187 1689 Diis,
207 1664 234 1684 cte
249 1658 328 1692 mulis.
371 1659 430 1685 Vid.
449 1658 512 1692 Voffi
545 1667 556 1684 e
568 1659 675 1692 Analog.
690 1667 714 1689 2,
728 1667 754 1690 4.
1130 1689 1136 1693 -
1247 1659 1539 1693 DEEELLATRIX,
1558 1661 1614 1679 ¹0¹⁵·
1650 1653 1670 1680 f·
1707 1653 1824 1681 Tel'mll·
1837 1655 1895 1682 adu.
1910 1658 1990 1685 Marc·
2003 1667 2027 1692 3,
2042 1668 2066 1693 13
2089 1662 2173 1689 Roma
2194 1664 2250 1690 san-

150 1700 169 1719 D
180 1700 195 1719 15
207 1700 253 1720 AC
262 1701 302 1720 IN
312 1696 334 1720 Ᾰ
344 1701 394 1720 Τν
403 1701 416 1721 g
427 1713 435 1725 ,
467 1702 481 1719 a
489 1713 498 1726 ‚
523 1702 576 1719 um,
613 1692 672 1718 Adi.
709 1690 948 1725 [οἷπερῥαγιαμένος]
989 1690 1039 1726 Ιζι,
1057 1689 1149 1713 Deaci-
1211 1687 1316 1713 &orum
1329 1689 1380 1714 Dei
1393 1688 1558 1714 debellatrix.
1629 1688 1745 1716 Laetam.
1760 1699 1780 1721 1,
1793 1699 1810 1722 9
1830 1691 1928 1718 Libido
1942 1694 2050 1728 pudoris
2067 1705 2095 1723 ac
2109 1698 2194 1725 famae
2206 1699 2249 1725 de-

114 1733 174 1754 nata
187 1729 275 1760 dolia,
294 1738 309 1754 a
325 1729 413 1763 quibus
429 1726 529 1760 absterfi
540 1728 604 1762 fimt
619 1728 694 1751 acini.
751 1725 817 1750 Cato
839 1726 872 1749 26
896 1723 951 1748 Vbi
970 1728 1021 1748 erit
1040 1721 1149 1755 lectum,
1212 1721 1344 1748 bellatrix.
1415 1723 1534 1750 Tertull.
1548 1723 1626 1757 Apol.
1645 1733 1666 1750 c.
1680 1732 1710 1757 25
1737 1725 1847 1752 Graecia
1864 1727 1991 1763 Phrygiae
2007 1726 2170 1762 (12'132113t1.jx⁹
2205 1735 2250 1761 vbi

113 1763 171 1796 Post
183 1763 238 1788 dies
251 1763 374 1796 triginta,
392 1763 411 1787 fi
426 1762 493 1787 bene
508 1760 641 1786 deacjnata
654 1763 730 1784 erunt
742 1758 830 1789 dolia,
850 1754 975 1784 oblinito.
1026 1794 1031 1799 .
1162 1766 1196 1793 45
1210 1757 1344 1797 Rigaltiur.
1352 1757 1499 1799 debellator
1511 1764 1572 1785 vett.
1586 1759 1703 1786 librorum
1715 1759 1865 1788 austeritate
1878 1769 1901 1789 ct
1914 1767 2028 1801 exemplis
2039 1773 2131 1795 tuetur.

150 1802 250 1824 DEAC
262 1802 347 1828 T10,
366 1795 500 1827 Peradfio,
519 1794 615 1821 Festus.
653 1794 738 1824 Fuerit
755 1795 837 1827 itaque
854 1801 883 1818 ex
902 1792 993 1826 Dego,
1019 1802 1039 1818 1.
1058 1791 1151 1828 deago,
1217 1829 1223 1835 ῃ
1249 1798 1388 1834 DEI-31:¹9,
1408 1794 1551 1835 ¹³¹3'.st¹¹m'
1571 1797 1623 1821 ete.
1660 1796 1673 1828 [
1682 1794 1786 1829 ὀφεΐλω,
1803 1795 1959 1834 ὄφλω-κρίνω]
1999 1802 2076 1828 Debet
2092 1805 2149 1836 ille,
2167 1813 2183 1831 a
2202 1815 2250 1841 quo

107 1831 132 1868 s.
148 1831 226 1865 deigo
239 1830 388 1867 formatum.
1212 1836 1265 1854 ture
1279 1827 1376 1862 alzquzd
1392 1837 1457 1864 extgt
1471 1835 1514 1855 aut
1528 1828 1664 1869 exspfffarz
1675 1829 1765 1865 potest.
1802 1832 1870 1858 Ter.
1885 1834 1965 1860 Andr.
1979 1845 2006 1870 4,
2021 1845 2046 1869 1,
2059 1845 2085 1870 51
2110 1839 2164 1873 Ego
2178 1842 2250 1867 Pam-

150 1873 224 1896 ΒΕΑ
234 1873 318 1897 LRO,
343 1871 395 1892 xre.
430 1866 581 1900 [λευκαίνω]
622 1864 712 1891 Album
725 1863 813 1899 facere
826 1873 833 1888 :
858 1864 900 1889 vel
912 1865 1000 1898 potius
1018 1860 1150 1890 teHon'um
1212 1862 1286 1897 phile
1306 1862 1356 1889 hoc
1371 1863 1422 1889 tibi
1437 1873 1486 1898 pro
1499 1865 1609 1891 seruitio
1622 1865 1715 1892 debeo.
1770 1866 1825 1892 Cic.
1840 1868 1910 1896 Fam.
1926 1878 1971 1902 10,
1987 1879 2014 1897 12
2036 1873 2133 1900 Perfice
2172 1881 2200 1901 vt
2216 1885 2250 1902 iie

111 1902 232 1929 inducere.
289 1902 384 1929 Curius
398 1901 429 1927 ad
442 1901 498 1929 Cic.
510 1902 583 1928 Fam.
597 1908 624 1935 7,
638 1909 669 1933 29
696 1900 753 1926 Nec
765 1898 848 1926 solere
862 1898 927 1925 duos
940 1899 1052 1934 parietes
1064 1899 1097 1926 de
1110 1909 1152 1927 ea·
1215 1898 1303 1938 minus
1316 1899 1391 1933 Resp.
1405 1899 1472 1932 tibi,
1492 1909 1571 1935 quam
1587 1906 1615 1926 tu
1629 1900 1752 1934 Reipubl.
1766 1901 1869 1929 debeas.
1940 1905 2061 1933 Calendis
2072 1895 2189 1936 Ianuirii
2208 1911 2252 1937 de-

112 1937 172 1965 dem
186 1936 275 1964 tidelia
288 1937 417 1964 dealbare.
691 1938 700 1941 ⁸
1164 1941 1197 1969 50
1216 1933 1292 1966 butt,
1311 1933 1395 1973 adhuc
1406 1943 1461 1960 non
1473 1935 1553 1961 soluit
1566 1935 1639 1961 Idem
1653 1937 1706 1961 Att.
1722 1945 1762 1970 14»
1776 1945 1812 1963 21.
1881 1939 1914 1963 Et
1926 1939 1980 1966 Att.
1994 1948 2023 1974 5,
2042 1951 2070 1968 10
2097 1945 2170 1977 Qud
2187 1948 2254 1974 vos?

149 1979 250 2001 DEAL
262 1979 406 2005 BATVS,
433 1981 463 2004 a,
485 1981 540 1998 um.
582 1972 675 1998 Partic.
725 1971 780 1998 Cic.
800 1971 921 1998 in'Vei-r.
936 1970 1054 1997 Diuinat.
1080 1979 1102 1996 c.
1122 1976 1151 2002 53
1215 1969 1351 2002 Qiantum
1365 1976 1474 2003 inquam
1488 1969 1605 1998 debetis?
1640 1971 1821 2004 Respondent,
1845 1978 1908 1999 cvi.
1930 1974 2039 2010 subaudi
2049 1978 2152 2006 talenta.
2194 1982 2250 2009 Cic.

113 2009 212 2036 Omnes
223 2008 286 2035 illae
297 2008 450 2040 columnae,
474 2016 537 2042 quas
550 2006 680 2034 dealbatas
692 2006 798 2033 videtis.
832 2006 899 2032 Add.
914 2006 1021 2032 Sueten.
1034 2005 1109 2031 Galb.
1123 2013 1150 2037 9.
1214 2013 1266 2044 pro
1277 2004 1370 2037 Qint.
1384 2013 1409 2037 15
1428 2005 1532 2044 ’Neque
1547 2006 1646 2031 interea
1660 2005 1772 2032 verbum
1785 2007 1869 2033 vllum
1882 2008 2038 2044 interposuit
2052 2013 2171 2042 Naeuius
2206 2024 2252 2044 aut

113 2044 209 2071 Pallad.
224 2053 244 2076 i,
259 2051 299 2077 24.
369 2043 481 2079 Compar.
500 2042 609 2077 August.
623 2042 703 2069 Conf.
717 2044 771 2076 7,6
791 2042 972 2068 Dealbatiorcs
984 2043 1040 2068 vias
1054 2040 1151 2067 saeculi
1214 2040 1365 2066 societatem
1386 2039 1436 2065 fibi
1455 2040 1591 2079 quidpiam
1609 2039 1721 2073 debere,
1747 2046 1793 2068 aut
1811 2042 1936 2076 priuatim
1957 2047 2099 2080 Qintium
2126 2036 2253 2080 debhiffe,

115 2079 278 2106 cursitabant.
400 2103 401 2106 ,
1214 2075 1341 2101 Amorem
1354 2078 1379 2100 et
1392 2081 1483 2100 omnia
1496 2075 1525 2100 in
1536 2075 1653 2109 aliquem
1667 2076 1767 2102 summa
1786 2083 1813 2103 et
1829 2077 1968 2112 fingularia
1986 2082 2069 2111 studia
2088 2091 2114 2111 et
2131 2088 2251 2116 animum

152 2122 195 2143 DF.
205 2122 227 2141 A
236 2121 253 2141 1.
264 2120 310 2141 ΒΑ
320 2113 474 2145 TOR‚oris.
493 2123 529 2140 m.
550 2114 609 2140 Vet.
618 2113 696 2140 Gloff.
709 2112 853 2146 λεωιαντῆς,
866 2113 1018 2140 Dealbator.
1054 2112 1124 2145 Lege
1141 2118 1152 2137 1
1167 2119 1197 2147 55
1215 2109 1311 2136 debere
1330 2109 1387 2149 (fic-
1402 2110 1501 2142 Fam-1,
1510 2117 1535 2143 9·
1580 2147 1585 2152 ι
1606 2110 1670 2137 Non
1679 2111 1714 2138 est
1720 2112 1912 2147 parsuslongius
1921 2115 2016 2144 debere
2024 2128 2068 2145 eos
2082 2121 2171 2156 Nepos
2178 2131 2217 2156 25,
2225 2133 2253 2157 2,

116 2150 182 2178 eod.
196 2149 229 2176 de
240 2150 321 2175 excus.
337 2149 409 2176 artis.
428 2149 589 2184 Sculptores,
604 2148 790 2181 Dealbatores‚
804 2149 930 2181 Cusores,
950 2155 996 2174 etc.
1214 2154 1241 2178 4-
1297 2145 1420 2171 Animam
1439 2144 1531 2187 debet,
1556 2144 1610 2171 vul.
1626 2153 1753 2186 ANJMA.
1823 2148 1891 2176 Ter.
1907 2150 2012 2180 Phorm.
2026 2165 2055 2189 4,
2068 2165 2090 2188 3,
2104 2160 2143 2190 56.
2193 2160 2251 2186 Cic.

152 2191 226 2213 ΒΕΑ
235 2192 284 2212 ΜΒ
293 2183 314 2212 ὔ
322 2192 339 2212 L
349 2191 369 2211 ο
378 2204 386 2216 ,
411 2189 463 2211 are.
498 2185 667 2220 [περιπατέω]
707 2185 827 2220 spatiari.
864 2185 920 2211 Cic.
935 2183 966 2210 de
979 2185 1059 2217 Legg.
1074 2190 1084 2209 1
1093 2202 1100 2215 ‚
1119 2190 1151 2215 14
1213 2189 1263 2220 pro
1278 2180 1379 2221 Flacco,
1407 2200 1423 2220 ι.
1460 2200 1476 2221 .·
1504 2182 1611 2215 §emper
1623 2188 1661 2209 ita
1672 2182 1776 2222 sentiet,
1788 2183 1868 2212 talem
1882 2186 1908 2212 se
1920 2187 2046 2216 Animum
2058 2197 2084 2218 et
2097 2194 2200 2227 generis
2212 2195 2254 2221 di-

113 2230 135 2247 c.
149 2229 168 2254 4
191 2221 266 2254 Quin
283 2219 415 2255 pergimus
433 2220 515 2255 igitur
533 2220 623 2247 addila
641 2219 722 2255 spatia
738 2220 842 2252 nostra,
861 2220 995 2254 sedesque,
1008 2218 1054 2245 vbi
1069 2226 1151 2252 quum
1215 2221 1323 2256 gustati,
1343 2222 1368 2242 et
1387 2221 1479 2249 pietati
1491 2216 1568 2249 suae,
1587 2222 1614 2243 et
1630 2223 1730 2252 patriae
1747 2218 1871 2248 debuisse.
1939 2223 2100 2254 Beneficium
2119 2230 2254 2257 summum

114 2255 173 2283 satis
187 2258 239 2283 erit
253 2255 463 2287 deambulatum,
476 2257 685 2291 requiescemus?
719 2256 823 2292 Legitur
834 2262 856 2281 et
870 2255 1041 2281 ambulatum.
1076 2253 1151 2290 Conf.
1215 2252 1297 2278 alicui
1311 2251 1406 2278 debere
1426 2251 1499 2278 Idem
1518 2252 1550 2278 de
1564 2253 1638 2279 Orat.
1653 2262 1680 2287 1,
1716 2274 1724 2280 .
1761 2274 1768 2281 .
1840 2256 1933 2284 Fatum
1952 2260 2028 2287 suum
2047 2262 2143 2290 debere
2163 2265 2253 2297 alicui,

115 2291 186 2319 Ibid.
202 2300 224 2324 2,
239 2301 249 2318 1
269 2291 403 2325 Quoniam
421 2292 481 2318 satis
501 2291 665 2318 ambulatum
685 2291 730 2318 cst.
785 2292 851 2318 Cato
865 2292 896 2318 R.
911 2292 943 2317 R.
959 2298 1005 2325 127
1030 2290 1061 2316 Et
1078 2289 1153 2316 saliat
1165 2295 1200 2319 60
1216 2286 1249 2314 Id
1267 2285 1301 2320 est
1320 2293 1444 2321 acceptum
1463 2287 1559 2324 referre
1577 2289 1654 2315 alicui
1699 2289 1760 2322 uod,
1796 2292 1837 2318 vel
1864 2295 1950 2326 viuat,
1967 2298 2008 2322 vel
2043 2301 2093 2324 iam
2121 2304 2254 2334 moriatur,

112 2327 216 2360 decies,
233 2333 260 2354 et
277 2326 434 2355 deambulet.
475 2327 544 2354 Add.
559 2328 664 2354 Suetoii.
675 2327 783 2361 August.
791 2336 813 2353 c.
821 2332 849 2359 83
868 2334 892 2353 et
905 2328 948 2359 96.
969 2332 992 2352 et
1005 2325 1104 2352 Domit.
1116 2333 1152 2350 21.
1213 2324 1255 2362 vel
1265 2322 1340 2362 bene,
1358 2323 1400 2349 vel
1417 2324 1479 2349 male
1497 2324 1639 2363 agat-Stat.
1653 2324 1683 2351 T
1703 2325 1744 2352 eb.
1758 2333 1781 2359 5,
1796 2335 1831 2353 2i.
1903 2328 1994 2357 Debeo
2013 2332 2063 2360 tibi
2083 2334 2148 2361 hanc
2159 2336 2253 2364 Fidem

114 2363 182 2390 Cels.
198 2371 219 2395 1,
237 2371 260 2395 3.
299 2363 403 2397 leian.
416 2363 433 2389 l.
448 2372 476 2390 12
500 2362 522 2399 §.
537 2372 547 2389 1
572 2363 599 2389 ff.
620 2362 652 2389 de
670 2363 718 2389 vsu
738 2369 764 2388 et
782 2362 865 2389 habit.
888 2361 1078 2392 Deambulare,
1097 2369 1152 2386 cum
1214 2358 1281 2385 Plin.
1295 2357 1374 2392 EP1st·
1388 2366 1413 2390 2,
1426 2363 1449 2388 8
1521 2393 1526 2398 ι
1544 2359 1621 2399 Fides
1633 2362 1781 2387 communis
1796 2362 1919 2391 omnibus
1934 2365 2043 2394 debetur
2056 2370 2111 2396 Cic.
2125 2372 2252 2403 QFratr.

116 2399 280 2434 Accusatiuo,
301 2398 393 2426 Senec..
408 2399 440 2425 de
454 2398 583 2425 Remedio
601 2398 793 2430 fortuitorum,
818 2399 953 2432 (Excerpe,
967 2397 1037 2431 Lips,
1052 2405 1075 2430 p.
1085 2397 1152 2428 463)
1218 2402 1245 2433 1,
1266 2401 1302 2433 1..
1356 2393 1481 2433 6133113111·
1491 2393 1574 2434 alicui
1591 2395 1664 2422 Idem
1679 2395 1711 2422 de
1724 2397 1781 2423 Fin.
1795 2406 1821 2430 2,
1857 2419 1863 2425 .
1902 2419 1910 2427 .
1966 2403 2089 2429 Honores
2102 2404 2189 2431 diuini
2201 2414 2254 2440 pro

114 2434 199 2462 Multa
211 2442 292 2468 quum
303 2434 521 2465 deainbulaueriS,
529 2434 637 2460 domum
650 2433 812 2461 redeundum
824 2434 869 2460 est.
899 2432 1048 2460 Subaudizur
1062 2431 1152 2465 spatia.
1216 2428 1317 2469 dlulms
1330 2434 1433 2454 meritis
1446 2429 1527 2455 allen!
1540 2429 1670 2457 debentur
1687 2432 1743 2458 Cic·
1757 2432 1869 2468 Philipp.
1882 2444 1917 2469 4,
1952 2455 1958 2461 .
1996 2455 2003 2462 .
2072 2438 2189 2466 Laudem
2206 2440 2255 2467 ali—

115 2470 173 2496 Cic,
185 2469 218 2495 de
232 2470 305 2496 Orat.
317 2478 348 2499 2,
367 2472 415 2502 256
439 2469 513 2496 Idem
532 2478 614 2504 quum
633 2468 737 2495 cuidam
756 2469 873 2501 diffluet,
891 2469 986 2496 Eamus
1004 2466 1153 2494 deambula·
1166 2469 1197 2501 ὅς
1215 2471 1259 2490 cui
1278 2464 1350 2491 Idem
1363 2465 1417 2504 Att.
1430 2473 1450 2496 1,
1463 2473 1489 2498 9.
1519 2500 1524 2505 ι
1560 2466 1661 2505 Malum
1674 2467 1754 2493 alicui
1766 2477 1815 2501 pro
1830 2468 1970 2495 sceleribus
1984 2470 2094 2500 debetur
2105 2475 2162 2502 Cic.
2176 2477 2253 2503 Ver'r.

115 2510 186 2531 tum:
206 2510 232 2530 et
246 2504 300 2535 ille,
319 2505 392 2537 Qiid
400 2513 464 2539 opus
477 2505 529 2531 fuit
542 2505 590 2531 de?
624 2505 710 2531 Immo
724 2513 805 2537 vero,
823 2507 915 2540 inquit,
935 2502 1008 2537 Qiid
1022 2511 1087 2537 opus
1101 2501 1155 2528 fuit
1216 2509 1238 2532 1,
1264 2519 1270 2525 .
1297 2519 1304 2526 .
1318 2536 1323 2540 ι
1358 2499 1543 2540 Misericordia
1556 2501 1608 2527 tibi
1620 2501 1691 2528 nulla
1704 2502 1816 2528 debetur
1828 2502 1902 2529 Idem
1914 2505 1943 2530 in
1955 2506 2032 2533 Catil.
2043 2516 2063 2539 1,
2080 2511 2117 2535 16.
2196 2511 2254 2538 Nu.

115 2545 141 2567 te
155 2541 164 2566 3
201 2540 268 2566 Illud
287 2539 419 2575 dij‘cimus,
439 2540 615 2567 Deambulare
632 2550 679 2566 non
695 2542 732 2566 ita
738 2540 853 2575 sollemne
859 2538 938 2576 fuisse
944 2559 953 2572 ,
969 2537 1154 2574 quamfimplcx
1216 2543 1274 2574 mos
1289 2535 1368 2573 alicui
1382 2536 1438 2575 Cic.
1452 2535 1505 2574 Att.
1521 2544 1554 2567 11,
1590 2555 1612 2574 .”
1633 2555 1653 2575 ⁴.
1711 2536 1809 2563 Oculos
1823 2537 1904 2564 alicui
1920 2540 2003 2567 Catul.
2012 2543 2100 2577 Epigr.
2108 2551 2152 2579 77.
2208 2547 2253 2573 Pe-

115 2575 268 2601 ambulare:
289 2585 342 2601 cum
357 2576 419 2602 illud
432 2575 464 2601 de
477 2583 537 2610 opus
552 2575 594 2609 effe
605 2582 714 2612 negetur.
1217 2579 1320 2610 cuniam
1334 2570 1415 2609 ali-cui
1426 2571 1481 2595 Cic·
1494 2578 1544 2603 pro
1558 2570 1674 2608 antio
1711 2590 1718 2597 ·
1754 2590 1761 2597 ·
1828 2572 1902 2600 Idem
1918 2575 1989 2602 Fam·
2003 2585 2036 2608 13,
2053 2581 2087 2605 62
2112 2581 2174 2607 Eius
2192 2581 2252 2609 filio

153 2616 171 2636 D
180 2616 282 2636 EAMB
291 2617 331 2636 vi.
340 2617 392 2636 AT
401 2619 410 2636 i
420 2618 449 2641 Q,
462 2612 529 2637 oniS.
551 2612 572 2637 f.
589 2611 711 2638 Verbale.
725 2611 878 2645 [περίπατος]
893 2610 960 2636 Ter.
969 2610 1155 2640 Heaut.4‚6,z
1216 2614 1284 2631 mire
1307 2604 1423 2630 studioso
1444 2610 1469 2629 et
1492 2603 1602 2644 erudito.
1621 2610 1648 2631 et
1666 2605 1784 2645 modesto
1798 2607 1937 2636 Pecuniam
1951 2611 2107 2640 Nicaeenses
2127 2618 2254 2650 grandem

115 2644 167 2671 Vel
187 2652 229 2670 me
249 2643 311 2669 haec
329 2644 524 2677 deambulatio,
549 2654 628 2679 quam
645 2654 699 2670 non
712 2645 844 2670 laboriosa
859 2644 890 2670 ad
904 2645 1058 2677 languorem
1071 2642 1153 2668 dedit.
1162 2654 1199 2681 70
1217 2640 1312 2666 debent
1324 2639 1363 2678 ¹acl
1384 2645 1442 2665 HS.
1463 2638 1590 2678 odtogieS.
1659 2641 1716 2679 Cic.
1730 2641 1802 2668 Fam.
1816 2650 1839 2674 3,
1857 2650 1871 2676 5
1895 2645 1966 2672 Dum
1983 2650 2094 2682 pecunia
2114 2653 2253 2686 accipitur,

97 2708 99 2710 ,
117 2682 156 2706 De
169 2681 235 2711 loco,
253 2678 311 2712 le.
325 2678 343 2704 l.
357 2686 374 2713 7
393 2678 420 2704 ff.
440 2685 458 2705 t.
471 2687 481 2705 1
502 2679 520 2705 1.
535 2687 560 2712 13
582 2678 638 2715 §.4
660 2679 894 2705 Deambulationes
907 2678 1048 2706 arboribus
1059 2684 1155 2711 opacae
1217 2683 1283 2710 quae
1294 2674 1363 2700 mihi
1376 2683 1407 2700 ex
1420 2673 1524 2707 publica
1537 2679 1732 2707 permutatione
1744 2676 1862 2705 debetur.
1933 2681 2006 2709 Idem
2031 2693 2080 2718 pro
2097 2687 2201 2714 Caecin.
2225 2690 2255 2715 16

115 2719 195 2748 atque
213 2722 347 2740 amoenae·
1146 2726 1147 2729 ,
1217 2712 1308 2742 Qmm
1321 2708 1473 2742 praesertim
1481 2709 1593 2735 Pecunia
1607 2718 1638 2736 ex
1653 2711 1795 2744 partitione
1802 2712 1951 2743 deberetur.
2020 2720 2058 2746 ld.
2072 2720 2139 2748 Phil,
2155 2732 2171 2749 2
2207 2743 2214 2749 ‚
2245 2744 2253 2750 ,

155 2756 173 2775 1)
182 2755 199 2774 Ε
208 2755 229 2774 Α
238 2755 263 2774 Μ
273 2756 288 2775 13
297 2756 317 2775 v
326 2756 342 2775 L
352 2749 397 2775 Ac
409 2756 428 2775 R
437 2756 458 2775 v
466 2755 502 2781 M,
513 2748 533 2775 i.
547 2757 574 2774 n.
595 2748 746 2775 Mamertin.
754 2749 846 2781 Paneg.
856 2747 956 2773 Iuliani
964 2756 985 2773 c.
993 2754 1010 2778 9
1027 2747 1105 2778 Fora,
1112 2745 1154 2771 de·
1191 2745 1200 2748 “
1218 2743 1369 2777 Appellatus
1381 2752 1407 2769 es
1424 2743 1454 2769 de
1467 2744 1592 2784 Pecunia,
1613 2754 1697 2785 ¹quam
1711 2756 1760 2781 pro
1772 2748 1869 2782 domo,
1890 2760 1939 2785 pro
1954 2752 2052 2788 honis,
2069 2766 2118 2791 pro
2137 2743 2254 2785 seguone

117 2783 280 2815 ambulacra,
296 2784 434 2817 gymnalia.
448 2810 451 2811 ⁷
1146 2800 1149 2802 .
1218 2778 1351 2818 debebas..
1410 2779 1521 2805 Pecunia
1534 2786 1626 2814 coepta
1641 2782 1676 2808 est
1689 2782 1780 2810 deberi
1796 2784 1850 2812 Cic.
1864 2786 1935 2813 Fam.
1950 2797 1969 2821 1,
1995 2809 2002 2816 .
2030 2810 2036 2817 .
2074 2792 2106 2818 de
2119 2793 2192 2820 Orat.
2208 2797 2253 2825 168

155 2826 261 2847 DEAM
271 2825 339 2845 rvr
349 2826 370 2845 A
379 2827 400 2845 Τ
410 2827 429 2846 0
439 2826 476 2845 RI
486 2825 550 2852 VM,
559 2819 612 2845 i.ii.
627 2817 779 2853 [περίπατος]
786 2818 872 2848 Locus,
879 2818 958 2853 inquo
972 2815 1156 2842 deambulamus.
1172 2826 1204 2854 73
1219 2815 1286 2854 Ante
1298 2818 1407 2854 petitam
1423 2815 1472 2841 esse
1485 2815 1639 2849 Pecuniam,
1657 2826 1735 2852 quam
1752 2819 1810 2848 effet
1823 2827 1915 2856 coepta
1928 2822 2027 2852 deberi.
2080 2829 2165 2855 Poena
2179 2835 2253 2856 tanto

117 2854 262 2890 Capitoliu-
280 2855 309 2880 in
323 2854 406 2880 Gord.
425 2863 446 2880 c.
462 2863 496 2885 32.
551 2855 610 2880 Vet.
626 2852 704 2879 Glosl'.
722 2852 789 2888 apud
807 2852 908 2888 Salmas.
926 2851 960 2878 ad
979 2851 1107 2886 Spartian.
1127 2859 1156 2877 12
1218 2850 1334 2876 faemorl
1354 2849 1464 2877 debetur
1483 2850 1556 2878 Idem
1576 2852 1603 2877 in
1621 2853 1638 2878 Ρ
1640 2852 1705 2879 ison·
1719 2863 1747 2886 9ι
1774 2864 1795 2881 ⁶-
1808 2863 1848 2890 37-
1943 2859 2070 2888 Satisdato
2082 2863 2177 2891 debere
2196 2866 2253 2892 Cic.

117 2890 363 2918 Deambulatorium
378 2889 537 2917 Pcribuluni.
579 2888 637 2916 Vid.
651 2896 665 2915 P
674 2896 690 2915 E
700 2894 719 2914 R
730 2896 739 2914 1
749 2895 788 2914 Bo
798 2895 813 2914 L
823 2895 843 2914 V
852 2895 875 2914 S.
925 2885 966 2920 Est
982 2893 1064 2921 nempe
1077 2886 1156 2922 ipsum
1218 2886 1272 2925 Att.
1286 2886 1323 2918 16,
1336 2886 1361 2912 6.
1431 2886 1563 2921 Supplicia
1584 2886 1714 2916 debentur
1736 2888 1854 2918 hostibus
1877 2893 1955 2920 vietis
1979 2896 2050 2923 Idem
2077 2900 2153 2925 Vcrr.
2167 2909 2177 2916 .
2209 2902 2253 2935 76.

117 2924 208 2953 testum
222 2928 327 2952 circuitu
341 2928 476 2957 munitum,
489 2924 554 2960 quod
565 2926 712 2959 explicamus
726 2925 872 2958 Hieronymi
884 2922 967 2949 verbis
979 2925 1007 2948 in
1021 2928 1122 2949 DOMA.
1217 2922 1310 2961 Vicani
1320 2920 1371 2947 tibi
1384 2920 1481 2961 debere
1492 2922 1589 2950 fatetur
1602 2923 1683 2950 Ouid.
1698 2933 1730 2951 ex
1743 2926 1826 2952 Ponto
1839 2936 1871 2960 4,
1892 2936 1920 2962 5,
1936 2939 1970 2961 31.
2067 2935 2152 2961 Vitam
2166 2919 2254 2962 ,imis

156 2968 175 2988 D
189 2968 206 2988 E
215 2959 237 2987 A
248 2968 272 2988 M
281 2967 300 2987 Ο
309 2980 318 2993 ,
345 2965 398 2987 are.
432 2961 603 2996 [dnefcpms'w]
645 2958 722 2986 Valde
734 2968 823 2985 amare.
860 2958 929 2985 Ter.
939 2959 1034 2984 Heaut.
1048 2966 1077 2991 4,
1090 2960 1116 2990 6,
1131 2965 1157 2984 21
1218 2957 1356 2996 Claudian.
1370 2956 1470 2982 Stilich.
1480 2964 1522 2991 77.
1558 2993 1563 2998 .
1618 2959 1710 2986 Debeo
1725 2960 1791 2993 tibi,
1800 2961 1856 2995 fim’
1867 2965 2015 3000 Accu-finiat>
2026 2978 2033 2992 :
2051 2969 2105 2995 Cic.
2119 2971 2188 2996 Fam.
2205 2980 2214 2997 1
2242 2979 2254 2997 1

119 2997 178 3024 Nae
194 3005 244 3032 ego
263 2997 319 3022 sum
332 2996 482 3023 fortunatus
495 3007 501 3023 z
524 2996 617 3022 deamo
636 3000 662 3021 te
676 2995 748 3026 Syre.
801 2995 833 3020 Et
845 2994 928 3020 Plaut.
941 2994 1020 3020 Poeu.
1032 3003 1060 3027 4,
1073 3002 1099 3026 2,
1112 3001 1155 3028 72.
1170 3000 1203 3026 80
1218 2992 1277 3019 Nos
1290 3000 1319 3018 in
1330 2992 1404 3018 causa
1417 3001 1449 3018 eo
1462 2992 1645 3020 aiiGtoritatem
1657 2995 1788 3022 minorem
1802 2997 1942 3032 habemus,
1963 3003 2033 3036 quod
2051 3005 2103 3031 tibi
2120 2992 2253 3032 debemsss,

120 3039 144 3059 ⁸²
164 3040 193 3065 5,
211 3041 246 3065 42
267 3041 290 3064 3·
1218 3025 1412 3068 'Id-qliQsumus
1425 3028 1474 3053 tibi
1491 3028 1611 3068 obligati,
1630 3037 1674 3056 aut
1687 3031 1806 3058 debitores
1826 3037 1864 3059 tui
1872 3035 1966 3069 sumus.
2037 3039 2152 3067 Debeam
2174 3040 2253 3067 credo

159 3074 178 3094 D
188 3072 399 3099 EAMATVS,
420 3075 449 3097 a,
469 3075 523 3092 um.
559 3065 652 3092 Partic.
688 3065 770 3091 Plaut.
785 3065 871 3091 Truc.
885 3073 914 3098 4,
929 3072 955 3097 1,
969 3072 983 3095 5
1007 3065 1069 3091 Mea
1088 3063 1158 3090 dona
1219 3062 1264 3089 isti
1282 3062 1426 3097 quidquam
1444 3063 1574 3103 furcifero
1585 3085 1594 3096 ,
1613 3064 1631 3090 fi
1645 3065 1673 3092 id
1692 3067 1802 3093 fecerim
1815 3068 1882 3096 Ter.
1898 3071 2013 3099 Eunuch.
2029 3081 2051 3106 ς,
2066 3084 2091 3107 2,
2106 3085 2143 3108 23,
2194 3076 2252 3103 Cic,

121 3103 239 3131 deamata
252 3109 406 3138 acceptaque
418 3101 509 3128 habita
524 3101 592 3135 apud
607 3100 784 3127 Phronesium.
1219 3107 1268 3133 pro
1282 3098 1367 3125 Plane·
1404 3118 1410 3125 ·
1448 3118 1454 3125 ·
1490 3100 1521 3126 Et
1534 3109 1576 3125 me
1589 3100 1692 3134 dedam,
1705 3103 1748 3129 cui
1767 3103 1834 3129 nihil
1857 3105 2016 3142 Maguopere
2035 3110 2151 3137 debeam.
2222 3112 2254 3138 Id

155 3146 174 3165 D
182 3145 199 3165 E
207 3145 228 3165 A
237 3145 256 3165 R
265 3145 310 3166 GE
321 3145 343 3164 N
355 3146 376 3165 T
384 3145 405 3165 A
414 3145 426 3164 S
436 3143 448 3163 S
456 3144 473 3164 Ε
481 3144 500 3164 R
509 3143 525 3163 E
535 3157 543 3163 .
582 3137 687 3163 Verbum
706 3136 847 3172 obsoletum,
859 3142 908 3170 pro
927 3141 1031 3171 argento
1043 3137 1158 3171 prinam,
1218 3133 1321 3160 nostrae
1334 3133 1512 3161 neceffitudini
1526 3135 1622 3162 debere
1637 3145 1678 3162 me
1694 3138 1782 3165 iudico
1808 3139 1881 3167 Idem
1894 3142 1965 3169 Fam.
1981 3152 2016 3175 io,
2033 3154 2068 3171 iz.
2132 3147 2255 3174 Tantum

119 3175 160 3200 vel
176 3183 309 3210 emungere.
364 3173 448 3200 Lucil.
472 3172 519 3198 lib.
537 3175 571 3199 26
608 3172 801 3206 Depeculalsere
818 3171 907 3205 aliqua
925 3171 1028 3205 sperans
1047 3180 1103 3203 me,
1127 3179 1156 3196 ac
1173 3176 1202 3206 85
1219 3178 1262 3196 me
1275 3169 1436 3196 tibi'debere
1450 3170 1586 3203 existimo,
1605 3179 1732 3206 quantum
1749 3175 1900 3208 persoluere
1915 3177 2022 3206 difficile
2035 3181 2071 3206 est
2089 3182 2182 3208 Brutus
2197 3183 2253 3209 Cic.

121 3207 322 3244 ‘deargentalsere
334 3228 344 3242 ‚
367 3208 555 3236 decalauticare
575 3206 679 3234 eburno
696 3206 811 3241 ‘speculo
836 3205 1032 3240 depeculaffere.
1090 3206 1159 3234 Hace
1221 3214 1261 3237 ii,
1275 3214 1293 3231 1.
1348 3204 1427 3232 Nihil
1439 3205 1537 3232 debere
1550 3207 1716 3243 caelestibus,
1727 3216 1777 3245 pro
1790 3217 1910 3238 mortuum
1925 3212 1976 3246 eſjb.
2011 3217 2062 3250 Qi
2078 3219 2141 3242 enim
2155 3220 2255 3250 vimmt,

124 3240 195 3269 Non·
209 3253 234 3277 2,
252 3250 306 3275 218·
1218 3240 1318 3267 obnoxii
1326 3240 1493 3276 flavitfiiperis
1506 3241 1571 3267 diis:
1593 3246 1684 3269 mortui
1696 3251 1767 3271 extra
1779 3254 1859 3272 eorum
1871 3247 1986 3275 ditionem
1991 3251 2062 3286 fimf,
2077 3257 2100 3277 et
2111 3254 2139 3277 in
2150 3254 2256 3280 aliorum

161 3284 179 3303 D
187 3285 203 3304 E
211 3287 231 3306 A
239 3286 258 3308 R
267 3286 288 3307 G
296 3287 312 3307 E
321 3287 343 3306 N
351 3286 372 3306 T
381 3286 404 3306 A
412 3286 461 3306 TV
470 3286 483 3305 S
491 3299 500 3311 ,
519 3287 548 3311 a,
565 3287 619 3305 uin.
654 3278 748 3305 Partic.
783 3278 897 3314 Argento
915 3274 1047 3308 indubius,
1066 3283 1096 3302 vt
1105 3276 1159 3317 'de-
1218 3279 1259 3318 {us
1274 3276 1481 3318 coriditimzemqye
1492 3277 1624 3319 concedunt
1632 3288 1640 3303 :
1659 3282 1703 3314 qui
1714 3286 1792 3306 autem
1810 3283 1886 3308 altrui
1900 3284 2016 3310 obnoxius
2028 3285 2061 3318 est
2069 3305 2076 3316 ‚
2093 3290 2136 3322 qm·
2148 3290 2256 3315 alicujus

125 3319 236 3340 auratus.
266 3316 344 3343 Oros.
352 3323 378 3347 3,
387 3323 420 3341 22
435 3321 478 3349 pr.
499 3314 671 3349 deargentatis
693 3313 781 3340 armis.
820 3319 844 3338 et
863 3322 884 3337 c.
898 3312 951 3346 seq.
972 3312 1159 3346 Argyraspides
1219 3319 1321 3346 tmperm
1336 3317 1425 3346 paret,
1445 3322 1469 3338 rs
1486 3322 1507 3338 et
1524 3313 1621 3348 ahquid
1637 3313 1712 3341 debet.
1730 3327 1736 3329 -
1764 3316 1859 3350 Virgil.
1874 3318 1938 3344 Aen.
1952 3327 1988 3351 11,
2008 3328 2036 3352 52
2059 3321 2116 3348 Nos
2131 3323 2255 3350 iuuenem

125 3347 162 3374 ob
175 3356 245 3374 arma
256 3350 417 3385 deargentata
430 3351 463 3377 fic
478 3349 552 3376 dieii.
589 3349 663 3386 Conf.
678 3349 815 3383 Augustin.
830 3348 876 3382 Ep.
888 3356 918 3379 23
938 3346 971 3373 ad
984 3348 1103 3374 Bonifac.
1136 3353 1161 3374 et
1170 3358 1207 3383 90
1221 3347 1389 3379 exanimum,
1412 3353 1437 3373 et
1448 3347 1488 3374 nil
1501 3347 1553 3374 iam
1572 3348 1724 3376 caelestibus
1737 3350 1798 3377 vllis
1833 3353 1994 3387 Debentem,
2010 3364 2080 3382 vano
2099 3359 2192 3385 moesti
2211 3369 2256 3386 co-

125 3383 204 3417 Vulg.
218 3383 254 3409 Pl‘.
268 3387 310 3420 67,
324 3395 362 3419 14.
384 3390 385 3393 ’
840 3392 867 3415 ο.
1221 3383 1349 3409 mitamur
1363 3382 1474 3409 honore.
1514 3384 1621 3411 Turneb.
1821 3385 1842 3424 ff
1864 3396 1877 3413 2
1911 3389 1968 3415 Cum
1982 3390 2111 3425 Infinisiuo
2131 3397 2245 3430 iungitur

166 3425 184 3444 D
193 3425 209 3445 E
219 3425 240 3445 A
248 3425 267 3444 R
274 3425 295 3445 G
302 3428 323 3446 v
331 3428 355 3447 M
363 3428 380 3448 E
389 3429 410 3448 Ν
420 3427 442 3447 Τ
451 3426 471 3447 0
481 3428 511 3454 R,
524 3420 572 3447 iri.
586 3421 651 3455 Dep.
673 3420 755 3459 Super
763 3419 804 3445 his
813 3418 1051 3454 deargumentabor
1058 3418 1161 3446 CLMa-
1219 3418 1254 3449 ad
1263 3425 1427 3457 quamcunque
1438 3428 1487 3445 non
1499 3418 1657 3454 nrcqffltatem
1670 3420 1739 3447 modo
1746 3440 1755 3454 ,
1768 3421 1817 3456 fid
1826 3420 1929 3456 officium
1937 3443 1945 3455 ,
1962 3424 2105 3460 decentiam,
2125 3434 2179 3455 ueri
2186 3415 2257 3464 fimi:

126 3459 202 3480 mert.
216 3462 240 3485 2,
252 3461 278 3488 7.
314 3456 387 3483 Nihil
399 3456 499 3483 videtur
511 3456 600 3483 addere
611 3455 684 3482 verbo
690 3457 810 3491 simplici.
1220 3453 1360 3493 Iitudf'nem,
1366 3453 1566 3490 Jzgyzficandam.
1622 3456 1677 3482 Cic.
1686 3457 1756 3483 Fam.
1763 3465 1783 3488 1,
1791 3465 1807 3491 7
1815 3458 1869 3492 Qii
1877 3463 1903 3484 te
1909 3464 1935 3485 et
1942 3461 2055 3488 maxime
2065 3463 2221 3498 debuerunt,
2230 3470 2257 3492 et

164 3495 181 3515 D
191 3496 207 3516 E
218 3496 264 3515 AR
274 3494 328 3515 Mo
338 3508 346 3522 ,
369 3495 422 3519 are.
458 3491 526 3520 Idem
542 3491 607 3528 quod
625 3500 759 3518 exarmare.
799 3490 877 3525 Apul.
890 3490 956 3517 Met.
970 3496 985 3523 5
1010 3498 1035 3524 p.
1055 3497 1109 3524 172,
1127 3495 1158 3522 25
1219 3489 1364 3523 plurimum
1373 3490 1466 3516 iuuare
1472 3495 1623 3524 potuerunt.
1659 3491 1969 3527 Plaut.Amphit.prol.39
1987 3497 2095 3524 Debetis
2103 3500 2170 3526 vesse
2188 3511 2257 3536 quae

128 3525 236 3559 Sagittae
251 3524 391 3552 dearmare.
1172 3534 1205 3560 95
1219 3525 1341 3551 velimus.
1377 3525 1431 3551 Cic.
1440 3525 1472 3552 de
1480 3525 1553 3552 Orat.
1563 3534 1577 3551 2
1586 3535 1606 3551 c.
1615 3531 1646 3560 78
1654 3527 1784 3560 Principia
1791 3527 1895 3555 dicendi
1902 3530 2034 3558 causarum
2042 3536 2149 3568 propria
2157 3521 2204 3562 eise
2213 3537 2256 3563 de-

164 3566 183 3587 1>
192 3567 208 3587 E
218 3567 239 3586 A
249 3567 267 3585 R
277 3567 300 3586 M
310 3566 331 3585 A
342 3565 364 3585 ‘r
374 3560 414 3588 v's
421 3580 431 3593 ,
456 3571 470 3588 a
478 3582 487 3594 ,
511 3571 566 3588 um.
599 3561 693 3588 Partie.
730 3560 953 3595 [ἅφωπλισμένος]
989 3559 1049 3586 Liu.
1070 3569 1088 3594 4
1095 3580 1103 3592 ‚
1124 3568 1133 3586 1
1142 3569 1159 3586 0
1218 3560 1290 3587 benc.
1310 3560 1466 3591 Id.Fam.6‚6
1473 3560 1587 3587 Debebit
1595 3560 1691 3588 habere
1699 3561 1776 3587 fidem
1786 3562 1871 3593 nostra
1877 3566 2032 3599 praedietio.
2069 3571 2158 3597 Cic.de
2166 3573 2257 3599 Orata.

127 3601 192 3623 extr.
225 3594 322 3621 Consul
341 3594 499 3629 triumphans
518 3597 547 3637 ifi
565 3595 777 3637 Vrbemnrcdit,
797 3596 901 3622 Ciuilio
918 3595 1075 3622 Volscorum
1094 3595 1159 3636 duce
1221 3604 1243 3621 c.
1253 3603 1288 3630 77
1307 3596 1337 3621 Et
1344 3596 1474 3630 principia
1485 3601 1511 3622 et
1524 3601 1637 3623 caeterae
1645 3602 1729 3630 partes
1738 3597 1866 3639 orationis
1881 3599 1978 3628 habere
1991 3603 2058 3630 hanc
2074 3607 2129 3636 vim
2148 3616 2255 3642 magno-

129 3637 189 3657 ante
203 3640 309 3657 currum
322 3629 412 3661 ducto,
430 3632 601 3667 praelatisque
613 3632 713 3667 spoliis,
733 3630 830 3666 quibus
843 3632 1005 3658 dearmatum
1017 3636 1162 3658 exercituin
1221 3639 1283 3671 pere
1296 3630 1401 3657 debent.
1471 3631 1545 3657 Idem
1557 3631 1645 3657 Parad.
1660 3639 1672 3664 5
1691 3638 1755 3659 extr.
1772 3642 1799 3658 m
1812 3635 1885 3661 verba
1899 3637 1990 3672 Crasti,
2008 3639 2101 3667 Nolite
2114 3642 2195 3668 fluere
2209 3651 2256 3669 ,Ὦς

127 3666 243 3696 hostium
256 3666 302 3692 sub
315 3665 407 3699 iugum
419 3664 530 3694 miserat.
582 3667 615 3695 Id
622 3666 664 3701 est,
677 3670 718 3694 cui
733 3667 815 3694 ablata
821 3667 930 3702 fuerant
941 3676 1019 3693 arma.
1221 3674 1346 3700 cuiquam
1360 3666 1468 3699 seruire,
1483 3666 1530 3692 nifi
1545 3666 1622 3693 vobis
1635 3666 1760 3707 vniuerfis
1768 3687 1777 3700 ,
1792 3669 1889 3703 quibus
1903 3678 1928 3698 et
1941 3674 2071 3707 poffimms
2085 3682 2111 3703 et
2123 3677 2257 3709 debemus,

165 3708 185 3728 D
212 3708 229 3727 E
255 3708 277 3729 A
303 3707 322 3727 R
344 3708 365 3727 T
393 3708 413 3726 V
440 3707 462 3726 A
488 3707 508 3726 R
533 3708 559 3728 Ε.
613 3704 626 3737 [
652 3702 783 3739 ἒυξαρθρέν
810 3703 823 3736 ]
884 3701 963 3736 Qiafi
999 3710 1046 3736 per
1088 3705 1158 3727 artus
1166 3710 1214 3729 too
1221 3705 1259 3728 ita
1272 3708 1463 3734 commentatur,
1483 3702 1540 3728 Nos
1553 3710 1633 3733 vero,
1663 3701 1792 3736 siquidem
1810 3706 1899 3733 animo
1913 3709 2013 3735 excelso
2027 3717 2053 3737 et
2064 3712 2120 3738 alto
2135 3719 2159 3739 et
2173 3714 2256 3740 virtu-

128 3737 284 3769 concidere,
304 3739 403 3771 inquit,
423 3735 528 3762 Nonius
540 3745 565 3769 2,
576 3746 627 3770 203.
660 3739 742 3765 Plaut.
756 3739 829 3772 Capt.
845 3740 885 3770 (3,
895 3746 923 3770 4,
937 3740 1001 3769 ¹09)
1019 3737 1095 3763 Tum
1110 3737 1159 3771 igi·
1221 3737 1293 3764 tibus
1307 3743 1462 3771 exaggerato
1482 3738 1583 3767 sumus,
1603 3745 1652 3762 nec
1663 3737 1804 3772 debemus,
1823 3750 1871 3767 iiec
1885 3744 2024 3777 possumus.
2077 3747 2124 3773 Tu
2143 3750 2211 3783 polle
2230 3754 2257 3776 te

129 3779 173 3799 tur
184 3781 233 3807 ego
248 3777 429 3803 aerumnatus‚
449 3770 595 3810 deartuatus
614 3775 669 3800 suin
687 3774 768 3800 miser
802 3772 905 3800 Scelesti
918 3772 1035 3799 hominis
1049 3771 1159 3799 technis.
1223 3773 1324 3805 dicito,
1344 3773 1469 3807 quoniam
1488 3771 1595 3811 quidem
1613 3778 1686 3806 potes
1700 3784 1705 3799 :
1734 3773 1829 3802 debere
1846 3786 1878 3803 ne
1895 3778 1994 3807 dixeris
2008 3791 2015 3812 ;
2043 3791 2169 3816 quoniam
2187 3783 2256 3809 nihil

127 3807 298 3834 Deartuatum
314 3816 360 3842 per
373 3811 444 3833 ‘ai-tus
463 3805 591 3846 disciss'um
604 3808 675 3835 Non.
691 3818 715 3841 i,
735 3817 791 3842 314.
860 3809 1005 3835 Deartuare
1017 3817 1096 3843 opes,
1111 3814 1159 3843 per
1223 3808 1363 3843 quisquam
1377 3807 1454 3833 debet
1465 3826 1473 3839 ‚
1492 3806 1542 3833 mfi
1556 3807 1627 3842 quod
1640 3808 1676 3834 est
1691 3815 1765 3843 turpe
1779 3819 1833 3838 nori
1846 3813 1964 3841 reddere.
2018 3818 2105 3852 Itaque
2118 3822 2190 3844 etiam
2202 3827 2257 3844 rum

127 3845 313 3869 translationem
331 3842 397 3868 dixit
410 3842 490 3868 Plaut.
504 3850 532 3867 in
544 3842 616 3875 Capt.
629 3851 651 3874 3,
664 3852 686 3876 5,
701 3853 730 3878 ¹4
1222 3844 1255 3870 ad
1266 3842 1370 3877 officium
1383 3843 1509 3878 refertur,
1529 3848 1610 3868 tamen
1626 3843 1694 3870 illam
1712 3848 1832 3873 notionem
1847 3852 1884 3874 rei
1901 3852 2010 3887 alienae,
2030 3862 2089 3886 qaae
2108 3853 2258 3885 rqliltufndlt
2287 3857 2290 3860 ”

164 3885 206 3905 DE
215 3886 256 3905 As
266 3885 283 3905 c
294 3886 303 3905 1
315 3883 334 3904 o
345 3898 353 3910 ,
373 3882 425 3904 are.
460 3877 589 3904 Dcdolarc.
623 3877 701 3912 Plaut.
711 3864 769 3906 M'il.
782 3887 805 3911 3,
817 3887 840 3912 3,
855 3887 877 3906 11
896 3879 975 3906 Miles
990 3878 1159 3913 quemadmo-
1169 3888 1214 3916 [ος
1222 3885 1245 3906 et
1257 3872 1354 3906 do'mino
1361 3879 1407 3914 ,βω
1418 3877 1547 3904 tribuenda
1553 3877 1606 3913 fit,
1626 3879 1693 3908 baud
1703 3889 1824 3917 quaquam
1838 3887 1939 3912 omittit.
2009 3886 2198 3920 Debuitnoss‘e‚
2208 3895 2259 3923 pro

127 3913 189 3940 dum
202 3914 269 3949 potis
283 3914 343 3941 esset
356 3913 497 3946 deasciari,
515 3915 534 3939 ι’.
544 3913 631 3948 plagis
642 3913 701 3957 malt
714 3916 825 3941 mulcari.
1516 3913 1535 3941 B
1572 3921 1588 3939 2.
2152 3922 2257 3951 ἀπύω,
