2479 4225
6 1698 9 1715 ³
41 1712 67 1737 ις
87 1704 114 1730 Si
131 1703 207 1736 aedes
225 1704 314 1730 exesae
333 1703 496 1732 corruerint,
521 1700 671 1734 vitiumque
689 1699 808 1725 fecerint.

7 1734 9 1763 1
39 1738 150 1772 Thyest.
170 1740 188 1766 s.
203 1747 222 1765 1.

0 1971 2 1984 l

0 724 2 734 ²
42 713 144 741 Malum
155 713 249 747 „exedit
267 720 336 740 artus
361 712 462 747 penitus
480 710 536 736 Seu.
557 709 636 734 Herc.
650 709 709 734 Oct.
731 709 748 733 s.
768 716 793 740 9.

0 762 1 766 =
43 749 149 776 iacentis
161 748 254 775 Exedit
268 748 369 783 puerile
386 748 461 774 decus
474 746 534 771 Stat.
549 743 613 770 Silu.
629 751 654 775 2,
671 752 696 775 1,
714 751 761 775 155·

0 831 3 838 .
42 819 155 846 Exedere
170 820 270 851 senem,
288 820 432 854 longusque
451 817 478 842 in
496 823 598 841 carcere
618 814 724 848 paedor.

0 984 1 987 ,
40 961 80 988 An
99 970 140 988 or.

0 1016 1 1022 ,
39 970 190 1027 mogerores,
207 995 396 1029 conficiuntque
409 993 478 1019 curis
490 993 545 1019 Cic.
559 992 591 1019 de
604 992 661 1018 Fin.
676 1001 695 1024 1,
710 1000 740 1024 59
761 999 781 1016 c.
798 994 832 1020 18.

0 1078 1 1094 2
40 1068 152 1094 exeditse
173 1065 291 1094 nefandis
326 1064 427 1092 Vrbem
449 1063 519 1090 odiis
542 1064 601 1090 satis
624 1063 668 1089 est.

0 1158 2 1165 ,
39 1140 182 1171 Curc.1,1,
195 1145 228 1171 4,·
250 1138 356 1172 legitur,
376 1135 466 1162 Nimis
485 1132 652 1163 formidabo,
671 1141 705 1158 ne
724 1131 825 1158 exedat.

0 1524 2 1526 Ι
39 1492 132 1524 miser,
146 1497 224 1527 atque
236 1498 375 1518 exenteror
388 1491 469 1517 Plaut.
482 1488 556 1523 Epid.
570 1497 593 1520 3,
609 1496 633 1519 1,
647 1497 666 1514 1.

0 1958 4 1969 ·
36 1950 125 1976 exesae
145 1948 241 1973 Lucan.
259 1954 282 1978 3,
298 1947 353 1972 226.

44 208 113 256 477
424 197 693 239 EXE

81 295 167 321 EXSJ?
176 295 193 316 C
205 296 224 316 R
235 294 257 316 A
266 294 288 314 Τ
297 294 315 315 0
325 294 360 321 R,
381 288 445 315 oris.
481 296 516 316 m.
553 287 670 314 Tertull.
688 286 719 314 de
731 286 819 314 Pudic.
840 294 861 311 c.
876 290 911 317 15.

47 326 91 363 Ep.
106 327 151 358 166
164 325 211 360 sub
223 324 268 359 fin.
666 334 671 343 1

80 366 174 388 ΕΧΕΩ
187 364 303 391 νΊἽο,
338 358 391 384 vid.
412 364 538 397 xanv
551 363 607 384 ox.

78 400 379 425 BXEDENTVLVS,
397 402 420 425 a,
442 402 494 419 um.
531 393 591 420 Adi.

42 431 84 458 bus
96 437 170 457 caret.
205 429 321 456 Tertull.
336 428 368 455 de
382 429 443 455 Pali.
462 438 482 456 c.
497 436 518 461 ς.
1094 442 1106 458 ,

79 464 216 497 Εκέοο,
234 465 290 491 edis
310 466 350 498 vel
368 473 408 494 es,
428 464 485 495 edi,
506 464 591 494 essim,
609 463 668 494 ere,
686 466 710 486 ee
721 460 817 486 Exest-e.
853 455 951 492 [ἒξέ1ω,
965 455 1070 492 κατ-ἔδω]

44 501 189 537 consumere.
225 501 293 527 Ter.
307 499 411 527 Phorm.
426 508 450 531 2,
464 508 489 532 2,
504 508 521 532 4
546 497 616 525 Tibi
632 504 710 523 omne
724 495 760 521 est
774 494 945 521 exedendum.
970 528 976 533 θ
1013 493 1069 519 Cic.

45 537 151 564 Tuscul.
166 544 192 568 3,
209 544 244 571 27
269 545 290 561 c.
304 544 327 567 13
352 536 474 567 Lacerat,
497 534 565 560 exest
585 532 716 561 animum,
736 531 863 564 planeque
883 528 998 556 conticit.
1034 530 1072 554 De

41 570 211 605 aegritudine.
266 570 450 605 Aegritudines
464 569 575 596 exedunt
588 567 707 594 homines
722 566 794 592 Idem
808 566 890 592 Tusc.
906 572 926 597 ς,
943 566 980 590 16.
1023 564 1071 590 Ar-

41 606 90 634 dor
108 607 242 633 flammeus
259 607 380 633 exederat
398 606 473 632 filuas
492 606 593 631 Lucret.
607 610 633 635 ς,
655 609 720 633 1252.

41 641 110 669 exest
124 651 152 668 ac
163 643 308 677 perrumpit
324 643 382 669 vasa
394 642 460 668 Plin.
474 649 509 673 33,
517 641 542 665 6.
611 636 652 663 Ad
665 645 768 662 carnem
782 636 1014 670 supercrescentem
1027 643 1070 660 ex-

41 676 166 704 edendam
181 678 246 704 Cels.
260 686 283 712 5,
296 686 336 704 22.
430 676 517 703 Labor
528 671 614 700 exedit
627 672 748 698 homines
762 672 848 698 Valcr.
861 672 994 732 A‘gffgg’
1003 678 1072 732 1417ῗᾶ

833 741 940 768 Tineae
957 741 1071 767 exedunt

794 792 840 798 —
875 777 988 803 Vincula
1003 777 1070 802 ferri
1091 792 1116 818 ¹5

795 814 874 839 Virus
895 812 983 838 exedit
1000 819 1070 838 artua

41 854 97 881 Sen.
112 856 188 881 Herc.
200 856 260 882 Oet.
281 856 299 882 s.
315 862 339 889 7.
444 852 511 878 Ter.
524 852 619 876 Heaut.
634 858 657 882 3,
672 858 689 881 1,
703 857 730 882 53
755 849 827 882 Qud
841 854 866 874 te
879 848 1000 873 futurum
1014 856 1071 873 cen-

42 890 93 921 ses,
111 899 189 924 quem
203 890 295 917 affidue
309 887 436 916 exedent?
505 886 610 913 Lucret.
623 895 645 918 3,
660 893 724 920 1007
749 885 797 911 Sed
809 883 908 915 Tityus
929 883 1007 909 nobis
1027 883 1070 908 hnc

41 925 92 956 est,
111 926 138 951 in
151 934 241 953 amore
254 927 377 952 iacentem
413 923 499 955 Quem
512 921 632 947 volucres
645 921 774 952 lacerant,
793 925 871 953 atque
890 918 958 944 exest
978 919 1070 944 anxius

210 963 280 988 Cura
296 959 382 986 exedit
400 957 526 983 medullas
544 956 629 984 Catul.
648 959 698 990 64,
716 964 755 988 23.
833 954 952 980 Exedunt
971 955 1072 980 animos
1080 968 1114 986 20

894 990 943 1016 Vir
962 990 990 1016 il.
1005 991 1070 1016 Aen.

41 1039 65 1066 ς,
78 1038 132 1067 785.
173 1033 330 1067 Conqueritur
347 1030 375 1055 de
388 1030 478 1055 Iunone
499 1030 595 1060 Venus,
615 1028 681 1054 Non
694 1026 780 1052 media
801 1024 832 1051 de
850 1032 926 1059 gente
939 999 1069 1059 iffhrygum

722 1063 765 1089 Sic
785 1064 857 1086 etiam
879 1061 984 1087 Seruius
1000 1063 1070 1097 legit,

756 1093 776 1131 ἦ
807 1105 819 1122 2
856 1097 933 1132 Apud
951 1097 1070 1123 Plautum

877 1133 929 1158 Hic
948 1132 1070 1168 obscenum
1077 1145 1109 1171 25

38 1173 152 1211 quiddam
162 1171 251 1209 Jltbtffi
264 1171 405 1208 quibusdam
419 1171 526 1197 videtur.
562 1170 593 1195 Ec
606 1167 639 1201 est
646 1167 709 1203 fitne
721 1170 748 1193 in
761 1169 821 1198 loco,
836 1176 905 1202 quem
919 1175 1071 1203 comparant,

39 1209 117 1244 Apul.
130 1209 192 1234 Met.
207 1213 220 1238 8
241 1217 266 1242 p.
280 1215 329 1239 213,
347 1216 377 1239 32
402 1206 444 1232 vbi
464 1204 565 1232 Cinaedi
584 1204 617 1230 aa!
628 1207 701 1238 suum
719 1201 876 1239 magistrum,
896 1204 983 1238 Heus,
1000 1212 1072 1233 caue,

39 1245 130 1275 aiunt,
149 1253 180 1270 ne
193 1243 261 1269 solus
275 1242 368 1268 exedas
386 1248 439 1268 tam
457 1241 556 1267 bellum
580 1239 677 1265 scilicet
690 1238 837 1273 pullulum,
858 1245 903 1264 etc.
950 1239 997 1266 Sed
1008 1239 1074 1274 apud

39 1280 156 1309 Plautum
170 1278 268 1305 videtur
279 1281 395 1313 optimum
408 1276 465 1310 ‘ffi'a
483 1283 512 1302 vt
524 1276 617 1302 dicenti
630 1274 710 1301 Rc&e
724 1279 810 1306 tenes,
829 1277 847 1300 i.
861 1278 992 1309 percepisti
1001 1279 1073 1310 scur-

41 1317 86 1344 rili
97 1317 233 1350 captatione
244 1316 330 1347 verbi,
350 1314 437 1340 Plauto
446 1310 642 1349 fhllemniffima,
662 1309 851 1346 respondeatur,
871 1310 960 1336 Minus
977 1310 1071 1336 formi-
1079 1321 1111 1345 30

42 1350 109 1379 dabo
122 1359 154 1377 ne
166 1349 275 1377 excidat.

67 1384 248 1417 1111150011,
268 1384 321 1412 edi.

964 282 1070 318 August.

629 391 694 419 [dt-m
712 400 742 417 ac
754 389 904 418 Edentulus;
930 389 982 424 Qui
993 387 1073 413 denti-

42 790 116 818 eaput
134 784 225 813 Claud.
240 785 268 810 in
280 785 385 818 Eutrop.
400 791 419 814 1,
435 790 484 815 114.
578 779 674 805 Lucan.
689 787 714 811 2,
728 787 759 814 73

36 1094 83 1140 qui
99 1104 144 1130 hoc
164 1101 330 1128 muliebriter
349 1099 449 1127 dicium
468 1106 552 1135 putat.

358 1384 417 1411 Patr.
454 1382 509 1410 Cic.
523 1380 555 1408 de
569 1381 662 1414 Ρ111.1,
676 1387 701 1413 51
723 1389 744 1406 c.
759 1382 788 1406 16
808 1381 908 1414 Easque
927 1380 994 1415 ipsas
1013 1380 1074 1406 soli-

31 1421 185 1454 witudines‚
202 1421 295 1455 quibus
307 1429 400 1446 eorum
414 1419 497 1445 animi
510 1417 600 1443 no&es
620 1415 728 1450 diesque
741 1415 904 1448 exeduntur,
924 1425 939 1442 a
958 1416 1009 1442 diis
1024 1417 1073 1441 im-

774 1451 953 1486 Exspectando
973 1452 1072 1478 exedor

1081 1500 1109 1526 35

41 1453 194 1484 mortalibus
210 1456 341 1491 supplicii
353 1456 426 1481 causa
445 1454 585 1488 importari
603 1458 702 1486 putant.

73 1533 290 1560 EXESVRVS‚
314 1536 343 1559 a,
365 1535 419 1553 um.
454 1525 547 1551 Partic.
583 1523 649 1549 Plin.
670 1524 716 1554 26,
735 1530 760 1554 13
781 1529 845 1549 extr.
873 1523 1024 1550 Nascuntur
1045 1522 1074 1548 in

0 1550 3 1561 >
39 1563 163 1598 sanguine
175 1563 232 1597 ipso
245 1563 362 1589 hominis
375 1561 501 1588 animalia
514 1559 622 1585 exesura
634 1566 741 1592 corpus:
767 1557 796 1583 de
803 1558 950 1592 phthiriasi.

55 1601 57 1603 '
75 1600 195 1626 Exfisv
206 1605 234 1631 S,
252 1608 276 1629 a,
295 1607 349 1623 um.
385 1597 478 1623 Partic.
516 1592 711 1628 [ἐξιδηδομένος]
747 1593 802 1618 Cic.
819 1593 901 1619 Tusc.
915 1601 943 1625 ς,
958 1595 989 1625 65
1010 1602 1031 1618 c.
1044 1601 1074 1624 23

38 1634 186 1669 Apparebat
198 1634 360 1668 epigramma
373 1632 452 1658 exesis
464 1629 654 1665 posterioribus
667 1628 784 1663 partibus
796 1628 984 1654 verficulorum
998 1628 1076 1654 dimi-

40 1668 118 1695 diatis
138 1670 202 1695 fcre.
274 1668 352 1694 Curis
366 1668 455 1693 exesus
469 1665 556 1692 Valer.
571 1665 669 1698 Argon.
690 1672 721 1695 2,
736 1670 787 1696 137.

880 1701 993 1725 Antrum
1016 1700 1075 1724 Seu.

288 1738 399 1765 Arboris
410 1739 498 1764 exesae
513 1742 616 1762 antrum
630 1736 702 1767 Virg.
718 1735 814 1768 Georg.
826 1743 855 1768 4,
867 1742 913 1766 44.
984 1734 1075 1759 Exesas

39 1775 118 1801 tineis
134 1775 274 1809 opicasque
288 1774 412 1801 euoluere
426 1772 534 1799 Chartas
548 1771 645 1796 Auson.
659 1769 746 1802 Epigr.
760 1777 797 1798 22,
808 1777 830 1799 3.
903 1769 972 1793 Dens
984 1768 1074 1792 exesus

38 1809 156 1836 scribon.
169 1817 205 1841 33.
219 1817 260 1841 95.
331 1810 427 1842 Fruges
441 1808 530 1832 exesae
543 1806 571 1829 in
584 1804 682 1829 horreo
694 1802 857 1827 ventilentur
869 1802 1001 1827 Columel.
1016 1809 1036 1831 1,
1049 1802 1074 1825 6.

37 1845 125 1869 Genae
138 1844 244 1869 Tibull.
258 1850 279 1873 1,
294 1850 326 1872 11,
334 1850 375 1876 37.
418 1841 475 1866 Vid.
490 1837 639 1870 Brouckhufi
710 1836 824 1868 Ligones
838 1835 886 1860 situ
900 1834 966 1860 exesi
980 1834 1114 1869 Claud.45

35 1878 66 1905 in
78 1879 156 1905 Cons.
168 1876 223 1903 Stil.
239 1885 258 1907 1,
273 1883 324 1907 195.
394 1876 473 1901 Mons
489 1872 583 1905 Virgil.
597 1872 693 1903 Georg.
708 1877 735 1901 4,
748 1878 801 1902 4¹9.
873 1869 928 1895 Pila
941 1870 1074 1895 011013111-

35 1912 126 1948 biginc
145 1910 218 1938 Idem
232 1911 327 1943 Georg.
341 1918 359 1940 1,
371 1917 431 1942 495.
501 1908 599 1933 Pumex
618 1905 699 1932 Ouid.
713 1905 776 1930 Falt.
791 1914 819 1938 4,
832 1911 892 1938 495.
987 1905 1074 1938 Rupes

419 1942 525 1978 Scopuli
544 1943 631 1968 Senec.
647 1941 726 1967 Herc.
742 1940 794 1966 fur.
809 1949 833 1966 2.
905 1939 1013 1966 Tunica
1031 1949 1075 1965 ex-

0 2004 1 2009 .
33 1985 75 2012 esa
87 1981 206 2011 Scribon.
220 1989 259 2013 23.

71 2027 88 2047 E
96 2028 111 2046 x
120 2020 138 2046 1Ξ
145 2025 157 2044 s
168 2024 188 2044 o
199 2025 217 2044 R
227 2037 234 2049 ,
255 2016 319 2042 oris.
354 2024 389 2042 111.
426 2010 543 2048 [iiiior]
578 2011 668 2038 Aestus
680 2011 804 2046 aequoris
825 2011 917 2037 exesor
930 2018 1071 2037 murorum
1083 2016 1115 2043 50

0 2059 3 2090 j
37 2055 134 2084 circum
153 2053 231 2080 litora
252 2052 355 2079 Lucret.
370 2060 399 2084 4,
412 2058 471 2076 220.
507 2056 530 2075 ct
548 2050 574 2080 6,
589 2050 650 2081 926.

0 2935 3 2943 7
36 2907 121 2936 lebam
135 2905 238 2933 tabellis
252 2912 355 2943 ornare.

0 2946 6 2967 1

0 3442 7 3487 -zs-
0 3265 6 3427 uw———m

8 2518 11 2528 ⁸
35 2520 106 2545 editt.
120 2523 181 2543 vett.
195 2515 295 2550 quidam
307 2522 336 2539 ex
347 2516 445 2549 ingenio
462 2512 602 2538 orchestra.
637 2513 664 2538 A
676 2513 780 2538 Gruter-o
792 2511 849 2538 inde
863 2512 979 2538 Exostra.

37 2553 161 2579 edrarum
181 2550 248 2586 osum
258 2548 416 2584 frequentem
429 2547 508 2582 suisti·
524 2547 591 2587 apud
603 2548 740 2581 Romanos,
765 2546 832 2573 docet
850 2548 904 2573 Cic.
923 2546 956 2573 de
975 2547 1071 2574 Natur.
1092 2549 1198 2586 65g'1110
1211 2558 1236 2577 et
1259 2550 1465 2577 communicatio
1484 2548 1609 2574 mutatis.

57 2111 59 2113 -
73 2099 91 2119 E
100 2098 118 2118 x
126 2088 197 2118 linx
206 2096 244 2121 A,
266 2088 292 2124 s.
312 2093 341 2113 vt
359 2087 453 2112 malunt
469 2085 516 2111 alii
528 2090 632 2118 propter
645 2089 740 2116 etymon
758 2089 775 2109 Ε
783 2090 801 2109 x
811 2089 831 2109 H
840 2088 857 2108 E
865 2088 883 2107 D
893 2088 911 2108 R
921 2088 943 2108 A
951 2101 959 2113 ,
976 2090 1015 2108 ae.
1052 2081 1073 2108 f.

34 2121 169 2162 [ἐξέδρα]
187 2126 266 2151 Locus
282 2122 315 2149 ad
327 2120 493 2155 confidendum
505 2120 613 2146 idoneus.
649 2120 671 2144 V
675 2118 755 2144 itruu.
771 2126 793 2150 ς,
807 2127 829 2144 11
847 2117 875 2143 de
890 2116 1071 2150 Palafflrarum

42 2162 216 2198 aedificatione,
234 2158 435 2186 Constituantur
446 2161 533 2183 autem
547 2154 575 2181 in
587 2153 673 2181 tribus
686 2153 834 2188 porticibus
852 2153 962 2180 exedrae
977 2153 1071 2187 spatio-

45 2199 100 2230 saeJ
116 2196 234 2224 habentes
253 2194 323 2221 sedes
343 2194 372 2220 in
390 2193 486 2228 quibus
505 2189 671 2226 philosophi,
696 2189 884 2225 rhetoresque,
904 2198 932 2215 ac
955 2189 1107 2223 reliqui‚3;

45 2233 90 2269 qui
101 2231 186 2260 studiis
198 2230 378 2261 delectantur,
398 2228 513 2255 sedentes
528 2227 660 2261 disputare
673 2224 772 2260 pollint.
845 2226 876 2250 Et
890 2232 916 2258 7,
930 2233 950 2257 9,
966 2225 1072 2260 Apertis

43 2268 192 2301 verolocis‚
212 2267 240 2293 id
254 2266 290 2292 est
304 2264 445 2297 Peristyliis
464 2269 507 2290 aut
519 2262 643 2295 Exedris,
664 2267 708 2288 aut
721 2260 831 2288 caeteris
850 2260 982 2287 eiusmodi
997 2260 1072 2294 locis,

39 2313 93 2340 quo
104 2303 145 2331 Sol
158 2309 183 2330 et
195 2304 270 2329 Luna
284 2301 357 2336 poffit
370 2299 519 2335 splendores
533 2305 558 2325 et
571 2298 658 2325 radios
672 2298 831 2331 immittere,
852 2304 897 2325 etc.
970 2297 1025 2324 Cic.
1040 2297 1072 2324 de

37 2340 94 2368 Fin.
108 2347 130 2373 ς,
143 2341 157 2366 6
182 2338 231 2367 Etsi
251 2337 333 2364 multa
351 2337 380 2363 in
399 2335 475 2363 omni
494 2341 565 2370 parte
579 2334 742 2361 Athenarum
760 2335 818 2363 sunt
836 2334 864 2360 in
878 2333 938 2368 ipsis
952 2333 1018 2359 locis
1031 2333 1070 2359 in-

39 2376 106 2409 dicia
120 2377 282 2401 summorum
295 2373 433 2400 virorum:
459 2377 546 2398 tamen
560 2379 609 2405 ego
628 2369 673 2396 illa
686 2378 799 2396 moneor
813 2369 917 2396 exedra.
987 2368 1070 2395 Modo
1078 2373 1113 2397 60

38 2412 109 2438 enim
126 2411 178 2437 fuit
197 2408 357 2441 Carneades,
381 2417 460 2442 quem
479 2407 571 2433 videre
591 2406 693 2432 videor.
776 2405 849 2431 Idem
871 2404 902 2431 de
921 2405 1070 2431 Prouinciis

8 2455 9 2459 ¹
35 2445 224 2474 Consularibus
241 2453 272 2478 14
298 2445 389 2477 Itaque
402 2443 448 2468 ille
460 2443 542 2473 alter,
561 2447 606 2467 aut
618 2442 672 2474 ipse
686 2440 722 2466 est
736 2440 818 2466 homo
832 2440 935 2472 decius,
954 2446 978 2466 et
991 2449 1005 2469 a
1018 2441 1071 2467 suis

1029 2478 1072 2503 Sic

1023 2513 1072 2538 Ex-

35 2483 142 2510 Graecis
155 2480 275 2508 subtilius
289 2479 423 2510 eruditus,
441 2477 599 2511 quibuscum
621 2477 673 2503 iam
689 2476 717 2501 in
730 2476 824 2502 exedra
842 2476 980 2502 helluatur.

38 2590 118 2615 Deor.
133 2596 154 2619 1,
168 2594 192 2618 ις
214 2594 233 2610 c.
247 2587 264 2610 6
290 2584 360 2610 Nam
378 2593 460 2618 quum
473 2583 549 2609 feriis
563 2583 665 2608 Latinis
684 2581 716 2609 ad
729 2591 790 2608 eum
808 2582 886 2616 ipsius
904 2589 1015 2617 rogatu,
1031 2593 1071 2609 ac-

36 2623 183 2656 cerfituque
201 2620 337 2650 venissem,
355 2618 454 2646 offendi
473 2627 533 2645 eum
553 2618 684 2644 sedentem
704 2618 732 2644 in
750 2618 860 2650 exedra,
881 2624 906 2644 et
928 2628 986 2644 cum
1003 2620 1069 2644 Caio

37 2658 144 2685 Velleio
159 2657 280 2683 Senatore
296 2652 479 2689 disputantem.
500 2661 503 2664 ’
528 2655 566 2680 De
580 2655 694 2680 Oratore
713 2662 741 2685 3,
760 2661 788 2687 17
815 2662 836 2679 c.
851 2661 863 2685 ς
887 2654 915 2679 de
933 2654 1072 2678 meridiana

35 2698 116 2730 quiete
130 2695 241 2728 loquens,
266 2692 356 2723 Qtum
370 2689 471 2720 dedita,
488 2691 580 2723 inquit,
598 2697 678 2721 opera
692 2688 885 2721 quiescentibus
898 2687 958 2712 aliis
972 2688 1000 2713 iu
1013 2696 1071 2713 eam

36 2729 160 2758 exedram
174 2727 296 2757 venustet,
317 2726 345 2751 in
359 2734 410 2759 qua
423 2724 523 2750 Crassus
535 2723 633 2748 lectulo
648 2723 731 2756 polito
744 2722 909 2748 recubuiss'ct.

34 2769 73 2793 rie
95 2768 177 2799 itaque
197 2765 225 2788 in
248 2760 349 2788 Exedra
371 2770 419 2786 non
435 2760 498 2796 fitne
520 2755 594 2790 letti,
614 2757 663 2794 er
675 2757 769 2793 fidilia
789 2757 878 2783 modo:
909 2756 951 2783 hic
969 2756 1073 2783 lefiulas

31 2803 127 2829 illatus.
317 2832 323 2837 ·

30 2848 31 2852 ’
70 2839 334 2864 EXEDRIVM,1.
371 2840 398 2857 Π.

436 2829 537 2856 Dimin.
560 2828 591 2854 ab
609 2827 719 2854 Exedra.
756 2828 811 2854 cic.
826 2828 897 2854 Fam.
911 2834 938 2861 7,
951 2836 981 2859 23
1008 2829 1073 2854 Exe-

36 2872 94 2900 dria
109 2869 235 2907 quaedam
250 2868 318 2894 mihi
331 2875 401 2893 noua
415 2866 471 2892 sunt
484 2865 601 2892 instituta
614 2864 643 2890 in
654 2862 783 2898 porticula
796 2863 944 2890 Tusculani
959 2874 965 2888 :
984 2872 1013 2890 ea
1027 2873 1073 2890 vo-

57 2943 60 2946 ”
73 2948 142 2970 Exn
152 2948 169 2968 D
179 2948 199 2967 v
208 2947 249 2973 Μ,
270 2949 288 2965 1.
310 2948 336 2964 n.
373 2935 471 2968 Herba,
491 2934 558 2962 Plin.
574 2943 640 2969 quae
652 2934 789 2961 veternosa
802 2939 888 2960 curat:
907 2933 960 2960 vid.
974 2943 1019 2969 24,
1035 2943 1071 2967 19.
1082 2907 1112 2934 7³

74 2985 118 3005 Ex
126 2984 143 3004 E
151 2983 169 3003 D
177 2983 254 3003 VRA
264 2981 286 3001 T
298 2981 316 3000 v
326 2981 338 3000 s
347 2992 355 3004 ,
372 2979 396 3004 a,
416 2981 470 2998 um.
497 2970 558 2997 Adi.
595 2970 724 3001 Mollstus,
737 2970 898 3004 enigoratus‚
907 2970 1073 3003 excduratus,

39 3017 58 3041 ι’.
74 3013 163 3040 duritie
172 3014 291 3047 priuatus
305 3016 329 3036 et
342 3006 479 3042 destitutus.
521 3005 578 3033 Vid.
599 3012 825 3033 ExODORATvs.
883 3010 891 3015 ⁴

37 3045 43 3049 “
67 3054 91 3074 'E
99 3054 119 3074 x
127 3054 144 3074 E
154 3053 170 3073 F
179 3053 195 3073 F
204 3054 214 3073 1
223 3053 239 3073 C
248 3053 284 3072 10
293 3065 302 3078 ,
323 3047 375 3071 erc.
411 3041 526 3078 Perfefle
543 3039 630 3075 efficio.
663 3041 763 3068 Acidal.
777 3042 868 3073 Parcus
888 3041 979 3068 Plauto
992 3042 1071 3069 Curc.

41 3092 68 3116 2,
78 3091 101 3115 3,
112 3088 150 3115 85.
183 3088 205 3108 et
221 3082 305 3108 Truc.
323 3088 347 3114 ς,
363 3088 383 3112 1,
402 3086 430 3113 17
455 3078 488 3104 ad
498 3077 655 3113 fulciendum
673 3077 768 3113 versum
786 3076 859 3104 reddi
876 3079 971 3104 volunt.

41 3118 134 3157 nescio,
161 3125 193 3143 an
213 3118 341 3152 exemplum
364 3115 394 3141 iit
419 3114 489 3140 aliud
508 3116 645 3149 geminatae
664 3115 691 3139 in
714 3122 762 3139 vno
783 3113 856 3139 verbo
878 3113 980 3139 eiusdem
997 3115 1072 3140 Prae-

56 3164 68 3180 ο
79 3154 171 3180 trionis.

33 3161 54 3191 P
62 3155 93 3216 Ji:
102 3196 120 3215 x
128 3194 144 3214 E
153 3193 173 3213 G
181 3188 199 3213 ἐ
207 3193 219 3213 s
227 3194 238 3213 1
246 3194 258 3213 s
266 3206 275 3218 ,
293 3186 324 3213 is.
358 3186 380 3212 f.
416 3184 556 3217 [ἐξήγησις]
593 3184 717 3210 Narratio
725 3202 732 3214 ,
751 3182 874 3218 expositio.

76 3231 93 3252 Ε
102 3230 119 3250 x
127 3229 143 3249 E
151 3228 172 3248 G
181 3228 197 3248 E
205 3228 225 3248 T
234 3229 245 3248 1
253 3227 271 3248 C
281 3228 299 3247 V
310 3229 323 3248 s
330 3241 339 3254 ,
350 3230 374 3258 a,
388 3230 443 3249 um.
467 3220 528 3246 Adi.
563 3218 737 3254 [ἔξηγητικός]
770 3218 820 3262 Ad¹
827 3217 933 3255 exegqfivz
942 3218 1070 3254 speciant.

814 602 959 634 Argentum
978 599 1071 625 Vi¹¹¹¹¹¹¹
1096 611 1206 635 lotum,
1224 605 1253 631 L.
1268 604 1418 631 Domitium
1434 604 1582 629 Praetorem
1602 604 1629 629 in
1643 604 1747 634 Sicilia,
1767 611 1812 630 etc.

858 1663 913 1689 Cic.
933 1664 961 1689 in
974 1663 1074 1697 Topic.
1083 1679 1120 1703 40

963 2722 1072 2748 Ordnm-
1086 2730 1120 2757 70
1134 2725 1214 2758 Quod
1227 2724 1348 2758 exemplo
1357 2724 1408 2755 Fit,
1426 2724 1453 2749 id
1468 2724 1526 2749 iure
1538 2722 1598 2749 fieri
1611 2728 1724 2756 putatur.

1026 3078 1073 3105 Sed
1088 3083 1120 3109 80
1132 3080 1252 3114 exempla
1268 3079 1336 3105 mala
1357 3077 1438 3105 Ouid.
1459 3077 1491 3104 de
1506 3078 1569 3103 Arte
1583 3079 1641 3104 Am.
1663 3087 1694 3110 2,
1716 3085 1770 3113 575.

1539 196 1691 238 EX
1776 196 1808 235 Ε
2094 208 2167 251 478

1134 290 1238 321 γραφον,
1252 285 1278 322 s
1297 285 1450 321 οἶπᾶγραφυν,
1471 287 1626 322 descriptum
1645 283 1695 318 qli,
1709 283 1784 320 poffit
1798 286 1901 323 alterius
1921 287 2030 323 rcspebiu
2050 288 2167 321 archety.

1135 330 1196 355 pum
1209 322 1279 357 fieri.
1333 322 1381 349 Sed
1396 325 1446 348 iam
1465 321 1628 349 audioritatcs
1657 330 1752 347 onemus
1765 321 1809 346 hoc
1817 322 1875 356 jere
1895 323 1978 349 ordint·
1991 334 2000 349 .·
2034 326 2054 350 1.
2074 326 2166 351 Exem-

1133 358 1204 391 plum
1225 356 1382 393 fflfac‘hm,
1403 357 1543 390 cuifrmilia
1559 359 1609 384 alia
1624 328 1679 390 effi,
1698 357 1738 382 uel
1750 355 1792 389 effi?
1806 356 1903 388 debere,
1921 359 2097 394 intelligimus,
2110 360 2166 396 spe*-

1134 395 1219 418 ciatim
1236 393 1275 426 stc
1294 399 1414 424 vocantur
1433 393 1550 425 Poenae,
1574 393 1706 422 Virtutes,
1730 391 1875 425 Specimina
1896 392 1923 416 in
1944 393 2062 421 docendo
2081 396 2168 422 allata.

1096 433 1107 440 ”
1133 428 1166 453 ΙΙ.
1185 429 1338 463 Exemplum
1351 426 1384 460 est
1396 437 1435 453 ret
1444 447 1452 459 ,
1469 437 1527 462 quae
1541 427 1768 461 adJimiIirudinem
1777 446 1784 458 ,
1797 428 1835 453 vel
1848 427 2045 462 intelligendam,
2061 433 2101 456 vel
2111 434 2168 457 imi-

1133 463 1251 495 tandam,
1268 463 1493 499 exprimendamque
1505 466 1652 498 proponitur
1666 473 1673 488 :
1698 463 1738 488 vel
1755 462 1809 497 ipsa
1827 461 1929 497 denique
1947 471 1987 487 res
2002 467 2037 489 ita
2050 465 2167 499 eaprqslh.

1134 500 1219 534 Igitur
1232 501 1315 527 Primo
1453 497 1474 533 Ἢ
1494 507 1509 523 2
1545 498 1697 533 Exemplum
1712 496 1870 533 eflfaHum,
1891 500 1931 523 cui
1945 499 1996 523 alia
2007 497 2100 531 similia
2114 495 2167 533 esti,

1132 535 1173 560 vel
1188 533 1230 567 effe
1246 534 1328 560 debere
1346 533 1506 567 intelligitur.
1548 535 1578 559 V.
1592 543 1616 568 g.
1640 534 1696 559 Cic.
1712 534 1788 559 Verr.
1802 540 1824 565 ς,
1838 540 1855 566 7
1880 534 1958 559 Vetus
1973 532 2024 565 cst,
2045 535 2114 568 quod
2129 531 2169 562 di-

1132 578 1203 601 cam,
1222 575 1248 595 et
1263 575 1370 604 propter
1384 569 1550 594 seueritatem
1567 568 1681 602 exempli
1700 569 1801 595 nemini
1820 568 1924 595 fortasse
1938 568 2052 594 vestrum
2066 570 2170 597 inaudi-

1882 603 1954 630 Idem
1969 604 2043 630 verr.
2059 613 2073 630 2
2120 625 2125 630 .
2161 625 2169 630 .

1133 639 1241 666 Nullius
1261 640 1329 674 apud
1348 646 1373 666 tc
1392 639 1480 673 grauis
1495 638 1665 665 Aufioritas?
1697 639 1799 665 nullum
1819 640 1984 673 exemplum,
2005 624 2084 674 quod,
2096 640 2171 674 sequi

1132 675 1213 701 velles
1228 676 1237 700 3
1332 674 1544 701 Sueton.Tibe1·.
1559 683 1580 699 c.
1591 676 1624 707 67
1639 672 1759 708 Exempli
1772 675 1846 700 causa
1861 674 2020 707 cauendum,
2040 685 2073 701 ne
2087 676 2112 701 se
2128 677 2170 701 Se-

1133 717 1208 736 natus
1221 711 1249 736 in
1263 710 1321 737 afta
1337 710 1490 743 cuiusquam
1503 709 1642 744 obligaret.
1713 710 1882 736 Innocentiae
1895 710 2044 745 exemplum
2056 710 2099 737 vir
2111 710 2171 739 cic.

1133 745 1164 771 de
1178 746 1252 772 Orat.
1268 754 1287 777 1,
1301 753 1359 778 229.
1430 746 1566 771 Vitiorum
1583 744 1700 779 exempla
1715 746 1807 772 Horat.
1816 746 1896 771 Sci-m.
1912 754 1931 777 1,
1946 755 1974 779 4,
1987 748 2043 772 106.
2094 746 2172 773 Clara

1133 787 1158 807 et
1171 780 1282 807 illustria
1295 780 1414 814 exempla
1429 781 1484 806 Cic.
1499 780 1531 806 de
1545 781 1635 806 Diuin.
1650 789 1670 811 2,
1686 785 1707 809 8.
1777 780 1904 807 Deforme
1917 781 2068 816 exemplum
2086 782 2172 815 Quin-

1132 817 1189 842 fiii.
1201 825 1223 848 3,
1237 824 1263 849 9.
1341 817 1433 842 quen.
1448 816 1498 843 Sat.
1512 825 1537 847 2,
1550 822 1582 848 48
1608 816 1672 842 Non
1686 816 1737 842 erit
1751 816 1836 842 vllum
1871 817 2026 850 Exemplum
2038 817 2066 843 in
2081 817 2172 844 nostro

1132 858 1185 878 tam
1199 851 1356 878 Detestabile
1372 852 1442 877 sexu.
1524 851 1700 877 Domesticum
1717 850 1749 877 ad
1765 851 1925 878 imitandum
1938 852 2051 885 habere,
2064 853 2093 888 J?
2105 852 2173 879 dicit

1131 888 1191 914 Cato
1206 894 1326 922 proauum
1340 886 1414 922 ficum
1435 886 1491 913 Cic.
1510 895 1559 921 pro
1578 888 1697 913 Muraen.
1716 887 1759 914 66.
1869 887 2017 914 Domestica
2040 888 2173 915 vitiorum

1131 922 1251 957 exempla
1263 924 1355 949 quen.
1369 922 1418 948 Sat.
1435 931 1474 955 14,
1488 930 1525 953 32.
1618 923 1714 947 Patere.
1730 929 1750 951 2,
1764 930 1805 954 1¹9
1831 922 1989 949 Volumnius
2002 924 2062 949 Diri
2077 923 2172 950 3ιιέ101·

1132 958 1256 993 exempli,
1269 957 1408 992 spoliatum
1422 957 1511 992 equite
1525 956 1639 991 peditem
1653 956 1814 990 relinquens,
1831 957 1892 991 fuga
1906 967 1965 984 curn
1978 959 2037 984 aliis
2050 958 2173 986 Rhenum

1132 999 1220 1027 petere
1234 993 1359 1028 ingrersus
1372 993 1416 1019 cst.
1520 994 1577 1019 Cic.
1591 991 1644 1018 Off.
1659 1000 1678 1023 1,
1692 1000 1740 1024 ¹04
1766 992 1935 1025 Suppeditant
1954 1001 2040 1019 autem
2060 1000 2085 1020 et
2105 1003 2173 1021 cam-

1131 1038 1178 1064 pus
1191 1029 1279 1056 noster
1294 1034 1320 1055 et
1333 1027 1417 1054 studia
1430 1028 1558 1059 venandi,
1578 1026 1693 1054 Honesta
1706 1027 1825 1060 exempla
1837 1026 1955 1053 ludendi.
2011 1030 2172 1056 Immensum

1132 1065 1282 1099 exemplum
1300 1063 1366 1090 Plin.
1379 1069 1417 1095 28,
1431 1073 1452 1090 2.
1480 1067 1499 1090 ι’.
1514 1064 1665 1090 vehementer
1677 1061 1790 1087 notabile.
1862 1062 1926 1088 Non
1937 1063 2009 1088 Leuc
2022 1065 2174 1098 exemplum

1133 1101 1213 1127 Ouid.
1234 1101 1289 1126 Art.
1310 1100 1367 1126 Am.
1385 1108 1412 1131 3,
1430 1101 1488 1129 686.
1595 1096 1697 1124 Sallust.
1710 1096 1795 1123 Catil.
1817 1103 1847 1129 51
1875 1099 1901 1122 in
1922 1101 2031 1124 oratione
2046 1100 2173 1135 Caesaris,

1133 1136 1230 1162 Omnia
1237 1135 1308 1163 Mala
1321 1135 1440 1169 exempla
1453 1143 1484 1160 ex
1499 1133 1577 1160 bonis
1591 1133 1675 1159 initiis
1688 1138 1746 1158 orta
1759 1133 1824 1158 sunt.
1862 1132 1910 1158 Sed
1924 1132 1971 1159 vbi
1985 1133 2127 1168 imperium
2141 1136 2174 1161 ad

1133 1171 1238 1205 ignaros
1252 1177 1296 1197 aut
1309 1171 1396 1196 minus
1411 1170 1497 1196 bonos
1513 1169 1648 1204 peruenit,
1668 1168 1778 1194 Nouum
1793 1165 1859 1193 illud
1874 1168 2023 1203 exemplum
2041 1169 2074 1195 ab
2088 1170 2176 1205 dignis

1135 1213 1161 1233 et
1173 1206 1278 1233 idoneis
1292 1205 1323 1232 ad
1337 1205 1459 1239 indignos
1479 1212 1504 1231 ct
1515 1213 1570 1230 non
1581 1203 1694 1230 idoncos
1710 1203 1875 1229 transfertur.
1971 1204 2116 1231 Nobiliora
2131 1214 2176 1231 cx-

1133 1242 1219 1277 cmpla
1238 1242 1375 1268 Claudian.
1391 1242 1423 1267 de
1437 1240 1519 1266 Laud.
1533 1240 1622 1266 Seren.
1637 1247 1679 1265 22.
1783 1237 1864 1265 Ouid.
1881 1240 1944 1266 Met.
1964 1248 1989 1271 3,
2009 1249 2054 1267 122
2079 1241 2174 1268 Exem-

1133 1278 1232 1312 ploque
1246 1278 1303 1304 Pari
1317 1276 1400 1303 fuerit
1413 1276 1499 1302 omnis
1513 1275 1599 1302 turba.
1654 1275 1705 1300 Hi.-
1723 1274 1873 1308 exemplum
1893 1273 1926 1307 est
1946 1274 2104 1311 non—fastum
2118 1280 2177 1312 pri-

1133 1323 1197 1339 mum
1206 1333 1214 1346 ‚
1235 1313 1282 1349 fid
1298 1312 1434 1348 flatandum
1452 1314 1591 1337 imitatione
1615 1308 1746 1350 exprtffffism
1761 1320 1768 1334 .·
1802 1310 1923 1344 exemplo
1946 1312 2021 1345 pari,
2045 1311 2175 1345 fimillter.

1135 1349 1287 1375 Periculose
1300 1348 1415 1374 nimium
1435 1346 1557 1380 exemplo
1576 1345 1692 1372 Martial.
1708 1354 1726 1374 1,
1741 1350 1780 1375 28.
1851 1346 1906 1372 Cic.
1923 1355 1971 1380 pro
1986 1347 2070 1373 Flacc.
2083 1356 2118 1380 24
2143 1349 2175 1374 In

1135 1384 1185 1411 hoc
1198 1393 1247 1419 ego
1261 1393 1309 1411 reo
1321 1392 1353 1409 ne
1368 1382 1441 1418 quod
1454 1382 1631 1408 Perniciosum
1645 1381 1795 1415 exemplum
1815 1380 1955 1414 prodatur,
1975 1382 2177 1416 pertimescant

1135 1420 1194 1446 Liu.
1209 1428 1230 1451 2,
1244 1428 1271 1453 55
1292 1419 1344 1446 Sub
1360 1419 1408 1445 hac
1421 1418 1520 1444 Pessimi
1532 1417 1646 1450 exempli
1659 1415 1773 1442 vifloria
1788 1415 1902 1443 delectus
1916 1417 2039 1444 edicitur.
2105 1419 2175 1446 Hor.

1135 1455 1187 1482 Od.
1198 1464 1219 1487 3,
1231 1464 1252 1487 5,
1266 1463 1290 1488 15
1311 1454 1466 1481 Diffentiens
1502 1468 1547 1473 ——
1583 1451 1704 1485 exemplo
1715 1450 1849 1478 Trahenti
1864 1453 2009 1480 Perniciem
2024 1453 2132 1480 veniens
2146 1455 2177 1481 in

1135 1500 1238 1517 aeuum.
1310 1489 1469 1516 Venerabile
1482 1489 1630 1522 exemplum
1643 1495 1748 1513 morum
1761 1487 1842 1513 Ouid.
1856 1487 1888 1514 ad
1901 1488 2006 1515 Liuiam
2021 1497 2055 1521 13.
2117 1490 2175 1516 Cic.

1136 1526 1255 1552 de‘Orat.
1269 1534 1290 1558 3,
1304 1534 1338 1558 29
1358 1535 1378 1552 c.
1393 1531 1405 1554 8
1433 1523 1481 1551 Sed
1498 1523 1561 1558 quid
1577 1532 1626 1557 ego
1639 1528 1728 1549 vetera
1742 1522 1905 1557 conquiram,
1920 1533 2002 1558 quum
2015 1524 2085 1551 mihi
2097 1525 2177 1551 liceat

1135 1562 1175 1588 vti
1189 1562 1368 1595 praesentibus
1382 1559 1508 1594 exemplis
1521 1565 1598 1592 atque
1608 1558 1700 1584 Viuis?
1719 1560 1736 1583 i.
1748 1558 1871 1584 hominum
1879 1559 2053 1594 praesentium.
2089 1561 2177 1593 Qun-

1137 1597 1191 1623 ἂίΙ.
1206 1605 1242 1627 10,
1255 1605 1279 1626 2,
1293 1607 1312 1630 4
1336 1596 1365 1622 de
1377 1598 1515 1621 imitatione
1523 1595 1533 1625 ,¹
1552 1593 1625 1627 Qud
1645 1593 1717 1620 enim
1731 1593 1851 1619 futurum
1865 1600 1920 1620 erat
1934 1594 2100 1627 temporibus
2113 1595 2176 1625 illis.

1137 1641 1203 1666 quae
1216 1632 1268 1657 line
1282 1631 1403 1665 exemplo
1419 1631 1540 1660 fuerunt,
1561 1630 1578 1655 ti
1600 1629 1720 1654 homines
1738 1627 1821 1657 nihil,
1845 1628 1891 1653 nisi
1914 1628 1988 1662 quod
2005 1630 2058 1654 iam
2077 1638 2177 1663 cogno-

1137 1668 1243 1698 vitient,
1261 1667 1412 1693 faciendum
1426 1666 1474 1692 fibi
1488 1672 1534 1691 aut
1545 1663 1715 1698 cogitandum
1734 1663 1876 1696 putassent?
1945 1663 1973 1688 Si
1987 1672 2076 1689 meum
2088 1673 2178 1690 exem-

1135 1704 1210 1737 plum
1226 1703 1285 1728 effet
1295 1722 1303 1734 ,
1335 1702 1360 1728 h.
1374 1711 1393 1727 e.
1404 1700 1430 1734 fi
1443 1703 1542 1734 primus
1561 1700 1605 1725 hoc
1613 1697 1740 1733 facerem,
1760 1696 1991 1756 quodft‘qiuerentur
2002 1699 2049 1724 alii
2061 1699 2178 1726 Martial.

1137 1746 1148 1763 ι
1168 1737 1250 1770 praef.
1323 1735 1500 1766 Plaut.Mil.3,
1515 1742 1535 1764 1,
1551 1736 1596 1759 162
1623 1739 1676 1758 ΡΑ.
1696 1732 1740 1757 Fit
1751 1731 1794 1765 pol
1810 1731 1857 1757 illu
1889 1731 1921 1757 ad
1937 1732 2004 1759 illud
2017 1735 2178 1768 exemplum,

1135 1776 1164 1797 vt
1177 1770 1254 1796 docte
1267 1776 1292 1796 et
1304 1770 1421 1804 perfecte
1433 1768 1513 1803 sapit,
1538 1770 1556 1793 i.
1566 1768 1657 1801 procul
1668 1766 1741 1792 dubio
1755 1769 1793 1792 ita
1801 1766 1843 1800 fit,
1855 1773 1885 1792 vt
1897 1767 1971 1794 dicis.
2012 1770 2069 1795 Vid.
2084 1770 2176 1797 Bacch.

1136 1813 1158 1836 3,
1172 1808 1258 1836 1,'129.
1283 1813 1305 1835 3,
1318 1807 1343 1835 6,
1358 1813 1390 1830 11.
1463 1801 1542 1836 Qiod
1559 1801 1593 1828 ad
1610 1801 1760 1836 exemplum
1779 1802 1830 1833 est,
1850 1802 2003 1830 coniediura
2023 1803 2040 1830 [i
2058 1806 2178 1839 reperire

1136 1839 1286 1872 possumus?
1317 1842 1336 1865 i.
1356 1840 1454 1874 qualis,
1473 1847 1521 1874 qua
1533 1836 1607 1873 facie
1625 1835 1672 1871 est,
1693 1846 1740 1873 quo
1750 1835 1824 1869 statu
1843 1841 1968 1873 corporis,
1987 1846 2012 1865 et
2028 1843 2071 1866 cui
2081 1840 2177 1874 fimilir

1137 1874 1218 1900 Plaut.
1232 1874 1315 1900 Trin.
1328 1884 1354 1908 4,
1370 1882 1393 1905 2,
1413 1879 1451 1907 58.
1647 1870 1668 1910 ff
1694 1881 1706 1905 3
1748 1872 1880 1899 Verborum
1892 1873 2020 1908 formulae
2034 1885 2042 1900 .·
2071 1876 2177 1903 Addere

1137 1910 1162 1935 se
1178 1909 1336 1936 melioribus
1348 1909 1491 1943 exemplis,
1511 1911 1529 1935 i.
1545 1907 1677 1944 eos-siqui,
1695 1910 1738 1944 qui
1751 1916 1791 1934 res
1796 1907 1857 1943 suas
1873 1910 1959 1935 melius
1971 1909 2178 1943 admi‘nisirarinc

1136 1944 1274 1971 Claudian.
1290 1944 1322 1970 de
1337 1945 1403 1971 Sext.
1418 1946 1496 1970 Cons.
1511 1946 1615 1970 Honor.
1629 1949 1666 1976 58.
1737 1943 1798 1970 Liu.
1816 1951 1863 1977 34,
1885 1952 1897 1971 2
1922 1944 2018 1972 Vtrum
2030 1939 2106 1981 peior
2121 1948 2177 1981 ipsa

1135 1988 1191 2019 res,
1212 1989 1245 2006 an
1258 1980 1351 2014 peiore
1366 1980 1487 2014 exemplo
1502 1980 1608 2014 Agatur.
1681 1969 1773 2006 Catuit
1785 1980 1906 2014 exemplo
1917 1981 2020 2007 nullum
2033 1982 2104 2009 nefas
2118 1983 2177 2010 Seu.

1137 2014 1245 2049 Hippoi.
1259 2022 1314 2048 554.
1386 2015 1454 2042 Ter.
1470 2015 1551 2042 Andr.
1567 2024 1593 2047 4,
1606 2023 1624 2046 1,
1645 2022 1678 2050 27
1703 2015 1778 2049 Qtid
1797 2015 1880 2042 isthuc
1898 2021 1950 2042 tam
1971 2017 2070 2044 mirum
2085 2018 2135 2049 est,
2156 2018 2176 2045 fi

1135 2049 1205 2090 dete
1219 2050 1370 2084 exemplum
1378 2050 1472 2085 Capit?
1514 2051 1561 2078 Vbi
1575 2051 1670 2077 Donat.
1691 2052 1796 2082 Vtrum,
1814 2051 1832 2077 si
1847 2057 1872 2078 te
1885 2052 2014 2084 imitatur,
2025 2063 2058 2080 an
2073 2053 2090 2079 fi
2103 2053 2135 2080 de
2149 2060 2177 2081 te.

1133 2091 1214 2120 exigit
1227 2087 1341 2120 poenas?
1377 2087 1452 2113 Prius
1462 2095 1555 2113 verum.
1591 2086 1738 2121 Dirigenda
1750 2095 1822 2113 mens
1834 2086 1866 2113 ad
1880 2088 2030 2122 exemplum
2043 2089 2176 2116 virtutum

1133 2121 1255 2148 omnium
1269 2120 1398 2155 QiinCfil.
1413 2130 1450 2153 10,
1463 2131 1487 2153 2,
1502 2131 1521 2149 1.
1591 2122 1717 2156 Exemplo
1736 2122 1912 2157 quodcunque
1932 2124 2003 2150 malo
2023 2125 2177 2152 Committi—

1133 2162 1189 2187 tur,
1211 2156 1256 2191 ipli
1272 2157 1397 2191 Displicet
1415 2157 1520 2185 31161011
1538 2157 1655 2184 quenal.
1676 2166 1700 2189 13
1718 2163 1763 2193 pr.
1834 2159 1917 2184 Docet
1936 2167 2068 2195 quemque
2089 2169 2177 2186 exem-

1133 2193 1206 2228 plum
1225 2193 1301 2220 suum
1319 2191 1400 2221 Ouid.
1415 2193 1447 2220 de
1461 2194 1535 2220 Rem.
1550 2194 1640 2219 Amor.
1654 2195 1713 2225 684.
1784 2193 1865 2220 Plaut.
1881 2194 1959 2221 Most.
1980 2205 2006 2229 4,
2029 2204 2047 2227 1,
2065 2205 2085 2229 4
2109 2197 2178 2223 Lau-

1136 2228 1199 2256 dant
1211 2227 1325 2261 fabrum,
1346 2235 1426 2264 atque
1440 2229 1527 2256 aedeis
1542 2228 1673 2262 probant:
1696 2227 1745 2254 fibi
1759 2229 1870 2263 quisque
1889 2229 1951 2255 inde
1964 2231 2114 2266 exemplum
2129 2233 2178 2259 Ex-

1131 2271 1236 2301 petunt,
1253 2266 1302 2292 fibi
1317 2266 1427 2300 quisque
1442 2265 1526 2291 [imile
1539 2265 1628 2291 sumit.
1682 2296 1685 2299 .
1700 2264 1772 2290 Mala
1785 2265 1905 2299 exempla
1919 2265 1947 2291 in
1961 2274 2006 2293 eos
2020 2267 2178 2299 redundant,

1133 2302 1181 2336 qui
1193 2302 1304 2328 Faciunt
1317 2303 1375 2328 Sen.
1390 2303 1435 2336 Ep.
1449 2308 1475 2335 7.
1550 2299 1680 2334 Qiinc‘fil.
1697 2307 1718 2332 ς,
1737 2308 1762 2331 2,
1782 2309 1798 2326 2
1825 2298 2044 2329 Pronuntiaturus
2064 2303 2177 2337 (iudex)

1133 2338 1284 2372 exemplum
1297 2346 1351 2363 non
1364 2336 1494 2367 libenter,
1509 2335 1580 2371 quod
1596 2336 1624 2362 in
1638 2336 1662 2362 se
1677 2335 1781 2362 fortass'e
1796 2336 1907 2367 recidat,
1928 2337 2008 2364 Facit.
2080 2339 2178 2365 Facere

1133 2373 1255 2408 exemplo
1268 2373 1380 2399 alicuius
1393 2373 1462 2399 Ter.
1476 2372 1543 2406 prol.
1557 2372 1654 2397 Heaut.
1668 2379 1708 2397 20.
1780 2371 1846 2397 Plin.
1860 2371 1938 2406 Epist.
1952 2381 1975 2403 2,
1989 2380 2007 2408 7
2033 2374 2106 2400 Facit
2125 2374 2178 2400 hoc

1133 2411 1281 2439 Homerus,
1301 2409 1433 2442 multique
1446 2408 1502 2433 eius
1516 2407 1648 2442 exemplo.
1717 2406 1774 2434 Cic.
1787 2407 1863 2433 Verr.
1879 2416 1900 2438 2,
1913 2416 1944 2441 41
1965 2409 1996 2434 Et
2013 2409 2042 2434 in
2055 2410 2177 2435 sermone

1131 2445 1221 2471 multis
1235 2444 1438 2473 demonstraret,
1457 2443 1536 2469 licere
1550 2451 1648 2468 nomen
1660 2441 1778 2476 recipere
1796 2442 1922 2468 absentis:
1948 2444 1973 2469 se
1993 2445 2114 2478 exemplo
2129 2445 2177 2470 Fe-

1132 2481 1190 2506 ciss'e
1204 2480 1244 2510 id,
1267 2480 1338 2514 quod
1351 2480 1459 2505 fecisset.
1531 2479 1572 2505 sic
1585 2478 1640 2504 Cic.
1656 2486 1705 2511 pro
1720 2478 1800 2503 Corn.
1815 2477 1887 2503 Balb.
1901 2486 1925 2508 31
1945 2487 1965 2504 c.
1981 2487 2003 2509 13
2028 2479 2112 2505 Cuius
2131 2488 2176 2506 au-

1132 2516 1256 2542 &oritate
1273 2521 1299 2541 et
1313 2515 1435 2549 exemplo
1452 2514 1589 2548 'nunquam
1603 2513 1639 2539 cst
1658 2513 1803 2539 Intermissa
1821 2521 1836 2537 a
1849 2512 1995 2539 maioribus
2013 2514 2108 2540 nostris
2126 2515 2178 2541 lar-

1501 2549 1506 2554 “
1532 2549 1536 2553 ’
1702 2548 1797 2572 Facere
1816 2547 1937 2581 exemplo
1954 2554 2033 2582 atque
2053 2549 2174 2576 instituto

1129 2587 1217 2613 veteri
1230 2586 1327 2620 optimi
1339 2586 1467 2619 cuiusque
1476 2584 1513 2609 Id.
1523 2592 1571 2616 pro
1580 2582 1643 2608 Sull.
1652 2589 1696 2614 49.
1733 2583 1827 2608 Facere
1841 2582 1944 2617 aliquid
1956 2584 2077 2618 exemplo
2090 2585 2176 2616 nullo,

1131 2625 1150 2648 i.
1165 2631 1252 2648 nouum
1265 2620 1457 2654 aliquidfaccre
1476 2624 1499 2643 ct
1513 2617 1652 2643 inauditum
1660 2616 1861 2643 Cic.deSene‹St.
1885 2638 1890 2644 .
1911 2637 1917 2644 .
1940 2637 1946 2644 .
1982 2620 2023 2646 Sic
2031 2620 2176 2655 Gell.7,19.

1132 2657 1187 2682 Cic.
1196 2657 1264 2681 Fam.
1276 2663 1308 2683 12,
1319 2663 1343 2686 13
1362 2654 1441 2680 Binae
1456 2652 1590 2686 profe&ae
1603 2657 1676 2678 erant
1688 2652 1720 2678 ad
1733 2652 1897 2679 Dolabellam
1910 2653 2053 2687 legationes
2067 2664 2176 2683 eorum:

1133 2696 1158 2716 ct
1172 2689 1279 2723 quidem
1297 2698 1370 2715 nouo
1390 2688 1526 2721 exemplo,
1545 2694 1570 2713 et
1585 2694 1675 2714 contra
1691 2687 1760 2721 leges
1775 2696 1877 2714 eorum.
1947 2689 2019 2716 Idem
2033 2691 2104 2719 Fam.
2120 2701 2147 2725 4,
2161 2700 2176 2724 3

1504 2759 1508 2763 .
1777 2723 1859 2749 Plaut.
1873 2723 1933 2750 Mil.
1947 2733 1968 2757 3,
1985 2734 2009 2757 1,
2023 2735 2055 2759 43
2084 2728 2177 2760 Quum

1133 2760 1202 2795 apud
1215 2766 1240 2787 te
1252 2759 1404 2794 exemplum
1420 2758 1577 2792 experiundi
1591 2757 1704 2788 Habeas,
1724 2766 1777 2783 non
1790 2767 1850 2792 eges
1864 2759 1941 2785 foris.
2011 2762 2117 2789 Habere
2130 2763 2177 2789 do-

1132 2796 1268 2822 mesticum
1282 2795 1432 2829 exemplum
1446 2794 1476 2820 ad
1491 2792 1651 2819 imitandum
1670 2793 1726 2819 Cic.
1741 2802 1789 2828 pro
1803 2795 1923 2821 Muraen.
1937 2803 1979 2830 27.
2050 2798 2116 2825 Plin.
2130 2798 2177 2833 Ep.

1133 2839 1158 2866 7,
1174 2840 1195 2857 11
1222 2832 1280 2857 Nec
1298 2839 1363 2857 vero
1385 2835 1515 2864 coguntur
1535 2828 1639 2855 Imitari
1659 2837 1748 2855 meum
1765 2830 1930 2864 exemplum:
1960 2840 2014 2857 non
2033 2834 2105 2860 enim
2123 2834 2178 2860 illi·

1133 2866 1225 2893 eadem
1244 2875 1302 2892 cum
1317 2865 1436 2892 Corellia
1453 2864 1512 2891 iura
1531 2864 1597 2890 sunt.
1669 2864 1796 2891 Inducere
1809 2866 1958 2900 exemplum
1976 2867 2042 2895 Plin.
2057 2869 2135 2904 Epist.
2149 2872 2176 2903 6,

1133 2911 1174 2934 29,
1189 2911 1228 2930 2..
1248 2908 1271 2928 et
1291 2902 1351 2928 Pan.
1369 2903 1400 2932 6,
1419 2909 1445 2926 2.
1514 2899 1655 2926 Instituere
1673 2901 1842 2935 exemplum:
1869 2901 1996 2929 reducere
2016 2905 2176 2940 exemplum.

1132 2937 1185 2964 vid.
1205 2944 1267 2965 1Ns
1277 2945 1317 2964 Τ1
1329 2942 1351 2963 Τ
1362 2944 1382 2963 v
1395 2942 1425 2962 ο.
1497 2935 1563 2960 Ρ1111.
1579 2935 1658 2969 Epist.
1670 2944 1701 2968 9,
1722 2944 1754 2967 13,
1772 2944 1799 2969 ες
1823 2938 1937 2964 Verane
1951 2938 2029 2970 haec,
2043 2939 2176 2967 affirmare

1132 2983 1185 3000 non
1197 2973 1287 3000 ausim.
1323 2972 1433 2999 Interest
1447 2975 1534 2997 tamen
1548 2971 1677 3004 exempli,
1697 2976 1726 2998 vt
1740 2981 1801 2998 vera
1816 2973 1964 3000 videantur.
2034 2976 2095 3002 Stat.
2110 2976 2177 3003 Silu.

1133 3016 1154 3042 ς,
1168 3018 1186 3040 1,
1201 3018 1240 3035 121
1268 3008 1316 3035 1113
1330 3007 1407 3042 dapes
1420 3005 1551 3035 modicas,
1572 3012 1597 3032 et
1618 3006 1706 3033 sobria
1726 3008 1820 3041 pocula
1838 3008 1931 3041 tradit,
1966 3009 2175 3047 Exemplumque

1132 3044 1164 3070 ad
1181 3044 1266 3070 herile
1280 3044 1382 3070 Monet.
1452 3042 1563 3068 Monere
1576 3043 1699 3077 exemplo
1712 3043 1778 3070 Plin.
1793 3043 1871 3078 Epist.
1888 3051 1912 3078 7,
1926 3053 1950 3074 1,
1963 3051 1988 3078 7.
2059 3047 2174 3073 Monere

1842 3079 1948 3105 Nocere
1968 3081 2089 3115 exemplo
2108 3083 2173 3115 plus,

1132 3125 1212 3149 quam
1228 3120 1333 3149 peccato
1351 3115 1407 3141 Cic.
1428 3113 1460 3139 de
1474 3112 1566 3147 Legib.
1584 3122 1611 3144 2,
1631 3121 1664 3146 45
1691 3123 1713 3140 c.
1729 3122 1767 3146 14.
1838 3114 1954 3140 Pertinet
1971 3115 2003 3141 ad
2021 3116 2173 3151 exemplum

1132 3151 1197 3177 Plin.
1212 3150 1290 3185 Epist.
1305 3152 1330 3181 6,
1343 3158 1380 3182 29,
1395 3158 1414 3176 1.
1445 3157 1483 3180 10,
1497 3154 1533 3180 38,
1547 3157 1571 3175 2.
1603 3157 1640 3179 10,
1652 3154 1688 3181 85,
1703 3157 1724 3181 ς.
1801 3149 1907 3183 leian.
1925 3150 1942 3175 l.
1956 3158 1968 3182 3
1996 3151 2027 3177 D.
2046 3152 2079 3178 de
2099 3152 2173 3180 alim.

1131 3187 1174 3212 vel
1189 3186 1270 3212 cibar.
1284 3186 1359 3220 legat.
1381 3185 1469 3211 Sciens
1490 3184 1522 3210 ad
1535 3184 1685 3218 exemplum
1705 3184 1779 3210 istam
1800 3193 1857 3210 rem
1871 3186 2013 3212 Pertinere.
2082 3188 2173 3214 Petere

1131 3221 1312 3252 fortitudinis,
1334 3226 1359 3247 et
1371 3220 1488 3247 iustitiae
1503 3220 1652 3254 exemplum
1665 3219 1698 3246 ab
1712 3219 1845 3253 aliquibus
1858 3221 1912 3247 Cic.
1928 3221 1980 3247 Off.
1995 3230 2020 3253 3,
2034 3224 2070 3248 16.
2140 3224 2174 3249 Et

77 3266 95 3286 E
104 3265 121 3285 x
130 3263 175 3285 EG
184 3264 200 3283 Ε
209 3254 311 3283 MA'ri
320 3256 384 3284 Cv‘S
393 3276 401 3288 ‚
419 3265 443 3288 a,
463 3265 518 3282 um.
548 3255 607 3281 Adi·
644 3255 832 3287 [ἓξηγηματικος
844 3254 986 3289 χαράκτηρ]
1023 3256 1070 3280 La·
1086 3258 1115 3287 85
1130 3266 1179 3292 pro
1195 3257 1283 3283 Deiot.
1297 3261 1325 3286 28
1353 3257 1449 3290 Neque
1461 3264 1523 3281 eum
1537 3256 1626 3282 virum
1635 3275 1645 3288 ‚
1663 3255 1732 3282 vnde
1751 3254 1859 3289 pudoris
1878 3255 2073 3291 pudicitiaeque
2085 3266 2173 3284 exem-

39 3298 93 3323 εἰπε
114 3294 280 3323 Narratiuus,
298 3293 337 3319 vel
354 3291 507 3327 Expositiuu:
528 3290 579 3317 dscz'
593 3288 689 3326 potest,
708 3299 780 3325 quum
792 3290 892 3325 scilicet
913 3293 1070 3316 narrationis

51 3334 112 3357 eries
134 3327 223 3354 nullius
234 3327 348 3362 personae
363 3329 547 3354 interlocutione
566 3328 774 3360 interrumpitur,
789 3324 925 3351 cuiusmodi
944 3324 978 3358 est
1002 3335 1016 3350 α
1035 3325 1069 3351 ud

39 3367 112 3400 Virg.
128 3367 155 3390 in
171 3362 250 3389 trihus
258 3364 346 3396 primis
358 3363 429 3390 libris
442 3363 539 3396 Georg.
552 3368 575 3388 et
587 3364 614 3387 in
627 3361 720 3388 duabus
732 3361 783 3387 Ecl.
798 3370 899 3396 quarum
913 3364 989 3386 initia
1013 3368 1067 3393 unt,

39 3399 165 3430 Sicelides
180 3397 284 3428 Musae,
304 3397 388 3430 paullo
405 3399 506 3425 maiora
526 3406 654 3424 canamus.
709 3398 759 3429 Et,
778 3397 866 3422 Prima
878 3396 1010 3429 Syracosio
1027 3395 1067 3422 di-

39 3444 116 3474 gnata
132 3435 170 3460 cst
191 3432 280 3458 ludere
293 3433 374 3458 versu.

75 3500 583 3536 EXEGETEs‚fiueExEc-;1-:TA‚
603 3512 642 3531 ae.
678 3512 714 3529 m.
750 3501 901 3537 [ἐξηγῆτης]
938 3502 1068 3530 Sacrorum

0 3550 3 3566 :
37 3546 173 3578 interpres,
191 3540 231 3565 vel
250 3539 351 3576 Augur-5

20 3718 22 3721 ’
40 3718 216 3752 illustrandam.

78 3584 95 3604 Β
107 3584 126 3604 x
136 3584 152 3604 E
162 3582 187 3602 Μ
196 3582 212 3601 1³
223 3580 239 3599 L
249 3581 268 3600 V
277 3580 302 3599 M
312 3592 320 3604 ‚
339 3579 358 3597 ι.
393 3580 418 3597 n.
452 3572 640 3608 [καρέδειγμοῃ
657 3571 813 3608 ὑπόδειγμα]
849 3574 876 3601 Si
894 3582 945 3600 vna
963 3580 986 3600 et
997 3583 1067 3610 gene·

1124 3373 1190 3391 mus.

1130 3293 1172 3327 pla
1192 3293 1352 3319 Peterentur.
1437 3291 1497 3317 Liu.
1519 3299 1560 3323 32,
1598 3310 1604 3316 .
1640 3309 1647 3316 .
1683 3291 1748 3317 Satis
1769 3291 1951 3326 exemplorum
1971 3292 2049 3318 nobis
2069 3292 2171 3321 alienae

1129 3328 1213 3355 clades
1232 3327 1359 3355 Praebent
1375 3337 1380 3353 :
1411 3335 1444 3353 ne
1459 3335 1630 3361 quaeramus,
1645 3326 1867 3360 quemadmodum
1880 3328 1989 3353 caeteris
2005 3329 2126 3362 exemplo
2140 3329 2172 3355 fi-

1260 3363 1387 3390 Praebere
1401 3371 1480 3397 graue
1494 3361 1641 3396 exemplum
1655 3363 1750 3389 Horat.
1765 3363 1851 3389 Carm.
1865 3371 1893 3395 4,
1909 3370 1940 3392 11,
1958 3365 2001 3388 26.
2083 3365 2171 3391 Premi

1128 3399 1249 3434 exemplo
1264 3400 1310 3426 suo
1332 3399 1420 3425 Senec.
1433 3399 1512 3424 Herc.
1527 3397 1580 3424 fur.
1594 3399 1652 3432 736.
1746 3398 1843 3424 Patere.
1856 3406 1879 3427 2,
1895 3405 1936 3429 119
1956 3398 1990 3423 At
2004 3407 2018 3424 e
2031 3400 2172 3433 praefetiliu

242 3466 248 3471 ,
289 3469 294 3474 ⁴
428 3431 724 3472 Diffus-iffnynaoemdc,
746 3432 796 3457 κ’πό
810 3433 841 3457 τξ
856 3431 989 3466 ἒξηγεῖιθαι,
1005 3431 1069 3467 quod
1083 3442 1119 3468 90
1129 3436 1272 3462 castrorum
1286 3434 1402 3464 duobus,
1419 3442 1498 3467 quam
1511 3433 1610 3459 clarum
1624 3432 1773 3467 exemplum
1788 3433 1817 3458 L.
1832 3433 1939 3466 Eggius,
1960 3438 2012 3459 tam
2031 3440 2107 3469 turpe
2120 3436 2172 3462 ΟΕ.

30 3472 104 3501 4'nter
116 3477 210 3497 caetera
223 3465 351 3503 fignfflfflt
363 3468 489 3501 Narrare,
500 3470 553 3502 siue
567 3471 699 3504 Exponere.

1130 3472 1219 3498 ionius
1233 3470 1368 3497 Prodidit:
1393 3470 1448 3504 qui,
1464 3477 1545 3503 quum
1562 3468 1641 3502 longe
1653 3469 1794 3495 maximam
1806 3474 1905 3502 partem
1922 3467 2079 3496 absumsisset
2093 3472 2171 3503 acies,

1129 3506 1223 3533 3116101·
1236 3505 1395 3535 deditionis,
1414 3504 1544 3539 supplicio
1563 3513 1642 3538 quam
1658 3503 1759 3539 praelio
1775 3502 1959 3529 11101111311111.
2052 3503 2175 3541 Pmpofi..

1131 3548 1187 3569 tum
1201 3542 1281 3568 alicui
1296 3541 1447 3574 exemplum
1461 3540 1492 3566 ad
1506 3539 1665 3566 imitandum
1683 3539 1739 3565 Cic.
1753 3547 1800 3571 pro
1814 3538 1932 3564 Muraen.
1947 3540 1990 3567 66.
2060 3541 2171 3569 Pseudo-

1130 3578 1187 3604 Cic.
1202 3578 1230 3603 in
1237 3577 1358 3610 Sallust.5
1374 3576 1491 3602 Primum
1507 3576 1590 3609 igitur
1601 3574 1727 3609 quoniam
1741 3573 1861 3599 omnium
1873 3574 1986 3603 maiores
1998 3575 2105 3612 Crispus
2118 3578 2171 3605 Sal-

39 3614 89 3641 rali
105 3615 201 3639 notione
218 3606 460 3643 comprehendendum
471 3610 522 3642 fit,
546 3610 646 3636 videtur
665 3608 723 3643 ‘’ffi's
742 3609 862 3645 quidquid
878 3618 929 3635 eam
946 3612 1067 3635 rationem
1088 3613 1220 3642 93lustius
1237 3612 1270 3638 ad
1281 3622 1364 3639 vnum
1386 3611 1537 3645 exemplum
1557 3616 1582 3636 et
1602 3610 1717 3643 regulam
1731 3608 1860 3641 Qzaerit,
1878 3609 1960 3635 velim
1979 3610 2049 3638 mihi
2063 3613 2170 3647 respon.

35 3645 124 3680 babet,
140 3654 170 3674 vt
190 3655 221 3672 ex
236 3652 290 3671 vno
308 3642 383 3677 plura
400 3641 444 3673 (ἐξ
457 3643 502 3669 §iis
518 3646 608 3677 πλείω)
629 3646 669 3671 vel
678 3645 741 3680 fieri
757 3645 864 3680 poffint²
884 3646 925 3670 vel
942 3645 1066 3679 intellzgi,

40 3693 111 3720 quam
124 3683 200 3719 ipsam
212 3689 306 3718 quoque
318 3678 386 3705 vocis
399 3680 516 3717 originem
524 3686 653 3714 putamus,
666 3681 764 3717 facile,
778 3681 803 3714 fi
815 3686 874 3715 opus
883 3679 936 3714 fit,
951 3681 1068 3715 pluribus

267 3716 303 3742 Ex
318 3720 396 3740 autem
408 3713 450 3739 hic
453 3714 622 3746 similitudinis
638 3723 662 3742 et
674 3718 855 3744 conuenientiae
867 3718 918 3740 vim
931 3715 1002 3741 habet
1010 3735 1019 3747 ‚
1038 3721 1068 3740 vt

44 3759 76 3780 nx
88 3753 226 3784 sententia,
246 3760 277 3778 ex
292 3758 374 3781 vere,
392 3755 436 3774 etc.
475 3749 557 3774 Fuerit
569 3759 624 3810 ενςο

46 3790 86 3824 flue
95 3788 243 3823 fimiliafibi
256 3787 341 3816 habet,
359 3784 444 3810 habere
458 3789 521 3810 certe
530 3788 596 3818 potes
615 3805 623 3817 ‚

44 3823 174 3859 colligamus
181 3827 306 3859 primum,
325 3820 358 3847 ad
368 3819 431 3855 quod
442 3820 493 3845 alia
506 3818 690 3853 conformantur
698 3842 706 3854 ,
725 3822 789 3857 quod
802 3821 979 3856 Archetypum
992 3822 1009 3847 οἷ
1023 3823 1068 3854 χέ-

47 3867 130 3891 ςυπαν,
146 3859 308 3895 πρωτότοκον,
328 3858 400 3892 vulgo
415 3853 552 3888 Originale
566 3861 666 3880 vocatur
677 3858 740 3883 alias
749 3868 758 3886 .·
776 3857 830 3891 flue
843 3858 948 3883 eiusdem
960 3867 989 3884 au
1019 3860 1068 3883 ori-

43 3896 120 3926 turis,
136 3896 193 3927 ibor,
212 3894 339 3923 ἰσότυπονς
363 3892 417 3926 flue
432 3890 532 3925 denique
548 3898 576 3914 cx
590 3890 639 3915 alio
653 3889 799 3926 desumtum,
817 3899 840 3919 et
858 3892 892 3919 ad
903 3893 970 3918 illius
975 3892 1067 3926 simili-

41 3927 145 3956 tudinem
155 3928 274 3966 fastum,
291 3928 431 3958 ιῖντίτυπον,
451 3925 476 3961 s.
495 3924 652 3960 οέντίγραφον,
666 3927 744 3961 ‘vulgo
757 3928 850 3962 Copia.
902 3929 970 3963 Qae
988 3931 1026 3954 ita
1037 3929 1067 3964 se

641 3751 790 3786 exemplum
799 3772 807 3784 ‚
829 3754 857 3776 in
870 3756 986 3789 quantum
998 3750 1068 3786 quid-

39 3962 283 3998 hkfffvffltffffl‘l'fat
296 3967 387 3996 vincet,
404 3970 477 3998 ”eque
490 3962 580 3987 mirum
594 3957 638 3992 ‘fi’
656 3968 709 3985 ⁰“m
720 3961 784 3995 2¹⁴⁰‘1
794 3959 903 4000 respssflu
916 3966 990 3991 Unius
1001 3963 1066 3990 οἷντῖ-
1075 3972 1119 4001 105
1129 3966 1211 3993 duum
1224 3970 1311 3991 totum
1321 3966 1427 3992 Senatus
1442 3962 1494 3989 Sub
1509 3963 1630 3998 exemplo
1647 3963 1688 3990 tui
1703 3960 1779 3990 sedit.

640 3794 683 3812 αντ
697 3787 763 3813 dehet
782 3786 855 3816 adeo,
865 3788 920 3820 Jrue
935 3786 1015 3822 ipsum
1029 3789 1066 3811 in·
1075 3796 1121 3814 100
1130 3789 1209 3823 Sequi
1228 3789 1377 3823 exemplum
1398 3789 1454 3815 Cic.
1468 3789 1542 3813 Verr.
1558 3793 1579 3815 2,
1609 3804 1616 3811 .
1654 3804 1660 3811 .

1128 3648 1203 3679 deas,
1223 3654 1267 3673 etc.
1341 3647 1434 3673 Refert
1451 3645 1565 3680 exempli
1585 3645 1649 3671 Plin.
1665 3643 1742 3677 Epist.
1757 3648 1779 3673 8.
1795 3652 1836 3675 12,
1857 3653 1884 3677 4.
1918 3648 1948 3671 it.
1969 3654 1994 3678 9,
2008 3655 2050 3673 22.
2120 3649 2170 3675 Re-

1129 3684 1250 3715 linquere
1267 3682 1418 3717 exemplum
1430 3682 1486 3709 Cic.
1499 3681 1610 3714 Philipp.
1623 3689 1643 3710 2¹,
1658 3687 1709 3711 114.
1780 3679 1919 3708 Renouare
1932 3683 2082 3716 exemplum
2095 3684 2169 3710 Idem

1380 3718 1508 3751 Reperire
1528 3715 1691 3748 exemplum,
1712 3712 1828 3740 laudatur
1841 3715 1921 3742 Plaut.
1936 3717 2014 3744 Most.
2035 3727 2062 3750 3,
2081 3728 2106 3749 1,
2124 3724 2170 3752 148

1340 3753 1446 3779 Recidit
1465 3750 1614 3784 exemplum
1638 3750 1667 3775 in
1685 3757 1763 3781 eum,
1782 3751 1828 3784 qui
1847 3751 1913 3777 facit
1931 3752 2040 3785 Qiind‘t,
2059 3761 2082 3787 ς,
2100 3763 2124 3782 2,
2141 3763 2166 3780 2,

1730 3786 1802 3811 Idem
1816 3787 1845 3812 in
1858 3787 1932 3813 Orat.
1952 3797 1972 3813 c.
1989 3793 2026 3820 38.
2097 3790 2166 3815 Ter.

1129 3824 1197 3859 prol.
1210 3825 1305 3850 Heaut.
1320 3832 1345 3856 51
1365 3822 1519 3857 Exemplum
1534 3820 1644 3846 Statuite
1656 3820 1684 3846 in
1697 3829 1755 3852 me,
1775 3827 1804 3848 vt
1819 3821 2005 3849 adolescentuli
2023 3823 2102 3850 vobis
2113 3824 2170 3857 pla·

1129 3868 1188 3887 cere
1202 3859 1333 3891 studeant,
1350 3859 1437 3893 potius
1450 3865 1528 3891 quam
1543 3855 1599 3881 fibi.
1670 3855 1722 3882 Sub
1742 3858 1864 3892 exemplo
1881 3859 1922 3892 (i.
1940 3858 2044 3894 allegato
2062 3859 2107 3884 hoc
2126 3868 2167 3886 ex-

1128 3895 1226 3930 emplo)
1247 3903 1418 3928 praemonere
1437 3893 1540 3918 futuros
1561 3891 1733 3926 imperatores
1748 3892 1814 3920 Plin.
1827 3894 1886 3920 Pan.
1901 3901 1936 3926 53.
1971 3893 2036 3919 Add.
2052 3893 2130 3927 Epist.
2144 3902 2166 3925 2,

1130 3933 1154 3963 6,
1167 3933 1192 3957 6.
1246 3931 1277 3955 Et
1289 3930 1348 3955 Pan.
1364 3936 1396 3963 73
1416 3930 1470 3954 Iam
1486 3935 1563 3962 quam
1582 3927 1735 3962 antiquum,
1755 3936 1835 3962 quam
1856 3928 2008 3959 consulare,
2027 3928 2097 3962 quod
2119 3928 2166 3954 tri-

1854 3964 1923 3992 Ter.
1937 3964 2032 3991 fleant.
2045 3970 2070 3997 5,
2091 3972 2110 3994 1,
2129 3971 2167 3997 47

2129 4007 2166 4025 on

1127 3718 1247 3752 Philipp:
1258 3727 1275 3749 1,
1290 3727 1308 3744 1.

1129 3763 1176 3779 non
1193 3751 1268 3779 resse.

1405 3999 1503 4026 000
1537 4006 1555 4025 2
