2479 4225
296 185 362 226 755
676 166 710 206 F
795 163 834 202 v
919 159 978 223 cv
1777 164 1810 204 F
1890 165 1927 206 v
2017 168 2055 210 G
2352 173 2454 222 756,

317 260 381 286 iam:
401 262 426 283 et
439 261 468 283 vt
486 255 580 291 opinio
598 263 658 281 mea
677 254 745 284 fert,
758 252 845 277 succus
864 247 910 274 ille
929 252 955 274 et
973 247 1076 282 sanguis
1095 248 1277 281 incorruptus,
1290 249 1330 276 vs·
1390 251 1427 278 est
1440 251 1468 278 in
1481 253 1528 279 vsu
1540 251 1651 279 militari
1665 251 1762 286 posita,
1778 261 1844 288 quae
1856 254 1934 282 huius
1948 256 2003 283 viri
2016 258 2150 285 scientiam
2164 258 2251 294 fugiat
2264 258 2320 287 Cic.
2334 268 2382 294 pro
2395 261 2426 289 L.
2440 261 2442 292 i

297 270 351 320 ¹'ue
364 292 395 319 ad
416 292 481 318 hanc
498 296 609 318 aetatem
624 296 758 316 oratorum
772 285 839 315 fuit,
859 283 887 309 in
899 292 950 317 qua
963 284 1207 323 naturalis-ineflcss
1225 293 1278 324 non
1290 285 1331 311 fu·
1391 288 1483 314 Manil.
1500 294 1539 318 28.
1608 289 1721 322 Fugiunt
1743 288 1805 315 haec
1829 299 1886 323 mc,
1905 295 1923 317 i.
1950 294 2008 318 Non
2031 294 2159 326 recordor,
2177 305 2226 321 non
2248 298 2363 328 memini,
2385 303 2428 324 aut
2440 315 2455 337 '1'

299 304 369 356 gatus
385 327 476 355 Nitor,
553 327 629 360 Signa
649 320 786 358 probitatis
804 327 858 344 non
877 319 962 345 fucata
979 319 1062 354 specie
1084 318 1179 344 torensi
1204 319 1261 345 Cic.
1281 329 1329 354 pro
1390 325 1402 348 i
1429 333 1478 350 mro
1492 324 1548 350 Cic.
1561 324 1641 350 Tusc.
1659 332 1677 354 1,
1692 332 1728 350 22.
1779 324 1853 352 Idem
1864 335 1912 360 pro
1925 328 2032 354 Caecin.
2068 347 2075 354 .
2112 350 2119 356 .
2157 330 2221 357 Non
2239 331 2310 358 enim
2329 331 2385 357 sum
2398 331 2426 359 id
2441 333 2443 357 Ι

299 364 382 391 Plane.
403 371 434 396 ²9
510 361 615 388 Vellera
633 358 698 385 hiali
718 356 804 380 saturo
824 353 908 380 fucata
928 354 1016 381 colore
1036 354 1108 388 Virg.
1123 355 1220 389 Georg.
1237 364 1265 388 4,
1279 363 1329 388 335.
1392 332 1525 389 gemtus,
1545 358 1615 394 quod
1633 367 1683 393 ego
1697 359 1861 393 inuenerim‚
1878 362 1919 388 sed
1934 363 2006 397 quod
2027 362 2087 389 illos
2100 373 2153 391 non
2167 366 2275 401 fugerit.
2345 366 2428 393 Ouid.
2441 382 2453 395 ι,

300 384 498 425 vicinitag⁸non
517 397 616 426 fucata,
636 400 688 418 non
706 390 801 419 fallax,
821 398 875 415 non
895 390 999 416 erudita
1021 389 1135 416 artificio
1156 389 1330 417 simulationis
1350 399 1365 426 5
1393 393 1458 420 Fast.
1472 403 1492 426 5,
1504 404 1555 428 445
1593 394 1670 421 Didia
1684 394 1713 421 sit
1728 395 1796 422 vnde
1810 395 1882 429 dies,
1902 406 1968 433 quae
1983 399 2099 425 nominis
2116 400 2194 427 exstet
2207 402 2302 437 origo,
2328 401 2374 427 Me
2387 401 2427 428 fu·
2447 404 2450 408 '

301 433 349 461 cic
372 443 420 468 pro
433 434 517 460 Plane.
531 440 560 458 22
574 440 594 455 c.
606 437 630 460 9.
699 425 847 450 Contraria:
868 425 924 452 Cic.
938 424 970 451 de
985 425 1091 451 Amicit.
1107 432 1140 464 95
1163 426 1268 452 Secerni
1285 435 1330 453 au·
1392 428 1443 462 git:
1461 438 1492 455 ex
1505 430 1595 464 aliquo
1607 430 1643 455 est
1661 430 1822 458 inuenienda
1834 432 1894 459 deo.
1963 434 2003 460 De
2015 434 2125 460 Caesare
2138 435 2240 470 fugerat
2252 446 2294 464 nie
2307 437 2339 463 ad
2352 443 2377 463 te
2389 445 2428 463 re-
2442 444 2444 465 ι

301 454 357 497 teni
368 468 476 495 blandus
488 467 583 493 amicus
596 472 609 488 a
628 469 692 487 vero
707 465 732 486 et
751 459 893 487 internosci
908 465 961 487 tam
978 461 1061 495 potest
1081 459 1200 487 adhibita
1221 461 1332 496 diligen·
1392 463 1522 497 scribere,
1542 466 1566 491 h.
1581 475 1600 491 e.
1620 467 1677 491 Non
1689 470 1842 493 memineram
1854 469 1887 494 aci
1900 475 1923 495 te
1936 469 2067 505 rescribere
2080 470 2108 496 de
2122 470 2221 505 Caesare
2235 473 2290 499 Cic.
2307 473 2345 506 Q
2357 473 2376 498 F
2379 477 2428 500 rat.

301 505 340 532 tia
382 513 460 538 quam
478 500 565 528 onmia
579 498 662 522 fucata
676 502 701 521 et
720 494 837 522 simulata
850 505 865 522 a
878 495 981 523 sinceris
994 502 1071 531 atque
1085 495 1164 522 veris.
1236 497 1331 524 Fucata
1392 507 1419 530 2,
1432 508 1468 526 12.
1522 501 1663 527 Neminem
1676 501 1745 536 fugit
1759 502 1825 528 illud
1838 504 1930 530 Iulian.
1946 506 1973 531 in
1988 505 2006 531 l.
2021 513 2030 531 1
2051 505 2083 531 D.
2099 504 2131 531 de
2144 505 2238 533 diuers.
2252 515 2278 534 et
2291 507 2427 541 temporal.
2442 520 2446 538 ς

303 524 410 574 ineptiis
424 538 510 564 omnia
530 534 584 560 Cic.
598 540 645 565 pro
658 531 778 557 Muraen.
793 533 831 558 26.
867 531 940 567 Conf.
955 533 1068 558 Gallaeus
1081 531 1114 557 ad
1125 531 1241 558 Laetam.
1256 542 1280 566 p.
1292 538 1332 563 28·
1392 535 1540 570 praescript.
1610 536 1678 563 Ter.
1693 539 1788 565 Heaut.
1802 546 1829 571 2,
1840 547 1862 571 3,
1877 547 1908 574 75
1946 540 2001 567 Vbi
2015 540 2033 566 si
2053 541 2200 574 paullulum
2218 543 2300 569 modo
2319 542 2384 577 quid
2403 548 2429 570 te

303 574 325 614 ff
346 584 362 602 2
397 573 443 601 Sed
460 574 548 599 etiam,
564 566 631 602 apud
642 569 788 593 recentiores
800 567 949 602 praesertim
969 567 1003 593 ad
1021 577 1047 594 ea
1062 571 1191 602 pigmenta
1210 567 1331 603 refertur,
1345 585 1376 604 10
1391 569 1507 603 fugerit,
1520 581 1569 606 ego
1586 572 1720 607 perierim.
1739 576 1758 600 i.
1779 574 1806 601 Si
1823 575 1864 600 vel
1880 575 2006 602 tantillum
2018 580 2161 610 peccaueris
2179 577 2312 612 obliuione,
2324 585 2367 604 aut
2382 579 2446 605 ali..

321 620 363 637 uae
380 618 425 634 non
446 603 640 634 diffimulantur,
659 608 687 627 vt
707 603 816 628 Fucatus
833 601 865 635 fit
883 605 911 628 in
921 603 999 628 laude.
1041 604 1075 630 Ve
1094 603 1188 630 Fucata
1201 603 1332 638 Ephippia
1392 613 1440 640 quo
1453 606 1502 632 alio
1513 607 1589 634 modo.
1660 608 1739 643 Fugit
1750 615 1776 635 te
1790 610 1859 636 ratio
1873 610 1958 636 Plaut.
1973 611 2068 645 Amph.
2085 620 2105 644 1,
2122 621 2141 644 1,
2158 621 2213 644 230.
2286 613 2343 640 Cic.
2357 614 2430 641 Fam.

303 621 379 679 apul.
393 643 424 668 de
436 634 492 666 Dc'o
506 638 577 664 Socr.
592 647 618 671 p.
629 645 691 672 700,
705 643 728 666 8.
747 644 771 662 et
784 638 849 664 Met·
864 646 892 663 10
905 647 929 671 p.
942 640 996 670 336,
1011 647 1019 664 1
1043 638 1147 664 Floridi.
1203 639 1274 666 Deus
1292 641 1332 665 in·
1394 649 1428 674 11,
1445 649 1473 666 10
1501 643 1684 678 Qiantamque
1703 645 1874 679 cupiditatem
1888 645 2043 672 hominibus
2062 647 2163 674 iniiciat
2183 648 2315 681 vacuitas,
2335 658 2388 675 non
2401 655 2428 676 te
2441 661 2444 666 ·

303 678 393 709 dultit,
406 682 433 701 vt
446 675 607 700 Praetextam
621 681 706 700 meam
720 681 849 707 purpurae
860 678 920 699 tuae
934 673 991 699 luce
998 674 1111 700 fucatam
1125 673 1264 708 praestares
1279 676 1332 701 Au·
1392 676 1471 710 fugit.
1507 678 1579 714 Cous.
1594 679 1647 705 Cic.
1660 680 1714 706 Att.
1729 689 1766 712 12,
1779 689 1820 713 42.
1875 681 1944 716 Qid
1955 680 1992 715 stt
2004 683 2200 710 Candicantiam
2213 684 2306 718 fugere
2325 687 2352 710 in
2365 693 2430 720 gem·
2442 702 2444 706 ψ

302 717 355 742 son.
369 712 438 736 Grat.
453 708 509 735 Aet.
522 715 586 735 extr.
641 708 738 735 Versus
753 707 867 743 quodam
886 708 957 743 quasi
971 709 1117 736 ferrumine
1131 709 1244 736 immisso
1263 711 1334 737 fuca-
1392 715 1456 744 mis,
1474 713 1527 740 vid.
1555 720 1800 742 CANmCANTIA.
1871 717 1973 751 Fugere
1982 737 1990 749 ,
2002 724 2032 746 vt
2043 720 2081 744 ait
2093 718 2165 744 Non.
2175 728 2198 751 2,
2211 727 2257 754 337
2269 720 2304 746 est
2312 719 2428 746 deterius

302 750 354 776 tior
367 745 432 771 Gell.
448 753 483 777 13,
500 746 543 770 26.
1347 753 1374 780 15
1393 746 1466 780 sieri,
1479 748 1601 784 et.adfert
1613 750 1713 776 Vinum
1727 751 1841 785 fugiens,
1850 751 1878 778 de
1909 762 1937 778 uo
1949 762 2014 779 mox.
2051 754 2092 780 Sic
2104 753 2163 781 sen.
2176 755 2253 788 Epist.
2270 763 2297 781 12
2316 755 2430 782 Gratissi-

335 788 351 807 F
360 787 379 805 V
388 786 405 806 C
415 786 436 806 A
445 786 466 805 Τ
478 786 507 805 Ε.
529 779 596 806 Adu.
633 779 728 805 Auson.
739 779 814 813 prosa
828 778 885 812 post
897 778 992 810 Eidyll.
1006 788 1019 812 3
1040 779 1161 807 Fucatius
1172 780 1333 809 concinnata.
1393 792 1436 809 ma
1453 784 1512 810 sunt
1524 793 1601 818 poma
1620 794 1679 812 cum
1697 786 1812 819 fugiunt.
1855 761 1913 814 Viti.
1927 787 2001 823 infra
2017 791 2044 814 in
2068 794 2215 816 FVGIENS.
2286 790 2430 826 Aliquando

332 822 349 842 F
358 822 377 840 v
389 821 406 842 C
417 822 468 842 ΛΤ
478 822 487 841 1
497 822 516 841 Ο
525 835 534 847 ,
553 815 621 840 finis.
640 814 660 839 f.
697 814 794 848 Apulei
808 813 850 847 eff}
867 814 969 841 dicitur.
1006 817 1090 852 Negat
1105 815 1160 843 [nd.
1175 816 1279 844 floridi.
1393 816 1427 852 egli
1439 818 1528 846 cauere
1544 822 1584 847 vc!
1598 822 1676 848 Nolle.
1713 822 1780 848 Hor.
1794 823 1882 850 Carm.
1897 832 1916 854 1,
1928 832 1955 856 9,
1971 832 1995 856 ¹3
2025 822 2099 856 Qid
2118 824 2148 851 sit
2162 825 2281 851 futurum
2298 835 2353 852 cras
2367 827 2431 860 fuge

333 857 350 877 F
360 857 380 875 v
390 856 407 876 c
419 856 454 877 11.
465 858 473 876 1
483 858 511 882 s,
531 849 584 876 vid.
599 849 681 884 supra
695 848 752 884 post
773 856 789 876 F
799 856 818 875 V
828 856 874 876 CA
883 856 908 875 E.
1393 862 1529 888 quaerere.
1567 857 1640 892 Conf.
1656 866 1678 888 2,
1691 866 1718 890 4,
1731 865 1773 884 22.
1844 858 1909 885 Non
1928 859 1999 893 fugis
2017 873 2064 879 —-
2083 859 2190 887 calathis
2208 861 2357 895 imposuisse
2368 865 2430 889 'ma-

336 887 459 912 FVCGS
471 891 490 909 v
502 892 532 916 s,
551 893 581 917 a,
602 893 655 910 um.
697 884 757 911 Adi.
793 882 946 918 [φυκιώδης]
987 885 1115 919 Vitiatur,
1135 885 1206 926 quast
1216 886 1279 922 fuco
1299 893 1334 914 te·
1393 898 1457 915 num
1478 890 1556 918 Ouid.
1571 893 1635 919 Her.
1655 901 1682 925 9,
1700 900 1740 927 75.
1934 892 1955 931 ff
1974 903 1993 927 4
2030 893 2124 929 PalJiue
2140 896 2271 931 usurpauit
2291 896 2429 931 Augustin.

297 918 370 953 ἅτις,
382 931 429 947 non
442 919 564 953 fincerus.
600 920 656 946 Cic.
675 929 724 954 pro
740 919 831 947 Rabir.
845 920 910 946 Post.
920 928 956 952 40
970 929 991 946 c.
1006 929 1036 954 14
1073 921 1197 953 Auditae,
1212 923 1336 958 visaeque
1345 935 1381 954 20
1394 925 1426 951 de
1439 925 1497 952 Ciu.
1511 927 1562 953 Dei
1578 936 1621 960 22,
1636 936 1669 954 22
1697 928 1769 955 Vitia
1789 928 1887 963 quibus
1906 929 1982 956 labor
1999 930 2110 964 fugitur.
2181 932 2332 966 Fugiendo:
2367 933 2431 959 Pro-

299 965 410 983 merces:
429 956 534 982 fallaces
547 955 655 990 quidem
674 961 700 982 et
713 956 832 988 fucosae,
850 955 946 982 chartis
959 961 985 981 et
998 956 1085 983 linteis
1103 963 1128 984 et
1140 958 1212 984 vitro
1223 957 1347 986 delatae.-
1394 966 1459 994 pert.
1474 970 1494 993 1,
1511 971 1531 994 1,
1546 971 1562 995 9
1603 963 1756 990 Mimallion
1776 965 1863 990 nullos
1882 964 2010 999 fugiendo
2028 965 2114 992 Tulle
2131 965 2252 1000 labores,
2287 968 2431 996 Saeuitiam

298 993 410 1019 Fucosae
428 991 576 1023 amicitiae,
590 997 639 1026 pro
654 991 811 1025 Ambitiosis,
826 997 848 1017 rt
860 991 942 1027 specie
949 991 1099 1027 splendidis.
1136 994 1191 1020 Cic.
1205 995 1257 1020 Att.
1274 1003 1293 1026 1,
1309 1000 1334 1025 18
1394 995 1473 1022 durae
1483 998 1602 1025 contudit
1616 999 1718 1026 Iasidos.
1791 1000 1879 1026 Genus
1892 999 1997 1028 dicendi
2009 1001 2135 1027 vitiosum
2149 1001 2226 1037 longa
2241 1003 2325 1029 animi
2340 1004 2431 1037 proui-

299 1027 369 1054 Nam
387 1026 448 1053 illae
464 1026 620 1053 ambitiosae
636 1026 753 1059 nostrae,
773 1026 932 1061 fucosaeque
951 1027 1083 1054 amicitiae
1097 1028 1156 1055 sunt
1174 1029 1204 1055 in
1218 1030 1334 1064 quodam
1394 1030 1464 1058 sione
1477 1032 1632 1067 fugiendum
1648 1035 1703 1061 Cic.
1718 1035 1745 1061 in
1758 1036 1833 1062 Orat.
1848 1042 1901 1068 189.
1971 1036 2073 1063 Iniuria
2087 1037 2212 1071 fugienda
2226 1039 2281 1065 Cic.
2295 1038 2347 1065 Off.
2360 1047 2379 1070 1,
2392 1045 2435 1072 25.;

297 1062 436 1098 splendore
454 1061 551 1088 forensi
558 1080 567 1093 ,
585 1062 703 1089 1111ἑὶ11111
717 1062 887 1089 domesticum
900 1071 955 1089 non
967 1061 1073 1090 habent.
1394 1067 1501 1093 Satietas
1514 1070 1677 1096 audientium
1693 1072 1794 1097 oratori
1814 1071 1940 1105 fugienda
1953 1072 2027 1098 Idem
2045 1073 2124 1099 Verr.
2137 1081 2160 1105 3,
2174 1082 2228 1100 102.
2297 1073 2432 1108 Turpitu-¹

559 1124 582 1154 r
631 1124 660 1153 v
706 1125 733 1154 E
805 1134 834 1156 a
903 1125 926 1155 F
975 1125 1004 1154 v
1052 1125 1076 1156 F
1346 1112 1377 1139 ²⁵
1394 1101 2174 1175 ffssfifiieess‘sssstiiiii{iee‘ld213035223222220225'51²1’58'82
2192 1110 2224 1136 ¹⁷²
2237 1108 2312 1137 mss.
2330 1109 2432 1147 'afim‘

334 1175 353 1196 F
363 1177 384 1197 v
393 1176 409 1196 r.
418 1189 426 1202 ,
441 1167 587 1195 InterieHio
600 1166 697 1195 ruffum
710 1172 879 1204 exprimentis.
903 1169 985 1196 Plaut.
995 1170 1072 1197 Most.
1084 1179 1105 1203 1,
1119 1179 1139 1203 1,
1152 1177 1193 1205 37.
1432 1180 1477 1200 Fv
1486 1148 1507 1201 Gg
1517 1183 1525 1201 1
1534 1183 1550 1202 r.
1559 1184 1580 1202 N
1591 1184 1603 1203 s
1612 1196 1620 1207 ,
1634 1151 1711 1204 ergitis.
1734 1178 1827 1204 Partic.
1863 1178 1993 1214 [φεύγων]
2029 1154 2195 1207 Ter.4And1-.
2210 1188 2232 1214 5,
2245 1189 2272 1214 4,
2285 1189 2312 1214 33
2330 1181 2355 1208 Is
2368 1180 2431 1208 hine

333 1212 350 1232 F
361 1211 380 1230 v
395 1211 458 1231 1-*1A
479 1205 556 1236 Gens,
568 1204 632 1230 vnde
644 1206 731 1239 plures
749 1212 865 1231 memorat
884 1205 984 1238 cicero,
1003 1205 1070 1241 apud
1087 1215 1155 1241 quem
1168 1206 1235 1233 Fusii
1253 1209 1280 1233 in
1292 1205 1333 1235 ho·
1392 1207 1494 1236 beilum
1513 1210 1632 1246 fugiens,
1652 1222 1746 1248 meque
1765 1214 1792 1239 in
1805 1213 1890 1240 Asiam
1910 1216 2064 1250 persequens
2085 1215 2268 1250 proficiscitur.
2339 1217 2435 1247 Tacit.

296 1250 352 1267 rum
364 1241 441 1266 Iocum
451 1239 496 1274 sar
514 1249 525 1266 e
537 1240 613 1266 libros
625 1247 784 1275 occuparunt.
823 1242 904 1267 Notus
915 1244 941 1267 in
954 1240 1049 1276 Primis
1062 1243 1129 1276 QF
1132 1242 1198 1268 usius
1213 1243 1333 1277 Calenus,
1394 1245 1462 1271 Ann.
1479 1255 1500 1278 3,
1513 1249 1550 1279 46
1586 1248 1680 1274 Tanto
1704 1250 1786 1283 magis
1810 1250 1929 1276 imbelles
1950 1251 2056 1277 Aeduos
2079 1253 2208 1283 euincite,
2224 1258 2250 1278 et
2266 1252 2432 1286 fugientibus

294 1285 312 1303 a
323 1284 368 1311 quo
382 1277 431 1301 Lex
444 1275 481 1301 Fu
503 1284 517 1302 a
533 1275 564 1302 dc
577 1275 706 1309 religione
719 1285 766 1310 pro
781 1276 885 1303 Clodio.
926 1277 983 1303 Viti.
998 1277 1052 1304 Cic.
1065 1278 1100 1304 ad
1111 1278 1163 1304 Att.
1180 1286 1198 1309 1,
1215 1286 1252 1311 ¹4·
1343 1293 1377 1317 30
1393 1280 1519 1308 consilite.
1589 1283 1719 1311 Obsistere
1738 1285 1853 1320 fugienti
1875 1286 1956 1313 Ouid.
1971 1287 2034 1313 Fast.
2048 1295 2074 1319 2,
2086 1296 2139 1320 595.
2209 1287 2314 1314 Secutus
2334 1288 2370 1315 est
2389 1288 2431 1314 fu-

330 1317 347 1336 F
356 1317 377 1335 v
387 1317 403 1337 F
412 1318 422 1337 1
432 1316 450 1336 D
461 1318 469 1336 1
479 1317 499 1336 v
508 1317 520 1336 s
528 1330 537 1343 ,
551 1310 570 1338 i.
583 1319 618 1336 111.
641 1312 758 1338 Orator-is
766 1321 864 1344 nomen,
875 1315 944 1338 cuius
957 1315 1068 1338 meminit
1088 1313 1143 1338 Cic.
1156 1312 1185 1338 in
1201 1313 1281 1340 Bruto
1295 1323 1332 1346 113
1393 1316 1509 1349 gientem
1524 1327 1588 1344 voce
1609 1320 1684 1354 Virg.
1700 1321 1764 1347 Acti.
1783 1330 1801 1352 1,
1814 1330 1872 1354 4¹0·
1944 1323 2056 1356 Fugiens
2080 1323 2226 1357 opprobria
2244 1323 2336 1357 culpae
2361 1320 2431 1359 Hui-4

295 1345 414 1372 Fufidius
433 1346 461 1372 in
476 1346 566 1381 aliquo
584 1352 756 1381 patronorum
776 1356 888 1373 numero
909 1348 969 1374 fnit.
1005 1349 1077 1374 Forte
1096 1347 1158 1373 idem
1171 1350 1333 1385 Iurisconsul-
1393 1352 1470 1386 Epist.
1486 1362 1505 1384 1,
1519 1362 1545 1386 9,
1559 1362 1596 1380 10.
1669 1356 1770 1382 Vinum
1790 1357 1909 1391 fugiens:
1928 1359 1947 1383 i.
1964 1359 2084 1390 Dubium,
2099 1365 2123 1384 et
2140 1362 2167 1384 in
2186 1362 2275 1384 uitium
2294 1360 2431 1392 inclinans,

294 1387 352 1412 tus,
364 1384 435 1407 cuius
446 1380 709 1417 auHoritatePaullus
724 1382 783 1419 vsus
808 1381 842 1416 13st
858 1386 886 1409 in
902 1383 920 1410 1.
939 1382 1057 1410 Fufidius
1074 1383 1105 1409 D.
1124 1382 1157 1409 de
1182 1383 1244 1412 bon.
1263 1385 1332 1414 31161.
1393 1397 1445 1413 cum
1458 1398 1506 1414 non
1519 1391 1625 1423 amplius
1632 1390 1692 1425 fert
1704 1398 1815 1417 aetatem.
1851 1393 1907 1418 Cic.
1916 1392 1968 1419 Off.
1982 1402 2004 1425 3,
2017 1402 2046 1426 91
2066 1402 2088 1419 c.
2102 1402 2131 1426 23
2153 1395 2208 1427 Qu
2221 1394 2314 1421 vinum
2326 1394 2430 1428 fiigiens

294 1416 376 1443 iudic.
394 1417 456 1452 poss.
1391 1423 1488 1450 vendat
1509 1424 1607 1457 sciens,
1627 1426 1754 1452 debeatne
1772 1427 1876 1453 dicere?
1909 1428 1967 1454 Vid.
1985 1430 2093 1455 Turneb.
2106 1430 2212 1465 Adflfflfi
2227 1439 2262 1460 ιο,
2275 1439 2309 1462 13.
2363 1431 2432 1459 Hinc:

667 1454 690 1487 F
796 1455 826 1486 V
921 1456 951 1487 G
1346 1469 1375 1499 35
1386 1458 1459 1494 forte
1473 1460 1611 1493 Fugientes
1626 1464 1699 1487 etiam
1717 1461 1808 1488 literae
1824 1462 1877 1488 dici
1891 1463 1998 1497 poffint‚
2012 1473 2070 1498 quas
2085 1464 2200 1490 Caducas
2218 1473 2241 1491 et
2257 1465 2430 1492 exolescente·

1392 1497 1492 1525 vocari,
1504 1495 1551 1530 suo
1571 1496 1622 1521 Ioco
1642 1506 1773 1522 monemus.
1818 1497 1922 1531 Spicula
1942 1499 2015 1531 Virg.
2035 1499 2099 1524 Aen.
2119 1508 2159 1531 11,
2179 1502 2237 1533 654.
2264 1501 2430 1536 [φυγάσι-υνυς]

333 1529 351 1551 Ἐ
361 1530 381 1550 V
391 1530 441 1551 GA
451 1545 459 1557 ,
479 1528 632 1558 PVGAX,
650 1524 705 1552 vid.
725 1530 819 1551 FvGi
831 1529 862 1552 Ο.
1393 1530 1466 1556 Caes.
1479 1531 1507 1556 B.
1523 1531 1552 1556 C.
1569 1539 1590 1564 1,
1605 1532 1639 1562 69
1675 1532 1765 1558 Nemo
1780 1538 1835 1558 erat
1856 1532 1922 1559 adeo
1937 1532 2040 1565 tardus,
2054 1541 2099 1560 aut
2117 1535 2219 1568 fugiens
2233 1535 2341 1567 laboris,
2355 1537 2429 1571 quin,

331 1566 348 1586 F
357 1567 376 1585 v
387 1567 407 1586 G
416 1567 463 1586 AL
473 1568 482 1586 1
491 1567 512 1586 Α
521 1580 530 1592 ,
550 1562 614 1587 111111.
634 1569 660 1587 n.
685 1559 753 1593 Festa
765 1561 873 1596 fuerunt
887 1560 976 1587 Romae
989 1563 1015 1587 in
1030 1565 1169 1590 memoriam
1190 1562 1332 1590 mnarum
1392 1571 1438 1591 etc.
1495 1566 1572 1591 Aetas
1587 1566 1673 1592 Catul.
1686 1569 1730 1599 69,
1743 1575 1785 1600 43.
1805 1570 1958 1601 Inconstans.
2029 1570 2125 1595 Fontes
2143 1577 2237 1604 arguto
2257 1572 2371 1604 gramine
2385 1571 2429 1598 fu-

295 1595 396 1630 Regum,
403 1595 564 1629 liberataeque
576 1596 676 1630 Reipab.
688 1594 811 1628 instituta,
825 1596 980 1627 (Censorin-
995 1597 1027 1623 de
1034 1598 1085 1624 Die
1099 1599 1161 1625 Nat.
1177 1608 1196 1625 c.
1205 1608 1236 1625 20
1250 1606 1272 1625 et
1285 1601 1331 1626 Fe·
1393 1600 1493 1634 gientes
1505 1600 1611 1627 Colum.
1628 1610 1667 1634 10,
1680 1607 1740 1637 284.
1760 1605 1837 1630 riuuli
1851 1613 1904 1630 cum
1922 1614 2043 1630 murmure
2054 1607 2169 1631 labentes.
2238 1606 2357 1633 Flumina
2371 1607 2429 1633 Ho-

296 1629 347 1655 stus
361 1629 530 1663 Regifugium
543 1631 668 1664 vacuum)
686 1631 749 1666 quod
767 1641 791 1657 eo
810 1632 849 1657 dle
867 1633 1021 1667 Tarquinius
1033 1633 1063 1659 ab
1083 1637 1191 1661 exercitu
1203 1634 1237 1660 ad
1249 1635 1332 1670 Porse-
1338 1645 1374 1669 40
1392 1641 1440 1662 rat.
1455 1636 1536 1662 Serm.
1550 1645 1570 1668 1,
1584 1645 1605 1669 1,
1617 1639 1658 1667 68.
1729 1639 1803 1665 Hora
1821 1638 1894 1665 Idem
1908 1640 1996 1666 Carm.
2010 1648 2033 1674 3,
2047 1648 2086 1672 29,
2100 1646 2141 1674 48.
2213 1641 2320 1667 Somnus
2332 1641 2429 1668 Catull-

295 1674 352 1691 nam
366 1665 539 1700 Hetrusrorum
551 1674 631 1701 regem
637 1665 751 1701 fugrſjct.
787 1667 973 1693 Celebrabamur
990 1674 1069 1694 autem
1076 1670 1184 1703 Fugalia
1198 1670 1274 1705 meuse
1289 1672 1331 1697 Fe-
1393 1673 1439 1704 64,
1452 1680 1493 1704 43.
1509 1674 1526 1697 i.
1545 1672 1645 1698 Cedens.
1717 1674 1737 1700 F
1740 1674 1856 1708 ugientia
1876 1682 1978 1709 captare
1991 1676 2085 1702 Horat.
2101 1677 2182 1702 Serm.
2197 1685 2217 1708 1,
2231 1685 2257 1708 2,
2272 1682 2324 1705 108-
2378 1676 2430 1702 Fu-

295 1699 395 1726 bruarz'o
404 1719 410 1730 ,
421 1731 423 1733 Ι
431 1698 486 1734 post
505 1698 592 1726 exaHa
609 1702 759 1727 terminalia.
813 1701 918 1735 August.
933 1702 964 1728 de
979 1703 1062 1730 cinit.
1081 1705 1131 1731 Dei
1145 1714 1169 1735 2,
1182 1708 1199 1731 6
1222 1705 1270 1732 Sed
1287 1706 1330 1732 de·
1391 1707 1480 1741 giens,
1490 1714 1539 1742 pro
1552 1709 1631 1740 Reus,
1638 1707 1727 1745 figura
1741 1710 1838 1736 dicendi
1852 1711 1948 1736 Graeca
1965 1711 2101 1747 usurpatur
2115 1721 2129 1738 a
2142 1711 2286 1738 Iustiniano
2300 1711 2329 1736 in
2343 1711 2361 1737 l.
2375 1719 2387 1736 2
2400 1710 2432 1738 C·

295 1735 473 1761 monstrentur
491 1735 586 1761 talibus
604 1735 748 1769 aliquando
761 1737 953 1762 conuenticulis
972 1739 1133 1769 consecrata,
1145 1749 1198 1765 non
1212 1741 1259 1766 vbi
1272 1740 1330 1767 ludi
1392 1741 1424 1767 de
1438 1742 1536 1768 iuram.
1550 1749 1658 1777 propter
1670 1745 1764 1770 calum.
1801 1745 1866 1772 Non
1881 1746 1958 1772 aliter
1976 1755 2062 1781 neque
2080 1747 2211 1778 1161010111,
2229 1755 2316 1780 neque
2327 1746 2422 1779 fugien

294 1776 436 1802 agerentur
454 1769 559 1796 obsceni
568 1790 576 1802 ‚
595 1771 703 1797 vocibus
722 1776 748 1797 et
767 1770 885 1796 moribus
905 1771 1079 1804 histrionum,
1099 1782 1145 1799 nec
1165 1774 1210 1799 vbi
1224 1775 1330 1808 Fugalia
1391 1781 1445 1802 tem
1460 1776 1489 1801 in
1502 1777 1590 1809 primo
1602 1778 1716 1804 exordio
1729 1780 1784 1805 litis
1798 1788 1917 1807 exercere
1930 1783 2073 1808 certamina
2085 1803 2095 1815 ‚
2108 1782 2135 1807 id
2149 1783 2185 1808 est
2196 1781 2324 1815 φεύγοντα.

295 1803 505 1833 celebrarentur,
522 1805 600 1830 effusa
613 1806 733 1831 omnium
752 1806 856 1832 licentia
874 1806 1068 1840 turpitudinum
1077 1827 1086 1840 ,
1105 1814 1131 1834 et
1145 1817 1207 1835 vere
1219 1809 1329 1842 fugalia,
1336 1819 1370 1845 45
1433 1816 1450 1836 F
1461 1817 1481 1835 v
1490 1817 1510 1837 G
1521 1817 1559 1836 1T
1569 1813 1614 1837 VR
1623 1818 1643 1837 v
1652 1819 1682 1845 S,
1700 1822 1728 1845 a,
1748 1822 1802 1839 um.
1829 1816 1896 1841 Part.
1934 1816 2063 1849 [φεύξων]
2099 1815 2268 1850 Ouid.Epist.
2284 1824 2306 1849 2,
2318 1823 2356 1851 47
2382 1816 2404 1842 R

293 1837 337 1865 sed
349 1838 459 1872 pudoris
472 1843 497 1864 et
510 1837 660 1865 honestatis.
699 1841 757 1865 Vici.
782 1847 998 1867 REG1FVGIVM.
1391 1845 1538 1879 migiumue
1552 1846 1612 1873 dedi
1626 1856 1680 1881 quo
1694 1857 1736 1874 me
1749 1848 1880 1883 fugiturus
1893 1849 1988 1876 abires.

330 1879 442 1912 FVG1A,
455 1881 494 1898 ae.
507 1872 527 1898 f.
547 1874 599 1898 Dea
610 1874 728 1903 laetitiae,
743 1883 757 1898 a
763 1874 868 1908 fugatis
875 1874 982 1906 hostibus
995 1876 1092 1913 uidetur
1099 1886 1155 1916 exfo
1173 1880 1238 1916 itata
1244 1888 1273 1904 ex
1279 1888 1329 1904 ma·
1426 1887 1471 1906 FV
1480 1888 1500 1907 G
1512 1880 1523 1906 f
1532 1888 1581 1907 ΤΟ
1590 1901 1598 1913 ,
1616 1887 1668 1909 are.
1689 1883 1829 1917 Frequent.
1867 1884 2018 1919 [φεύγομαι]
2054 1887 2082 1912 A
2087 1886 2180 1919 Fugio.
2206 1879 2444 1947 conatumffugiffif

292 1909 315 1935 Ie
326 1907 448 1935 intelteHo
455 1909 504 1934 loco
513 1908 625 1933 Varron.
634 1907 665 1933 de
673 1908 703 1934 L.
711 1908 742 1934 L.
756 1916 779 1940 5,
792 1918 802 1940 3
818 1917 843 1942 p.
857 1915 902 1942 47,
915 1917 946 1939 30
971 1909 1033 1934 Dies
1041 1911 1134 1943 Populi
1178 1920 1218 1943 gia
1230 1913 1329 1944 (Scali-
1389 1915 1418 1939 di
1430 1918 1558 1948 repetitum
1572 1923 1651 1941 notat.
1719 1917 1828 1945 Phaedr.
1843 1928 1862 1949 i,
1878 1928 1903 1950 2,
1914 1922 1948 1945 26
1967 1920 1996 1945 de
2007 1923 2080 1945 ranis
2094 1921 2200 1946 Frustra
2212 1930 2303 1948 necem
2329 1926 2432 1956 ugitant
2447 1931 2449 1938 ¹

294 1953 339 1979 ger
352 1947 377 1969 in
393 1944 448 1970 Iud.
464 1943 630 1977 Populifugia
649 1950 790 1969 continuato
803 1943 936 1976 vocabulo)
950 1942 1055 1969 videtur
1074 1945 1237 1975 nominatus,
1256 1946 1328 1979 quod
1390 1949 1495 1974 inertes.
1565 1950 1709 1982 Laudatur,
1720 1951 1828 1986 fallente
1843 1959 1906 1987 puto
1919 1957 2050 1984 memoria,
2075 1955 2201 1987 Apuleius
2236 1976 2242 1982 .
2280 1976 2287 1982 .
2322 1958 2383 1984 Huc
2394 1963 2435 1985 at-

295 1988 328 2006 00
342 1979 385 2005 die
403 1985 510 2013 repente
523 1979 639 2005 tumuitu
652 1978 749 2012 fugerit
763 1978 873 2013 populus
888 1987 941 2004 non
955 1979 1040 2005 multo
1054 1979 1125 2005 enim
1138 1980 1194 2014 post
1207 1980 1250 2007 hic
1262 1981 1327 2014 dies,
1340 1991 1371 2017 50
1390 1992 1442 2017 que
1455 1983 1518 2009 illuc
1531 1983 1668 2018 fugitando
1677 2005 1685 2017 ,
1703 1986 1733 2012 ad
1748 1986 1877 2013 stabulum
1891 1988 1996 2014 tandem
2009 1990 2126 2023 perueni.
2196 1990 2265 2018 Ter.
2279 1991 2383 2019 Phorm.
2398 2000 2430 2026 5,

293 2023 374 2049 quam
394 2014 506 2041 decessus
518 2014 655 2040 Gallorum
672 2022 703 2039 ex
723 2013 798 2039 vrbe.
833 2028 879 2034 ·—
920 2014 1030 2048 Aliquot
1048 2014 1126 2041 huius
1144 2016 1198 2041 diei
1217 2016 1327 2051 vestigia
1391 2026 1421 2052 5,
1434 2026 1452 2053 7
1482 2019 1597 2046 Vicislim
1610 2026 1695 2055 partes
1706 2027 1762 2048 tuas
1774 2022 1878 2049 aeturus
1891 2023 1935 2050 est.
1966 2031 1997 2052 A.
2017 2026 2098 2059 quas?
2129 2031 2155 2051 P.
2170 2031 2199 2052 vt
2212 2026 2307 2061 fugitet
2316 2034 2428 2061 patrem.

293 2051 372 2084 fugae
386 2051 414 2076 in
431 2050 508 2076 sacris
528 2055 659 2083 apparent.
698 2049 766 2074 Hinc
782 2049 891 2082 Fugiam
908 2049 983 2075 deam
995 2050 1123 2086 casaclpstt
1139 2052 1213 2078 Vines
1230 2052 1264 2078 ad
1274 2054 1326 2079 Au·
1389 2057 1408 2081 i.
1435 2055 1456 2080 E
1464 2054 1593 2090 conspeciu
1600 2059 1696 2091 patris.
1790 2058 1858 2085 Ter.
1871 2060 1966 2086 Heaut.
1980 2068 1992 2092 3
2001 2079 2009 2091 ,
2025 2068 2051 2092 1,
2073 2068 2104 2093 25
2138 2061 2202 2088 Non
2213 2062 2270 2089 vult
2281 2067 2307 2089 te
2320 2063 2386 2089 scire
2401 2063 2429 2089 se

293 2086 389 2121 gustin.
404 2085 435 2111 de
448 2086 507 2111 Ciu.
522 2085 572 2110 Dei
596 2093 621 2116 2,
635 2086 660 2110 6.
700 2084 758 2110 Vid-
779 2090 1004 2110 POPVLIFVGIA·
1389 2089 1497 2116 redisse:
1516 2091 1596 2118 etiam
1610 2097 1635 2118 et
1649 2098 1724 2118 tuum
1737 2094 1903 2128 conspectum
1922 2095 2018 2130 fugitat
2031 2102 2137 2130 propter
2150 2104 2291 2131 peccatum.
2345 2099 2428 2125 Plaut-

333 2126 350 2146 F
362 2119 382 2146 x?
393 2126 412 2145 G
425 2127 460 2147 10
469 2140 476 2152 ,
497 2120 569 2155 fugi,
589 2122 672 2152 1111111,
692 2121 744 2146 ἕπε.
782 2118 900 2158 [φεῷγω]
937 2119 995 2145 cum
1007 2118 1078 2152 συν-[ἐι
1091 2126 1114 2145 ct
1125 2121 1248 2160 celeritate
1261 2121 1329 2161 abire
1390 2125 1465 2157 Capt.
1479 2133 1501 2156 3,
1514 2134 1542 2157 4,
1557 2134 1585 2151 10
1620 2127 1693 2160 Qiid
1707 2127 1771 2154 istuc
1783 2129 1819 2155 est
1828 2150 1836 2162 ‚
1854 2129 1926 2164 quod
1940 2140 2013 2157 meos
2026 2137 2051 2158 te
2064 2132 2149 2158 dicam
2161 2132 2193 2159 fic
2204 2132 2319 2167 fugitare
2326 2134 2428 2167 oculos,
2454 2132 2456 2159 l
2467 2126 2479 2162 ii

294 2162 319 2181 et
332 2155 450 2188 recedere,
462 2154 539 2190 estque
552 2157 668 2181 Graecum
681 2155 771 2187 φυγεῖν.
809 2155 883 2188 Virg.
898 2153 951 2180 Ecl.
966 2162 985 2185 1,
993 2164 1016 2193 ,4
1046 2155 1104 2180 Nos
1121 2162 1233 2188 patriam
1251 2157 1326 2196 ¹fugi·
1342 2162 1371 2188 55
1390 2158 1535 2189 Tyndare3
1602 2162 1770 2189 Prouinciam
1785 2174 1875 2191 omnes
1892 2166 2006 2201 fugitant
2041 2166 2079 2194 Id.
2096 2167 2162 2194 ibid.
2176 2176 2203 2201 i,
2221 2177 2252 2200 2,
2266 2176 2302 2201 53.
2369 2170 2424 2196 Cic.
2454 2167 2479 2229 1

296 2199 363 2217 mus.
397 2190 468 2216 Idem
485 2190 537 2216 Ecl.
551 2195 572 2220 8,
587 2199 616 2222 52
646 2190 724 2216 Nunc
737 2197 763 2216 et
774 2198 837 2216 oues
853 2189 925 2216 vltro
942 2189 1027 2223 fugiat
1044 2190 1128 2224 lupus.
1199 2192 1326 2225 Sapientis
1391 2201 1439 2226 pro
1452 2194 1526 2219 Rosc.
1541 2195 1630 2222 Amer.
1643 2201 1671 2228 78
1691 2206 1711 2223 c.
1725 2203 1756 2227 28
1793 2200 1918 2226 Dubitare
1932 2202 2013 2227 etiam
2025 2203 2222 2235 111111011ιά1005,
2240 2203 2258 2229 fi
2273 2203 2389 2238 potestis,
2407 2212 2425 2235 a

292 2226 387 2259 fugere
406 2231 499 2259 negant
512 2225 593 2251 Stoici
612 2225 667 2251 Cic.
683 2225 715 2251 ad
729 2226 800 2252 Brut.
815 2233 848 2257 15.
917 2226 1022 2252 Ponitur
1035 2234 1088 2251 cum
1100 2225 1328 2261 Praepositionibus.
1391 2237 1445 2262 quo
1458 2228 1487 2254 sit
1502 2229 1567 2256 Sext.
1581 2231 1688 2257 Roscius
1702 2233 1815 2259 occisus:
1850 2235 1883 2260 ab
1896 2244 1978 2267 eone,
1991 2237 2038 2270 qui
2052 2243 2160 2270 propter
2175 2234 2247 2264 illius
2267 2245 2376 2266 mortem
2393 2238 2422 2266 in

294 2262 318 2287 A
332 2261 382 2287 suis
396 2260 592 2287 conditionibus
609 2260 713 2294 fugere,
727 2260 850 2293 nonstare
863 2260 1043 2287 conditionibus
1056 2261 1105 2297 ast
1120 2262 1181 2287 latis
1194 2262 1248 2288 Cic.
1257 2263 1327 2289 Fam.
1389 2264 1500 2298 egestate
1513 2272 1538 2291 et
1552 2265 1652 2292 insidiis
1664 2268 1798 2300 versatur,
1817 2270 1861 2296 cui
1875 2279 1907 2296 ne
1920 2271 2064 2305 quaerendi
2078 2271 2186 2305 quidem
2200 2272 2233 2299 de
2247 2280 2332 2301 morte
2346 2274 2422 2309 patri}

295 2299 332 2327 16.
347 2305 383 2322 12.
419 2297 458 2323 Sic
475 2298 574 2322 Aeneas
586 2295 654 2329 fugit
672 2304 686 2321 a
699 2295 788 2322 Troia
801 2296 857 2322 Cic.
872 2297 948 2322 Verr.
961 2305 978 2328 4
991 2305 1012 2322 c.
1027 2305 1057 2328 33.
1109 2297 1142 2323 Vt
1161 2306 1176 2323 a
1188 2298 1327 2324 crudelisli-
1389 2300 1566 2334 permittitur:
1602 2311 1634 2328 an
1647 2302 1679 2328 ab
1693 2303 1743 2335 iis,
1758 2304 1804 2338 qui
1817 2305 1996 2339 quaestionem
2009 2306 2139 2339 fugitant,
2161 2306 2230 2334 bona
2242 2309 2377 2343 poffident,
2395 2310 2431 2336 in-
2467 2335 2472 2340 ,

295 2341 340 2358 mo
355 2331 428 2358 hoste
440 2331 513 2357 Idem
527 2339 575 2365 pro
589 2330 691 2357 Cluent.
705 2339 725 2355 c.
742 2333 784 2356 66.
853 2332 885 2356 Et
897 2329 973 2357 offic.
988 2340 997 2356 1
1011 2341 1032 2357 c.
1046 2339 1072 2363 35
1093 2331 1133 2357 Ab
1150 2334 1240 2364 omni,
1255 2334 1326 2367 quod
1333 2338 1368 2362 60
1388 2335 1465 2361 caede
1478 2341 1556 2370 atque
1569 2345 1601 2363 ex
1617 2337 1693 2364 caede
1705 2338 1810 2365 viuunt.
1917 2341 1993 2375 Apul.
2006 2340 2038 2365 de
2051 2340 2132 2365 habit.
2145 2340 2229 2369 doen.
2243 2345 2303 2370 Plat.
2322 2354 2348 2379 p.
2362 2346 2424 2377 606,
2470 2342 2471 2346 ¹

294 2366 421 2393 abhorret
434 2366 467 2393 ab
478 2367 618 2393 oculorum
630 2366 786 2400 auriumque
800 2365 988 2400 approbatione
1006 2367 1146 2400 fugiamus.
1210 2369 1326 2396 Martial.
1392 2379 1416 2396 12
1447 2372 1543 2398 Floridi
1551 2392 1559 2404 ,
1585 2373 1654 2399 Mala
1668 2373 1794 2408 quaedam
1808 2375 1849 2401 sui
1862 2377 1935 2402 causa
1948 2375 2082 2408 fugitanda
2095 2375 2167 2407 sunt,
2190 2377 2240 2403 alia
2252 2385 2423 2406 caeterorum.

293 2411 320 2435 9,
335 2411 369 2434 90
408 2403 446 2427 De
464 2411 542 2428 cauea
561 2402 646 2434 fugiat
666 2410 698 2427 ne
716 2401 783 2427 male
796 2401 879 2435 pastus
896 2410 966 2436 aper.
1037 2403 1137 2435 Fugere
1161 2402 1192 2429 de
1221 2404 1328 2431 ciuitate
1390 2404 1411 2443 ff
1434 2415 1447 2432 2
1483 2407 1593 2442 Fugito,
1613 2413 1666 2434 arc.
1704 2409 1870 2443 Frequentat.
1908 2413 1934 2437 A
1947 2412 2035 2444 Fugo,
2055 2415 2106 2436 are.
2159 2410 2223 2438 [dem
2236 2422 2265 2438 ac
2279 2414 2422 2448 propellere.

294 2436 426 2470 Qiine'til.
441 2439 465 2467 6,
479 2446 498 2463 1.
567 2437 636 2463 Ter.
650 2437 715 2463 Hec.
736 2446 755 2468 1,
768 2445 791 2468 ε,
805 2445 850 2470 107
884 2437 910 2462 Si
931 2436 1035 2471 quando
1062 2437 1095 2464 ad
1121 2447 1178 2465 eam
1196 2441 1328 2467 accesserat
1389 2442 1471 2469 Plaut.
1485 2443 1574 2469 Pseud.
1588 2443 1655 2478 prol.
1668 2452 1682 2476 7
1717 2445 1823 2480 Semper
1835 2446 1926 2474 odistis
1940 2447 2038 2479 1113105,
2057 2451 2083 2473 01
2097 2446 2154 2481 lege
2172 2452 2198 2473 et
2216 2447 2362 2481 legionibus
2373 2448 2423 2475 hos

294 2472 507 2502 confabulatum,
532 2472 625 2505 fugere
649 2480 663 2497 e
685 2471 821 2505 conspeeiu
838 2471 929 2503 illico,
947 2473 1036 2498 videre
1054 2473 1134 2500 nolle.
1204 2476 1259 2502 Cic.
1279 2486 1327 2510 pro
1390 2477 1529 2512 fugitastiS.

295 2508 366 2534 Cael.
382 2510 412 2540 65
446 2507 525 2534 Mimi
539 2516 602 2541 ergo
617 2507 651 2533 est
665 2507 718 2533 iam
736 2507 836 2537 exitus,
849 2515 902 2533 non
916 2507 1034 2535 fabulae:
1055 2509 1083 2534 in
1096 2518 1149 2543 quo
1163 2519 1244 2544 quum
1259 2512 1327 2538 clau·
1339 2515 1370 2547 65
1425 2519 1440 2539 F
1450 2519 1468 2537 V
1479 2520 1499 2539 G
1510 2512 1521 2539 ἴ
1531 2521 1651 2545 TANS,
1668 2516 1745 2542 antis.
1780 2517 1872 2543 Partic.
1907 2517 1974 2544 Ter.
1983 2518 2126 2552 Phorm.4‚
2139 2527 2162 2551 3,
2175 2523 2201 2549 18
2233 2517 2320 2545 Hei-us
2331 2516 2425 2545 libera-

294 2544 348 2570 sula
367 2552 422 2569 non
440 2543 591 2575 inuenitur,
614 2543 683 2576 fugit
701 2543 797 2577 aliquis
817 2551 830 2568 e
845 2542 975 2568 manibus.
1044 2543 1154 2571 Tenues
1173 2546 1257 2580 fugit,
1280 2555 1326 2573 ceu
1390 2548 1423 2574 lis
1437 2548 1490 2581 est,
1508 2555 1533 2575 et
1546 2550 1660 2583 fugitans
1674 2552 1773 2577 litium.
1829 2551 1901 2587 Conf.
1915 2553 2038 2580 Priscian.
2053 2563 2077 2588 p.
2086 2562 2154 2580 1202.

294 2579 398 2609 fumus,
413 2579 441 2604 in
453 2585 528 2605 auras
541 2579 614 2612 Virg.
628 2579 692 2604 Aen.
706 2585 729 2611 5,
742 2585 803 2612 740.
857 2578 887 2603 ln
901 2577 1001 2604 bellum
1016 2579 1117 2612 fugitur
1131 2580 1226 2606 Lucan.
1237 2590 1326 2614 1,499.
1425 2590 1471 2609 Ἑν
1481 2590 1501 2610 G
1511 2592 1519 2610 1
1529 2591 1579 2611 TA
1593 2591 1614 2611 T
1629 2592 1636 2610 1
1648 2592 1682 2616 o,
1701 2587 1767 2613 onis.
1788 2587 1808 2613 f.
1852 2589 1904 2614 ICt.
1919 2592 1945 2614 iu
1960 2589 2058 2623 Digest.
2094 2609 2101 2615 .
2137 2609 2144 2615 .

294 2614 401 2648 Longe,
426 2613 481 2640 uid.
506 2621 523 2639 L
533 2619 553 2638 ο
564 2620 584 2637 Ν
594 2620 614 2639 G
624 2621 643 2639 v
652 2621 673 2640 s.
763 2612 878 2638 Demiffis
899 2613 1019 2640 manibus
1039 2615 1130 2648 fugere
1149 2615 1230 2642 Plaut.
1252 2617 1327 2651 Epid.
1429 2624 1447 2644 F
1457 2624 1478 2642 v
1487 2625 1507 2644 G
1518 2627 1525 2644 1
1535 2626 1556 2645 'r
1568 2626 1588 2645 Α
1602 2626 1624 2646 Τ
1636 2627 1655 2647 O
1664 2628 1682 2647 R
1692 2641 1700 2653 ‚
1721 2622 1782 2648 aris.
1801 2631 1836 2648 m.
1876 2624 1953 2658 Apud
1964 2625 2071 2651 Firmic.
2110 2644 2117 2650 .
2155 2644 2162 2650 .

295 2658 317 2681 3,
336 2658 369 2682 4,
391 2651 426 2676 16.
515 2648 596 2674 Plaut.
621 2647 714 2682 Amph.
737 2657 757 2679 1,
777 2657 795 2677 1,
815 2658 853 2682 44
898 2649 968 2675 Nam
995 2658 1077 2684 quum
1107 2650 1256 2684 pugnabant
1288 2652 1329 2678 illi
1426 2653 1630 2688 FVGfTOR,
1649 2656 1713 2683 otis.
1735 2666 1770 2683 m.
1808 2657 1948 2692 [φευκτὴς]
1990 2659 2121 2692 Timidus,
2139 2658 2437 2696 etquiprotinusfuga'tffi

295 2685 410 2711 maxime
424 2701 432 2713 ‚
458 2692 507 2717 ego
537 2682 673 2717 fugiebam
708 2683 829 2708 maxime.
916 2684 1029 2717 Pauide,
1062 2685 1115 2711 uid.
1146 2693 1161 2711 Ρ
1171 2694 1193 2712 Α
1203 2694 1221 2713 ν
1231 2693 1370 2722 1Dvs.70
1391 2688 1472 2714 Plaut.
1485 2689 1568 2716 Trin.
1584 2698 1606 2722 3,
1619 2699 1631 2716 2
1642 2711 1650 2722 ,
1663 2698 1697 2724 97
1731 2693 1761 2718 In
1786 2692 1902 2726 saginam
1926 2693 2004 2721 herus
2027 2696 2052 2721 se
2065 2695 2178 2721 coniecit
2189 2704 2278 2726 meus,
2302 2695 2381 2721 credo

296 2719 369 2745 Caes.
394 2719 422 2744 B.
443 2719 472 2744 C.
497 2726 521 2750 3,
545 2726 578 2749 29
616 2717 759 2745 Ofilacilius
790 2717 837 2743 tibi
857 2717 951 2745 timens
964 2739 974 2752 ,
997 2720 1098 2754 oppido
1115 2721 1183 2754 fugit
1198 2741 1206 2753 ,
1237 2729 1263 2748 et
1294 2722 1326 2749 ad
1389 2724 1506 2750 summos
1520 2724 1660 2753 bellatores
1672 2735 1756 2753 acrem
1769 2728 1992 2763 fugitoremforc,
2009 2736 2035 2757 et
2047 2737 2183 2765 capturum
2195 2730 2278 2765 spolia
2289 2729 2330 2756 ibi
2341 2724 2425 2765 illuiffl‘
2456 2743 2465 2750 ν

295 2754 450 2787 Pompeium
470 2754 598 2787 peruenit.
693 2754 792 2783 Vitare,
808 2759 831 2778 et
848 2753 964 2788 respuere.
1020 2756 1102 2781 Plaut.
1121 2756 1190 2782 Asin.
1211 2766 1236 2789 1,
1256 2767 1278 2790 3,
1293 2761 1328 2784 60
1391 2760 1436 2794 qui
1449 2768 1509 2786 meo
1524 2760 1589 2787 hero
1603 2760 1726 2788 aduersus
1740 2763 1852 2790 venerit.
2412 2779 2434 2796 ’1.

297 2789 377 2822 Q1od
390 2785 512 2814 nolebam
531 2797 558 2814 ac
577 2793 726 2819 vetueram,
741 2787 772 2813 de
785 2788 911 2814 industria
924 2789 951 2814 su
972 2789 1077 2817 iebatis:
1096 2800 1180 2826 neque
1192 2794 1282 2819 conari
1300 2794 1328 2820 id
1428 2800 1445 2820 F
1456 2802 1552 2830 VGA‚
1570 2805 1610 2822 ae.
1644 2797 1662 2823 f.
1712 2799 1725 2832 [
1735 2798 1826 2833 φυγή]
1883 2799 2035 2834 Profectio,
2060 2800 2182 2828 abscessus
2201 2809 2261 2827 cum
2278 2800 2425 2828 celeritate}¹

295 2825 383 2851 facere
412 2823 547 2850 audebatis
577 2824 657 2857 prius.
811 2821 831 2858 ἦ
852 2832 864 2849 2
900 2798 1056 2857 Suhjiantiua
1076 2828 1199 2853 Nomina:
1227 2829 1328 2862 Aciem,
1390 2830 1465 2865 Virg.
1479 2831 1543 2857 Aen.
1557 2840 1586 2863 3,
1602 2835 1648 2857 160
1681 2833 1855 2874 Longumque
1868 2835 1945 2869 fugae
1959 2845 1992 2862 ne
2005 2837 2094 2870 linque
2106 2836 2231 2862 laborem.
2302 2837 2375 2863 Idem
2393 2845 2425 2870 4,

295 2859 350 2886 vid.
375 2865 481 2886 AclEs.
554 2859 609 2885 Cic.
621 2859 703 2885 Tusc.
719 2867 738 2890 1,
752 2866 782 2891 50
794 2895 797 2898 ἡ
811 2860 955 2886 Casurusne
974 2860 1003 2887 in
1020 2861 1187 2896 conspeehim
1208 2864 1329 2891 videatur
1340 2871 1371 2899 75
1390 2874 1445 2899 400
1472 2867 1556 2900 Fugae
1570 2867 1693 2893 studium.
1712 2869 1827 2896 Seruius.
1896 2872 2011 2906 Fugam,
2029 2872 2133 2898 Nonius
2147 2881 2173 2904 4,
2189 2878 2234 2902 199
2260 2869 2376 2904 distinffe
2386 2881 2425 2898 ex-

296 2895 416 2926 animus,
436 2903 469 2921 an
491 2899 561 2920 tanta
585 2893 614 2920 sit
635 2894 713 2920 huius
729 2900 854 2926 tenuitas,
867 2901 895 2921 vt
909 2895 993 2930 fugiat
1006 2897 1098 2923 aciem.
1117 2898 1141 2924 h.
1154 2907 1174 2924 e.
1200 2900 1233 2925 Vt
1247 2900 1330 2926 videri
1384 2904 1460 2936 ponit
1474 2906 1546 2926 etiam
1560 2902 1592 2928 de
1604 2903 1666 2929 Cito
1679 2905 1772 2936 cursu,
1793 2905 1825 2931 de
1837 2905 1943 2938 volatu,
1975 2906 2008 2932 de
2028 2905 2214 2939 nauigatione,
2242 2912 2268 2933 et
2292 2906 2324 2934 de
2345 2907 2424 2934 vehe-
2455 2912 2457 2922 ¹

295 2940 345 2956 non
362 2930 450 2965 possit,
470 2929 499 2957 de
515 2933 566 2956 acie
585 2933 647 2955 enim
666 2930 728 2955 oculi
740 2930 855 2964 loquitur.
890 2931 1012 2965 Aliquem
1028 2932 1108 2959 odisse
1120 2939 1145 2960 et
1157 2934 1248 2968 fugere
1263 2937 1329 2962 Hor.
1390 2937 1473 2962 menti
1487 2937 1581 2963 afflatu.
1651 2939 1689 2964 De
1708 2940 1779 2975 curfic
1791 2943 1864 2967 celeri
1885 2942 1960 2975 Virg.
1973 2943 2039 2967 Aen.
2059 2949 2085 2972 1,
2102 2948 2149 2972 320
2185 2941 2232 2966 Vel
2246 2943 2330 2976 qualis
2341 2951 2424 2976 equos

296 2966 378 2992 Serm.
396 2974 414 2996 1,
430 2974 453 2997 3,
473 2967 512 2994 86.
584 2965 692 2999 Aliquid
710 2965 784 2990 omni
804 2966 986 2999 contentione,
1012 2968 1064 2994 vid.
1091 2975 1200 2996 OMNJS.
1272 2972 1327 2998 Cic.
1390 2971 1512 2998 Threissa
1526 2972 1618 3007 fatigat
1654 2975 1809 3009 Harpalice,
1831 2976 2019 3010 volucremque
2032 2976 2094 3009 fuga
2106 2977 2282 3009 praeuertitur
2293 2977 2424 3004 Hebrum.

296 3001 329 3027 de
343 3000 450 3027 Amicit.
464 3005 495 3035 87
522 3000 595 3033 Quin
608 3001 687 3026 etiam
700 2999 717 3025 si
732 3000 790 3034 quis
803 3001 939 3034 asperitate
952 3011 981 3029 ea
1001 3003 1051 3035 est,
1065 3010 1091 3030 et
1105 3004 1267 3033 immanitate
1286 3016 1329 3033 na·
1392 3007 1501 3033 Nobilis
1514 3007 1556 3034 hic
1574 3009 1691 3044 (equus)
1712 3012 1785 3037 cuius
1803 3010 1878 3039 Clara
1889 3011 1952 3045 fuga
1963 3016 2022 3037 ante
2036 3011 2102 3037 alios
2118 3018 2142 3038 et
2155 3012 2254 3045 primus
2266 3013 2294 3039 in
2306 3021 2422 3047 aequore

295 3042 385 3068 turae,
405 3036 550 3070 congressus
570 3042 598 3062 vt
615 3035 754 3062 hominum
770 3036 869 3069 fugiat,
887 3044 964 3071 atque
982 3038 1078 3065 oderit.
1150 3041 1222 3067 Idem
1236 3051 1283 3076 pro
1298 3043 1326 3068 L.
1339 3048 1371 3073 80
1391 3042 1477 3076 puluis
1501 3043 1616 3069 quenal.
1626 3050 1649 3076 11,
1663 3047 1706 3071 60.
1775 3046 1849 3079 Virg.
1863 3046 1926 3072 Aen.
1938 3055 1975 3079 11,
1989 3048 2042 3081 706
2077 3061 2122 3066 ——
2138 3047 2243 3074 dimitte
2256 3049 2359 3083 fugam:
2396 3052 2424 3076 et
2456 3053 2457 3082 j

295 3073 388 3105 Agrar.
404 3080 425 3103 2,
439 3074 454 3097 6
486 3071 542 3097 Nec
558 3080 672 3106 quorum
690 3070 782 3097 oculos
801 3071 964 3105 offendebat,
984 3083 1076 3100 eorum
1091 3075 1207 3109 ipsorum
1223 3078 1328 3112 conspe-
1389 3084 1415 3104 te
1430 3078 1548 3104 cominus
1559 3086 1643 3112 aequo
1674 3081 1778 3107 Mecum
1795 3080 1869 3108 crede
1883 3081 1947 3107 solO.
2017 3080 2056 3108 Id.
2071 3082 2165 3116 Georg.
2180 3092 2209 3115 3,
2228 3092 2275 3110 201
2307 3084 2356 3110 Ille
2373 3084 2429 3110 vo-'
2456 3086 2457 3115 J

296 3107 368 3133 6111111
381 3107 472 3140 fugere
484 3107 558 3132 ausus
572 3106 615 3132 est.
671 3106 752 3133 Ouid.
767 3107 830 3133 Met.
843 3115 868 3139 2,
881 3115 930 3140 594
948 3109 1122 3143 Conspeo'uim
1136 3111 1274 3147 lucemque
1288 3114 1327 3139 fu-
1389 3112 1440 3144 lat,
1460 3113 1534 3139 simul
1547 3121 1610 3139 arua
1622 3113 1684 3148 fuga
1693 3135 1701 3146 ‚
1720 3115 1793 3142 simul
1807 3125 1921 3150 aequora
1933 3124 2047 3143 verrens.
2116 3119 2166 3144 Pro
2178 3119 2260 3145 Exitio
2271 3129 2335 3145 more
2345 3120 2422 3145 Grae-
2431 3115 2439 3126 ⁸
2456 3122 2457 3128 ¹

296 3142 344 3176 git.
414 3143 469 3168 Cic.
483 3142 514 3168 de
528 3142 634 3168 Amicit.
671 3162 677 3168 .
715 3161 721 3168 .
757 3161 765 3168 .
801 3141 882 3181 Q1od
902 3142 919 3168 fi
934 3144 1029 3170 Curam
1043 3146 1176 3179 fugimus,
1190 3148 1273 3174 virtus
1287 3149 1327 3175 fu-
1389 3158 1470 3175 corum
1483 3149 1539 3175 Cic.
1551 3148 1583 3175 de
1595 3149 1669 3175 Orat.
1684 3159 1695 3181 3
1704 3170 1711 3182 ,
1727 3160 1741 3184 9
1772 3152 1910 3178 Tenemus
1921 3151 1992 3177 enim
2004 3153 2132 3180 memoria
2144 3154 2181 3187 Q
2193 3154 2316 3181 Catulum
2330 3155 2421 3181 virum
2477 3178 2479 3188 ‹

297 3177 390 3211 gicnda
403 3177 447 3204 est.
518 3177 673 3211 Disciplinas
691 3186 781 3204 omnes
800 3178 869 3211 fugit
895 3179 1023 3211 Qinffil.
1038 3189 1064 3212 2,
1079 3189 1114 3214 17.
1185 3183 1261 3210 Facta
1279 3185 1326 3210 ali·
1389 3184 1464 3210 omni
1477 3183 1552 3210 laude
1565 3184 1751 3218 praestantem,
1776 3196 1857 3221 quum
1879 3186 1928 3212 fibi
1948 3196 2002 3213 non
2024 3188 2184 3215 incolumem
2204 3190 2351 3221 fortunam,
2376 3189 2436 3216 sed*
2456 3193 2457 3197 ’

297 3222 348 3247 qua
363 3214 445 3239 ΡΙιΉῐῐ-
459 3211 517 3238 Mil·
530 3221 553 3244 3,
570 3221 589 3244 Ι,
602 3218 641 3242 28-
709 3213 765 3239 Cic·
779 3213 808 3239 in
821 3213 903 3239 PisOfl-
918 3222 951 3247 45
976 3214 1066 3241 Nemo
1080 3215 1179 3248 bOffllS,
1194 3227 1272 3245 nemo
1286 3220 1328 3246 de·
1341 3227 1369 3255 85
1388 3220 1501 3246 exilium
1513 3226 1538 3246 et
1549 3220 1638 3254 fugam
1656 3220 1852 3254 deprecaretur,
1876 3223 1923 3247 effe
1939 3223 2068 3255 coactum,
2081 3231 2110 3250 vt
2124 3224 2178 3250 vita
2189 3225 2214 3250 se
2227 3225 2281 3259 ipse
2295 3226 2421 3259 priuaret.

295 3257 377 3282 mque
392 3249 458 3274 ciuis
472 3247 523 3277 cst,
543 3248 588 3281 qui
605 3247 686 3273 modo
700 3249 724 3274 se
737 3249 821 3274 ciuem
835 3249 883 3274 esse
900 3250 1067 3282 meminerit,
1083 3252 1129 3285 qui
1143 3261 1188 3278 vos
1202 3263 1254 3280 non
1268 3264 1328 3281 ocu·
1389 3256 1431 3282 sic
1444 3255 1476 3281 de
1490 3255 1578 3281 Diuin.
1593 3264 1612 3286 1,
1628 3262 1658 3287 59
1671 3261 1730 3286 c.28
1755 3257 1910 3283 Calamitosa
1923 3257 1983 3292 fuga
1996 3259 2189 3292 patriae,nobis
2201 3261 2280 3286 etiam
2295 3261 2418 3295 gloriosa.
2435 3276 2440 3284 ι

296 3282 329 3309 lis
342 3284 440 3318 fugiat,
460 3282 568 3309 auribus
580 3284 697 3316 respuat,
710 3284 799 3310 animo
811 3285 968 3319 aspernetur.
1039 3286 1176 3313 Infamiam
1193 3289 1247 3316 Cic.
1256 3291 1326 3317 Fam.
1387 3292 1445 3317 Huc
1454 3293 1564 3326 pertinet
1577 3290 1700 3316 Martian.
1715 3292 1730 3317 l.
1745 3293 1806 3319 exii.
1822 3292 1852 3317 I).
1867 3291 1898 3318 de
1912 3292 2043 3321 interdici.
2057 3301 2083 3321 et
2096 3295 2176 3329 releg.
2200 3296 2313 3322 Exilium
2322 3297 2423 3331 triplex,
2433 3302 2444 3322 Α

297 3327 318 3349 1,
331 3328 350 3344 1.
420 3320 473 3345 lter
492 3318 599 3352 fugere,
617 3319 641 3344 h.
656 3327 675 3343 ε.
698 3318 820 3354 Fugiendo
838 3319 962 3354 conficere.
998 3320 1069 3347 Idem
1087 3323 1157 3348 Fam.
1178 3331 1208 3352 11,
1226 3333 1250 3355 13
1286 3326 1327 3351 Bi·
1388 3326 1438 3352 est:
1474 3332 1519 3352 aut
1531 3332 1662 3352 certorum
1681 3326 1800 3353 locorum
1818 3327 1981 3355 interdictio:
2017 3336 2062 3357 aut
2081 3331 2132 3357 lata
2150 3331 2223 3364 suga,
2248 3338 2277 3358 vt
2295 3333 2442 3358 omnium

295 3354 350 3380 duo
365 3363 406 3380 me
419 3354 548 3380 Antonius
565 3353 689 3379 anteceint
699 3373 707 3385 ‚
725 3354 819 3380 itinera
834 3355 919 3382 multo
932 3356 1033 3382 maiora
1046 3357 1166 3390 fugiens,
1185 3368 1264 3392 quam
1277 3369 1326 3394 ego
1388 3361 1524 3392 locorum,
1540 3367 1641 3395 practer
1652 3367 1750 3388 certum
1766 3363 1867 3388 locum:
1902 3371 1945 3390 aut
1959 3365 2056 3391 insulae
2074 3366 2224 3397 vinculum,
2250 3366 2277 3393 id
2297 3367 2332 3393 est
2351 3357 2457 3402 ieie-„gl

296 3390 412 3422 sequens.
483 3389 551 3415 Ter.
566 3390 660 3415 Heaut.
675 3397 695 3420 1,
712 3397 731 3418 1,
746 3398 788 3421 114
824 3390 887 3415 Non
906 3391 1045 3423 conuenit,
1058 3393 1105 3426 qui
1120 3393 1195 3420 illum
1207 3393 1239 3420 ad
1253 3395 1326 3422 labo·
1337 3404 1372 3428 90
1387 3397 1460 3430 gatio
1472 3397 1501 3423 in
1515 3396 1632 3423 insulam.
1698 3398 1744 3424 Sed
1755 3397 1814 3423 Liu.
1829 3406 1850 3429 3,
1863 3400 1942 3433 67pr.
1972 3401 2046 3427 Hanc
2061 3401 2248 3435 ignominiam,
2268 3401 2285 3428 si
2298 3411 2351 3428 non
2366 3403 2417 3429 alia
2426 3410 2438 3430 f
2456 3386 2457 3415 l

296 3431 352 3448 rem
366 3424 610 3457 inminet-immune
623 3432 664 3451 me
677 3424 760 3458 ipsum
776 3424 873 3458 fugere.
910 3427 984 3460 Virg.
997 3428 1060 3453 Aen.
1077 3436 1098 3460 3,
1111 3436 1169 3460 459.
1223 3431 1280 3456 Cic.
1293 3431 1325 3457 de
1389 3431 1499 3459 honoris
1518 3432 1578 3466 fuga
1596 3431 1698 3464 fuisset,
1722 3432 1763 3458 vel
1781 3433 1879 3465 exilio,
1905 3435 1945 3460 vel
1965 3443 2051 3462 morte
2069 3437 2194 3463 vitassem.
2229 3439 2247 3463 i.
2275 3437 2443 3474 Effiigi'endig,

298 3457 355 3483 Fin.
371 3467 390 3489 5,
405 3467 435 3493 57
458 3460 515 3486 Nec
530 3459 691 3493 voluptatem
705 3460 897 3494 relinquentes,
907 3470 953 3487 nec
967 3462 1098 3495 fugientes
1112 3463 1238 3491 laborem.
1293 3468 1325 3492 Et
1387 3467 1488 3494 honori:
1499 3471 1572 3493 ratio.
1666 3467 1725 3493 Liu.
1739 3473 1777 3498 38,
1791 3477 1826 3500 40
1840 3476 1903 3495 extr.
1924 3471 1977 3497 lam
1992 3480 2044 3498 nox
2056 3472 2205 3506 appetebat,
2226 3481 2306 3506 quum
2315 3473 2416 3507 praelio

299 3491 398 3523 Art-11,
414 3502 422 3518 1
442 3495 537 3521 Munus
549 3504 627 3521 omne
640 3496 739 3528 fugere.
810 3495 915 3522 Nomen
929 3498 1091 3524 inuidiosum
1105 3500 1248 3533 voluptatis
1268 3502 1323 3528 Cic.
1388 3502 1513 3529 excedunt
1535 3501 1669 3528 Thraces:
1705 3510 1758 3528 non
1775 3503 1835 3537 fuga
1859 3505 1996 3532 vulnerum
2017 3513 2061 3533 aut
2082 3507 2188 3536 mortis,
2214 3507 2256 3533 sed
2276 3510 2337 3542 quia
2357 3509 2418 3535 satit
2457 3500 2458 3508 ἵ

299 3525 378 3552 Acad.
396 3536 423 3559 4,
442 3535 478 3558 138
499 3539 519 3556 c.
539 3538 580 3562 43.
651 3530 719 3556 Ter.
739 3529 819 3557 Andr.
841 3539 868 3562 4,
883 3540 905 3562 5,
918 3539 948 3565 27
982 3533 1062 3559 Reae
1080 3542 1129 3568 ego
1148 3535 1249 3569 semper
1267 3537 1324 3571 fugi
1386 3539 1488 3564 onerati
1502 3537 1595 3572 praeda
1608 3541 1688 3562 erant.
1759 3538 1868 3565 Laboris
1882 3540 1943 3575 fuga
1958 3541 2081 3569 desidiam
2095 3542 2213 3576 coarguit
2239 3543 2294 3571 Cic.
2302 3545 2414 3578 proMu-

296 3560 343 3586 has
359 3562 469 3594 nuptias.
538 3566 751 3593 Procurationem
766 3566 831 3599 reip.
845 3565 912 3601 Nep.
924 3574 962 3599 25,
977 3576 1011 3600 15,
1024 3577 1043 3600 3.
1114 3570 1324 3603 Recordationes‚
1335 3581 1368 3608 95
1386 3582 1457 3600 raen.
1466 3582 1482 3606 9
1495 3582 1516 3599 c.
1524 3582 1550 3605 4.
1620 3572 1752 3598 Laborum
1766 3582 1794 3600 ac
1808 3575 1930 3602 dolorum
1943 3577 2006 3612 fuga
2032 3577 2069 3603 Id.
2081 3577 2113 3603 de
2128 3577 2184 3603 Fin·
2199 3586 2219 3608 2,
2231 3586 2267 3610 33·
2336 3579 2413 3608 Lucis

298 3604 365 3629 quae
379 3597 466 3622 morsu
479 3598 590 3631 quodam
604 3601 723 3627 dolorem
737 3599 853 3628 efficiunt
872 3601 928 3628 Cic.
941 3605 994 3629 Att.
1007 3612 1042 3636 12,
1057 3612 1092 3637 19.
1144 3606 1323 3640 Suspicionem
1385 3608 1447 3642 fuga
1476 3606 1630 3641 Quinem-1,
1644 3615 1665 3638 3.
1733 3609 1880 3642 Operarum
1893 3612 1954 3646 fuga
1987 3613 2043 3639 Cic.
2058 3614 2170 3646 QFrat.
2184 3621 2210 3646 2,
2224 3622 2244 3644 3.
2357 3613 2378 3650 ff
2396 3622 2413 3640 z

297 3630 370 3657 ldcm
386 3631 439 3656 Att.
453 3639 486 3663 ις,
502 3641 542 3657 22-
611 3636 747 3663 Taedium
767 3636 831 3663 Plin.
847 3639 885 3668 36,
899 3644 933 3670 15.
1106 3637 1127 3677 ff
1148 3649 1160 3672 3
1197 3644 1322 3670 formulae
1384 3642 1534 3671 Adtefflua:
1568 3641 1654 3668 Celeri
1670 3642 1731 3676 fuga
1744 3644 1789 3670 sub
1802 3645 1882 3674 sidera
1896 3646 1979 3681 lapsae
2010 3649 2084 3682 Virg.
2099 3649 2161 3674 Aen.
2172 3657 2199 3680 3,
2212 3657 2267 3681 243.
2337 3650 2412 3683 Igno-

296 3667 373 3693 aliae:
392 3666 422 3691 Et
434 3666 538 3706 fugiunt
551 3667 626 3695 freno
639 3680 691 3697 non
701 3678 850 3698 remorante
863 3672 918 3698 dies
930 3672 1082 3702 Ouid.Fast.
1091 3677 1117 3706 6,
1131 3683 1192 3710 772.
1227 3680 1265 3704 De
1278 3682 1322 3714 iis,
1384 3679 1510 3709 miniosa,
1525 3677 1576 3704 vid.
1591 3683 1629 3702 IG
1639 3684 1687 3703 No
1696 3685 1718 3703 iu
1732 3686 1737 3703 1
1749 3687 1769 3705 N
1779 3688 1786 3706 1
1797 3688 1827 3707 A.
1897 3683 2011 3709 Immitis
2030 3683 2086 3709 sen.
2095 3683 2123 3708 in
2136 3683 2205 3710 Med.
2220 3685 2245 3709 6.
2314 3684 2411 3710 Patere.

295 3704 338 3741 q'ui
350 3703 484 3740 nauigant:
502 3703 578 3741 Virg.
590 3704 652 3742 Aen.
668 3714 689 3737 3,
704 3709 751 3736 268
770 3707 899 3734 Tendunt
907 3708 964 3734 vela
976 3709 1060 3741 Noti,
1073 3709 1188 3744 fugimus
1204 3713 1321 3746 spuman-
1382 3723 1414 3746 2,
1433 3717 1461 3740 61
1488 3720 1550 3740 extr.
1587 3713 1715 3740 Antonius
1735 3716 1805 3749 turpi
1824 3725 1852 3743 ac
1869 3717 1938 3744 nuda
1956 3719 2017 3752 fuga
2043 3717 2145 3744 condius
2166 3718 2283 3744 descrere
2300 3719 2410 3746 Italiam.

296 3737 365 3763 tibus
377 3736 462 3777 vnclis.
531 3737 585 3775 Cic.
599 3746 626 3763 m
639 3741 711 3766 Orat.
727 3749 770 3774 ¹97
790 3743 877 3776 anue
891 3743 953 3769 dum
967 3743 1061 3770 animis
1073 3747 1177 3773 attentis
1192 3749 1373 3779 admiran-ioo
1384 3749 1466 3776 Nulla
1479 3749 1540 3783 fuga
1553 3747 1696 3774 malefaehs
1710 3751 1774 3776 meis
1801 3752 1881 3779 Plaut.
1895 3753 1969 3787 Capt.
1982 3762 2010 3785 3,
2024 3761 2046 3785 3,
2060 3762 2081 3784 7.
2117 3756 2136 3779 ι’.
2158 3756 2215 3780 Non
2222 3752 2316 3788 pofficm
2329 3759 2410 3781 vitare

293 3777 332 3797 tes
345 3776 490 3805 excipiunt,
509 3771 579 3806 fugit
597 3781 641 3798 cos
653 3781 677 3800 et
690 3778 862 3809 praeteruolat
875 3778 1021 3805 Numerus:
1051 3781 1097 3814 qui
1117 3781 1134 3807 si
1149 3783 1257 3816 abesset,
1274 3785 1320 3811 illa
1374 3791 1487 3819 poenam.
1555 3783 1663 3809 Occulta
1689 3784 1768 3819 Sil.7,
1782 3794 1831 3818 331.
1898 3789 2018 3821 Praeceps
2046 3788 2105 3814 Liu.
2119 3797 2160 3821 3ο,
2180 3797 2193 3822 5
2204 3796 2268 3815 extr.
2338 3790 2408 3816 Tre-

294 3806 348 3840 ipsa
364 3806 529 3848 delec'tarent5
581 3808 672 3833 Ventis
684 3810 759 3836 ocior
774 3811 843 3844 fugit
858 3814 900 3840 Sil.
917 3823 948 3845 13,
961 3822 1016 3848 343-
1072 3817 1192 3851 Inprimis
1204 3819 1238 3844 ad
1249 3823 1261 3845 i
1278 3830 1319 3846 no-
1380 3818 1457 3852 pidae
1469 3818 1573 3853 duxque
1587 3820 1724 3852 comesque
1737 3822 1814 3854 fugae
1840 3822 1920 3849 Ouid.
1929 3823 2012 3850 Trist.
2022 3831 2074 3855 1‚9,
2089 3832 2126 3849 10.
2195 3823 2299 3858 Turpis
2318 3824 2407 3851 Tacit.

291 3845 401 3881 raniam
415 3841 591 3882 eroblturonem
606 3843 716 3877 refertur
726 3864 741 3883 ’.
749 3851 778 3870 vt
791 3846 880 3879 latere,
900 3855 923 3874 et
939 3853 1082 3884 praeterire.
1124 3852 1177 3880 Cic,
1194 3862 1241 3887 pro
1278 3863 1318 3880 ae-
1378 3853 1446 3880 Hist.
1460 3861 1481 3884 3,
1492 3861 1517 3885 9.
1586 3853 1746 3888 Turpiffima
1767 3857 1799 3883 ab
1817 3857 1882 3883 vrbe
1917 3859 1969 3886 Cic.
1983 3859 2034 3884 Att.
2048 3866 2082 3892 7,
2100 3867 2142 3885 20.
2213 3859 2338 3886 Volucris
2363 3858 2407 3887 Sil.

291 3885 347 3917 cin..
358 3885 383 3909 33
402 3877 460 3903 Α113
473 3877 490 3902 si
504 3885 556 3912 qua
563 3877 631 3903 forte
644 3877 679 3903 est
691 3878 771 3918 «16110,
786 3888 911 3920 quae-nos
924 3884 1065 3917 fugiat,dic
1080 3888 1198 3920 quaesit?
1218 3888 1316 3916 discere
1379 3895 1418 3921 17,
1436 3892 1490 3920 589.
1663 3887 1684 3926 ff
1707 3899 1717 3922 3
1761 3893 1853 3917 Verba:
1888 3893 1969 3920 Ardet
1980 3893 2062 3919 Abire
2075 3893 2136 3927 fuga
2161 3894 2345 3929 Virg.Aen.4‚
2355 3899 2404 3923 281-

289 3920 378 3946 cupio.
449 3913 507 3939 Hoc
520 3918 650 3940 amentem
661 3912 797 3941 hominem
808 3915 876 3950 fugit
889 3918 1026 3947 Cic,verr,
1039 3930 1061 3947 ς,
1075 3930 1107 3948 12,
1176 3923 1259 3951 Nulla
1275 3934 1366 3962 resmfi
1380 3921 1439 3951 Vid.
1452 3928 1560 3950 ΑΒΕΟ.
1631 3924 1796 3955 Abscondere
1808 3927 1882 3955 furto
1894 3929 1998 3965 fugam,
2017 3928 2070 3956 vid.
2084 3935 2260 3957 ABSCONDO.
2330 3931 2406 3955 Acce-

2322 3964 2403 3991 letare
