2479 4225
40 210 110 250 245
454 191 494 231 D
603 190 641 231 o
1511 193 1551 234 D
1633 195 1668 234 o
1748 195 1782 234 c
2112 202 2190 251 246

40 287 108 319 ctat,
128 289 154 312 et
167 281 234 311 nihil
247 286 351 317 praeter
363 280 445 308 verba
459 280 578 312 inuenit,
598 279 718 315 deceptus
731 278 775 305 est.
846 279 905 318 Cic.
925 279 978 307 Att.
998 286 1033 312 ις,
1047 283 1074 307 16
1143 280 1226 307 nostis
1256 281 1325 309 bona
1354 281 1411 310 data
1443 284 1505 311 dare
1538 283 1603 311 filiis
1623 283 1733 316 vestris,
1749 282 1859 317 δόματκ.
1904 287 1978 324 Conf.
1990 288 2139 325 RittersbuJI
2153 289 2188 316 ad

40 322 89 350 Vel
107 319 194 347 Verba
221 318 289 344 mihi
312 317 370 344 dari
391 316 470 342 facile
493 317 580 350 patior
598 317 626 342 in
640 315 704 347 hoc,
725 322 819 348 meque
833 313 948 341 libenter
960 316 1074 350 praebeo
1143 317 1255 344 Saluian.
1270 327 1294 352 p.
1308 326 1365 351 432.

39 355 174 384 credulum
193 355 260 381 Hor.
281 353 363 379 Serm.
385 361 405 384 1,
424 360 448 384 3,
467 360 508 377 22.
551 351 606 379 Vid.
623 351 689 377 Ter.
702 351 765 376 Eun.
779 349 847 375 Prol.
862 359 887 376 v.
903 359 932 382 23
953 360 974 376 c.
989 350 1074 377 Schol.
1182 359 1200 378 n
1211 361 1230 379 Α
1241 359 1331 385 Tvs‚
1350 352 1388 380 sis.
1409 363 1444 380 m.
1480 353 1579 391 [δόσις]
1614 354 1697 381 Plaut.
1709 354 1793 381 Trin.
1806 361 1829 386 ς,
1842 362 1867 385 2,
1884 364 1907 387 1;
1934 358 1958 382 Is
1981 359 2056 385 mille
2074 358 2187 387 numfim

36 391 147 420 Donati.
193 389 232 416 Id.
246 388 327 416 Andr.
341 396 363 419 3,
375 395 401 419 2,
416 394 453 419 ες.
521 386 602 413 Plaut.
616 385 681 412 Rud.
694 395 722 419 4,
736 393 758 416 3,
766 391 805 418 57.
876 386 1023 417 Martial.2,
1032 389 1075 421 76.
1145 387 1170 412 se
1187 387 1297 415 aureum
1312 398 1373 415 mco
1387 388 1448 414 datu
1461 390 1510 416 tibi
1524 391 1595 418 serre
1610 396 1637 416 et
1649 396 1729 424 gnato
1744 389 1892 416 Lesbonico
1907 391 1994 419 aiebat
2008 403 2077 421 meo.

39 429 144 455 Petron.
158 435 180 452 c.
193 429 234 459 78.
306 424 362 450 Cic.
378 422 490 456 Philipp.
505 431 535 454 13,
550 431 573 454 13
595 419 805 459 Scilicet-Verba
824 419 965 447 dedimus:
1002 422 1075 448 dece·
1103 424 1117 451 5
1182 429 1229 450 DA
1239 431 1303 457 ΤΟ,
1322 427 1373 451 are.
1396 425 1536 459 Frequent.
1573 423 1682 459 [lino]
1719 425 1800 451 Plaut.
1822 424 1899 451 Most.
1921 434 1943 458 3,
1964 436 1982 458 1,
2004 437 2033 463 73
2055 431 2103 456 Tu
2118 429 2186 456 solus

40 463 127 498 pimus
141 471 147 487 :
181 459 320 494 ignorabat
333 459 403 493 legio
417 458 511 484 Martia
525 461 630 492 quarta,
647 454 795 481 nesciebant
808 457 927 482 veterani
941 457 1004 492 quid
1018 466 1076 491 age·
1146 458 1224 485 credo
1246 460 1339 486 fenore
1361 466 1497 493 argentum
1526 460 1604 488 datas.
1657 460 1725 488 Add.
1745 460 1784 486 ld.
1803 460 1862 486 Aul.
1881 470 1909 494 4,
1924 470 1951 493 4,
1966 471 2003 488 ιο.
2037 467 2184 500 Antiquam.

41 503 124 526 retur.
196 496 235 522 Da
249 494 337 522 Verba
350 500 375 520 et
390 493 480 528 decipe
493 500 588 519 neruos
619 490 685 516 Pers.
706 500 734 524 4,
747 499 793 523 44.
832 526 837 531 Ο
883 492 1076 527 Quadrigarius
1144 493 1209 519 Plin.
1224 502 1260 527 23,
1274 503 1287 528 ς
1307 495 1459 521 Themison
1474 495 1548 522 binas
1562 505 1616 522 non
1628 496 1740 531 amplius
1762 495 1896 522 drachmas
1913 495 2028 529 datauit,
2050 500 2184 534 sequentes

38 532 106 567 apud
118 530 186 558 Gell.
208 538 246 566 17,
265 539 281 557 2.
308 530 447 556 Cominius
470 525 700 563 quaascenderat,
718 525 868 559 descendit,
887 534 966 562 atque
988 528 1075 555 Verba
1143 534 1169 554 et
1181 536 1318 563 quaternas
1331 530 1435 557 dedere.
1478 531 1537 557 Vici.
1552 531 1677 558 Harduin.
1714 532 1837 557 Annumn
1850 531 1979 557 tributum
2001 533 2090 560 Sidon.
2100 543 2121 567 ς,
2131 543 2166 561 12.

27 564 123 594 ‘Gallis
136 565 216 593 dedit.
287 565 455 597 Cdminium,
471 565 552 598 inquit
564 561 678 591 Gellius,
699 560 785 588 Verba
793 561 893 601 *dedisse
907 564 987 590 Gallis
1000 563 1075 594 dicit,
1180 571 1258 591 υΑΤ
1269 572 1333 598 on,
1350 566 1414 593 oris.
1433 575 1467 592 m.
1504 564 1613 601 [δύτης]
1650 567 1726 600 Virg.
1748 568 1813 592 Aen.
1840 575 1865 598 ι,
1887 574 1937 601 734
1964 567 2035 594 Adsit
2068 570 2185 597 laetitiae

39 603 89 637 qui
102 602 171 629 nihil
186 601 250 637 quid
270 609 330 627 uam
344 600 467 635 cuiquam
479 598 587 624 dixerat.
640 596 737 630 Neque
756 604 828 623 enim
845 606 906 624 eum
921 599 1006 631 Galli,
1024 600 1071 633 qui
1092 603 1122 621 10
1143 599 1255 626 Bacchus
1269 601 1359 634 dator,
1379 608 1404 628 et
1417 601 1487 628 bona
1500 604 1576 628 Iuno.
1650 603 1682 628 Et
1695 602 1798 628 datores
1814 608 1839 627 et
1853 602 1967 629 faetores
1979 611 2070 629 omnes
2079 604 2188 632 subdam

39 638 205 673 Capitolium
219 609 387 667 obtiidebant,
405 633 578 662 ascendentem
592 637 639 672 aut
646 631 843 672 descendentem
855 634 983 660 videraut.
1022 634 1072 660 Sed
1141 635 1188 660 sub
1207 636 1290 662 solum
1309 637 1390 663 Plaut.
1413 638 1490 663 Curc.
1510 646 1535 668 2,
1556 646 1577 670 3,
1599 643 1634 667 18.
1664 640 1683 663 i.
1703 640 1863 673 quiprimum
1880 640 1983 664 mittunt
1990 639 2071 674 pilam
2078 659 2087 671 ‚
2108 646 2131 665 ct
2143 645 2186 676 qui

39 673 130 700 Verba
143 673 229 704 dedit,
246 671 316 698 haud
331 673 401 698 secus
414 668 514 705 posuit,
529 675 609 701 quam
622 670 640 693 ίι
655 673 683 693 tu
698 666 783 700 dicas,
801 669 892 695 Latuit
904 676 983 703 atque
995 669 1072 696 obrc-
1140 670 1226 697 deinde
1233 671 1337 707 feriunt
1349 672 1437 698 ludunt
1455 682 1489 698 uc.
1532 673 1588 698 Vid.
1603 681 1659 699 mox
1674 678 1842 698 DATA'HM.

38 709 98 746 psit·
118 724 120 726 ,
168 709 209 736 Sic
220 707 288 741 Nep,
302 716 341 739 23,
354 716 377 739 ς,
391 715 406 733 2
426 703 512 730 Verba
525 701 598 728 dedit
610 702 723 729 Annibal
735 703 834 736 Fabio,
855 705 1073 732 callidiffimoim-
1178 713 1196 732 D
1206 714 1226 732 Α
1236 713 1257 733 Τ
1266 714 1275 732 1
1286 714 1304 733 o
1316 727 1324 739 ‚
1343 708 1412 733 onis.
1429 682 1453 733 sq
1484 705 1582 743 [δόσις]
1618 710 1706 736 Varro
1713 708 1746 734 de
1755 708 1786 734 R.
1795 708 1825 733 R.
1836 716 1858 739 3,
1870 716 1887 740 9
1913 708 1941 734 Si
1954 708 1981 735 in
1995 708 2133 736 farciendo
2146 709 2186 736 ni-

40 743 166 780 peratori.
236 744 313 769 Viam
332 743 411 769 Plaut.
425 739 500 765 Curc.
515 746 538 770 2,
553 746 574 769 3,
591 745 610 764 1.
681 739 756 773 Virg.
770 740 835 765 Aen.
851 748 894 772 10,
908 748 943 773 49
963 741 994 767 Et
1009 750 1071 775 qua-
1141 741 1198 767 mio
1221 741 1282 767 cibo
1303 742 1457 775 fastidiunt,
1473 744 1661 771 remittendum
1685 745 1715 770 in
1732 743 1855 775 datione,
1873 744 2047 778 proportione
2061 755 2067 770 ι
2101 744 2134 771 fic
2146 750 2186 778 vt,

38 780 141 815 cunque
153 778 231 805 Viam
246 778 348 804 dederit
359 777 463 803 fortuna
476 774 609 808 sequatur.
680 774 758 800 Viam
771 774 849 807 dare,
860 781 908 809 per
927 778 1073 803 translatio·
1094 781 1119 807 13
1141 782 1187 802 etc.
1258 777 1314 803 Cic.
1335 786 1384 812 pro
1404 778 1472 812 Lege
1493 779 1554 812 Agr.
1573 788 1598 811 2,
1613 788 1644 811 50
1660 790 1680 806 c.
1696 788 1732 806 ,22
1752 779 1834 805 Cuius
1847 779 1977 806 iudicium
1990 780 2131 815 legumque
2143 780 2188 807 da-

39 824 106 847 nm,
126 815 189 841 idem
203 814 267 850 quod
272 815 339 840 Dare
352 813 468 838 rationem
481 815 505 835 et
518 808 622 839 modum,
659 817 687 835 110
701 809 763 846 quid
769 809 845 845 pofft't
848 812 918 846 fieri.
989 813 1072 838 Plaut.
1140 811 1196 844 tio,
1216 817 1351 846 captorum
1365 821 1488 847 agrorum
1502 813 1579 848 ipsius
1593 816 1691 842 virtute
1704 814 1826 849 cognitio
1838 814 1952 841 tollitur.
2023 816 2102 842 Datio
2117 815 2189 842 iudi-

38 850 115 884 Epid.
129 858 154 882 2,
163 858 188 882 2,
196 858 221 882 9.
277 849 331 875 Cic.
343 846 374 873 de
387 844 480 871 Diuin.
495 853 520 876 2,
535 852 577 875 123
597 844 642 870 Nu
655 844 690 870 las
705 845 767 872 dant
782 846 845 872 Vias
858 846 937 872 nobis
950 847 981 873 ad
997 847 1072 882 sigui.
1141 847 1177 873 cis
1195 847 1277 878 Paull.
1300 847 1334 873 im
1352 848 1370 874 l.
1382 857 1398 875 2
1422 849 1454 875 D.
1467 858 1534 884 quae
1547 851 1655 878 sentent.
1667 851 1720 877 fine
1733 849 1830 885 appell.
1843 849 1954 876 rescind.
2028 852 2108 878 Datio
2122 851 2190 886 signi

39 885 193 912 ficationum
208 884 347 911 scientiam.
417 880 480 906 Nox
500 879 623 912 incertis,
641 889 693 914 qua
703 880 762 907 data
776 880 899 909 Victoria
913 883 982 914 esset,
994 884 1073 910 inter·
1137 883 1203 909 Plin.
1218 890 1244 917 7,
1258 884 1296 915 56.

37 921 114 948 venit
133 921 242 952 Liu,10‚
257 927 289 946 12.
372 914 479 942 vietum
499 915 580 941 Plaut.
594 915 689 949 Amph.
706 924 726 949 1,
740 925 759 948 1,
775 918 832 950 146.
910 919 977 944 Hor.
992 919 1070 952 Epist.
1177 924 1195 943 D
1206 924 1398 949 ATARIVS,
1417 927 1448 951 a,
1466 928 1520 946 um.
1537 919 1598 947 Adi.
1635 920 1709 955 Quod
1739 919 1849 947 dandum
1883 918 1932 952 est,
1947 926 1993 947 aut
2031 921 2080 948 uod
2103 922 2189 949 datur.

38 964 58 988 ι,
71 964 108 991 17,
122 961 155 989 48
175 955 247 989 Quid
261 953 338 984 dicit,
356 951 464 983 clamat,
481 950 589 976 Victum
605 949 671 977 date.
764 951 825 978 Liu.
844 961 869 984 3,
888 961 927 985 44
957 954 1026 988 Lege
1039 954 1072 981 ab
1089 962 1123 980 20
1140 953 1222 979 Plaut.
1237 953 1326 980 Pseud.
1341 963 1369 986 4,
1384 962 1405 986 2,
1421 963 1444 986 ¹3
1472 955 1528 982 Eho
1551 964 1585 982 an
1605 964 1660 981 non
1682 955 1755 990 prius
1777 956 1871 982 salutss
1887 956 1896 980 ἲ
1932 962 1954 982 s.
1975 965 2011 982 nu
2033 965 2046 983 a
2065 956 2103 984 est
2121 957 2189 985 salus

38 992 50 1018 i
70 992 97 1018 so
124 991 175 1018 lata
197 988 329 1017 Vindicias
351 985 394 1013 det
407 985 548 1012 seeundum
561 986 719 1012 libertatem.
735 988 754 1012 i.
767 989 868 1014 interim
882 988 982 1015 liberam
993 990 1074 1016 iubeat
1141 989 1212 1015 mihi
1225 988 1331 1015 dataria.
1353 992 1371 1016 ι’.
1390 999 1460 1024 quam
1475 991 1540 1023 clem,
1559 999 1629 1026 quam
1642 998 1730 1017 temere
1742 992 1802 1017 aliis
1818 992 1969 1026 impertiam.

54 1027 224 1063 ‘'evirginem.
292 1024 324 1050 Et
335 1031 357 1048 c.
372 1024 403 1055 56
423 1021 508 1048 Vnius
525 1027 613 1048 tamen
633 1021 751 1048 criminis
770 1023 799 1049 ni
819 1023 935 1050 iudicem
947 1024 1028 1057 dicis,
1048 1032 1074 1052 te
1179 1026 1379 1051 ΒΑΤᾹΤΙΜ.
1406 1024 1474 1052 Adu.
1511 1026 1627 1052 Datatim
1646 1026 1753 1058 ludere,
1771 1027 1882 1052 Inuicem
1901 1025 1983 1052 dando
1996 1035 2003 1049 .-
2038 1027 2190 1061 quemadmo-

38 1062 74 1090 ab
97 1061 217 1089 libertate
240 1060 268 1086 in
289 1058 442 1084 seruitutem
460 1057 595 1083 Vindicias
607 1065 661 1083 non
679 1055 784 1084 dedill'c.
803 1061 821 1084 i.
828 1059 927 1094 firuam
936 1066 984 1094 pro
998 1059 1074 1087 lihe'rae
1143 1059 1200 1085 dum
1216 1063 1260 1096 qui
1272 1060 1330 1096 pila
1349 1059 1466 1093 lztfitant,
1485 1070 1545 1096 quae
1565 1060 1669 1095 viciffim
1682 1064 1794 1087 mittitur
1808 1067 1832 1087 et
1843 1065 1993 1087 remittitur.
2028 1062 2110 1088 Plaut.
2124 1064 2191 1090 Cur.

33 1095 213 1135 pronumiaffl.
253 1094 377 1134 Asconius
391 1094 419 1119 in
433 1092 584 1133 cornelian.
622 1111 629 1118 .
666 1111 673 1117 .
694 1093 761 1132 Qiis
775 1094 917 1134 fuerit-ille
930 1096 1076 1123 exDecem.
1144 1095 1194 1121 cul.
1204 1104 1234 1135 .2,
1247 1104 1270 1128 3,
1286 1102 1315 1129 17
1330 1095 1405 1121 Tum
1419 1096 1479 1128 isti,
1500 1096 1548 1130 qui
1567 1095 1661 1122 ludunt
1684 1096 1792 1122 datatim
1814 1097 1885 1122 serui
1908 1097 2058 1123 scurrarum
2072 1098 2110 1136 ⁵in
2136 1099 2190 1125 via.

40 1134 121 1165 viris,
140 1133 187 1168 qui
199 1135 288 1157 contra
302 1129 452 1155 llbertatem
466 1127 602 1155 demas
615 1126 718 1154 dederlt
730 1135 775 1154 etc.
812 1130 893 1156 Omd.
902 1130 966 1157 Fast.
974 1134 999 1165 6,
1008 1140 1056 1165 232.
1095 1139 1123 1167 κς
1143 1131 1243 1157 Ennius
1255 1130 1323 1166 apud
1334 1130 1391 1157 Isid.
1407 1132 1490 1163 Etym.
1504 1140 1522 1162 1,
1536 1133 1570 1157 26
1588 1131 1650 1164 (vel
1656 1135 1744 1167 potius
1755 1138 1784 1157 vt
1798 1140 1826 1157 ex
1840 1131 1915 1158 Festo
1933 1141 1991 1158 voce
2007 1131 2134 1158 Admehat
2146 1140 2191 1168 ap-

192 1165 255 1193 Non
268 1165 377 1199 tetigisse
393 1165 507 1196 Virum,
525 1163 647 1198 quamuis
660 1163 732 1190 Iouis
749 1164 796 1190 ille
808 1165 936 1199 sacerdos,
1137 1172 1214 1201 paret
1223 1186 1231 1198 ,
1251 1167 1371 1193 Naeuius
1384 1166 1412 1192 in
1425 1164 1593 1198 Tarentilla)
1607 1166 1635 1192 de
1646 1169 1782 1199 meretrice,
1795 1166 1874 1201 Quasi
1889 1167 1917 1194 in
1931 1166 2014 1194 choro
2028 1168 2082 1201 pila
2095 1167 2190 1194 ludens

231 1201 359 1234 Qiamuis
370 1205 495 1235 perpetua
506 1199 537 1225 fit
549 1197 619 1225 mihi
638 1198 694 1232 lege
706 1199 789 1226 datus.
1145 1201 1269 1234 datatim,
1290 1201 1333 1228 dat
1346 1202 1371 1227 se
1384 1207 1408 1228 et
1421 1210 1587 1228 communem
1600 1202 1673 1228 facit.
1709 1201 1800 1228 Alium
1816 1208 1902 1236 tenet,
1921 1203 1967 1229 alii
1981 1203 2106 1236 admouit,
2121 1203 2190 1230 alibi

39 1238 114 1274 virg.
127 1237 193 1265 Aen!
203 1243 226 1270 ς,
240 1243 285 1269 415
555 1248 601 1254 —--
636 1235 686 1260 His
708 1244 757 1270 ego
777 1236 881 1268 suetus,
1145 1246 1236 1264 manus
1258 1237 1294 1263 est
1317 1243 1456 1272 occupata,
1480 1237 1515 1264 ast
1537 1237 1583 1264 alii
1605 1236 1729 1272 pcruellit
1749 1238 1863 1272 pedem:
1898 1238 1946 1265 alii
1958 1238 2001 1265 dat
2014 1239 2123 1265 anulum
2135 1240 2192 1273 spe-

191 1273 262 1298 Dum
274 1270 372 1297 melior
383 1270 459 1297 Vires
472 1269 574 1304 sanguis
587 1268 679 1302 dabat,
697 1271 798 1297 aemula
814 1273 926 1299 necdum
1145 1272 1270 1300 &andum
1282 1279 1327 1299 etc.
1365 1274 1381 1299 I
1398 1276 1450 1299 itur
1460 1283 1514 1300 cum
1526 1272 1634 1300 datatim
1647 1274 1757 1305 luditur,
1776 1277 1803 1300 in
1817 1274 1862 1300 hoc
1873 1274 1974 1300 videtur
1993 1284 2036 1301 ars
2053 1273 2138 1308 incffi,
2159 1280 2191 1301 vt

189 1306 373 1342 Temporibus
385 1305 495 1340 geminis
509 1305 616 1331 canebat
630 1306 713 1340 sparsa
733 1307 859 1334 seneclus.
1097 1321 1129 1344 30
1139 1309 1226 1345 plures
1243 1317 1318 1335 vnum
1330 1307 1375 1344 spe
1405 1315 1460 1341 ent,
1479 1311 1519 1334 cui
1538 1311 1562 1335 is
1582 1308 1665 1343 pilam
1684 1308 1762 1341 darc,
1782 1309 1807 1335 h.
1822 1319 1841 1336 e.
1863 1313 1960 1336 mittere
1972 1311 2048 1341 velit,
2067 1313 2136 1346 isque
2150 1310 2192 1338 illi

37 1344 115 1372 Vires
122 1343 261 1371 sententiae
268 1343 340 1374 dare,
349 1343 466 1369 Oratoris
473 1344 556 1367 virtus
563 1340 673 1376 Qiine‘t.
681 1350 710 1374 4,
719 1350 738 1374 ι,
746 1345 790 1375 64.
812 1344 901 1370 Vitam
909 1343 988 1370 alicui
995 1343 1078 1372 Plaut.
1145 1347 1247 1377 mittat,
1263 1352 1332 1379 quem
1346 1347 1446 1370 minime
1457 1350 1578 1370 attentum
1590 1344 1701 1376 viderit,
1717 1345 1829 1380 quorsum
1842 1346 1909 1371 valet
1920 1344 1947 1379 fi
1965 1347 2041 1371 alium
2060 1347 2190 1383 respiciat,

35 1380 97 1408 Mil.
110 1389 131 1412 3,
143 1388 161 1411 1,
174 1387 225 1411 129-
297 1378 370 1412 Virg.
392 1377 456 1403 Aen.
483 1385 520 1409 12,
545 1382 594 1410 879
614 1377 686 1403 Haec
706 1386 755 1411 pro
776 1378 931 1414 virginitate
953 1381 1077 1414 reponit3
1145 1386 1169 1406 et
1181 1380 1248 1406 velut
1259 1382 1368 1406 minetur
1383 1383 1420 1412 ci,
1439 1379 1473 1405 ad
1484 1380 1561 1405 alium
1567 1379 1653 1415 subito
1663 1381 1742 1414 pilam
1750 1382 1880 1415 proiiciat.
1916 1379 1957 1413 Est
1977 1386 2000 1406 et
2013 1382 2106 1417 alioqui
2120 1391 2191 1408 uene-

38 1417 101 1449 Q1,¹⁰
121 1415 207 1442 Vitam
226 1413 298 1441 d'edit
316 1419 449 1439 aeternam
464 1413 473 1439 3
507 1413 532 1438 h.
547 1421 567 1438 e.
585 1413 809 1440 Immortalitatem.
894 1415 985 1446 Vitio,
1001 1416 1078 1442 Vitu-
1145 1425 1213 1442 reum
1226 1414 1289 1441 illud
1300 1415 1422 1447 datatim,
1442 1421 1465 1441 et
1477 1421 1506 1440 vt
1518 1415 1629 1451 obstruat
1642 1416 1763 1442 Gruterus
1774 1415 1808 1442 ad
1824 1414 1906 1442 Plaut.
1918 1416 2005 1442 Truc.
2019 1425 2047 1449 4,
2061 1425 2079 1447 1,
2094 1422 2107 1446 8
2127 1418 2189 1444 Mea

36 1459 141 1485 perare,
160 1450 282 1484 culpare,
301 1451 383 1485 inquit
398 1449 494 1474 Donat.
543 1448 612 1474 Ter.
625 1448 694 1475 Prol.
708 1449 788 1476 Andr.
803 1455 815 1479 8
833 1450 912 1476 Nunc
925 1460 1004 1485 quam
1019 1460 1076 1478 rem
1146 1451 1200 1485 pila
1214 1450 1266 1483 est,
1285 1451 1315 1477 ab
1332 1460 1356 1476 co
1369 1451 1493 1487 sumtum,
1513 1450 1578 1486 quod
1595 1450 1656 1477 dare
1676 1450 1794 1477 dicuntur
1810 1452 1922 1478 mulieres
1934 1458 1958 1478 ec
1973 1452 2115 1485 praebere,
2135 1462 2190 1479 cum

35 1484 112 1511 Vitio
124 1485 202 1519 dent,
222 1485 318 1520 quaeso
336 1484 456 1510 animum
469 1482 611 1510 aduortite.
708 1485 763 1511 Cic.
777 1485 828 1511 Off.
843 1494 865 1518 2,
879 1491 906 1519 58
927 1487 971 1513 Ne
983 1488 1075 1513 Marco
1095 1494 1124 1521 35
1137 1487 1183 1522 fici
1194 1489 1289 1521 copiam
1305 1489 1361 1512 viro
1369 1486 1486 1522 faciunt.
1556 1486 1648 1512 Afran.
1661 1492 1700 1520 ap.
1715 1486 1788 1512 Non.
1801 1495 1824 1518 2,
1837 1495 1880 1518 213
1906 1487 2021 1514 Datatim
2035 1496 2146 1515 vxorem
2160 1493 2192 1515 vt

33 1521 142 1555 quidem
163 1522 224 1548 Seio
245 1521 321 1547 Vitio
339 1519 428 1546 datum
448 1519 498 1550 est,
518 1518 590 1553 quod
609 1519 638 1545 in
657 1521 765 1548 caritate
778 1521 826 1547 affe
838 1521 960 1548 modium
976 1523 1077 1557 populo
1144 1521 1218 1548 ludas
1232 1530 1377 1557 quamquam
1390 1522 1435 1547 hoc
1448 1524 1522 1547 etiam
1534 1520 1568 1546 ad
1572 1520 1693 1555 fraudem
1704 1519 1782 1556 potest
1793 1521 1904 1557 referri,
1924 1521 2060 1556 iit-simules
2073 1530 2098 1549 te
2116 1523 2191 1550 datu-

34 1557 116 1583 dedit.
187 1558 356 1592 Vnguentum
369 1555 430 1581 dare
443 1555 471 1581 in
484 1560 560 1589 caput
578 1555 644 1581 Cels.
658 1564 680 1587 3,
697 1560 730 1586 18.
802 1557 906 1583 Vocem
926 1558 969 1584 dat
988 1567 1076 1584 caren—
1144 1567 1207 1584 rum.
1243 1556 1289 1583 sed
1301 1556 1462 1591 Pomponius
1476 1555 1541 1582 ibid.
1564 1555 1644 1589 Qiod
1667 1556 1712 1582 ille
1730 1555 1813 1588 dicit,
1833 1566 1917 1591 quum
1938 1557 2048 1584 datatim
2068 1559 2097 1584 in
2119 1558 2191 1585 lecto

34 1592 107 1618 tibus
121 1592 243 1619 oratione
255 1591 315 1618 fieta
327 1589 515 1617 Demosthenes
533 1590 643 1624 Quin&
662 1599 698 1623 12,
713 1599 752 1624 10,
765 1600 804 1623 23.
875 1592 956 1619 Ouid.
971 1594 1036 1620 Met.
1049 1602 1076 1626 9,
1144 1598 1231 1619 tecum
1240 1592 1296 1617 lusi.
1334 1593 1396 1618 Alia
1402 1594 1479 1623 ratio,
1481 1590 1529 1626 fid
1534 1592 1619 1617 itidem
1625 1592 1791 1626 metaphorica
1799 1592 1887 1618 Nonii
1893 1592 1960 1618 ibid.
1979 1593 2010 1618 In
2016 1593 2094 1618 molis
2102 1593 2191 1629 (serui

35 1629 81 1661 563
99 1628 254 1663 Linguaque
266 1628 313 1655 vix
327 1626 390 1653 tales
401 1626 456 1652 ieto
471 1625 543 1652 dedit
559 1627 620 1651 aere
634 1626 728 1652 Voces.
800 1627 882 1653 Plaut.
891 1628 987 1662 Amph.
996 1637 1020 1659 2,
1028 1636 1050 1660 2,
1059 1635 1077 1662 7
1137 1627 1260 1663 furantes
1277 1627 1304 1652 de
1313 1626 1420 1662 panibus
1433 1633 1456 1652 ct
1463 1627 1610 1661 placentis)
1628 1635 1682 1652 non
1695 1626 1789 1652 ludunt
1802 1626 1899 1660 raptim
1914 1627 2056 1661 (tantum)
2075 1627 2140 1662 pila,
2147 1627 2192 1655 da-

36 1663 123 1698 Atque
135 1664 189 1698 ipsa
203 1665 235 1690 de
247 1673 290 1690 me
303 1662 357 1690 scio
371 1661 414 1689 cui
427 1661 553 1695 Voluptas
567 1669 706 1695 parumper
719 1660 778 1688 data
799 1662 844 1688 est.
949 1663 1077 1698 Volupta-
1087 1671 1124 1697 40
1144 1663 1219 1689 tatim
1235 1663 1337 1693 morso,
1355 1671 1420 1688 vnus
1431 1663 1505 1688 alteri
1518 1661 1660 1700 dam-quod
1670 1661 1817 1686 demordeat.

34 1704 90 1725 tem
104 1699 240 1734 expolitis,
259 1703 278 1726 i.
291 1701 330 1726 ita
342 1706 462 1728 narrare,
478 1703 508 1723 vt
521 1706 574 1723 cum
589 1697 714 1731 voluptate
726 1697 828 1723 audiar-e
846 1697 956 1731 Qiine't.
966 1707 1004 1730 10,
1012 1706 1075 1731 3,11.
1180 1698 1281 1724 DATI'
1290 1704 1380 1728 vvs,
1398 1705 1426 1727 a,
1445 1705 1498 1722 um.
1538 1695 1599 1721 Adi.
1640 1696 1689 1727 Vt,
1710 1696 1821 1721 Datiuus
1849 1700 1931 1722 tutor.
1967 1696 2060 1723 Datiui
2089 1701 2192 1725 tutores

36 1734 91 1765 Cic.
106 1734 138 1760 de
152 1734 252 1760 Sene&
265 1743 297 1767 43
315 1733 396 1767 Qiod
407 1741 439 1759 ex
450 1741 483 1759 eo
496 1732 646 1764 audientes,
664 1732 701 1758 M.
716 1732 828 1758 Curium
846 1739 872 1758 et
885 1733 922 1758 T.
943 1734 1076 1759 Corunca-
1144 1732 1303 1763 dicebantur,
1325 1730 1424 1758 auclore
1436 1730 1578 1764 leian.in
1592 1729 1675 1756 Instit.
1687 1729 1758 1756 titul.
1775 1739 1797 1756 11
1818 1731 1866 1765 qui
1878 1730 2033 1758 testamento
2047 1731 2101 1759 dati
2107 1739 2190 1761 erant.

36 1777 100 1795 num
108 1789 117 1802 ,
135 1775 226 1803 optare
239 1770 330 1796 solitos
339 1789 347 1802 ,
368 1774 396 1796 vt
409 1768 437 1795 id
449 1767 618 1798 Samnitibus,
639 1765 740 1800 ipsique
752 1767 854 1797 Pyrrho
867 1766 1076 1799 persuaderetur,
1145 1766 1256 1792 Datiuos
1269 1772 1349 1792 tamen
1366 1773 1390 1792 et
1404 1766 1631 1792 Testamentarios
1643 1770 1744 1791 tutores
1751 1765 1856 1801 fiparat
1867 1766 2031 1793 Modestinus
2046 1768 2074 1794 in
2087 1769 2104 1795 l.
2118 1776 2136 1803 7
2157 1771 2191 1798 D.

36 1813 91 1838 quo
105 1805 209 1830 facilius
221 1805 294 1830 vinci
305 1805 418 1838 pulsent,
434 1811 515 1837 quum
530 1803 555 1827 se
570 1801 756 1834 Voluptatibus
769 1800 903 1826 dediffent.
995 1800 1076 1826 Ouid.
1143 1809 1200 1826 rem
1214 1809 1274 1833 pup.
1290 1801 1332 1826 sal.
1347 1802 1398 1827 for.
1470 1799 1674 1835 Qiemudmodum
1688 1801 1811 1827 Datiuam
1833 1801 1942 1828 tutelam
1961 1812 1976 1828 a
1997 1803 2192 1832 testamentaria

34 1839 99 1864 Met.
106 1841 173 1869 2‚26
191 1838 296 1864 Phoebe
309 1843 398 1871 pater,
415 1836 434 1861 fi
448 1836 491 1861 das
505 1836 585 1861 Vsum
597 1835 666 1860 mihi
679 1834 796 1859 nominis
810 1834 905 1865 huius,
926 1840 971 1859 etc.
1017 1835 1074 1861 Cic.
1090 1843 1124 1870 45
1143 1841 1166 1859 et
1179 1834 1297 1868 legitima
1310 1835 1469 1862 Iustinianus
1476 1837 1581 1871 separat
1591 1838 1619 1861 in
1632 1835 1649 1862 l.
1663 1845 1698 1869 40
1714 1837 1744 1862 C.
1760 1836 1792 1862 de
1805 1837 1882 1871 episc.
1897 1843 1923 1863 et
1937 1837 2046 1864 clericis.
2118 1840 2193 1866 Dati-

33 1873 63 1900 isi
77 1872 155 1899 Catil.
169 1880 190 1903 1,
204 1880 239 1903 29
259 1873 313 1906 Ego
326 1871 343 1896 fi
358 1871 408 1896 hoc
420 1870 552 1903 optimum
563 1869 634 1894 factu
648 1868 808 1903 iudicarem,
844 1869 910 1895 Rc.
931 1869 1075 1896 Catilinam
1143 1878 1243 1904 vosque
1265 1869 1329 1895 idem
1355 1871 1502 1906 Imperator
1524 1874 1552 1897 in
1575 1870 1594 1897 l.
1617 1871 1664 1898 vlt.
1695 1872 1726 1898 C.
1748 1871 1781 1899 de
1809 1872 1859 1906 leg.
1892 1877 1940 1898 tut.
1972 1876 2081 1909 accip-it,
2105 1875 2153 1909 qui
2174 1884 2191 1902 a

33 1912 121 1934 morte
134 1906 255 1938 multari,
273 1906 351 1933 vnius
364 1906 477 1931 Vsuram
493 1903 575 1930 horae
589 1903 730 1938 gladiatori
749 1904 793 1930 isti
811 1903 843 1929 ad
862 1905 1005 1931 viuendum
1020 1915 1075 1932 non
1142 1904 1232 1931 iudice
1252 1904 1357 1932 dantur.
1553 1916 1556 1919 ¹

34 1942 165 1970 dedissem.
258 1941 315 1969 Cic.
330 1942 405 1967 Verr.
421 1948 444 1973 ς,
458 1947 495 1974 74
518 1939 580 1975 Ipsis
599 1940 690 1974 piratis
703 1939 770 1966 lucis
782 1940 894 1967 Vsuram
907 1946 961 1966 tam
973 1940 1076 1967 diutur-
1179 1947 1197 1966 D
1207 1947 1226 1966 A
1237 1947 1258 1966 ‘r
1271 1947 1281 1966 1
1292 1948 1314 1966 ν
1323 1948 1365 1967 vs
1374 1960 1382 1972 ‚
1401 1941 1420 1967 i.
1440 1951 1476 1968 m.
1513 1939 1611 1975 [δοτικῆ
1671 1942 1756 1968 Tertii
1763 1941 1839 1978 Casiis
1850 1945 1877 1968 in
1887 1942 2036 1969 Nominibus
2049 1945 2191 1978 appellatio.

33 1987 95 2005 nam
109 1977 224 2004 dedistis.
331 1976 413 2003 Plaut.
427 1975 495 2002 Asin.
509 1984 536 2007 2,
551 1984 578 2007 4,
591 1980 619 2007 38
644 1974 775 2010 Scyphos,
795 1984 861 2011 quos
879 1975 997 2002 Vtendos
1012 1976 1075 2003 dedi
1145 1975 1276 2008 Quincfil.
1292 1984 1313 2008 1,
1330 1985 1356 2009 4,
1369 1978 1404 2002 26
1423 1977 1492 2003 Nam
1507 1986 1590 2010 quum
1623 1985 1666 2003 1co
1683 1976 1754 2003 hasta
1776 1977 1899 2012 percusti,
1918 1986 1973 2003 non
1989 1983 2052 2004 vtor
2070 1979 2191 2007 Ablatiui

34 2013 207 2045 Philodamo,
226 2012 352 2039 retulitne
365 2013 376 2038 3
446 2011 519 2038 Idem
533 2010 615 2037 Trin.
638 2020 661 2044 ς,
679 2019 702 2044 2,
717 2018 742 2046 7.
832 2011 980 2039 Vtilitatem
995 2011 1076 2040 alicui
1093 2022 1126 2051 50
1141 2015 1249 2044 natura,
1267 2019 1315 2038 nec
1326 2011 1345 2039 si
1359 2010 1430 2039 idem
1446 2012 1544 2039 Graece
1558 2012 1658 2045 dicam,
1682 2012 1775 2040 Datiui
1793 2013 1827 2046 τῷ
1840 2010 1895 2048 δορί.
1932 2012 2007 2049 Conf.
2021 2013 2123 2048 Gell.4‚
2132 2018 2170 2042 16.

35 2050 97 2077 dare
116 2049 221 2075 Lucret.
233 2056 256 2081 ς,
269 2053 321 2082 871.
415 2046 496 2074 Ouid.
514 2046 579 2073 Met.
598 2055 620 2078 3,
636 2055 668 2081 ς4
694 2046 770 2074 Furit
783 2047 843 2080 ille,
864 2054 889 2075 et
902 2048 992 2076 inania
1005 2050 1074 2077 duro

34 2086 153 2113 Vulnera
166 2083 209 2111 dat
222 2083 311 2115 ferro,
330 2082 441 2117 figitque
454 2082 482 2108 in
495 2082 615 2109 acumine
627 2082 725 2110 dentes.
797 2084 865 2112 Ter.
880 2085 961 2113 Andr.
978 2095 997 2119 1,
1006 2095 1027 2119 1,
1033 2093 1072 2120 74
1528 2075 1558 2107 D
1656 2075 1685 2105 Ο
1782 2075 1809 2105 C

35 2122 104 2149 Cum
116 2120 178 2147 dote
191 2119 290 2146 summa
303 2118 361 2144 filio
375 2119 493 2144 onrem
508 2123 538 2144 vt
551 2117 631 2144 daret.
700 2118 772 2145 Idem
785 2119 891 2147 Phorm.
908 2130 933 2154 1,
946 2130 977 2154 2,
992 2130 1022 2154 52.
1040 2121 1074 2148 Il·
1178 2127 1224 2147 DO
1235 2125 1252 2148 C
1262 2127 1306 2148 ΕΟ
1315 2141 1323 2154 ,
1339 2122 1386 2154 ui,
1405 2120 1477 2148 &um
1486 2141 1494 2153 ,
1515 2122 1568 2147 ere.
1603 2119 1616 2153 [
1623 2116 1742 2150 διδοίσκω,
1758 2117 1914 2157 μαθητιῶ]
1950 2120 2119 2158 Cognitionem
2131 2121 2190 2151 dare

23 2156 95 2189 ⁴lene
108 2155 252 2183 indotatam
264 2154 395 2189 virginem
409 2158 488 2188 atque
501 2153 649 2188 ignobilem
661 2153 733 2181 daret
747 2154 788 2181 illi
802 2156 811 2181 3
887 2157 934 2182 Vbi
948 2157 1074 2188 Donatus,
1141 2159 1212 2182 cuius
1230 2158 1334 2183 relatum
1354 2156 1387 2190 cst
1408 2157 1507 2193 discere.
1550 2154 1696 2183 Deriuatur
1716 2155 1788 2183 enim
1797 2176 1805 2188 ,
1823 2154 1923 2183 notiore
1935 2157 2058 2184 Varrone
2072 2158 2103 2185 de
2116 2159 2146 2185 L.
2159 2160 2192 2187 L.

37 2192 121 2220 Filius
134 2191 252 2221 familiae
263 2198 318 2216 non
328 2196 381 2216 tam
396 2188 468 2215 ducit
480 2197 607 2222 vxorem,
623 2198 701 2224 quam
715 2199 728 2216 a
742 2196 815 2224 patre
830 2192 938 2226 accipit:
975 2193 1074 2227 quippe
1094 2196 1123 2223 53
1144 2198 1167 2224 5,
1205 2211 1211 2218 .
1250 2211 1256 2218 .
1292 2201 1307 2218 a
1322 2193 1379 2225 Do,
1398 2192 1441 2218 das
1456 2203 1461 2218 z
1498 2191 1580 2226 quod,
1593 2191 1663 2218 nihil
1674 2191 1747 2218 aliud
1760 2192 1790 2218 fit
1799 2192 1912 2224 Docere,
1927 2201 2004 2227 quam
2019 2194 2191 2229 Discipfinae,

37 2236 120 2263 quum
143 2226 212 2261 patri
233 2225 412 2252 committatur
432 2225 517 2259 puella
543 2225 631 2259 potius
655 2225 684 2252 in
705 2225 860 2253 huiusmodi
873 2226 1074 2255 conditionibus
1142 2232 1188 2253 aut
1201 2227 1310 2254 alterius
1324 2229 1501 2262 cuiuscunque
1513 2227 1554 2254 rei
1568 2227 1749 2261 cognitionem
1762 2226 1832 2254 dare.
1905 2228 1960 2255 Cic.
1978 2229 2010 2255 de
2030 2230 2131 2257 Sene&
2145 2240 2191 2264 129

37 2271 116 2298 quam
132 2262 237 2289 marito·
432 2258 453 2298 Ἴ
474 2265 487 2291 8
523 2259 588 2294 Obffi
624 2261 692 2288 Ter.
705 2262 770 2288 Eun.
783 2271 805 2294 3,
821 2271 841 2295 1,
855 2271 867 2296 ς
885 2264 916 2290 Et
928 2263 1012 2290 isthuc
1030 2263 1073 2290 da·
1145 2263 1187 2289 An
1204 2271 1237 2288 ne
1254 2272 1296 2289 eas
1316 2263 1424 2298 quidem
1439 2264 1508 2290 vires
1527 2262 1655 2290 sene&uti
1671 2263 1864 2297 relinquimus,
1883 2268 1913 2290 vt
1926 2263 2131 2292 adolescentulos
2143 2266 2191 2293 do-

35 2304 94 2325 tum
105 2296 242 2333 profesio,
257 2301 287 2322 vt
305 2301 376 2330 grata
393 2296 461 2323 mihi
475 2296 523 2322 lint
535 2305 603 2331 quae
615 2298 686 2324 facio
698 2297 798 2324 onmia.
876 2299 924 2325 Vbi
947 2300 1075 2332 Donatus,
1144 2304 1214 2331 ceat,
1234 2298 1368 2331 instituat,
1389 2298 1421 2325 ad
1434 2307 1513 2325 omne
1525 2297 1610 2325 officii
1624 2305 1720 2325 munus
1733 2298 1843 2325 instruat
1857 2299 1866 2325 3
1947 2300 2019 2327 Idem
2033 2300 2065 2327 de
2078 2302 2153 2329 Orat.
2167 2311 2192 2335 ε,

36 2334 150 2365 Datum,
168 2332 240 2364 fato,
261 2332 419 2367 decretoque
441 2333 585 2358 concess'um
602 2343 608 2358 :
644 2339 674 2360 vt
694 2333 785 2367 (Virg.
808 2334 873 2360 Aen.
888 2342 914 2369 7,
927 2340 983 2367 313)
1008 2336 1074 2362 Non
1145 2341 1187 2366 233
1206 2334 1237 2360 Et
1251 2333 1354 2361 docebo
1366 2335 1406 2361 sus
1421 2338 1467 2366 (vt
1479 2335 1571 2365 aiunt)
1591 2340 1724 2361 oratorem
1738 2343 1816 2366 eum,
1835 2343 1914 2369 quem
1928 2344 2010 2369 quum
2026 2337 2135 2363 Catulus
2143 2347 2192 2364 nu-

36 2369 143 2396 dabitur
155 2368 258 2403 regnis,
276 2367 345 2400 esto,
361 2367 504 2402 probibere
517 2368 628 2395 Latinis.
699 2369 796 2395 Datum
810 2370 848 2396 111
862 2370 921 2396 Idus
934 2372 1005 2397 Iunii
1018 2371 1074 2397 Cic.
1093 2379 1127 2404 60
1144 2378 1191 2404 per
1204 2370 1327 2402 audisset,
1350 2370 1460 2396 foenum
1474 2369 1542 2396 alios
1554 2369 1641 2396 aiebat
1655 2370 1703 2396 else
1716 2376 1849 2405 oportere.
1921 2372 1976 2399 Cic.
1983 2371 2036 2398 Off.
2045 2375 2115 2408 1,1‚-6
2135 2373 2192 2399 Ne-

37 2405 109 2432 Fam.
118 2413 156 2439 14,
163 2411 188 2439 7.
207 2404 248 2431 Sic
255 2403 325 2429 Fam.
335 2405 403 2435 16‚11
421 2404 518 2429 Datum
525 2403 611 2438 pridie
619 2403 679 2431 Idus
687 2405 767 2431 Iunii.
786 2406 950 2438 EtQFratr.
959 2415 985 2438 2,
1024 2426 1030 2432 .
1068 2427 1074 2432 .
1144 2413 1196 2439 que
1209 2405 1294 2431 solum
1307 2405 1366 2431 viui
1378 2412 1458 2439 atque
1473 2406 1618 2440 praesentes
1631 2405 1759 2432 studiosos
1774 2404 1893 2432 discendi
1905 2407 2036 2433 Erudiunt
2048 2413 2127 2441 atque
2141 2408 2190 2434 do-

36 2440 132 2474 Accepi
145 2439 232 2467 literas
246 2444 302 2464 tuas
315 2439 386 2464 datas
401 2438 553 2465 Placentiae.
668 2440 750 2466 Plaut.
766 2441 844 2467 Poen.
864 2449 886 2473 3,
901 2450 920 2472 1,
934 2450 950 2474 9
973 2441 1075 2468 Siccine
1144 2445 1221 2466 cent(
1282 2441 1339 2467 Cic.
1353 2441 1385 2467 de
1398 2441 1470 2467 Orat.
1486 2450 1510 2474 2,
1524 2446 1555 2471 82
1579 2441 1702 2467 Docilem
1715 2447 1803 2467 autem
1822 2449 1876 2467 non
1897 2450 1981 2475 quum
2000 2442 2129 2475 polliceor
2147 2451 2191 2469 me

36 2480 142 2510 oportet
154 2475 194 2501 ire
206 2474 303 2500 amicos
317 2473 422 2499 homini
435 2475 534 2500 amanti
546 2482 654 2507 operam
666 2474 774 2501 datum?
844 2477 964 2509 Datuiri‚
984 2475 1075 2509 vetuste
1145 2475 1400 2509 demonstraturum,
1419 2476 1461 2502 sed
1473 2481 1530 2502 tum
1544 2485 1627 2510 quum
1642 2476 1725 2503 doceo
1740 2482 1765 2502 et
1777 2476 1902 2510 Explano.
1999 2477 2055 2502 Cic.
2069 2477 2102 2502 de
2114 2477 2190 2505 Orat.

30 2517 82 2547 pro
95 2512 187 2537 Datum
198 2511 233 2535 iri
245 2509 361 2535 laudatur
375 2509 478 2543 leian.
491 2510 508 2535 l.
521 2514 549 2541 38
563 2508 586 2546 §.
602 2518 626 2535 2¹
641 2510 672 2536 D.
688 2510 720 2536 de
730 2510 805 2538 verb.
819 2511 902 2546 oblig.
922 2512 948 2538 Si
962 2512 1021 2546 quis
1033 2512 1076 2538 sti·
1144 2519 1168 2543 3,
1206 2531 1212 2537 .
1251 2531 1258 2538 .
1295 2512 1363 2545 Qiis
1388 2512 1459 2538 enim
1482 2512 1514 2538 de
1537 2512 1587 2538 isto
1605 2520 1701 2545 genere
1713 2519 1769 2536 non
1782 2510 1889 2542 docuit,
1913 2518 1967 2536 non
1980 2511 2114 2545 Instituit,
2134 2522 2190 2540 non

38 2546 142 2586 pulatus
155 2553 169 2571 a
183 2544 291 2571 Maeuio
303 2543 386 2570 fuer-it
399 2544 511 2571 fundum
524 2545 606 2572 Titio
620 2544 727 2572 datuiri.
784 2547 830 2573 Sed
844 2548 962 2582 Gothofr.
977 2549 1075 2575 Datum
1095 2552 1127 2583 63
1144 2546 1225 2573 etiam
1248 2547 1372 2581 scriptum
1391 2547 1501 2586 reliquit
1517 2548 1526 2572 3
1599 2547 1655 2585 Cic.
1683 2545 1716 2571 de
1739 2546 1804 2585 Opt.
1823 2553 1881 2579 gen.
1897 2545 1972 2572 Orat.
1985 2555 1999 2578 3
2017 2547 2140 2582 Optimus
2152 2549 2190 2575 est

38 2579 138 2613 unsina
150 2582 282 2606 varietatis
293 2582 420 2606 mentione.
457 2580 505 2608 Sed
517 2580 637 2607 videndus
649 2581 676 2608 de
688 2582 729 2608 his
739 2588 764 2608 et
767 2581 891 2616 similibus
897 2585 929 2610 A.
936 2581 1073 2620 Augnllin.
1143 2582 1215 2608 enim
1228 2583 1342 2614 Orator,
1362 2590 1410 2617 qui
1433 2581 1546 2607 dicendo
1564 2589 1668 2606 animos
1686 2579 1853 2606 audientium
1872 2585 1898 2606 et
1917 2580 2009 2614 docet,
2029 2588 2055 2609 et
2067 2583 2191 2616 delcetat,

39 2615 136 2648 Emend.
150 2624 171 2647 ε,
183 2625 197 2642 2
204 2622 232 2650 p.
241 2625 278 2641 ιιι
286 2615 328 2651 sq.
342 2615 466 2642 Cacterum
473 2615 566 2651 pqffiuc
579 2619 648 2643 vocis
659 2619 768 2653 exempla
780 2617 900 2644 addimus.
1005 2619 1072 2645 Plin.
1143 2623 1169 2643 et
1185 2622 1329 2651 pei-mouet.
1401 2616 1458 2642 Cic.
1478 2616 1510 2641 de
1529 2616 1604 2642 Orat.
1625 2623 1648 2648 2,
1669 2622 1704 2650 72
1728 2616 1820 2649 Qmm
1834 2621 1880 2642 aut
1893 2615 2025 2643 docendus
2039 2618 2061 2644 is
2074 2618 2126 2652 est,
2145 2625 2191 2648 aut

38 2651 117 2686 Epist.
132 2659 151 2683 1,
167 2659 195 2677 10
212 2652 345 2683 Quantum
365 2651 433 2677 mihi
453 2657 541 2678 tamen
559 2660 665 2678 cernere
681 2652 771 2683 datur,
792 2653 876 2679 multa
895 2654 923 2679 in
941 2653 1074 2687 Euphrate
1144 2651 1334 2682 Dedocendus,
1354 2657 1399 2677 aut
1412 2650 1610 2685 reprimendus,
1629 2657 1675 2677 aut
1694 2650 1860 2683 incitandus,
1882 2657 1929 2677 etc.
2025 2654 2121 2680 Pueros
2138 2655 2190 2682 ele.

38 2686 72 2714 fic
85 2687 218 2717 eminent,
232 2692 277 2711 etc.
348 2686 405 2712 Cic.
424 2685 457 2712 de
477 2687 562 2712 Amic.
577 2695 598 2711 c.
613 2695 648 2719 24
673 2687 773 2713 Multae
789 2688 878 2713 causae
895 2688 1073 2721 suspicionum
1144 2692 1232 2712 menta
1245 2684 1340 2712 docens
1360 2687 1428 2712 Hor.
1443 2686 1522 2720 Epist.
1537 2695 1556 2718 1,
1571 2695 1609 2717 20,
1624 2693 1661 2720 17.
1731 2686 1815 2712 Plaut.
1834 2686 1922 2712 Pseud.
1934 2695 1969 2720 4,
1981 2695 2013 2722 7,
2030 2697 2066 2724 97
2085 2691 2191 2718 Praece-

37 2722 262 2755 offensionumque
275 2720 377 2746 dantur.
480 2720 554 2754 Virg.
569 2721 634 2746 Aen.
654 2722 736 2753 2,'656
764 2722 834 2747 Nam
850 2721 921 2756 quod
936 2723 1074 2748 consilium
1092 2735 1128 2762 70
1145 2727 1205 2756 ptor
1219 2727 1279 2747 tuus
1293 2721 1341 2756 qui
1354 2727 1380 2748 te
1393 2721 1458 2748 hanc
1472 2721 1605 2748 fallaciam
1618 2720 1718 2747 docuit.
1792 2721 1915 2748 Scaeuola
1928 2723 1954 2748 se
1973 2725 2075 2750 nemini
2094 2725 2127 2752 ad
2144 2726 2190 2753 do-

37 2763 82 2784 aut
95 2765 162 2792 quae
175 2757 283 2782 fortuna
294 2754 427 2782 dabatur?
497 2756 528 2781 Et
540 2764 566 2781 v.
579 2760 624 2787 803
650 2756 706 2782 Nec
722 2756 782 2790 Spes
805 2757 862 2791 opis
883 2757 936 2784 vlla
955 2758 1074 2784 dabatur.
1145 2757 1256 2783 cendum
1283 2756 1361 2783 dabat
1379 2757 1435 2783 Cic.
1459 2756 1492 2782 de
1512 2756 1551 2783 Cl.
1574 2757 1649 2782 Orat.
1673 2765 1695 2782 c.
1719 2760 1759 2789 89.
1835 2758 1937 2784 Docere
1958 2759 2074 2794 aliquem
2099 2761 2189 2788 literas

37 2791 77 2819 Id.
91 2800 115 2824 3,
130 2799 147 2826 7
162 2792 258 2817 Incerti
270 2799 324 2826 quo
336 2791 389 2817 fata
402 2790 502 2823 ferant,
522 2790 570 2817 vbi
580 2790 665 2817 fistere
679 2791 764 2818 detur.
800 2792 869 2818 Add.
883 2800 909 2826 7,
923 2800 972 2825 313.
1007 2794 1075 2820 Data
1144 2792 1225 2818 Plaut.
1239 2792 1315 2818 Most.
1330 2801 1350 2824 ι,
1365 2800 1387 2823 2,
1399 2800 1440 2825 45.
1548 2791 1604 2818 Cic.
1617 2791 1644 2818 in
1657 2792 1744 2818 Pison.
1757 2799 1788 2826 73
1809 2793 1882 2826 Qid
1895 2802 1964 2820 nunc
1979 2801 2004 2821 te
2018 2795 2086 2822 asine
2100 2796 2190 2824 literas

37 2827 160 2861 longiore
173 2827 227 2852 vita
242 2832 268 2853 et
280 2831 378 2858 aetate,
396 2829 414 2853 i.
428 2825 454 2859 fi
466 2828 488 2852 ei
506 2824 645 2861 contigiffet
670 2826 780 2860 Qun&
795 2836 829 2859 12,
845 2836 865 2859 1,
879 2836 919 2854 20.
991 2829 1076 2854 Datur
1145 2827 1252 2853 doceam
1267 2828 1276 2853 3
1312 2836 1367 2854 non
1386 2836 1451 2861 opus
1471 2826 1507 2853 est
1524 2826 1629 2860 verbis,
1647 2827 1691 2854 sed
1704 2827 1826 2854 fustibus.
1915 2829 2025 2857 Causam
2038 2837 2191 2866 patronum,

38 2863 117 2890 etiam
130 2862 261 2896 imperitis
273 2861 375 2896 aliquid
396 2861 504 2896 Qinet.
512 2870 540 2895 4,
549 2868 610 2893 1,1;.
619 2863 637 2888 i.
645 2864 672 2887 in
678 2860 799 2896 potestate
813 2863 920 2898 ipsorum
931 2861 973 2896 est,
993 2863 1074 2897 Qiod
1144 2862 1197 2888 vid.
1208 2868 1322 2889 CAVSA.
1394 2862 1450 2889 Cic.
1466 2862 1579 2897 Philipp.
1594 2871 1619 2895 2,
1633 2868 1646 2892 8
1665 2864 1721 2890 Iam
1740 2863 1851 2890 inuideo
1869 2865 1994 2899 magistro
2015 2873 2078 2900 tuo,
2097 2869 2143 2903 qui
2164 2875 2191 2896 te

39 2898 58 2926 fi
70 2898 145 2925 datur
165 2896 272 2930 Qun&
290 2905 309 2929 1,
324 2906 363 2929 io,
378 2906 409 2923 11.
428 2900 446 2923 i.
460 2896 610 2923 conceditur.
664 2898 705 2924 Sic
723 2897 808 2923 Datur
819 2897 943 2924 recedere
965 2898 1074 2932 Qin&.
1093 2913 1125 2941 73
1143 2903 1214 2924 tanta
1229 2897 1364 2930 mercede,
1383 2904 1508 2933 quantam
1520 2898 1573 2925 iam
1589 2899 1739 2933 proferam,
1759 2899 1828 2925 nihil
1841 2900 1929 2934 sapere
1943 2900 2039 2928 docuit.
2110 2904 2191 2930 Mufi.

39 2942 72 2967 11,
84 2942 108 2967 3,
120 2940 174 2968 127.
246 2933 329 2958 Datur
342 2933 381 2959 vti
402 2932 439 2958 Id.
454 2934 480 2964 6,
492 2941 513 2964 3,
527 2941 581 2958 100.
653 2932 680 2959 Si
692 2932 720 2959 id
732 2941 787 2959 non
799 2932 906 2960 dabitur
919 2941 1041 2968 to,7,29.
1143 2942 1200 2960 cam
1220 2933 1291 2968 Nep.
1312 2934 1394 2968 praef.
1416 2943 1442 2960 n.
1469 2943 1486 2960 1.
1557 2935 1648 2960 quen.
1675 2935 1724 2961 Sat.
1749 2942 1775 2968 7,
1797 2942 1840 2968 150
1874 2936 1965 2963 Tenta
2001 2938 2189 2972 Chrysogonus

76 2975 233 3001 DANAM,
253 2967 342 3000 danit‚
361 2967 476 3000 danunt,
496 2967 583 2997 dane3
613 2973 663 3002 pro
675 2968 759 3000 Dabo,
779 2968 841 3001 dat,
860 2969 937 3001 dant,
959 2970 1006 2996 da:
1030 2979 1074 2997 an-
1143 2969 1236 3004 quanti
1248 2969 1354 2999 doceat,
1372 2969 1414 2996 vel
1428 2969 1513 2996 Pollio
1528 2969 1629 3002 quanti.
1737 2970 1793 2996 Cic.
1814 2970 1846 2997 de
1867 2972 1941 2998 Orat.
1957 2981 1975 3003 1,
1990 2976 2035 2999 126
2050 2983 2069 3000 c.
2084 2980 2111 3003 .8
2133 2974 2190 3007 (Qui

0 3022 1 3027 ,
39 3007 105 3040 tique
115 3004 180 3039 apud
192 3004 274 3031 Plaut.
287 3004 344 3030 Cas.
358 3012 379 3036 1,
392 3005 418 3036 6,
452 3011 475 3029 2.
517 3003 585 3029 Pers.
601 3011 624 3034 2,
637 3012 659 3036 3,
671 3012 697 3037 4.
738 3004 816 3031 Most.
831 3013 851 3037 1,
865 3013 889 3036 2,
902 3010 945 3038 48.
982 3012 1006 3032 et
1017 3014 1040 3038 3,
1055 3014 1076 3038 1,
1145 3014 1227 3040 quum
1241 3005 1360 3031 mercede
1376 3004 1497 3036 doceret,
1516 3010 1603 3031 tamen
1617 3014 1672 3032 non
1683 3005 1833 3040 patiebatur
1852 3015 1912 3037 eos,
1932 3014 1976 3033 etc.
2085 3010 2189 3036 Docere

0 3047 1 3078 3
40 3047 79 3071 3ο.
113 3040 199 3067 Truc.
211 3048 236 3070 2,
249 3049 273 3072 2,
287 3048 322 3072 ¹9·
364 3039 422 3065 Vid.
449 3045 510 3074 upra
528 3045 628 3065 DANO.
1147 3041 1262 3075 aliquem
1276 3040 1373 3066 fidibus
1394 3041 1449 3067 Cic.
1463 3041 1535 3067 Fam.
1548 3049 1575 3074 9,
1591 3049 1632 3067 22.
1722 3042 1798 3076 Equo
1811 3042 1945 3077 armisque
1967 3043 2026 3069 Liu.
2043 3052 2082 3075 ες),
2096 3053 2114 3071 1.
2129 3046 2188 3081 siab-

78 3080 192 3108 ΒνῙΜ,
211 3075 284 3105 duis,
302 3074 376 3107 duit,
391 3074 487 3105 duint3
522 3081 568 3110 pro
581 3076 655 3105 Dem,
675 3074 732 3108 des,
751 3074 808 3107 det,
833 3075 891 3102 dent
905 3086 913 3101 :
947 3078 1048 3111 antique
1060 3085 1076 3102 a
1097 3085 1129 3110 80
1145 3076 1202 3102 aud.
1216 3079 1263 3102 vti.
1334 3076 1408 3111 Virg.
1422 3077 1485 3103 Aen.
1500 3085 1519 3108 1,
1535 3085 1579 3108 392
1603 3076 1644 3104 Ni
1662 3076 1757 3104 frustra
1777 3077 1918 3111 augurium
1937 3079 1999 3104 vani
2019 3078 2131 3106 docuere
2145 3089 2188 3115 pa-

44 3108 175 3137 Plhuto'et
192 3110 325 3137 Terentio
343 3109 444 3137 dictum
462 3110 506 3136 est.
543 3110 577 3136 At
595 3109 645 3136 tibi
667 3110 714 3136 Dii
732 3110 841 3145 dignum
861 3110 937 3137 factis
960 3112 1076 3138 exitium
1145 3118 1241 3138 rentes.
1312 3111 1444 3144 Qiine‘fil.
1459 3120 1485 3145 9,
1501 3120 1509 3137 1
1531 3112 1650 3138 Doccndi
1663 3112 1770 3138 interim
1784 3121 1891 3147 quoque
1903 3112 2003 3139 iudices
2015 3115 2078 3148 quid
2095 3124 2188 3150 rogan·

46 3143 121 3171 duint
136 3145 203 3172 Ter.
218 3145 298 3172 Andr.
312 3155 340 3179 4,
355 3155 374 3178 1,
387 3155 428 3180 43.
478 3145 559 3171 Plaut.
573 3145 705 3180 Amphitr.
719 3147 788 3172 l'rol.
800 3154 831 3180 72
852 3147 912 3173 Siue
924 3146 991 3173 adeo
1004 3146 1076 3174 aedi·
1145 3147 1215 3174 tibus
1229 3146 1387 3181 respondere
1402 3147 1522 3174 debeant.
1594 3149 1697 3174 Docere
1710 3148 1825 3182 aliquem
1841 3148 1934 3174 Latine
1959 3149 2024 3176 Plin.
2039 3151 2116 3184 Epist.
2131 3160 2187 3185 124.

48 3178 84 3205 les
95 3180 230 3214 perfidiose
242 3182 307 3216 quoi
319 3181 402 3208 duint.
458 3182 490 3208 Et
503 3181 572 3207 Afln.
587 3190 612 3213 2,
627 3190 655 3214 4,
668 3189 701 3216 54
722 3182 787 3208 Non
800 3183 888 3216 magni
900 3182 994 3216 pendo.
1031 3183 1075 3210 Ne
1146 3183 1201 3209 Cic.
1215 3183 1246 3208 de
1261 3182 1319 3209 Fin.
1334 3191 1360 3215 2,
1399 3203 1404 3209 .
1442 3203 1448 3209 .
1486 3184 1526 3209 An
1542 3183 1597 3209 sum
1611 3184 1691 3210 etiam
1706 3192 1775 3209 nunc
1789 3183 1831 3209 vel
1846 3184 1945 3210 Graece
1963 3184 2054 3219 loqui,
2074 3186 2117 3212 vel
2138 3187 2188 3213 La-

48 3213 118 3246 duit,
135 3215 152 3241 ss
162 3225 215 3243 non
226 3217 290 3244 volt.
361 3219 392 3244 Et
404 3217 465 3244 Aul.
480 3226 509 3251 4,
523 3219 549 3249 6,
561 3219 578 3242 6
597 3217 667 3244 Nam
680 3217 753 3252 quod
766 3217 821 3244 edit
833 3218 974 3244 tam'duim
995 3227 1074 3252 quam
1146 3218 1201 3245 tine
1216 3217 1347 3244 docendus
1361 3219 1370 3244 3
1441 3218 1497 3245 Cic.
1513 3220 1565 3245 Att.
1582 3221 1619 3252 16,
1631 3224 1644 3249 8
1663 3219 1749 3245 Docui
1763 3218 1862 3250 literis,
1884 3219 1911 3245 id
1924 3228 1971 3246 nec
1984 3229 2049 3254 opus
2062 3221 2125 3253 csse,
2138 3231 2188 3248 nec

47 3248 173 3283 perduim.
240 3253 299 3279 Liu.
312 3261 350 3286 ιο,
365 3261 393 3285 19
411 3252 535 3285 Bellona,
554 3252 572 3279 fi
591 3252 672 3279 hodie
685 3252 764 3279 nobis
783 3253 926 3280 vietoriarn
944 3253 1019 3285 duis,
1038 3253 1075 3280 ast
1091 3264 1121 3293 85
1144 3254 1203 3280 fieri
1218 3254 1293 3288 poffe.
1366 3254 1431 3280 Non
1444 3254 1561 3280 alienum
1574 3253 1681 3281 videtur
1692 3254 1770 3288 quale
1782 3254 1930 3289 praemium
1949 3255 2066 3281 Miltiadi
2090 3256 2121 3283 fit
2140 3258 2188 3284 tri-

48 3292 98 3318 ego
110 3289 159 3310 tem
177 3286 230 3313 lum
243 3287 294 3321 tibi
308 3297 404 3315 voueo.
475 3287 516 3315 Id.
530 3297 571 3319 22,
585 3296 614 3314 10
633 3291 660 3314 in
666 3288 782 3324 formula
800 3292 956 3326 rogationis,
978 3290 1076 3315 Datum
1144 3289 1254 3321 butum,
1272 3288 1367 3316 docere
1385 3290 1454 3324 Nep.
1480 3298 1501 3322 1,
1530 3292 1556 3321 6,
1581 3297 1600 3316 1.
1671 3289 1795 3316 Lectores
1821 3290 1945 3324 exemplis
1969 3291 2036 3324 Nep.
2057 3299 2097 3324 ις,
2114 3301 2151 3325 19,
2165 3302 2186 3320 ι,

47 3319 148 3360 donum
176 3321 215 3348 uit
224 3323 334 3357 Populus
348 3324 426 3351 Rom.
443 3323 603 3358 Qiiritium.
674 3324 730 3351 Cic.
745 3325 802 3351 Cat.
818 3333 837 3357 1,
851 3333 882 3351 22
897 3334 919 3351 c.
932 3333 948 3356 9
968 3325 1076 3351 Vtinam
1144 3326 1272 3360 Exemplo
1284 3325 1367 3352 multa
1380 3325 1475 3352 docere
1495 3324 1576 3352 Ouid.
1588 3324 1620 3351 de
1637 3325 1712 3351 Rem.
1727 3326 1818 3352 Amor.
1832 3333 1871 3358 52.
1941 3325 2009 3351 Ter.
2022 3327 2118 3354 Heaut.
2126 3338 2154 3362 4,
2165 3337 2188 3360 1,

47 3354 102 3381 tibi
114 3354 188 3380 istam
198 3364 306 3385 mentem
319 3359 356 3386 DI
369 3359 532 3386 immortales
553 3359 638 3385 duint.
708 3361 744 3386 Ex
758 3362 817 3386 XII
829 3361 902 3387 MSS.
916 3360 1020 3386 Cuiacii.
1146 3369 1174 3394 35
1194 3360 1265 3388 Male
1290 3360 1366 3387 docet
1386 3366 1411 3387 te
1430 3369 1488 3387 mea
1508 3360 1620 3387 facilitas
1634 3360 1762 3392 multa„i.
1783 3362 1920 3387 Multorum
1933 3362 2051 3391 malorum
2066 3363 2138 3399 causti
2152 3362 2188 3397 <sl

85 3396 193 3416 DATV
203 3396 232 3422 S,
247 3400 276 3424 a,
294 3403 346 3420 um.
381 3395 474 3422 Partic.
516 3396 566 3427 Vt,
586 3396 652 3421 Data
664 3395 759 3422 Pocula
778 3395 859 3422 Ouid.
874 3396 938 3422 Met.
955 3404 1000 3430 14,
1019 3401 1077 3430 287.
1145 3396 1201 3423 tibi.
1243 3396 1301 3423 Vid.
1322 3403 1443 3423 MALVS.
1514 3395 1642 3422 Fabulam
1662 3396 1718 3422 Cic.
1731 3396 1814 3422 Tusc.
1822 3406 1850 3429 4,
1860 3399 1887 3426 63
1897 3404 1918 3421 c.
1933 3404 1963 3428 29
1983 3396 2051 3423 Cum
2065 3398 2187 3427 Orestem

46 3425 167 3452 Reddere
180 3423 239 3451 data
254 3427 331 3456 Ouid.
343 3429 375 3456 dc
387 3431 450 3457 Arte
463 3431 521 3457 Am.
536 3439 558 3462 1,
572 3439 629 3463 433.
699 3431 842 3465 Corripere
860 3431 918 3457 data
931 3431 1078 3458 fraudando
1094 3447 1129 3471 90
1145 3432 1262 3459 fabulam
1279 3431 1384 3459 doceret
1397 3431 1547 3466 Euripides,
1566 3431 1666 3466 primos
1679 3438 1730 3458 tres
1743 3432 1831 3457 versus
1843 3432 1971 3456 reuocaffe
1984 3431 2083 3460 dicitur
2096 3435 2187 3462 Socra-

47 3461 133 3488 Catul.
148 3468 204 3500 {073
218 3462 242 3486 6-
307 3465 343 3490 De
355 3467 418 3492 aleae
429 3467 489 3502 lusu.
524 3467 616 3501 Itaque
631 3465 683 3492 tibi
700 3466 833 3499 concedo,
853 3465 925 3501 quod
939 3467 968 3492 in
981 3466 1078 3493 duode-
1146 3475 1192 3494 tes.
1230 3469 1314 3494 Docet
1332 3474 1414 3502 nempe
1436 3469 1513 3494 Poeta
1530 3467 1646 3494 fabulam
1665 3466 1777 3498 aHvres,
1796 3473 1825 3492 vt
1843 3475 1892 3491 eam
1903 3475 1918 3491 a
1937 3475 1975 3493 ere
1987 3468 2054 3503 apud
2067 3470 2186 3504 Populum

49 3497 100 3523 tim
114 3497 216 3536 sctlptls
230 3495 351 3530 solemus,
367 3506 397 3527 vt
413 3502 539 3528 calculum
559 3501 682 3534 reducas,
702 3501 721 3528 fi
740 3508 766 3529 te
784 3502 895 3529 alicuius
912 3501 966 3528 dati
986 3503 1078 3537 poeni·
1138 3503 1242 3540 poffint.
1313 3503 1415 3530 Primus
1436 3503 1560 3529 omnium
1581 3503 1611 3529 L.
1633 3502 1727 3528 Liuius
1749 3503 1827 3527 Poeta
1848 3500 1911 3527 fabu
1924 3511 1950 3527 as
1974 3501 2069 3530 docere
2083 3505 2186 3534 Romae

47 3532 230 3571 teat-C1c3ap.
246 3531 317 3558 Non.
335 3541 357 3565 2,
369 3541 422 3569 781.
489 3538 554 3564 Data
574 3546 671 3571 opera,
684 3543 734 3572 pro
754 3539 792 3564 De
811 3536 951 3571 industria,
971 3539 1077 3574 consulte
1145 3539 1233 3573 coepit
1254 3538 1412 3573 Gell.17,21.
1437 3537 1805 3574 Vid.Casaub.adAthen.6,8.
1825 3542 1848 3561 et
1860 3538 2185 3574 Wower.dePolym.c.12.

3 3587 5 3591 Α
47 3567 154 3602 lelan.
169 3574 197 3593 m
210 3567 228 3592 l.
241 3567 282 3592 scd
295 3572 321 3592 et
333 3569 378 3601 qui
387 3570 444 3598 data
457 3572 490 3598 D.
503 3581 534 3598 ex
550 3572 625 3607 quib.
641 3572 720 3600 cautis
734 3574 830 3601 maior.
899 3574 966 3600 Plin.
984 3575 1031 3608 Ep.
1051 3581 1079 3607 7,
1145 3575 1434 3609 Comoediamquoque
1442 3575 1567 3601 Graecam
1574 3573 1752 3608 Neapolitano
1760 3572 1999 3599 certaminedocuit
2012 3575 2080 3601 Suet.
2090 3576 2185 3604 Claud.

4 3605 5 3636 ἓ
47 3610 85 3633 12,
97 3605 122 3628 6·
192 3602 342 3628 Commutari
354 3603 433 3638 fidene
454 3616 469 3633 a
485 3608 599 3635 librariis
621 3607 680 3636 data
694 3615 718 3635 et
731 3614 786 3636 rata
801 3620 807 3635 :
841 3609 894 3635 uid.
908 3609 1034 3636 Drakenb.
1048 3608 1082 3636 ad
1093 3617 1125 3643 95
1145 3612 1200 3636 c.6.
1221 3610 1294 3645 Conf-
1302 3610 1351 3636 h.1.
1364 3611 1481 3636 Torrent.
1516 3609 1635 3640 Docebo,
1643 3608 1705 3634 haec
1713 3607 1925 3634 omniacffevera
1946 3609 2001 3635 Cic.
2010 3611 2086 3637 Verr.
2094 3620 2118 3644 3,
2143 3632 2150 3639 .

3 3650 5 3654 ⁴
46 3637 92 3664 Sil·
106 3645 128 3671 32
140 3646 199 3670 304·
263 3672 269 3677 ,
1148 3647 1239 3678 qum
1251 3645 1379 3680 quaedam
1392 3646 1417 3672 se
1432 3644 1464 3671 de
1471 3645 1654 3672 coniuratione
1662 3641 1837 3669 vltroadeum
1845 3641 1963 3670 detulisse
1970 3645 2094 3673 docuiffet
2112 3648 2182 3674 Suet.

4 3676 6 3712 ᾖ
68 3709 74 3713 Ι
84 3680 161 3714 ΒᾼΤ
170 3680 190 3713 Y
200 3680 241 3705 M,
261 3680 280 3698 ¹-
299 3681 324 3712 ¹¹3
340 3707 346 3712 ,
358 3669 461 3709 [δοθέν]
494 3678 550 3705 Cic.
566 3678 597 3705 de
610 3679 716 3706 Amicit.
729 3685 758 3713 58
770 3689 792 3706 c.
806 3682 835 3707 16
849 3681 909 3707 Hoc
922 3679 1030 3715 quidem
1043 3679 1081 3706 est
1147 3681 1220 3707 Caes.
1238 3690 1259 3706 c.
1275 3688 1313 3714 17.
1398 3682 1473 3715 Virg.
1489 3681 1552 3706 Aen.
1564 3688 1593 3712 4,
1606 3681 1647 3704 116
1682 3691 1726 3697 —-
1763 3678 1841 3704 Nunc
1855 3687 1907 3713 qua
1919 3681 2023 3707 ratione
2056 3682 2129 3716 quod
2144 3684 2185 3709 in-

3 3715 6 3729 1
46 3717 128 3735 mrms
140 3717 233 3743 exxgue
245 3714 271 3734 et
283 3707 389 3734 exiliter
400 3707 432 3735 ad
444 3711 553 3739 calculos
564 3723 660 3742 vocare
674 3715 832 3747 amicitiam,
849 3721 879 3742 vt
896 3725 943 3750 par
961 3715 992 3741 fit
1010 3715 1081 3741 ratio
1149 3715 1212 3748 stat,
1247 3715 1367 3742 Confieri
1380 3716 1467 3751 potiit,
1484 3715 1571 3749 paucis
1586 3713 1726 3745 (aduerte)
1744 3713 1854 3740 docebo.
1944 3716 1966 3741 A
1987 3726 2033 3751 per
2058 3718 2079 3743 is
2093 3717 2185 3746 doceri

4 3765 6 3777 3
46 3749 211 3779 acceptorum
223 3749 249 3770 et
262 3744 393 3784 datorum.
464 3745 528 3773 Data
535 3755 582 3782 pro
594 3751 741 3778 muneribus.
777 3751 843 3778 Non
854 3751 891 3777 est
909 3750 991 3777 iustus
1010 3751 1080 3785 quis·
1148 3752 1203 3778 Cic.
1216 3751 1269 3778 Off.
1282 3760 1305 3784 3,
1320 3758 1353 3784 ις.
1424 3752 1461 3778 Id.
1474 3752 1548 3776 Verr.
1563 3757 1634 3781 5‚159
1654 3748 1796 3775 Producam
1809 3750 1887 3776 etiam
1900 3751 2022 3778 Coffanos
2037 3754 2184 3788 municipes

49 3788 127 3819 quam
138 3785 255 3819 amator,
275 3779 321 3805 mfi
338 3785 471 3819 perpetuet
486 3780 543 3807 data
560 3784 641 3812 Plaut.
654 3786 743 3813 Pseud.
760 3795 780 3819 1,
792 3795 820 3818 3,
834 3794 874 3821 72.
947 3787 1007 3812 Heu
1021 3786 1079 3812 nul.
1091 3792 1137 3809 100
1147 3787 1221 3814 illius
1233 3796 1262 3814 ac
1273 3787 1426 3813 necess‘arios
1436 3807 1443 3818 ‚
1462 3785 1508 3820 qui
1521 3791 1546 3810 te
1558 3793 1626 3810 nunc
1639 3784 1703 3811 Sero
1719 3784 1836 3811 doceant.
1942 3787 2015 3822 Virg.
2029 3789 2091 3814 Aen.
2105 3797 2126 3821 5,
2141 3796 2182 3821 523

48 3813 81 3840 1¹⁵
93 3821 163 3849 ‘apta
175 3815 283 3841 L¹C¹¹¹¹¹³
296 3814 363 3841 dans
382 3816 497 3849 PFOPCU·
510 3824 530 3847 3³
542 3824 575 3849 15,
587 3821 612 3845 6.
656 3823 771 3856 Impetus
783 3822 819 3848 est
831 3822 873 3848 illi
885 3822 1014 3848 comitum
1021 3831 1079 3848 cor·
1148 3823 1246 3850 Docuit
1258 3822 1314 3857 post
1328 3823 1412 3849 exitus
1426 3822 1524 3855 ingens.
1595 3819 1651 3846 Cic.
1666 3820 1737 3847 Fam.
1751 3828 1774 3853 3,
1787 3823 1804 3847 6
1829 3821 1872 3847 Ne
1892 3821 1981 3849 literas
1994 3823 2102 3857 quidem
2116 3824 2183 3850 vlla·

48 3857 168 3888 ΠΙΨΡΕΙῈ
179 3859 268 3890 furam
280 3851 452 3885 Nutricisque
464 3850 552 3890 fidem,
564 3861 610 3879 nec
621 3863 675 3882 non
685 3857 835 3891 ingentibus
844 3858 925 3892 ipsam
932 3857 1079 3884 Sollicitare
1147 3858 1250 3892 accepi,
1270 3866 1337 3892 quae
1350 3866 1392 3883 me
1407 3857 1530 3882 docerent
1543 3855 1607 3890 quid
1621 3864 1725 3890 ageres,
1740 3862 1787 3882 aut
1798 3856 1846 3882 vbi
1857 3864 1883 3883 te
1896 3857 1999 3883 visurus
2011 3859 2095 3884 essem.
2149 3856 2182 3884 Id

50 3883 117 3910 datis
136 3885 214 3924 Ouid.
228 3886 289 3912 Met.
303 3888 329 3918 6,
344 3888 401 3919 461.
438 3887 550 3920 Cic.pro
557 3887 657 3915 Cluent.
669 3900 690 3917 c.
703 3900 738 3925 ²4
756 3893 877 3919 Tantum
889 3893 982 3925 donis,
1002 3893 1078 3925 datis,
1146 3900 1215 3920 certe
1228 3893 1374 3919 calamitate
1387 3891 1460 3918 docti
1474 3891 1603 3918 memoria
1616 3892 1731 3918 retinere
1746 3891 1870 3918 debemus
1886 3893 1941 3918 Cic.
1953 3902 2001 3927 pro
2009 3893 2036 3918 L.
2044 3894 2114 3918 Man.
2123 3902 2144 3918 c.
2154 3899 2182 3926 7.

6 3933 7 3937 =
48 3919 252 3961 muneribusque
271 3922 430 3956 perfecerat,
449 3929 478 3948 vt
496 3920 616 3958 distingui
635 3926 690 3950 vult
701 3928 820 3954 Graeuius
834 3939 842 3953 :
878 3931 921 3963 qui
933 3931 1006 3954 etiam
1019 3929 1078 3955 hinc
1147 3929 1219 3956 Idem
1234 3929 1303 3954 Fam.
1320 3936 1341 3960 ς,
1353 3936 1365 3959 3
1384 3928 1419 3953 Vt
1432 3927 1454 3953 is
1468 3936 1516 3953 vos
1530 3926 1635 3953 doceret
1657 3933 1682 3954 et
1700 3928 1945 3955 commonefaceret.
2015 3928 2087 3954 Caes.
2106 3928 2134 3953 B.
2148 3928 2180 3953 C.

46 3953 163 3992 defendit
175 3955 236 3982 illud
245 3956 351 3993 Vulgati
362 3959 475 3993 Interpr.
489 3957 583 3985 Matth.
595 3965 622 3994 7,
637 3967 660 3986 u
676 3959 704 3988 Si
714 3969 776 3997 ergo
789 3972 836 3991 vos
850 3973 911 3992 cum
930 3963 984 3992 sitis
1002 3964 1077 3998 mali,
1091 3970 1136 4000 105·
1148 3973 1168 3999 1,
1183 3973 1195 3998 3
1215 3964 1273 3997 Qi
1289 3963 1320 3990 de
1332 3962 1374 3990 his
1386 3962 1480 4026 rehu}1
1478 3971 1538 4027 ellim
1557 3962 1674 3991 doceant.
1762 3963 1818 3990 Cic·
1831 3964 1908 3991 Vetr·
1920 3971 1948 3995 42
1961 3969 1998 3994 113
2019 3963 2064 3989 Vti
2073 3962 2109 4002 ,ἃς
2122 3962 2182 4002 ΕῙΗΞ

1553 4006 1570 4026 2
2069 4005 2181 4026 miurus
