2479 4225
248 182 297 223 37
621 161 889 205 DEN
1677 148 1944 189 ΠΕΟ
2308 142 2355 195 83

252 270 292 288 ras
305 260 408 286 densare
433 253 560 288 Qtinc‘til.
576 261 602 286 9.
615 262 636 286 3,
653 261 701 278 101.
771 249 925 276 Orationem
949 244 986 270 Id.
1005 252 1038 274 it,
1051 252 1073 277 3,
1089 245 1143 276 ι64.
1213 240 1267 280 Ha·
1330 240 1455 267 Testibus
1468 239 1620 266 denuntiare
1640 238 1705 264 Plin.
1716 238 1760 271 Ep.
1773 238 1799 267 6.
1811 243 1834 269 ς,
1847 246 1870 263 2.
1890 241 1936 263 int.
1952 236 2122 272 &stimonium
2156 236 2196 264 Sic
2209 235 2287 264 'resti
2300 233 2357 270 lege

251 296 318 322 fluia
331 294 415 320 denset
435 293 508 324 γης·
524 291 586 315 ΑΕΗ·
602 297 635 320 H,
649 289 704 314 ὄζω,
768 287 838 318 Opus
856 289 942 308 sarum
961 279 1048 306 denset
1067 278 1168 314 pefflne
1185 275 1267 301 Ouid.
1329 276 1481 302 denuntiare
1500 274 1630 308 Quinetil.
1644 283 1666 306 ς,
1679 281 1705 307 7,
1721 282 1736 302 ι’)
1749 279 1771 297 et
1785 279 1818 303 ις.
1853 273 1914 299 Fab.
1929 274 1975 300 lib.
1985 283 2007 306 5,
2022 282 2038 308 7
2066 273 2126 299 Duo
2141 273 2198 299 sunt
2211 282 2305 307 genera
2318 278 2358 298 te-

254 330 316 357 Fast.
330 337 350 360 3,
362 332 418 357 820·
448 326 476 351 de
487 331 589 351 texente.
658 321 781 348 Densatus
795 326 872 352 agger
899 315 958 354 Liu3
976 323 1013 346 to,
1051 334 1057 340 .
1095 333 1102 340 .
1157 312 1268 345 Agmina
1330 310 1424 350 stium?
1442 316 1486 336 aut
1497 310 1727 340 voluntariorum,
1747 315 1789 333 aut
1803 314 1905 340 eorum,
1917 309 2014 343 quibus
2027 308 2106 336 iudex
2121 308 2148 334 in
2162 309 2273 342 publicis
2288 308 2356 334 iudi.

252 365 324 390 Curi.
337 371 358 394 5,
371 370 394 393 3,
409 369 445 392 23.
515 359 596 385 Totis
609 357 717 390 Agmina
731 355 867 380 densentur
876 358 972 389 campis
999 350 1074 383 Virg.
1088 350 1151 374 Aen.
1166 354 1192 380 7,
1206 353 1268 379 794.
1330 353 1378 370 ciis
1393 346 1448 379 iege
1461 345 1614 371 denuntiare
1627 345 1699 371 solet.
1713 351 1825 378 quorum
1837 341 1920 371 altero
1934 351 2043 379 vti-aque
2057 353 2115 378 pars
2127 345 2224 371 vtitur:
2244 344 2357 371 alterum

253 399 375 425 Cateruas
387 395 488 421 densate
507 395 578 420 Idem
588 394 650 418 Aen.
666 399 702 422 12,
716 394 776 421 264.
844 386 985 412 Priscianus
998 392 1021 411 et
1035 386 1082 410 alii
1096 385 1142 418 leg.
1156 381 1269 407 densete.
1291 389 1304 414 5
1329 381 1519 406 accusatoribus
1538 386 1639 406 tantum
1652 380 1795 405 concessum
1809 376 1852 403 est.
2062 377 2082 416 q
2108 387 2125 406 2
2166 379 2295 414 Absolute,
2310 372 2360 414 Pro*

252 433 389 459 Densatum
397 430 480 456 lutum
494 431 559 456 Cato
571 437 592 453 c.
599 435 644 458 40,
652 435 677 458 4.
712 427 812 451 Sicani?
826 419 975 456 Viciansea'
987 420 1017 446 ab
1031 429 1055 446 eo
1069 417 1100 451 est
1108 416 1195 451 depsto
1204 416 1269 442 luto.
1331 416 1431 442 Minarc·
1440 414 1542 449 posuiffi’
1555 415 1654 441 videtur
1682 415 1738 441 Cic.
1753 415 1806 440 Art.
1820 422 1842 445 ε,
1855 420 1882 438 21
1915 412 1943 438 de
1954 413 2036 440 Clodio
2049 415 2147 450 loquens
2156 434 2165 447 ,
2184 415 2284 441 Volitat
2317 415 2358 441 fn.

251 467 393 498 Piin.25,n
414 465 627 497 Fruticequoque
634 459 719 486 maior
731 457 778 483 cst:
797 456 954 482 defluentem
967 451 1232 489 capillumconfimiat
1245 457 1270 476 et
1331 452 1382 483 rit,
1403 450 1471 488 nihil
1485 450 1561 476 habet
1576 450 1658 482 certi,
1676 450 1767 476 multis
1787 447 1930 475 denuntiat.
1982 450 2141 476 Demmtjare
2154 451 2274 486 aeguum-
2287 438 2361 476 citiam

251 502 345 528 densat,
406 500 482 527 Prud,
497 497 570 524 Cath.
585 504 608 528 5,
620 504 646 528 53
668 494 793 521 Densetur
806 492 895 518 cuneis
909 497 993 517 turma
1006 488 1174 524 pedestribus.
1230 485 1268 512 ld.
1330 485 1363 519 ⁶⁹st
1377 484 1516 518 Arczflcre‚
1534 485 1628 517 iubere,
1647 495 1735 521 rogare
1742 482 1840 520 praesto
1855 481 1910 516 effe,
1928 485 1968 508 vti
1985 485 2084 511 Graec&
2102 487 2294 518 παραγγέλλω,
2313 496 2361 512 mo,

250 538 278 563 in
291 537 384 568 Symm.
399 542 460 570 tpr.
472 541 499 560 21
529 532 639 558 Denscre
650 530 703 556 foci
721 527 880 560 congeriem.
949 527 1053 552 Cuneos
1065 523 1167 549 denseri
1179 521 1206 547 de
1219 524 1270 547 acie
1330 528 1401 547 neme
1419 520 1541 556 Gifanio‚
1560 523 1692 555 accipitur.
1745 521 1785 546 Sic
1803 520 1857 546 Cic.
1872 519 1943 545 Fam.
1958 526 2015 548 u,·2
2044 511 2204 547 Denun'tiase
2221 521 2362 554 veteranis,

250 571 341 598 Claud.
352 572 399 597 IV.
413 569 488 596 Cons.
498 568 569 593 Hon.
581 573 634 598 325.
686 563 743 589 Liu.
757 570 797 594 3ο,
833 582 840 588 .
877 581 882 588 .
917 560 982 588 Non
993 567 1080 586 tamen
1092 560 1127 585 ita
1142 557 1272 592 perculsos
1286 563 1315 581 10
1331 555 1364 590 ⁶st
1378 558 1422 582 Eos
1435 558 1514 582 accire
1526 557 1554 580 in
1567 556 1659 582 vrbem.
1699 555 1771 582 Adde
1789 563 1810 588 ς,
1827 564 1855 581 ιι.
1878 563 1912 586 13,
1920 561 1963 588 77.
1980 559 2004 579 ct
2017 554 2068 582 Att.
2079 565 2140 587 2‚22
2156 560 2219 588 (23).
2240 557 2361 584 Brona-kh.

249 607 382 640 iratosque
395 606 421 631 in
433 605 514 630 aciem
527 601 659 635 accipere,
680 597 722 623 sed
742 597 853 624 densatis
877 596 1030 626 ordinibus,
1049 595 1077 620 in
1096 601 1208 625 cornua,
1228 600 1271 618 va·
1331 591 1365 618 ad
1376 591 1482 618 Tibull.
1497 598 1519 622 3,
1532 599 1553 622 5,
1567 598 1588 622 5.

250 650 378 676 citumque
395 640 461 665 circa
468 646 593 671 campum
614 641 683 661 extra
697 632 827 666 praelium
847 632 951 658 eiicere.
1005 629 1071 657 Add.
1085 630 1159 656 Curt.
1172 631 1197 659 6,
1212 636 1231 660 1,
1246 628 1271 653 6.
1370 633 1412 653 DE
1422 634 1441 653 N
1452 633 1472 653 V
1483 632 1504 652 N
1516 633 1537 652 T
1547 632 1615 651 IAN
1625 632 1655 657 S,
1673 625 1747 652 antis.
1783 625 1875 651 Partic.
1909 624 2120 658 [παραγγέλλων]
2155 626 2209 653 Cic,
2224 627 2293 653 Fam,
2307 637 2334 660 4,
2351 636 2362 657 ς

250 678 376 707 Liu.28‚2
395 672 529 700 Subsidunt
537 670 643 705 Hispani
657 667 777 694 aduersus
790 667 933 694 emisi'atela
941 665 973 693 ab
987 665 1074 692 hoste:
1088 664 1149 690 inde
1157 664 1188 690 ad
1197 663 1273 690 emit·
1333 661 1428 696 Neque
1448 661 1475 688 id
1494 661 1578 687 solum
1598 669 1656 686 mea
1668 661 1774 695 sponte,
1793 660 1836 686 sed
1854 660 1940 686 multo
1957 657 2037 686 etiam
2053 662 2134 693 inagis
2147 670 2270 689 monente
2285 668 2309 688 et
2323 662 2365 689 de.

250 712 325 738 tenda
342 709 386 744 ipsi
404 709 575 742 consurgunt,
592 712 656 739 quae
670 712 751 737 quum
763 703 877 730 conferti
885 718 898 735 ,›
908 708 936 728 vt
958 701 1056 733 solent,
1076 700 1187 726 densatis
1201 707 1273 725 exce·
1333 698 1471 724 nuntiante
1484 702 1519 722 te.

249 748 338 781 piss'ent
357 745 448 775 scutis,
468 749 524 769 tutu
539 750 580 776 pes
595 747 653 765 cum
669 738 733 773 pede
746 738 870 769 collatus,
890 742 916 764 et
935 736 1029 771 gladiis
1048 736 1105 770 geri
1123 744 1164 761 res
1180 739 1272 768 coepta
1292 739 1317 767 15
1370 738 1472 759 DENV
1486 739 1554 758 NTI
1565 738 1586 758 A
1597 736 1619 756 Τ
1630 736 1690 761 Vs,
1714 739 1745 761 a,
1765 739 1819 756 um.
1854 731 1946 756 Partic.
1983 732 2212 766 [παρηγγελμένος]
2248 733 2364 759 Cic.Ost.

248 782 290 809 est.
342 780 393 805 Aut
406 787 482 813 eques
494 783 538 803 aut
550 774 625 801 niuei
636 773 693 801 loca
705 774 844 800 densauere
857 772 960 800 tribuni
988 772 1113 806 Calpurn.
1127 771 1179 797 Ecl.
1193 778 1219 805 7,
1234 777 1272 802 ²9-
1336 776 1356 801 ι,
1369 771 1401 800 36
1413 778 1434 794 c.
1450 776 1471 794 ιι
1492 767 1607 793 Nullum
1620 765 1720 791 bellum
1737 767 1784 792 esse
1798 765 1904 798 iustum,
1917 765 1965 791 nisi
1979 765 2049 799 quod
2064 765 2242 793 denuntiatum
2254 775 2313 794 ante
2328 768 2359 794 sit

247 815 331 851 Heins.
343 816 413 840 malit
427 813 507 839 Densa
521 810 644 837 habuere.
688 809 735 836 Sed
744 809 783 835 illc
795 811 871 834 nimis
882 807 955 841 odiffi·
969 807 1070 834 videtur
1078 809 1186 841 primam
1201 807 1273 832 huius
1336 809 1361 830 et
1373 803 1513 830 indietum.
1581 801 1640 828 Post
1652 800 1834 827 denuntiatum
1848 801 1991 827 terminum
2016 800 2106 827 Sidon.
2119 801 2165 835 Ep.
2179 809 2205 834 9,
2221 810 2239 828 1.
2292 787 2367 839 Confi

245 851 314 877 verbi
336 851 533 884 coniugationem.
624 845 768 873 Tenebrae
787 844 925 870 densantur
952 842 1030 869 noete
1048 841 1165 868 obdu&a
1198 840 1273 874 Virg.
1336 839 1457 866 Tertull.
1475 838 1506 864 de
1520 838 1591 871 Bapt.
1606 846 1627 862 c.
1643 838 1680 865 16.

246 887 340 918 Georg.
362 889 378 913 1,
402 888 457 915 248.
484 884 517 908 al.
534 881 681 908 densentur.
763 880 844 915 Comp.
864 878 983 905 Macrob.
996 878 1097 904 Saturn.
1118 884 1146 911 7,
1167 885 1194 902 η
1228 876 1274 902 Fa·
1372 878 1678 903 υΕΝνΝΤιΑΤιΟ,
1697 871 1765 896 onis.
1785 870 1804 896 f.
1839 871 2033 905 [παραγγελία]
2068 869 2219 898 PraediHio.
2239 873 2368 905 Qinffil,

244 921 334 947 ciliora
347 918 416 944 enim
431 917 463 944 ad
476 917 623 944 coeundum
640 916 779 948 videntur,
801 924 868 950 quae
888 913 1062 947 laeuigatiora
1076 912 1275 945 densatioraque
1284 918 1321 937 20
1337 919 1364 943 4,
1378 918 1402 942 5,
1415 918 1429 942 5
1446 909 1473 936 Si
1486 917 1515 936 re
1529 917 1584 934 non
1597 912 1656 934 ante
1670 905 1800 941 proposita
1813 906 1947 938 securum,
1966 915 1994 932 ac
2007 906 2078 932 nulla
2091 906 2292 934 denuntiatione
2304 909 2332 935 in
2344 911 2370 936 se

243 957 307 981 stunt.
343 953 390 980 Sed
410 953 485 979 Gron.
500 952 634 979 Densiora.
706 951 772 978 Plin.
792 959 835 982 20,
855 959 885 983 14
912 949 968 983 Ipsa
982 949 1113 980 acescere,
1133 948 1176 974 au't
1190 947 1274 979 coire,
1336 946 1491 972 conuersum
1516 943 1663 978 (iudicem)
1689 942 1795 968 intrarit
1811 942 1907 967 oratio.
1976 942 2030 967 Cic.
2049 942 2081 968 de
2097 943 2188 968 Diuin.
2208 951 2234 974 2,
2254 951 2286 976 54
2304 953 2326 970 c.
2339 953 2370 977 23

243 988 404 1023 Denserique
417 988 455 1015 lac
469 997 523 1014 non
537 988 644 1022 patitur.
679 988 717 1014 De
730 993 810 1012 menta
823 987 939 1022 loquitur.
1336 982 1413 1014 Qae
1425 980 1461 1007 est
1473 980 1544 1006 enim
1559 978 1605 1004 ista
1620 987 1634 1004 a
1647 977 1699 1003 diis
1715 976 1833 1012 profe&a
1845 975 2012 1010 significatio,
2032 984 2057 1003 et
2071 977 2142 1012 quasi
2155 978 2321 1006 denuntiatio
2333 988 2373 1006 ca-

277 1031 295 1050 D
304 1032 320 1051 Ε
329 1031 350 1050 Ν
360 1031 372 1050 s
381 1031 402 1050 A
412 1030 434 1050 Τ
444 1030 453 1050 1
464 1029 500 1057 o,
525 1024 592 1050 onis.
623 1023 643 1049 f.
680 1021 827 1056 [πύκνωσις]
878 1021 945 1047 Plin.
957 1028 993 1052 31,
1006 1027 1023 1053 7
1051 1018 1138 1045 Prima
1149 1016 1276 1048 densatio,
1337 1017 1502 1042 lamitatum3
1552 1015 1647 1041 Minae.
1676 1013 1729 1039 Cic.
1745 1014 1798 1038 Att.
1811 1021 1839 1044 4,
1861 1031 1867 1037 .
1889 1031 1895 1038 .
1915 1011 2149 1039 Denuntiationem
2164 1014 2236 1039 illam
2250 1015 2373 1042 Memmii

241 1060 373 1092 Babylone
387 1060 416 1085 in
429 1059 550 1086 bitumen
564 1057 695 1093 liquidum
710 1058 822 1092 cogitur.
1337 1052 1414 1078 valde
1427 1050 1532 1079 Caesari
1547 1049 1692 1083 displicere.
1734 1049 1793 1074 Liu.
1809 1052 1847 1079 38,
1863 1056 1894 1079 ¹4
1925 1047 1981 1072 Hac
1994 1047 2193 1076 denuntiatione
2206 1050 2374 1082 conterritus,

277 1102 295 1122 D
306 1102 322 1122 F.
331 1102 351 1121 N
360 1102 372 1122 S
381 1102 402 1121 A
411 1101 431 1120 Τ
441 1101 460 1121 0
470 1102 488 1121 R
497 1115 505 1128 ,
525 1095 588 1121 oris.
609 1103 644 1119 m.
680 1093 745 1129 apud
756 1092 875 1119 Statium.
911 1108 918 1118 ι
954 1111 960 1117 .
1287 1094 1320 1121 25
1337 1094 1385 1114 etc.
1455 1087 1520 1113 Plin.
1535 1085 1613 1120 Epist.
1629 1086 1655 1116 6,
1669 1089 1693 1116 8,
1705 1092 1721 1116 9
1746 1084 1914 1117 Quamquam
1925 1082 1989 1116 quid
2002 1082 2246 1110 denuntiationibus
2261 1091 2286 1112 et
2299 1085 2371 1120 quasi

244 1144 247 1146 ⁴
277 1137 295 1157 D
305 1138 321 1157 E
330 1137 351 1156 N
360 1137 373 1157 s
383 1137 403 1156 A
413 1136 428 1156 Β
438 1137 446 1155 1
457 1138 472 1156 L
482 1137 491 1156 1
501 1137 513 1156 S
522 1150 530 1163 ,
549 1137 572 1156 e.
609 1129 669 1155 Adi.
704 1126 971 1164 Denfhns,stringens.
1008 1125 1080 1152 Cael.
1093 1123 1183 1151 Aurel.
1198 1123 1274 1149 Acut.
1337 1122 1418 1150 minis
1432 1123 1499 1156 ago?
1553 1122 1697 1147 Armorum
1706 1118 1916 1145 'denuntiatione
1935 1123 2033 1144 terrere
2057 1119 2116 1145 Liu.
2129 1127 2172 1153 45,
2185 1128 2206 1152 3.
2253 1121 2322 1147 Belli·
2333 1121 2376 1147 de-

241 1174 267 1198 2,
282 1171 306 1198 8,
319 1168 350 1198 36
366 1164 530 1193 Abfinthium
544 1164 683 1191 densabile.
704 1171 727 1190 et
741 1174 761 1196 3,
770 1172 792 1196 3,
802 1172 831 1189 22
851 1161 998 1197 Vaporatio
1011 1160 1161 1187 densabilis.
1198 1157 1275 1192 Apul.
1338 1158 1472 1185 nuntiatio
1485 1157 1540 1183 Cic.
1555 1155 1668 1189 Philipp.
1685 1156 1711 1186 6,
1725 1163 1744 1187 4
1759 1163 1780 1179 c.
1793 1162 1818 1179 2.
1873 1152 1947 1179 Idem
1960 1162 2009 1187 pro
2023 1154 2106 1180 Flacc.
2119 1162 2149 1187 14
2176 1154 2303 1183 Adiunxit
2317 1157 2376 1190 ille,

242 1201 273 1228 de
285 1200 367 1228 Herb.
388 1221 394 1227 .
415 1221 421 1227 .
441 1221 447 1227 .
467 1200 557 1228 Herba
570 1200 676 1226 virtutis
691 1199 840 1226 densabilis.
1338 1200 1368 1220 vt
1382 1202 1443 1226 eos,
1455 1193 1501 1227 qui
1522 1192 1604 1218 domo
1619 1191 1692 1217 exire
1710 1188 1850 1220 nolebant,
1871 1188 2017 1215 testimonii
2036 1189 2235 1216 denuntiatione
2252 1196 2377 1219 terreret:

277 1242 454 1264 DENSA'ri
464 1243 484 1261 V
495 1242 553 1268 VS,
569 1244 597 1266 a,
618 1244 671 1261 um.
708 1235 783 1262 Idem.
820 1232 880 1260 Adi.
917 1231 987 1258 Cael.
1009 1231 1098 1258 Aurel.
1112 1230 1186 1256 Acut.
1206 1237 1231 1260 2,
1245 1234 1276 1262 37
1339 1230 1387 1264 qui
1412 1229 1487 1255 domi
1506 1227 1571 1254 stare
1591 1235 1645 1252 non
1664 1231 1798 1260 poterant,
1815 1224 1889 1258 largo
1904 1230 1929 1250 et
1947 1223 2051 1250 liberali
2070 1225 2169 1251 viatico
2187 1234 2376 1255 commoneret.

241 1272 396 1299 Densatiuae
413 1272 519 1298 virtutis
539 1272 595 1297 csse.
1290 1273 1323 1298 30
1340 1264 1447 1299 Quietis
1462 1262 1628 1290 denuntiatio
1641 1261 1712 1287 Vell.
1727 1269 1749 1292 2,
1762 1268 1806 1294 70.
1827 1262 1845 1286 i.
1864 1259 2023 1295 insomnium,
2036 1269 2082 1296 quo
2101 1270 2232 1287 monemur,

277 1315 296 1336 D
305 1315 321 1334 Ε
330 1314 352 1334 Ν
361 1315 373 1333 s
382 1314 398 1334 Ε
407 1313 419 1332 s
428 1314 444 1334 c
453 1313 483 1338 ο,
498 1310 551 1334 ere.
581 1306 707 1332 Vicinum
721 1303 807 1331 doluit
819 1301 935 1331 tenebris
943 1302 1093 1330 densescere
1107 1300 1187 1327 solem
1195 1297 1277 1326 Paull.
1360 1314 1366 1315 ν
1377 1307 1395 1326 D
1405 1307 1421 1326 E
1429 1307 1451 1326 N
1461 1306 1482 1325 v
1491 1305 1513 1324 N
1522 1305 1543 1324 T
1553 1306 1563 1324 1
1573 1298 1595 1324 Ᾰ
1604 1304 1625 1324 Τ
1634 1298 1648 1323 1'
1657 1303 1678 1323 v
1688 1303 1708 1322 v
1718 1303 1730 1322 s
1740 1315 1748 1327 ‚
1768 1304 1783 1321 a
1791 1315 1800 1327 ‚
1820 1303 1873 1321 um.
1910 1295 1970 1321 Adi.
2007 1296 2078 1322 Cael.
2098 1296 2187 1323 Aurei.
2207 1296 2293 1323 Tard.
2312 1306 2339 1330 2,
2358 1305 2380 1332 4

239 1343 370 1370 Petrocor.
385 1343 417 1369 de
428 1342 491 1368 Vita
503 1341 613 1369 Martini
626 1344 652 1374 6,
666 1349 722 1373 234.
1342 1334 1536 1363 Denuntiatiuo
1549 1339 1633 1359 motu.

275 1384 294 1404 D
303 1385 319 1404 E
330 1385 351 1404 N
360 1386 374 1405 s
385 1377 394 1404 i
405 1383 426 1404 'r
437 1385 458 1404 A
467 1382 496 1410 s,
527 1377 584 1404 atis.
612 1377 631 1403 f.
668 1375 825 1409 [πυκνότης]
862 1374 927 1401 Plin.
942 1382 973 1403 ιι,
986 1382 998 1405 3
1032 1371 1161 1406 Quamuis
1174 1374 1279 1397 arcente
1377 1378 1420 1398 DE
1429 1378 1450 1397 N
1461 1378 1481 1396 v
1491 1377 1513 1396 N
1522 1376 1544 1396 Τ
1554 1376 1563 1395 1
1574 1374 1626 1395 AT
1638 1373 1685 1393 OR
1694 1386 1702 1398 ‚
1722 1366 1784 1392 oris.
1811 1374 1846 1392 m.
1879 1366 1938 1392 Vet.
1956 1366 2035 1393 Gloss‘.
2048 1366 2240 1400 Denuntiator‚
2257 1379 2380 1403 παραγγε-

239 1414 362 1447 spiritum
375 1413 498 1439 densitate
511 1419 537 1438 et
550 1411 689 1438 altitudine
704 1411 833 1437 humoris.
904 1409 983 1443 Spissa
1003 1408 1040 1435 Id.
1055 1416 1081 1440 9,
1095 1415 1135 1440 45.
1210 1405 1278 1432 Auri
1341 1406 1413 1438 λεὼ,
1437 1413 1460 1432 et
1480 1407 1561 1432 Vetus
1581 1402 1700 1436 Inscript.
1718 1401 1785 1436 apud
1801 1401 1876 1427 Grut.
1895 1411 1920 1436 p.
1938 1409 1988 1435 254
2006 1410 2078 1428 num.
2091 1412 2110 1435 4
2139 1403 2380 1430 DENVNCIA-

240 1448 308 1474 Gell.
329 1456 355 1479 2,
377 1450 401 1473 6.
457 1448 538 1473 Coire
552 1447 580 1472 in
595 1446 746 1472 densitatem
754 1465 762 1478 ,
788 1445 842 1471 vid.
870 1451 887 1472 c
896 1452 914 1471 Ο
924 1451 940 1470 Ε
949 1450 981 1471 0.
1053 1442 1159 1477 Frigida
1176 1440 1279 1467 lauacra
1296 1446 1324 1472 35
1341 1443 1403 1470 TO
1411 1442 1480 1468 RES
1521 1441 1539 1466 P
1547 1441 1568 1465 V
1577 1439 1633 1466 TE
1641 1438 1665 1464 Ο
1673 1438 1694 1463 L
1703 1438 1724 1463 A
1732 1437 1758 1463 N
1766 1437 1788 1463 1.

240 1491 333 1518 corpus
346 1483 374 1508 in
387 1482 539 1508 densitatem
554 1487 650 1515 cogunt
658 1481 687 1507 C.
697 1479 924 1506 Aurelian.Tard.
937 1487 960 1512 5,
973 1488 1025 1513 ¹34-
1379 1484 1423 1504 DE
1432 1484 1453 1504 N
1465 1483 1484 1501 V
1496 1482 1525 1502 0.
1550 1475 1617 1502 Adu.
1654 1472 1704 1506 [ἒξ
1720 1471 1850 1507 ὑπαρχῆς]
1887 1471 1919 1498 Id
1936 1470 1986 1504 est,
2005 1472 2117 1508 Rurfias,
2130 1473 2159 1500 de
2176 1476 2283 1510 integro.
2320 1475 2381 1502 Liu.

275 1524 407 1545 DENSE.
444 1516 512 1543 Adu.
548 1515 675 1550 [πυκνῶς]
711 1515 777 1541 Plin.
793 1517 830 1546 16,
844 1521 876 1547 37
901 1514 1016 1548 defialice
1029 1514 1145 1547 loquens,
1172 1510 1280 1537 Caesae·
1342 1522 1381 1545 ιο,
1397 1521 1422 1544 3ι
1446 1511 1542 1538 Fabius
1562 1511 1591 1536 in
1605 1508 1734 1538 Hetruria
1751 1507 1895 1534 rebellante
1909 1507 2011 1539 denuo,
2030 1514 2145 1542 quatuor
2159 1509 2245 1535 millia
2262 1515 2288 1536 et
2306 1511 2383 1544 quin-

241 1562 293 1588 que
308 1552 407 1579 densius
430 1552 570 1586 innumero
589 1551 686 1578 herede
705 1549 811 1584 prosint.
883 1548 969 1574 Dense
981 1548 1075 1572 vinum
1093 1545 1230 1570 detrahere
1250 1545 1280 1570 C.
1343 1553 1434 1580 gentos
1445 1546 1628 1573 Perusinorum
1646 1543 1753 1570 occidit.
1797 1542 1916 1569 Recitare
1933 1543 1989 1569 Cic.
2004 1544 2080 1570 Verr.
2096 1552 2108 1574 3
2123 1546 2157 1575 (ι)
2171 1552 2192 1569 c.
2211 1551 2249 1577 14.
2296 1546 2383 1572 Etiam

241 1588 332 1616 Aurel·
352 1588 396 1614 Ac·
417 1596 439 1619 2,
456 1595 497 1621 37,
517 1595 569 1619 ²14·
626 1585 705 1612 Ouid·
715 1592 746 1612 ex
755 1585 837 1611 ΡΟΠῖΟ
849 1592 869 1615 1,
883 1591 909 1615 9,
924 1591 946 1609 Π
967 1582 1051 1609 Nulla
1066 1586 1154 1607 tamen
1169 1578 1281 1604 subeunt
1343 1581 1449 1607 denuo?
1472 1580 1553 1611 Plaut.
1567 1578 1661 1612 Amph.
1676 1587 1696 1610 1,
1712 1587 1729 1609 ι,
1743 1583 1798 1609 238.
1851 1577 1923 1604 Idem
1937 1578 2042 1605 Mostel.
2058 1587 2078 1611 1,
2092 1587 2114 1611 2,
2126 1581 2157 1610 36
2188 1579 2320 1607 Donicum
2340 1590 2394 1616 pau

241 1623 310 1650 mihi
325 1629 443 1657 tempora
457 1621 559 1649 densius
573 1621 635 1647 istis.
672 1621 696 1647 h.
716 1630 735 1647 e.
760 1621 929 1655 Frequentius.
1001 1618 1071 1644 Bene
1085 1620 1112 1641 et
1126 1622 1206 1649 quam
1218 1613 1280 1639 den·
1289 1621 1327 1648 40
1344 1618 1423 1643 rietes
1437 1619 1532 1646 ruunt,
1551 1613 1723 1640 aedificantur
1736 1612 1811 1638 aedes
1823 1617 1895 1638 totae
1907 1613 2004 1640 denuo.

243 1659 332 1686 sissime
345 1659 471 1685 calcatum
491 1657 558 1684 Vitr.
571 1665 584 1690 5
598 1666 618 1683 c.
634 1656 681 1682 vlt.
1379 1658 1398 1678 D
1407 1657 1424 1677 Ε
1433 1657 1454 1676 Ν
1465 1657 1486 1676 ν
1495 1657 1525 1682 s,
1543 1657 1572 1680 a,
1592 1657 1651 1674 um:
1688 1653 1707 1673 D
1718 1654 1734 1673 Ε
1743 1653 1782 1673 NI
1793 1666 1802 1678 ,
1822 1646 1904 1673 denae
1913 1667 1920 1678 ,
1943 1648 2019 1674 dena.
2055 1649 2068 1682 [
2080 1646 2138 1674 δίκαι
2150 1650 2162 1683 ]
2205 1650 2329 1676 Numerus
2346 1650 2385 1676 di-

279 1701 297 1721 D
306 1701 323 1720 E
333 1701 353 1720 Ν
364 1701 385 1721 Τ
394 1699 442 1720 AL
453 1697 469 1719 Ε
478 1711 486 1724 ,
507 1698 525 1718 D
534 1698 550 1719 E
560 1698 581 1718 N
591 1699 612 1719 T
620 1697 669 1718 AT
680 1698 701 1718 V
710 1697 722 1717 S
731 1710 739 1723 ,
760 1696 779 1716 D
787 1695 833 1717 ΕΝ
844 1694 866 1716 Τ
877 1696 887 1715 1
895 1694 912 1715 C
921 1693 942 1714 V
953 1694 969 1714 L
980 1695 1001 1715 A
1010 1693 1031 1713 'r
1040 1693 1061 1712 V
1070 1694 1082 1713 s
1090 1705 1097 1716 ,
1115 1684 1169 1711 vid.
1191 1690 1280 1710 DENS·
1335 1684 1505 1719 firmarium,
1521 1691 1570 1718 pro
1584 1685 1681 1709 Decem.
1718 1681 1839 1715 Singulos
1858 1681 1919 1708 deni
1935 1684 2061 1717 armigeri
2079 1684 2254 1718 sequebantur
2271 1685 2346 1712 Curt.
2359 1686 2377 1712 6

277 1736 321 1756 DE
331 1735 435 1756 NTEx
445 1747 452 1760 ‚
488 1728 544 1755 icis.
578 1727 725 1762 Appellatur
738 1726 835 1762 piscis,
854 1727 897 1760 qui
910 1734 925 1750 a
943 1725 1046 1750 Graecis
1069 1718 1162 1748 σννόδκς
1179 1719 1282 1758 dicieyr,
1344 1726 1368 1752 8,
1383 1728 1420 1752 19.
1473 1719 1540 1745 Plin.
1553 1727 1592 1750 10,
1605 1720 1636 1749 63
1656 1717 1759 1742 Viuunt
1774 1717 1899 1743 Laconici
1913 1719 1986 1744 annis
1999 1719 2082 1746 denis.
2120 1720 2176 1746 Cic.
2192 1721 2268 1746 Verr.
2280 1728 2305 1750 2,
2338 1740 2346 1747 .
2378 1705 2387 1717 ι

243 1765 273 1791 in
289 1765 362 1790 cuius
381 1763 489 1791 cerebro
507 1763 645 1790 inuenitur
661 1770 781 1797 gemma,
808 1769 874 1795 quae
893 1758 1067 1792 synodontitis
1086 1761 1195 1782 vocatur
1213 1754 1280 1780 Pltn.
1345 1755 1424 1782 Pueri
1444 1762 1575 1780 annorum
1593 1751 1700 1783 sensim,
1723 1753 1911 1785 septenumque
1930 1753 2039 1779 densim.
2120 1755 2163 1780 Bis
2183 1754 2264 1786 dena,
2287 1755 2388 1790 Viginti

242 1807 282 1833 37,
297 1807 325 1824 10
340 1800 358 1824 s.
373 1800 407 1831 67
442 1800 567 1824 Naturam
581 1801 632 1824 eius
645 1797 702 1823 vide
715 1796 781 1832 apud
787 1798 887 1823 Aelian.
904 1804 936 1827 ιι,
950 1804 995 1828 40.
1063 1791 1184 1818 Dentices
1201 1790 1282 1823 pisces
1295 1793 1329 1819 45
1346 1791 1413 1817 Plin.
1427 1798 1452 1822 2,
1466 1797 1491 1824 7.
1528 1788 1604 1821 Virg.
1612 1787 1677 1813 Aen.
1691 1794 1725 1818 ιι,
1737 1788 1793 1818 326.
1864 1787 1924 1812 Ter
1939 1787 2019 1813 denae
2031 1796 2109 1814 naues
2122 1788 2196 1814 Idem
2209 1790 2274 1815 Aen.
2289 1797 2327 1822 10,
2336 1797 2384 1816 21².

241 1840 356 1860 memorat
381 1831 486 1858 Colum.
500 1837 524 1863 8,
537 1834 573 1862 16,
587 1838 609 1861 8.
637 1835 667 1858 it.
693 1833 768 1866 Apic.
781 1840 810 1864 4,
824 1833 848 1857 6.
902 1832 958 1857 Alii
972 1829 1058 1857 dicunt
1076 1833 1094 1853 D
1105 1832 1153 1852 EN
1165 1831 1186 1851 T
1197 1832 1215 1851 R
1225 1832 1235 1851 ῐ
1246 1831 1263 1851 x
1272 1843 1282 1857 ‚
1345 1830 1363 1853 i.
1384 1827 1506 1861 Triginta
1515 1830 1581 1863 ,pro
1593 1830 1632 1849 ter
1648 1821 1736 1848 decem.
1806 1821 1878 1847 Caes.
1891 1822 1918 1848 Β.
1934 1822 1966 1848 G.
1979 1830 2001 1855 5,
2017 1831 2047 1855 ¹4
2082 1824 2183 1850 onres
2202 1823 2301 1850 habent
2315 1813 2388 1854 deni,

242 1869 335 1901 Piscis,
354 1876 402 1907 pro
414 1865 585 1893 multitudine
599 1872 625 1891 et
636 1866 783 1899 granditate
796 1866 916 1892 dentium
930 1865 1016 1892 dietus
1033 1862 1090 1889 Ifid.
1104 1870 1140 1892 12,
1154 1862 1180 1892 6,
1193 1869 1214 1886 2·
1346 1860 1516 1893 duodenique
1536 1864 1608 1883 mter
1627 1858 1652 1896 se
1664 1865 1825 1882 communes.
1845 1857 1875 1882 de
1895 1858 2030 1884 Britannis
2041 1860 2160 1893 loquitur.
2230 1858 2301 1884 Deni
2319 1867 2389 1885 crea-

279 1911 349 1931 DEN
361 1911 381 1929 v
390 1909 406 1929 B
416 1909 434 1929 O
444 1922 452 1934 ,
470 1901 517 1936 psi,
534 1906 618 1935 ptum,
636 1902 689 1926 ere.
726 1900 846 1932 [γαμίω,
864 1902 986 1934 ommim]
1023 1898 1146 1931 Coniungi
1158 1897 1284 1920 matrinia·
1347 1897 1443 1922 bantur
1454 1894 1511 1919 Cic.
1525 1892 1556 1917 de
1569 1891 1663 1924 Legib.
1677 1899 1700 1922 3,
1736 1910 1742 1916 .
1780 1910 1787 1916 .
2366 1896 2369 1897 ⁷

244 1942 293 1966 nio.
329 1938 455 1973 Apuleius
469 1936 544 1971 Apol.
558 1944 601 1968 3¹9
631 1936 665 1962 At
678 1941 706 1961 tu
719 1934 782 1960 dum
803 1942 860 1959 eam
874 1940 947 1967 putas
966 1934 1046 1959 etiam
1060 1939 1130 1957 nunc
1148 1929 1219 1955 claro
1231 1929 1283 1954 fra·
1382 1935 1402 1955 D
1411 1935 1458 1955 ΕΝ
1468 1934 1518 1954 γΜ
1527 1934 1541 1952 P
1550 1932 1570 1952 H
1580 1933 1601 1952 A
1611 1931 1645 1951 LI
1655 1932 1667 1951 S
1676 1943 1684 1955 ,
1703 1933 1726 1950 e.
1748 1925 1809 1951 Adi.
1836 1925 2030 1960 Denymphales
2043 1926 2127 1952 feriae
2139 1925 2246 1960 Papias,
2265 1930 2283 1953 i.
2302 1928 2390 1964 quibus

245 1976 280 2003 tri
295 1974 434 2008 denuptam
455 1973 516 1999 falsa
530 1973 571 2006 spe
586 1970 724 2001 inductus,
749 1969 861 2003 filioque
881 1968 937 1994 cius
956 1969 1074 1994 Pontano
1095 1964 1186 1991 auGtor
1206 1964 1282 1990 assen-
1300 1975 1333 2002 50
1346 1974 1396 1992 non
1407 1963 1495 1991 licebat
1507 1970 1596 2000 aquam
1608 1960 1722 1986 inducere
1737 1961 1764 1984 in
1776 1968 1859 1995 agros.
1897 1962 1992 1992 Miror,
2003 1960 2105 1998 fis⁰¹¹⁴5
2117 1962 2210 1997 Papias
2217 1963 2333 1999 seruasti!
2344 1964 2391 1994 has

245 2010 330 2037 tiendi
342 2009 425 2036 suisti.
497 2007 626 2034 Columel.
645 2014 682 2037 10,
703 2009 742 2037 158
768 2004 873 2029 Semina
885 2003 1009 2037 depositis
1025 2001 1132 2035 cupient
1147 1998 1282 2025 denubere
1340 2000 1446 2038 ferias.-
1465 1998 1527 2035 quid
1537 1998 1563 2031 Ji
1577 1994 1714 2023 Denicales
1728 1994 1770 2021 hic
1787 1997 1889 2022 latent?

247 2046 349 2081 plantis.
398 2045 455 2071 Alii
467 2044 560 2070 codices
570 2042 659 2069 habent
676 2040 706 2066 se
721 2038 830 2065 nubere.
902 2038 1043 2063 Denubere
1057 2038 1085 2062 in
1097 2035 1226 2061 familiam
1238 2035 1285 2059 ali-

246 2084 317 2108 cuius
323 2080 383 2116 filia
395 2079 487 2105 dicitur
510 2077 600 2104 Tacit.
611 2077 678 2103 Ann.
693 2077 720 2106 6,
733 2081 778 2109 27,
793 2081 811 2099 ι.
868 2072 975 2098 Sueton.
989 2073 1017 2097 in
1030 2072 1133 2097 Neron.
1147 2079 1168 2095 c.
1181 2078 1211 2101 29
1230 2068 1282 2094 Cui
1726 2066 1756 2098 D
1851 2067 1879 2098 E
1974 2067 2004 2099 0

248 2117 329 2143 etiam
343 2115 404 2142 sicut
426 2114 471 2149 ipsi
486 2114 597 2148 Sporus,
616 2113 654 2139 ita
667 2110 721 2145 ipse
736 2107 862 2144 denupsit.
906 2106 973 2134 Add.
989 2106 1057 2132 Tac.
1071 2106 1138 2130 Anu.
1155 2111 1190 2137 15,
1202 2111 1243 2137 37,
1256 2112 1283 2136 4.

247 2152 323 2187 Apul.
340 2152 404 2178 Met.
418 2158 430 2183 5
444 2159 468 2184 p.
481 2152 535 2176 166.
1301 2147 1331 2175 55
1381 2144 1427 2166 DE
1436 2145 1470 2178 0ζ
1486 2137 1580 2172 [Δηὼ]
1595 2137 1665 2164 Ceres
1671 2139 1738 2163 inter
1750 2136 1802 2163 alia
1813 2138 1959 2173 cognomina
1970 2145 1985 2163 α
2000 2137 2102 2164 Graecis·
2114 2139 2262 2174 appellatus„
2285 2142 2356 2169 Hine

285 2193 329 2214 DE
339 2187 414 2213 NVD
424 2193 458 2218 O,
492 2189 545 2212 are.
582 2180 749 2217 [ἐπογυμνόω
762 2182 772 2212 ]
809 2178 893 2209 Idem,
910 2182 954 2216 aut
962 2174 1045 2211 paullo
1052 2176 1125 2214 PI¹¹.¹’
1144 2183 1215 2210 quam
1231 2174 1285 2199 Nu·
1384 2183 1403 2202 D
1419 2182 1435 2202 Ε
1450 2182 1469 2201 0
1484 2182 1492 2201 1
1509 2182 1521 2201 s
1534 2194 1542 2206 ,
1559 2172 1714 2207 Proserpina
1731 2176 1903 2208 cognominata
1929 2171 1963 2205 est
2003 2182 2071 2199 orma
2092 2179 2275 2210 patronymica.
2311 2174 2393 2204 Oui'd.

249 2223 317 2249 dare.
371 2222 436 2248 Plin.
457 2230 488 2253 ιι,
507 2229 538 2247 22
565 2220 603 2245 Vt
623 2216 736 2243 denudet
755 2215 867 2241 feminas
885 2211 964 2238 vestis
975 2210 1142 2241 bombycina.
1198 2210 1285 2235 Varro
1348 2213 1413 2238 Met.
1431 2213 1458 2243 6,
1474 2219 1517 2244 ¹¹4
1542 2209 1732 2240 Mnemosynen
1750 2207 1852 2242 pastor,
1871 2208 1960 2234 varius
2006 2209 2084 2235 eoida
2102 2210 2213 2245 serpens.
2250 2212 2391 2247 Virgineas

250 2258 282 2284 de
295 2259 325 2284 R.
343 2258 372 2283 R.
389 2266 408 2289 ι,
423 2265 452 2290 4¹
487 2257 518 2282 Et
532 2263 594 2282 eum
609 2253 641 2280 fic
661 2249 852 2281 exacuendum,
875 2253 904 2274 vt
923 2255 976 2272 non
999 2245 1112 2272 denudes
1133 2243 1286 2284 medullam.
1348 2248 1420 2274 inter
1437 2246 1543 2272 choreas
1556 2244 1658 2270 Deoida
1671 2250 1772 2278 raptam
1792 2244 1889 2270 Δια-οη,
1904 2243 1982 2278 Epist.
1997 2254 2032 2278 4,
2044 2249 2087 2278 48.
2123 2247 2192 2273 Male
2204 2247 2268 2274 Cael·
2282 2248 2365 2275 Rhodi

252 2294 310 2320 Sen.
323 2292 431 2324 Thyest.
446 2293 463 2318 s.
476 2297 489 2322 8
510 2289 630 2317 Denudat
645 2286 745 2322 (intell.
759 2286 854 2319 carne)
871 2284 949 2309 Attus
963 2282 1059 2312 durm,
1079 2286 1158 2313 atque
1170 2280 1220 2305 ossa
1234 2288 1287 2305 am·
1349 2285 1388 2314 26,
1403 2291 1434 2308 20
1451 2282 1513 2317 ugit
1527 2279 1664 2307 Theoid2‚
2364 2258 2391 2286 Ε·

253 2334 333 2363 putat.
406 2328 461 2354 Cic.
476 2328 552 2353 Verr.
566 2333 588 2358 5,
602 2333 631 2357 32
645 2333 665 2349 c.
676 2331 699 2355 ι3
732 2321 776 2348 Ne
790 2319 947 2347 exercitetur
959 2319 1072 2347 Verres,
1091 2324 1124 2341 ne
1140 2314 1288 2354 denudetur
1302 2321 1336 2346 60
1387 2324 1458 2344 DEO
1469 2323 1486 2343 C
1497 2323 1541 2343 co
1556 2336 1565 2349 ,
1591 2320 1644 2342 are.
1685 2314 1865 2348 [βωλοκοπέω]
1907 2314 1976 2342 Idem
1996 2314 2062 2350 quod
2084 2316 2184 2343 Occare.
2221 2317 2288 2345 Plin.
2311 2324 2337 2350 ιε
2367 2327 2394 2353 ις

250 2373 266 2390 a
279 2363 402 2398 pee’mre,
423 2372 456 2389 ne
475 2362 607 2388 cicatrices
623 2358 736 2393 Populus
754 2357 830 2383 Rom.
845 2354 977 2389 adspiciat.
1032 2350 1101 2378 Adel.
1117 2351 1178 2376 Liu.
1192 2358 1233 2382 45,
1247 2358 1285 2382 39.
1351 2353 1428 2380 Vicia
1442 2360 1495 2377 non
1509 2351 1633 2383 sarritur,
1646 2358 1700 2376 non
1713 2349 1887 2382 stercoratur,
1897 2359 1944 2376 nec
1957 2350 2032 2377 aliud
2046 2360 2124 2385 quam
2137 2351 2285 2380 deoccatur.
2338 2339 2346 2351 '

250 2400 306 2426 Cic.
320 2399 391 2424 Fam.
406 2407 440 2430 12,
456 2405 481 2430 ις
510 2397 613 2423 Vastata
629 2393 781 2429 prouincia,
800 2391 928 2424 correptis
941 2386 1134 2427 ve&igalibiis,
1150 2386 1288 2420 praecipue
1387 2393 1405 2414 D
1415 2392 1460 2414 ΕΟ
1470 2392 1486 2413 c
1496 2391 1592 2412 CATI
1602 2392 1621 2412 o
1632 2405 1642 2418 ,
1661 2385 1730 2411 onis.
1757 2385 1778 2410 f.
1815 2385 1883 2412 Idem
1903 2385 1968 2421 quod
1984 2387 2086 2413 Oct-atio
2099 2407 2108 2419 ,
2131 2387 2199 2423 apud
2216 2388 2393 2417 Columellam

251 2434 353 2461 ciuibus
373 2434 449 2459 Rom.
463 2432 587 2458 omnibus
608 2428 779 2456 crudelissime
802 2425 939 2453 denudatis
960 2433 988 2450 ac
1002 2422 1157 2449 diuenditis.
1227 2421 1289 2455 Spo-
1351 2421 1394 2457 effi}
1410 2422 1512 2448 dicitur,

251 2470 317 2496 liare
336 2474 413 2503 atque
431 2467 563 2494 denudare
582 2465 717 2493 scientiam
738 2464 804 2490 iuris
817 2460 906 2489 ciuilis
928 2467 1024 2487 ornatu
1043 2458 1117 2485 Idem
1135 2456 1167 2484 de
1181 2457 1255 2484 Orat.
1271 2465 1291 2488 ι,
1389 2464 1408 2484 D
1417 2465 1434 2484 Ε
1443 2464 1462 2484 o
1471 2464 1491 2483 N
1504 2454 1520 2483 Ε
1529 2463 1547 2483 R
1559 2461 1577 2482 o
1588 2475 1596 2488 ‚
1615 2459 1667 2481 are.
1703 2455 1716 2489 [
1723 2453 1893 2491 ἐποφορτίζω]
1928 2456 2086 2483 Contrarium
2093 2457 2139 2492 [ιω
2144 2456 2266 2493 simplici,
2278 2457 2312 2492 4st
2325 2461 2396 2487 Onus

252 2513 293 2538 ²35
310 2514 333 2530 c,
352 2511 388 2536 53⁶
1304 2493 1335 2526 65
1353 2493 1477 2528 deponere.
1515 2492 1571 2518 Cic.
1587 2492 1662 2517 Verr.
1677 2490 1769 2530 Dium.
1784 2492 1820 2523 46
1833 2499 1854 2516 c.
1871 2499 1902 2524 14
1934 2491 2008 2524 Quid
2023 2501 2105 2525 quum
2125 2493 2321 2524 commiserati,
2333 2504 2395 2520 con-

292 2546 310 2565 Β
321 2546 336 2565 E
346 2546 366 2564 N
377 2546 397 2564 V
406 2544 424 2564 D
433 2545 454 2564 A
463 2543 483 2562 T
493 2544 529 2563 10
539 2556 547 2569 ,
568 2536 634 2562 onis.
651 2536 672 2562 f.
709 2532 832 2568 Γόμνωσις
847 2531 926 2559 Gloffl
1353 2529 1447 2564 queri,
1468 2534 1492 2554 et
1507 2536 1538 2554 ex
1557 2527 1629 2554 illius
1642 2525 1747 2552 inuidia
1765 2524 1908 2551 deonerare
1926 2525 2029 2560 aliquid
2038 2545 2045 2556 ,
2064 2532 2090 2552 et
2110 2527 2138 2553 in
2157 2532 2182 2553 te
2194 2528 2317 2555 traiicere
2335 2538 2395 2555 coe-

290 2581 334 2601 DE
345 2580 366 2599 N
379 2581 399 2601 V
409 2580 427 2600 D
436 2579 485 2599 AT
495 2578 541 2598 OR
550 2591 558 2603 ‚
578 2571 641 2598 oris.
660 2580 695 2596 m.
731 2568 860 2603 Γυμνωτῆς
874 2566 953 2594 Gloss.
1353 2565 1438 2599 perit?
1463 2573 1509 2598 per
1528 2561 1735 2590 translationem.
1805 2559 1955 2587 Auersabili
1976 2561 2107 2588 foeditate
2130 2570 2225 2597 corpus
2249 2562 2395 2590 deonerans

293 2616 311 2636 n
320 2616 336 2636 Ε
345 2616 367 2635 N
377 2615 396 2633 v
407 2615 432 2635 M
440 2614 456 2634 Ε
464 2614 484 2633 R
493 2613 512 2633 o
520 2627 528 2639 ‚
543 2615 578 2632 as.
618 2605 674 2632 Vid.
697 2611 715 2631 D
723 2613 733 2631 1
741 2613 763 2631 N
772 2613 791 2631 v
801 2611 824 2630 M
834 2610 850 2629 E
859 2609 877 2630 R
888 2609 917 2629 o.
1354 2600 1490 2627 immunda
1508 2599 1567 2625 faex
1587 2597 1687 2624 Arnob.
1702 2604 1719 2631 7
1739 2605 1764 2630 p.
1779 2603 1840 2629 249.

291 2651 336 2672 DE
345 2652 367 2671 N
376 2651 396 2669 v
407 2650 428 2670 Ν
440 2649 476 2670 Di
490 2648 511 2668 N
522 2649 556 2672 o,
572 2645 624 2668 are.
645 2644 661 2666 i.
674 2647 756 2666 notum
770 2638 982 2673 onznibusfaccre.
1001 2635 1079 2661 Gloff.
1094 2633 1185 2661 Ifidor.
1392 2641 1410 2662 D
1420 2642 1494 2662 EON
1503 2642 1519 2661 r
1529 2641 1547 2660 ι(
1558 2639 1676 2665 ATVS,
1696 2640 1726 2664 a,
1746 2640 1800 2657 um.
1832 2632 1899 2658 Part.
1934 2631 2066 2657 Ammian.
2080 2640 2126 2664 24,
2140 2634 2156 2658 6
2191 2632 2341 2661 Validiores
2352 2642 2395 2660 na-

294 2687 312 2707 D
322 2687 337 2706 E
346 2688 367 2706 N
377 2687 397 2706 V
407 2686 428 2704 N
442 2685 463 2705 T
475 2686 484 2704 1
494 2684 529 2709 O,
549 2680 600 2703 5re-
637 2676 842 2711 [παραγγέλλω]
881 2675 996 2700 Futurum
1009 2670 1107 2705 aliquid
1119 2671 1249 2708 nannai-e,
1269 2673 1294 2694 et
1307 2678 1342 2706 70
1356 2680 1401 2699 ves
1415 2671 1567 2697 deoneratas
1581 2668 1705 2703 impleuit
1718 2666 1834 2693 armatis.
1870 2666 1943 2701 Conf.
1962 2665 2086 2695 Ambros.
2099 2667 2177 2702 Epist.
2192 2669 2218 2701 6,
2230 2670 2270 2700 36.
2297 2692 2301 2693 .

257 2726 310 2742 uum
327 2715 476 2741 auetoritate
495 2712 613 2748 quadam,
640 2719 704 2737 certe
716 2710 904 2745 asterici-atione,
928 2706 1077 2743 praedicere.
1133 2705 1190 2730 Cic.
1205 2703 1237 2728 de
1252 2703 1294 2729 Se·
1392 2713 1465 2732 DEO
1476 2713 1495 2731 Ν
1506 2713 1522 2732 13
1533 2710 1676 2736 RATIO,
1696 2702 1763 2729 onis.
1782 2702 1803 2728 f.
1838 2701 1915 2736 Apud
1937 2701 2092 2729 Firmicum.
2129 2722 2136 2729 ,
2177 2722 2184 2729 ,
2223 2722 2230 2729 .

260 2750 328 2777 nect.
342 2756 375 2780 ιε,
389 2759 409 2776 c.
425 2751 441 2776 6
466 2750 518 2775 Aut
532 2747 638 2774 Senatui
651 2756 718 2781 quae
734 2748 791 2772 sunt
804 2745 915 2779 gerenda
930 2740 1093 2778 praescribo,
1113 2744 1139 2765 et
1157 2737 1294 2776 quomodo
1393 2747 1436 2766 DE
1446 2739 1487 2766 61>
1497 2746 1604 2770 1:1110,
1622 2741 1671 2764 fre.
1689 2744 1739 2771 pro
1758 2738 1873 2770 Apro-ire.
1908 2736 2062 2763 Ambrosius
2081 2736 2150 2765 dixit
2170 2747 2192 2764 e.
2206 2745 2216 2763 ι
2236 2737 2268 2763 de
2282 2736 2351 2764 Isaac
2370 2741 2397 2763 et

260 2786 414 2820 Carthagini
425 2784 493 2810 male
505 2783 551 2810 diu
570 2783 696 2816 cogitanti
714 2782 815 2809 bellum
828 2781 958 2806 inferatur
976 2777 1059 2804 multo
1080 2781 1139 2801 ante
1157 2773 1295 2799 denuntio.
1357 2774 1453 2801 Anima
1467 2774 1568 2807 (Tem.
1582 2781 1601 2804 4
1614 2773 1633 2797 f.
1646 2774 1709 2802 213)
1723 2770 1763 2802 fic
1775 2777 1798 2795 et
1811 2769 1900 2795 Celsus
1914 2774 1938 2801 8,
1951 2779 1969 2803 4
1987 2771 2025 2798 Os
2044 2772 2192 2807 deoperire,

262 2822 334 2849 Idem
355 2822 382 2847 in
395 2823 471 2847 Verr.
485 2820 602 2846 Diuinat.
614 2827 644 2850 23
659 2828 681 2844 c.
695 2823 716 2848 8.
755 2837 760 2843 .
799 2837 805 2843 .
840 2817 910 2842 Huic
924 2823 973 2849 ego
988 2811 1094 2839 homini
1106 2811 1158 2849 iam
1172 2814 1232 2849 ante
1245 2808 1295 2833 De·
1393 2815 1412 2835 D
1421 2815 1437 2835 Ε
1447 2815 1466 2834 o
1475 2815 1490 2833 P
1499 2812 1520 2832 T
1530 2813 1564 2837 o,
1583 2810 1635 2832 are.
1670 2804 1761 2831 Midae
1769 2803 1850 2830 Liber
1857 2805 1932 2831 Pater
1946 2806 2087 2841 deoptandi
2100 2806 2173 2833 dedit
2187 2806 2399 2842 potestatemvt,⁴

262 2857 370 2889 nuntio,
391 2856 408 2882 si
426 2865 440 2882 a
453 2864 495 2881 me
510 2855 609 2881 causam
628 2853 693 2880 hanc
712 2861 759 2879 vos
773 2853 814 2887 agi
827 2851 984 2882 volueritis,
1004 2848 1136 2875 rationem
1152 2844 1191 2870 illi
1206 2843 1296 2869 defen·
1308 2851 1340 2880 75
1357 2843 1487 2880 quidquid
1500 2842 1594 2872 vellet,
1607 2846 1707 2875 peteret
1724 2848 1739 2866 a
1751 2840 1776 2866 se
1789 2839 1887 2874 Hygin.
1902 2840 1956 2868 fab.
1971 2850 2021 2874 ¹9¹-

264 2892 342 2919 dendi
357 2897 438 2918 totam
451 2891 498 2916 effe
518 2890 677 2916 mutandam.
749 2890 780 2915 Et
794 2887 905 2921 Philipp.
924 2888 950 2918 6,
971 2892 984 2917 5
1013 2881 1172 2912 Testificor‚
1192 2880 1296 2919 Denun-
1394 2885 1412 2905 D
1421 2886 1437 2905 Ε
1446 2884 1521 2905 oRN
1532 2884 1562 2910 ο,
1575 2881 1627 2903 are.
1647 2875 1791 2909 [ἅηκοσμῶ
1804 2875 1883 2902 Glosi'.
1891 2876 1937 2903 Gr.
1945 2877 2025 2911 Lat.]
2044 2875 2197 2938 Ornatuhfiaeo
2207 2879 2318 2911 priuare.
2339 2875 2395 2910 Qxi

265 2929 317 2959 tio,
337 2934 394 2954 ante
407 2926 546 2962 praedico,
567 2925 636 2951 nihil
650 2925 685 2951 M.
698 2924 843 2950 Antonium
858 2928 1037 2954 eorum‚quae
1051 2919 1107 2944 sunt
1123 2917 1213 2950 legatis
1226 2923 1297 2940 man·
1358 2915 1468 2942 deornat
1489 2913 1605 2939 animam
1618 2911 1658 2938 Cl.
1672 2911 1794 2937 Mamert.
1811 2911 1843 2937 de
1857 2911 1929 2938 Statu
1947 2912 1996 2938 An.
2009 2920 2033 2945 3,
2050 2920 2059 2938 1
2078 2912 2130 2948 stc.
2158 2912 2235 2939 ureb.
2249 2911 2283 2938 ad
2299 2912 2324 2939 b.
2340 2914 2358 2939 1.
2366 2919 2395 2948 p.

264 2964 336 2995 data,
353 2962 493 2989 fac‘iurum.
565 2961 620 2988 Cic.
635 2969 684 2994 pro
699 2959 794 2986 Milon.
810 2965 836 2990 53
870 2958 985 2983 Mortem
998 2955 1031 2981 ab
1050 2953 1099 2979 illo
1118 2951 1298 2978 denuntiatam
1360 2959 1418 2986 44⁰·
1442 2949 1514 2985 Conf.
1535 2949 1573 2975 Id.
1586 2946 1651 2974 Adu.
1662 2956 1701 2981 50,
1712 2955 1736 2978 3.

264 3000 349 3033 palam
370 2997 467 3024 Miloni
487 3002 513 3023 et
532 2995 714 3031 praedicatam.
784 2993 947 3020 Denuntiare
961 2989 1106 3024 periculum
1116 3008 1125 3020 ,
1144 2993 1187 3012 aut
1201 2985 1298 3025 pestem
1397 2992 1415 3011 D
1425 2991 1468 3011 ΕΟ
1478 2991 1497 3011 R
1506 2990 1555 3010 AR
1565 2990 1598 3015 E,
1610 2990 1659 3018 pro
1674 2984 1792 3009 Perorare
1803 2982 1915 3008 nonnulli
1927 2982 2087 3018 vfiarparum.
2107 2983 2138 3008 Et

265 3035 337 3061 Idem
351 3042 399 3068 pro
413 3032 508 3059 Milon.
523 3040 544 3064 3.
581 3031 646 3058 Plin.
664 3039 698 3063 13,
712 3039 753 3056 22.
790 3028 857 3056 Add.
872 3028 928 3053 Cic.
944 3027 996 3052 Att.
1011 3034 1036 3056 2,
1050 3033 1089 3050 20.
1154 3021 1226 3048 Idem
1240 3020 1298 3047 Phi·
1314 3026 1346 3052 80
1397 3027 1415 3047 D
1425 3025 1582 3046 EORATV
1593 3026 1617 3044 M
1628 3038 1636 3050 ‚
1656 3025 1706 3053 pro
1724 3017 1891 3048 Pei-oratum,
1906 3024 1935 3043 vt
1953 3018 2057 3050 testatur
2071 3018 2168 3044 Festus.

268 3070 328 3104 lipp.
342 3078 381 3103 14,
395 3073 409 3098 8
438 3067 584 3099 Omnibus,
601 3074 750 3101 quanquam
769 3064 824 3090 ruit
837 3063 891 3097 ipse
909 3061 959 3088 suis
974 3059 1106 3091 cladibus,
1125 3057 1237 3092 pestem,
1255 3063 1298 3081 va·
1397 3062 1545 3082 DEORSV
1556 3061 1590 3080 M.
1610 3053 1678 3080 Adu,
1714 3052 1817 3087 [ndu-w]
1859 3054 1950 3088 Versu,
1967 3053 2108 3089 inferiora,
2133 3056 2185 3079 eim.
2199 3056 2352 3080 contrarium
2364 3049 2398 3085 est

268 3102 395 3136 stitatem‚
412 3103 573 3134 cruciatum,
596 3107 728 3128 tormenta
744 3099 887 3126 denuntiat.
929 3095 995 3123 AM.
1009 3094 1046 3121 Id.
1063 3095 1115 3120 Att.
1131 3102 1152 3125 2,
1165 3101 1203 3124 23.
1256 3090 1300 3117 Sol
1362 3092 1471 3127 Sursum.
1507 3090 1587 3117 Plaut.
1607 3088 1701 3123 Amph.
1717 3096 1739 3120 ς,
1758 3097 1777 3120 ι,
1797 3090 1828 3121 56
1863 3088 1995 3115 Deuolant
2009 3097 2105 3123 angues
2125 3087 2211 3115 iubati
2229 3087 2352 3114 deorsum
2369 3089 2398 3114 in

271 3140 400 3166 caeruleus
415 3137 532 3173 pluuiam
546 3136 683 3163 denuntiat
713 3135 788 3169 Virg.
803 3134 899 3167 Georg.
918 3140 938 3164 ι,
957 3139 1013 3165 453.
1084 3129 1185 3155 Horam
1199 3127 1301 3160 nigram
1364 3127 1523 3162 impluuium
1538 3126 1600 3151 duo.
1636 3124 1692 3151 Cic.
1706 3124 1738 3150 de
1752 3124 1787 3150 N.
1803 3125 1833 3150 D.
1850 3132 1870 3156 1,
1884 3126 1918 3156 69
1946 3125 1992 3151 Ait
2008 3131 2128 3151 atomum
2147 3132 2230 3158 quum
2243 3122 2359 3157 pondere
2373 3129 2399 3149 et

271 3175 405 3201 denuntiat
423 3172 601 3207 Persephone,
632 3175 650 3199 i.
674 3172 781 3205 Tempus
794 3167 859 3201 adest
871 3169 959 3194 mortis
988 3164 1094 3191 Tibull.
1110 3171 1159 3195 3‚5‚
1172 3170 1192 3195 ς.
1247 3163 1301 3187 Iras
1364 3163 1493 3198 grauitate
1507 3160 1610 3188 direeto
1623 3160 1744 3186 deorsum
1763 3160 1880 3192 feratur,
1897 3159 2028 3187 declinare
2042 3159 2196 3193 paullulum.
2268 3159 2398 3185 Deorsum

272 3210 355 3236 tristes
368 3209 521 3236 denuntiare
539 3207 613 3241 Virg.
630 3207 692 3232 Aen.
707 3215 729 3238 3,
742 3207 799 3238 366.
870 3201 1051 3230 Necessitateni
1064 3199 1183 3225 vltimam
1211 3197 1301 3223 Tacit.
1319 3200 1347 3230 85
1364 3198 1455 3224 cunc-*ta
1470 3198 1592 3224 feruntur
1610 3195 1726 3231 pondera
1743 3196 1846 3221 Lucret.
1860 3204 1883 3227 2,
1900 3204 1955 3227 190.
2025 3195 2092 3222 Ter.
2105 3193 2180 3220 Adel.
2193 3203 2222 3227 4,
2234 3201 2260 3224 2,
2274 3202 2305 3228 34
2342 3194 2399 3221 No.

275 3246 338 3270 Ann.
355 3253 389 3278 ις,
424 3264 430 3270 .
467 3263 473 3270 .
529 3243 584 3270 Cic.
600 3243 671 3268 Fam.
689 3251 716 3275 4,
732 3249 743 3272 3
764 3239 851 3267 Multo
864 3238 935 3265 enim
950 3242 1009 3263 ante
1024 3241 1147 3269 tanquam
1168 3241 1199 3259 ex
1213 3232 1301 3266 aliqua
1364 3234 1423 3260 stin'
1436 3234 1566 3268 porticum
1580 3231 1647 3266 apud
1661 3231 1800 3258 macellum
1814 3231 1878 3257 hanc
1899 3231 2038 3257 deorsum!
2114 3229 2245 3255 Deorsum
2263 3229 2358 3256 ducere
2373 3230 2399 3256 se

276 3279 375 3312 specula
391 3279 508 3313 prospexi
529 3278 705 3312 tempestatem
725 3276 854 3302 futuram:
880 3281 967 3307 neque
987 3271 1015 3297 id
1030 3270 1113 3297 solum
1133 3277 1190 3295 inea
1205 3269 1304 3302 sponte,
1367 3269 1398 3296 de
1412 3270 1521 3300 arbore,
1535 3276 1581 3304 pro
1595 3266 1743 3302 Descendcre
1756 3266 1784 3292 de
1798 3267 1897 3297 arbore,
1916 3266 1970 3300 yid.
1991 3271 2084 3292 Dvco.
2152 3264 2259 3290 Sursum
2276 3263 2398 3291 deorsum

277 3313 319 3340 sed
333 3314 415 3340 multo
430 3315 507 3341 etiam
521 3314 602 3348 inagis
622 3320 745 3339 monente
765 3317 791 3337 ct
806 3309 974 3336 denuntiante
992 3313 1025 3333 te.
1097 3304 1168 3344 Idem
1180 3304 1263 3330 Tusc.
1285 3311 1305 3335 ι,
1367 3305 1488 3331 cursitare
1507 3305 1575 3331 Ter.
1589 3304 1653 3329 Eun.
1668 3311 1691 3335 2,
1703 3311 1729 3334 2,
1742 3309 1787 3336 47.
1858 3302 1914 3328 Cic.
1928 3301 1960 3327 de
1974 3301 2009 3327 N.
2023 3300 2055 3326 D.
2069 3308 2096 3332 2,
2108 3303 2141 3332 84
2178 3299 2290 3326 Naturis
2309 3300 2350 3326 his
2367 3307 2399 3325 ex

279 3354 315 3378 ¹18
334 3349 391 3374 Nos
402 3358 474 3381 vero,
488 3350 504 3376 fl
518 3349 582 3384 quid
594 3348 644 3375 tale
655 3347 797 3378 acciderit,
811 3352 840 3372 vt
852 3355 866 3371 a
875 3346 932 3371 Deo
944 3341 1127 3369 denuntiatum
1138 3339 1303 3371 videatur,vt
1367 3341 1463 3375 quibus
1474 3340 1564 3366 emnia
1578 3338 1694 3365 constant
1703 3358 1711 3370 ‚
1730 3338 1829 3364 sursum
1849 3337 1985 3368 deorsimi,
2008 3335 2079 3362 vltro
2092 3335 2214 3369 citroque
2231 3335 2400 3362 commeanti-

278 3392 396 3409 exeamus
413 3392 427 3408 θ
440 3385 507 3416 vita,
528 3385 605 3415 laeti,
626 3390 651 3410 et
671 3383 763 3418 gratias
777 3387 879 3415 agentes
899 3386 1042 3413 pareamus·
1114 3377 1143 3401 Et
1160 3383 1206 3409 Pro
1220 3375 1304 3407 Qun·
1318 3384 1353 3407 90
1366 3377 1431 3408 bus,
1451 3375 1543 3401 muudi
1558 3374 1671 3409 partium
1684 3373 1837 3399 coniunffio
1856 3372 2013 3398 continetur.
2067 3371 2097 3396 In
2111 3375 2180 3396 tanta
2198 3379 2287 3397 rerum
2300 3370 2400 3396 sursum

280 3418 319 3457 tio
333 3426 365 3451 54
396 3419 433 3443 An
445 3428 524 3452 quum
537 3421 636 3446 Romae
655 3419 748 3445 domus
764 3417 837 3448 eius,
859 3424 941 3446 vxor,
963 3413 1041 3439 liberi
1054 3411 1119 3444 sint,
1138 3410 1246 3437 domum
1260 3419 1305 3444 po·
1367 3421 1396 3438 ac
1411 3412 1533 3438 deorsum
1553 3410 1673 3436 euntium
1693 3408 1840 3435 versatione
1859 3409 1915 3434 Sen.
1928 3406 1960 3433 de
1974 3406 2097 3440 Tranqu.
2112 3407 2159 3431 An.
2175 3415 2196 3432 c.
2211 3414 2241 3432 ii.
2276 3405 2348 3440 Conf.
2362 3405 2400 3432 Id.

280 3459 329 3479 tius
343 3453 509 3480 denuntiem?
578 3453 750 3482 Denuntiauit
764 3459 792 3479 vt
806 3452 897 3478 adesset
917 3450 972 3476 Cic.
986 3450 1062 3474 Verr.
1078 3454 1101 3479 ς,
1138 3467 1143 3472 .
1181 3466 1186 3472 .
1234 3446 1306 3472 Idem
1369 3447 1400 3474 de
1416 3446 1519 3481 prouid.
1534 3455 1554 3472 c.
1570 3453 1591 3478 5.
1642 3445 1731 3472 Terra
1745 3444 1861 3479 quatitur
1875 3448 1900 3469 et
1912 3442 2011 3468 sursum
2030 3450 2057 3467 ac
2072 3441 2194 3467 deorsum
2207 3445 2329 3467 mouetur
2341 3441 2399 3467 Sen.

282 3496 328 3521 pro
341 3489 448 3514 Caecina
462 3496 491 3520 95
522 3490 607 3516 Postea
628 3499 674 3516 cur
688 3489 770 3516 Ebuci
789 3488 820 3514 de
833 3487 882 3513 isto
903 3486 987 3520 potius
1001 3483 1095 3514 fundo,
1110 3491 1187 3516 quam
1206 3481 1237 3507 dc
1252 3481 1306 3507 alio
1370 3483 1461 3516 Q'N.
1482 3486 1508 3514 6,
1528 3490 1564 3508 21.
1618 3481 1748 3507 Deorsum
1775 3479 1864 3505 versus
1890 3477 2029 3512 spectantes
2055 3477 2160 3503 Colum.
2181 3485 2217 3508 η,
2234 3484 2275 3508 43.
2330 3476 2399 3504 Ter.

283 3522 319 3548 {si
334 3532 409 3556 quem
426 3523 520 3555 habes)
549 3526 672 3551 Caecinae
690 3523 875 3553 denuntiabas,
900 3521 927 3547 Si
944 3520 1055 3547 Caecina
1077 3527 1130 3543 non
1154 3516 1307 3551 poffidebat:
1371 3518 1444 3545 Adel.
1460 3528 1487 3552 4,
1501 3526 1525 3549 2,
1540 3519 1570 3548 36
1588 3516 1680 3543 Cliuus
1693 3515 1815 3542 deorsum
1829 3514 1931 3541 versum
1947 3512 1997 3545 cst,
2012 3512 2057 3539 hac
2072 3519 2098 3538 te
2109 3511 2285 3547 praecipitato.
2332 3512 2399 3538 Cato

284 3559 314 3583 Et
326 3566 372 3596 pro
388 3558 458 3584 Rosc.
473 3560 547 3585 Com.
562 3562 592 3586 26
621 3561 699 3593 Qtod
717 3567 816 3587 temere
831 3556 999 3585 commisisti,
1015 3556 1045 3581 Iu
1063 3552 1193 3579 iudicium
1215 3559 1243 3579 vt
1263 3552 1306 3578 de·
1322 3557 1354 3583 95
1371 3564 1391 3580 c.
1407 3555 1450 3586 156
1475 3552 1561 3579 Postea
1574 3551 1621 3578 vbi
1634 3551 1756 3578 deorsum
1769 3550 1857 3577 versus
1871 3548 1931 3574 ibit.
2002 3548 2131 3575 Deorsum
2143 3545 2308 3581 trissiliahum
2324 3550 2400 3574 inter-

284 3598 428 3624 nuntiarct,
457 3594 553 3627 rogasti
574 3601 601 3620 vt
625 3596 778 3630 ignosceret.
848 3594 965 3628 Propert.
984 3600 1012 3623 4,
1032 3598 1043 3622 3
1079 3589 1126 3615 Illa
1145 3588 1200 3614 dies
1214 3588 1305 3614 hornis
1369 3590 1425 3615 dum
1435 3595 1531 3624 ponunt
1546 3589 1645 3617 Portae,
1668 3594 1697 3613 vt
1711 3587 1815 3614 Lucret.
1829 3593 1854 3616 2,
1868 3592 1918 3610 202
1957 3583 2029 3616 Qiin
2051 3592 2160 3610 vacuum
2173 3589 2219 3614 per
2234 3582 2310 3608 inane
2324 3581 2400 3608 deor-

284 3627 396 3653 Caedem
410 3628 543 3668 denuntiat
555 3630 634 3664 agniS.
703 3632 758 3657 Cic.
773 3639 821 3664 pro
835 3630 922 3656 Domo
937 3636 960 3660 ¹3
985 3627 1020 3652 Vt
1034 3623 1167 3659 equitibus
1182 3624 1308 3650 Romanis
1369 3626 1425 3651 sum
1449 3623 1540 3650 cundia
1565 3623 1690 3649 ferantur.
1762 3620 1888 3648 Interdum
1911 3617 2065 3653 dtflyliabum
2084 3615 2220 3645 contracq'is
2242 3625 2256 3642 e
2279 3624 2302 3643 ec
2320 3626 2352 3649 o,
2372 3623 2401 3644 vt

286 3670 395 3702 mortem
408 3664 673 3703 proscriptionemque
686 3666 887 3697 minitarentur,
906 3672 948 3690 me
959 3666 1103 3691 terrerent,
1122 3659 1189 3685 mihi
1203 3659 1308 3685 caedem
1371 3660 1437 3687 Idem
1455 3660 1532 3686 eodem
1549 3658 1592 3685 lib.
1612 3668 1655 3693 217
1692 3657 1812 3691 Corpora
1832 3663 1914 3689 quum
1933 3654 2055 3681 deorsum
2079 3652 2178 3681 reatum
2197 3660 2244 3685 per
2267 3652 2345 3679 inane
2364 3653 2401 3679 se-

287 3702 312 3735 et
323 3697 523 3737 Duntcationem
536 3699 725 3726 denuntiarent.
795 3701 866 3726 Idem
881 3708 927 3734 pro
940 3697 1029 3724 Sextio
1043 3704 1079 3729 40
1115 3695 1171 3721 Nec
1185 3694 1253 3720 mihi
1269 3696 1309 3720 Iu-
1369 3702 1471 3723 runnu.

287 3731 384 3757 dicium
398 3733 501 3766 populi,
516 3742 561 3758 nec
577 3734 721 3767 legitimam
736 3735 850 3769 aliquam
863 3734 1067 3763 contentionem,
1085 3739 1132 3757 nec
1146 3730 1310 3763 disceptatio·
1318 3739 1364 3757 ιοο
1408 3737 1427 3757 D
1437 3738 1452 3757 F
1463 3737 1481 3756 0
1491 3737 1508 3756 R
1518 3737 1530 3756 s
1540 3736 1560 3755 v
1569 3736 1582 3756 s
1591 3749 1599 3761 ‚
1618 3727 1744 3762 Apuleius
1760 3726 1826 3752 dixit
1839 3725 1901 3752 Met.
1915 3730 1928 3756 8
1941 3734 1965 3760 P⁴
1978 3732 2036 3760 207.
2321 3740 2335 3750 ο

291 3775 366 3798 nem,
382 3774 423 3793 aut
435 3769 522 3806 cau—sae
536 3767 695 3800 dictionem,
713 3770 755 3796 sed
771 3770 843 3801 vim,
863 3778 947 3800 arma,
967 3768 1112 3798 exercitus,
1132 3766 1311 3799 imperatores,
1407 3772 1450 3792 DE
1460 3771 1479 3792 o
1490 3763 1579 3791 sexti
1589 3770 1645 3792 GR,
1660 3762 1708 3788 ari.
1733 3762 1799 3795 Dep.
1820 3761 1988 3795 [καταφιλέω]
2013 3757 2195 3786 Vehementer—et
2206 3754 2275 3783 arHe
2288 3755 2400 3792 ‹stultu-i.

290 3801 369 3826 eastra
381 3801 558 3827 denuntiabat.
627 3804 657 3829 stt
671 3805 744 3829 Verr.
760 3813 780 3836 1,
801 3824 807 3831 .
830 3824 836 3830 .
859 3823 865 3830 .
894 3805 956 3830 Non
971 3803 1064 3838 putasti
1081 3810 1123 3828 me
1134 3802 1186 3827 tuis
1200 3800 1311 3827 familia·
1372 3801 1431 3826 Siue
1450 3806 1509 3826 tuos
1527 3798 1625 3824 ocellos
1645 3796 1779 3823 deosculer
1793 3797 1873 3823 Plaut.
1888 3798 1943 3824 Cas.
1960 3805 1979 3828 ι,
1994 3804 2013 3827 1,
2026 3798 2066 3826 48-
2118 3793 2170 3818 Vix
2189 3792 2305 3826 reprimo
2319 3791 2402 3823 labra.

290 3836 391 3875 riliimis
404 3836 571 3863 Testimonia
584 3836 812 3872 denuntiaturum‚
836 3839 882 3873 qui
900 3845 959 3865 tuae
973 3839 1044 3865 domi
1057 3839 1130 3872 saepe
1142 3837 1261 3868 fuissent,
1280 3843 1312 3861 ex
1374 3836 1441 3870 quin
1460 3841 1485 3861 te
1505 3833 1640 3860 deosculer
1659 3833 1696 3860 Id.
1709 3831 1774 3858 ibid.
1789 3841 1814 3864 2,
1827 3838 1849 3864 8,
1866 3835 1900 3858 ν’».
1957 3830 2056 3864 Cupide
2070 3827 2198 3861 Scipionis
2215 3828 2347 3854 dexteram
2362 3836 2403 3861 ap-

291 3870 385 3904 qutbus
399 3880 565 3905 quaererem,
590 3872 691 3906 signane
711 3874 803 3901 scirent
822 3873 896 3899 fuifl‘e
914 3882 980 3907 quae
994 3883 1046 3900 non
1061 3874 1156 3900 essenti
1178 3875 1195 3898 i.
1207 3869 1313 3907 pqsiula-
1374 3869 1567 3905 prehenderunt
1581 3877 1608 3894 ae
1620 3868 1665 3894 diu
1680 3867 1821 3894 deosculati
1835 3868 1970 3894 VaLMax.
1984 3874 2009 3896 2,
2023 3872 2060 3894 ιθ,
2074 3871 2099 3890 2.
2136 3863 2251 3890 Martial.
2266 3868 2290 3895 8,
2304 3867 2328 3892 81
2347 3863 2403 3889 Hos

291 3911 386 3937 turum,
409 3913 437 3931 vt
458 3904 616 3939 testimonium
624 3908 776 3943 perhibeant.
825 3908 898 3944 Conf.
920 3917 968 3942 pro
981 3909 1004 3935 S.
1018 3909 1092 3936 Rosc.
1112 3910 1170 3935 Am.
1191 3916 1232 3934 ιιο
1245 3916 1266 3933 c.
1280 3910 1366 3939 38.105
1374 3904 1557 3940 amplectitur,
1569 3903 1618 3931 hoe
1631 3903 1801 3930 deosculatur.
1834 3906 1891 3931 Alii
1902 3900 2079 3931 Peroscuiatur
2095 3899 2187 3934 legunt.

2270 3936 2402 3959 Duoscv.
