2479 4225
632 175 918 236 ‚Eno

628 268 762 301 [ordinm]
799 265 846 292 Pro
864 263 940 288 Fame.
975 257 1029 296 Cic.
1046 256 1115 283 Fam.
1130 258 1153 286 8,
1167 261 1176 279 1
1197 250 1305 278 Misere-

639 304 750 330 Hicron.
762 301 805 334 Ep.
821 308 834 330 4
854 296 884 322 ad
899 293 992 320 Rustic.
1006 292 1096 318 Sidon.
1110 291 1154 323 Ep.
1168 290 1192 318 6,
1208 289 1232 313 6.
1263 320 1268 324 ¹
1296 319 1302 324 -

639 338 658 364 f.
694 336 823 370 [πείνησις]
859 330 933 356 Idem.
964 327 1079 353 Martial.
1102 334 1129 364 1,ι
1142 331 1187 349 100
1219 319 1304 360 ,11131111

779 370 877 399 Corpus
891 362 994 390 aridum
1013 362 1083 394 sole,
1095 360 1211 393 frigore,
1225 356 1306 397 esuri-

280 199 352 237 307

319 279 388 302 τεν
400 277 500 302 aits,
519 269 552 296 ei.
572 268 594 296 f.

286 318 329 338 rer
343 309 396 335 eius
413 306 516 333 esuriei.
553 302 626 344 Cogis.

322 348 530 371 ESVRITIO,
550 343 615 365 onis.

286 379 314 406 in
328 384 424 404 tantam
436 377 514 403 miser
533 374 710 401 esuritionem.

287 414 358 441 tione
377 412 462 440 Catul.
477 419 516 443 21,
532 419 569 444 14.
622 408 698 444 Idem·
711 403 792 444 Catiil.
807 409 843 433 19,
856 408 867 425 1

441 446 533 473 Aureli
545 450 615 479 pater
633 442 803 467 esuritionum

443 483 506 509 Non
520 480 608 506 harum
621 475 713 505 modo,
725 472 765 498 sed
780 476 844 505 quot
862 474 907 508 aut
918 468 1035 500 fuerunt,

443 518 495 544 Aut
508 516 577 544 sunt,
590 517 633 537 aut
644 509 703 536 aliis
715 511 788 533 crunt
801 506 829 531 in
840 513 924 531 annis.

292 553 468 582 Esuritionem
486 548 610 584 depellere
629 544 694 570 Gell.
710 544 746 573 16,
759 549 781 572 3.

326 596 343 616 Ε
351 596 364 616 S
374 596 392 614 V
402 596 420 614 R
430 589 441 614 ἴ
451 594 470 613 G
479 593 497 612 Ο
505 604 513 617 ,
530 582 587 608 i'niS.
612 580 631 605 f.
666 576 795 612 [πείνησις]

291 630 332 651 cet
351 623 508 651 accubitum,
530 615 622 643 accedo
646 611 806 643 strenuosiis,

291 659 394 720 c‘’iiass‘v
404 658 627 723 sviiiiusffidezmzlj
667 682 730 709 Plin.
743 689 788 713 20,
801 687 818 714 7
845 678 997 706 stomachos
1019 675 1154 702 dissolutos
1176 672 1308 700 vtilislime

292 729 413 756 adiuuant
445 724 483 750 vti
495 731 525 747 ne
543 729 575 747 eo
587 721 628 746 esu
642 718 780 744 alliiantur.
800 716 824 741 h.
839 724 858 740 e.
875 712 1026 746 Comestione.
1047 710 1170 751 „Quasdam
1191 709 1308 743 exempla-

291 768 330 790 ria
342 745 434 797 lngmit’,
455 755 582 784 Stoniachi
604 752 715 780 dissoluti
737 749 867 777 vtilissime
893 749 1065 778 adiuuantur,
1092 755 1120 773 in
1137 754 1170 771 eo
1188 745 1245 776 vsu,
1262 750 1307 769 etc.
1327 755 1352 781 ¹5

292 798 356 825 Geli.
369 805 395 828 4,
410 803 418 820 1
441 794 513 826 Qiae
526 789 579 816 esui
593 794 618 814 ct
635 787 710 821 potui
723 786 818 812 forent.
1101 819 1105 823 .

324 832 466 859 EDVLIS‚
486 836 508 853 0.
529 824 587 850 Adi.
609 820 752 856 [ἐδώδιμος]
773 819 901 855 Qidquid
917 819 997 845 editur
1010 817 1051 843 vel
1065 813 1200 851 cdipotqsi.
1239 813 1307 840 Geli.

291 874 319 900 ¹7
344 874 364 890 11
384 863 461 896 Qiod
479 870 509 888 ex
524 859 608 886 salutis
627 859 673 884 vsu
687 858 773 887 foret,
786 862 814 881 vt
833 854 920 880 edulia
933 852 1041 888 quidem
1053 853 1144 878 onmia
1156 850 1308 877 defenderet

286 886 437 928 ab⁷arteria,
457 895 649 930 depelleretque
672 894 699 919 in
719 890 879 918 stomachum
902 895 926 915 ct
948 888 1108 922 pulmonem.
1144 888 1186 914 Sic
1201 888 1306 912 Gronou.

285 938 405 973 Antiquae
416 932 530 968 quaedam
543 930 658 956 editiones
672 928 758 954 edilia.

286 971 366 997 mittit
378 976 477 1002 capreas
495 974 548 992 non
567 966 665 999 semper
677 962 784 989 eduleis.

321 1011 433 1031 EDVLI
444 1009 462 1027 V
473 1009 514 1034 M,
538 1001 568 1027 ii.
597 1009 622 1026 n.
663 997 785 1032 [iderunt]
821 994 950 1031 Qidquiil
961 994 1071 1026 edimus,
1091 999 1135 1020 aue
1152 992 1239 1019 edendi
1251 1000 1309 1028 gra-

283 1043 320 1067 tia
340 1042 452 1074 ponitur.
485 1037 590 1063 Sueton.
605 1035 731 1066 Cal.c.4o
756 1033 806 1059 Pro
819 1031 921 1061 eduliis,
935 1039 1001 1065 quae
1021 1035 1077 1056 tota
1096 1028 1161 1055 vrbe
1176 1028 1308 1060 venirent,

282 1081 381 1101 certum
395 1073 536 1107 statumque
549 1069 657 1106 vestiga!
668 1068 829 1102 exigebatur.
899 1065 1018 1105 Tertull.
1033 1064 1092 1091 adu.
1105 1063 1241 1096 Psychicos
1256 1072 1277 1088 c.
1291 1071 1308 1095 9

283 1110 405 1144 Exceptio
419 1108 564 1135 eduliorum
579 1104 741 1140 quorundam
754 1101 903 1137 portionale
917 1101 1048 1127 ieiunium
1064 1100 1100 1126 est
1154 1099 1230 1133 Apul.
1242 1100 1307 1125 Met.
1325 1105 1356 1132 25

283 1156 295 1177 5
310 1155 333 1180 p.
350 1154 398 1179 ¹44
412 1145 474 1170 Flor.
501 1142 563 1168 Vini
578 1140 692 1166 nectarei
711 1138 914 1171 eduliorumque
931 1137 1068 1162 variorum
1081 1135 1180 1162 fercula
1194 1134 1308 1169 copiosa.

283 1182 392 1208 Delicias
412 1179 515 1206 ciborum
530 1182 606 1203 notat.
643 1176 684 1202 Sic
697 1174 816 1209 Fulgent.
830 1174 892 1207 Exp.
905 1174 982 1199 serm.
996 1178 1049 1198 ant.
1062 1180 1100 1205 40
1130 1170 1255 1197 Edulium
1273 1169 1311 1196 ab»

284 1215 400 1246 edendo,
412 1214 506 1240 dicitur
525 1210 712 1246 praegustatiua
733 1208 866 1236 comestio.
922 1207 1054 1234 Ammian.
1067 1215 1139 1240 30‚4
1165 1206 1242 1232 Piscis
1262 1211 1307 1246 ant

283 1251 363 1278 edulii
385 1248 547 1284 peregrinum
569 1245 734 1273 vocabulum.
805 1243 950 1279 Capitolin.
971 1243 1001 1269 in
1021 1242 1119 1269 Pertin.
1148 1250 1170 1268 c.
1184 1249 1212 1268 12
1247 1241 1306 1268 Nisi

282 1286 353 1321 quod
366 1285 464 1311 missum
477 1283 534 1309 esset
547 1281 671 1308 edulium.
1301 1312 1307 1316 .
1321 1287 1354 1312 30

320 1321 478 1350 EDVLl'A,
496 1327 548 1344 uin.
568 1326 594 1343 n.
610 1318 648 1352 pl.
685 1314 819 1350 Lamprid.
831 1314 938 1348 Heliog.
951 1322 972 1339 c.
987 1320 1018 1348 27
1036 1314 1215 1347 Qiaecunque
1229 1320 1309 1346 coqui

282 1356 313 1382 de
332 1354 436 1381 dinei-fis
455 1352 575 1379 edulibus
592 1351 773 1378 exhibuissent.
852 1348 975 1375 Edulium
993 1349 1086 1375 caritas
1112 1348 1191 1382 Apul.
1212 1348 1277 1373 Met.
1298 1355 1309 1373 1

275 1391 322 1428 sub
332 1390 380 1425 fin.
416 1389 488 1424 Conf.
510 1388 547 1415 ib.
560 1395 573 1420 ς
592 1397 616 1421 p.
630 1394 668 1419 15,-
684 1386 794 1418 Floridi,
814 1385 946 1418 Mirisque
969 1383 1024 1410 illis
1044 1389 1069 1410 et
1089 1383 1173 1410 beatis
1186 1382 1308 1408 edulibus

280 1432 357 1460 atque
374 1424 464 1451 tucetis
484 1423 606 1450 oblectat.
640 1421 713 1458 Conf.
729 1421 834 1456 leian.
853 1420 882 1446 in
895 1419 969 1446 fin.1.
984 1419 1049 1446 solet
1067 1419 1099 1445 D.
1119 1418 1151 1445 de
1164 1416 1233 1445 offic.
1247 1419 1308 1445 Pro-

281 1461 348 1487 cons.
383 1462 417 1487 Ie.
435 1465 536 1486 EDVSA
553 1468 616 1484 mox.
642 1489 645 1491 ‚

313 1502 412 1522 EDVL
424 1494 436 1521 i‘
445 1500 533 1526 TAS,
552 1494 607 1519 Etis.
629 1492 649 1518 f.
684 1492 799 1527 Largitio
819 1499 902 1517 rerum
920 1489 1035 1516 edulium.
1070 1489 1204 1523 Lamprid.
1226 1489 1255 1515 in
1267 1489 1309 1515 Se-

280 1540 334 1558 vcr.
348 1540 369 1557 c.
384 1539 409 1556 22
422 1530 473 1556 bit:
490 1531 521 1556 αΙ.
536 1530 582 1570 leg.
596 1528 691 1555 vilitas.
1045 1543 1048 1551 .
1207 1558 1213 1563 ι

316 1564 478 1595 Εον1.ι“Α,
494 1573 531 1590 30.
554 1568 573 1590 1.
610 1565 672 1594 Dea,
685 1570 743 1597 quae
757 1559 833 1595 esi-am
841 1558 944 1594 praebet
956 1561 1045 1593 puerit
1058 1559 1126 1592 Aug.
1140 1557 1171 1583 de
1183 1559 1243 1584 Ciu.
1257 1558 1310 1584 Dei

282 1610 309 1635 4,
323 1610 353 1627 11.
393 1600 450 1626 isid.
473 1600 604 1626 Donatum
618 1598 650 1624 ad
662 1597 730 1624 Ter.
747 1596 852 1622 Phorm.
866 1603 886 1628 1,
901 1603 920 1626 1,
935 1601 958 1627 15
979 1596 1050 1620 cuius
1071 1594 1150 1620 Iocum
1169 1592 1257 1618 damus
1280 1595 1309 1618 in

262 1646 264 1648 ’
345 1643 366 1662 Α
386 1645 411 1662 11.
433 1643 457 1662 2.

283 1643 362 1698 (2ng
371 1673 460 1705 VSA,
479 1678 518 1695 ae.
540 1669 560 1694 f.
595 1666 684 1694 Eadem
701 1668 762 1694 Dea.
798 1665 876 1691 Varr.
895 1663 959 1698 apud
974 1663 1096 1690 Nonium
1111 1671 1133 1695 2,
1146 1671 1190 1694 310
1217 1663 1309 1695 Quini

284 1707 370 1741 primo
388 1706 447 1732 cibo
461 1710 485 1731 et
505 1704 611 1738 potione
623 1702 757 1728 initiarent
777 1708 886 1734 puerOS,
905 1698 1115 1725 sacrificabantur
1133 1698 1166 1724 ab
1187 1697 1308 1724 edulibus

283 1742 394 1773 Edusae,
413 1750 427 1767 a
447 1740 554 1774 potione
572 1738 676 1765 Potinae
695 1736 799 1763 nutrici.
834 1735 876 1763 Sic
893 1735 938 1770 leg.
952 1742 1001 1771 pro
1020 1734 1144 1761 nutricis:
1163 1740 1193 1759 vt
1203 1732 1241 1767 fit
1254 1734 1309 1759 Dea

303 1782 375 1802 otim
388 1784 484 1801 nutrix.

284 1778 301 1804 P
319 1817 361 1837 ΕΙ)
372 1817 405 1840 0,
421 1810 486 1835 anis.
506 1817 541 1834 m.
561 1807 674 1840 [φάγος]
700 1805 805 1832 Nonius
827 1812 847 1837 1,
864 1812 922 1839 237.
956 1805 1057 1831 Edones
1071 1809 1096 1830 et
1109 1802 1256 1837 phagones‚
1276 1800 1309 1828 ab
1318 1811 1353 1838 45

281 1846 419 1873 edacitate:
439 1852 519 1870 vnum
533 1841 670 1873 Latinum,
686 1847 711 1867 ct
724 1840 795 1867 aliud
808 1840 947 1867 Graecum.
982 1842 1084 1871 Varro,
1097 1838 1198 1864 Edones
1213 1838 1309 1863 Roma-

282 1882 325 1913 ni,
339 1887 364 1908 et
379 1880 454 1906 turba
466 1877 603 1905 incendant
616 1885 760 1902 annonam:
778 1875 821 1901 sed
835 1882 943 1909 propter
956 1875 1087 1911 phagones
1102 1873 1239 1900 ficedulam
1251 1873 1310 1907 pin-

282 1925 358 1953 guem
373 1921 414 1941 aut
429 1914 547 1944 turdum,
564 1911 610 1938 nisi
623 1911 770 1943 volantem,
789 1919 844 1936 non
856 1911 946 1937 video.

320 1953 407 1983 Eoo,
424 1949 478 1982 i‘di,
494 1951 548 1975 ere.
582 1944 729 1981 [ἐκδίδωμι]
766 1944 807 1978 Est
825 1948 948 1975 emittere,
968 1952 992 1970 et
1011 1943 1080 1980 quast
1091 1948 1181 1974 extra,
1199 1944 1218 1968 i.
1229 1942 1311 1978 foras·

283 1994 307 2014 et
331 1990 358 2012 in
380 1986 501 2021 publicum
522 1983 590 2009 dare.
627 1982 783 2014 Plin.10,;2
811 1980 947 2007 Feminam
966 1979 1046 2005 edunt
1062 1986 1130 2013 quae
1150 1977 1308 2003 rotundiora
1319 1989 1350 2016 50

283 2023 424 2058 gignuntur
443 2028 501 2046 oua.
570 2016 657 2043 Edidit
677 2017 812 2043 CCCLXV
831 2016 890 2042 vasa
907 2014 971 2042 vitis
995 2014 1065 2040 Suet.
1087 2013 1119 2039 de
1132 2012 1203 2040 Clar.
1218 2013 1309 2039 Gram.

284 2067 307 2084 e.
327 2066 364 2089 23.
406 2055 451 2083 Sed
470 2053 524 2087 Qii
543 2052 611 2079 nihil
631 2052 730 2086 potsunt
749 2051 857 2085 dignuin
875 2051 1014 2077 hominum
1033 2049 1141 2076 auribus
1162 2046 1266 2074 efficere
1284 2053 1311 2074 et

285 2091 362 2120 edere
373 2091 426 2117 Cic.
440 2090 470 2116 de
483 2091 555 2116 Orat.
571 2097 581 2114 ι
598 2096 619 2113 c.
632 2089 666 2113 26
686 2087 713 2112 de
726 2089 843 2113 oratione.
912 2085 984 2112 Idem
993 2084 1025 2110 de
1037 2085 1115 2119 Legg.
1130 2092 1154 2116 3,
1167 2091 1204 2118 47
1223 2082 1311 2118 -Apud

287 2126 454 2161 eosdem,qui
466 2123 612 2159 magistratu
624 2122 746 2153 abierint,
765 2121 841 2148 edant
857 2126 883 2147 et
895 2126 1024 2154 exponant
1037 2121 1103 2154 quid
1115 2120 1143 2146 in
1157 2119 1309 2154 magistratu

287 2162 415 2198 gesserint.
483 2162 513 2187 Et
527 2168 573 2193 pro
586 2158 655 2184 Sulla
670 2166 705 2190 42
741 2154 804 2184 Non
828 2156 977 2188 occultaui,
1001 2165 1054 2181 non
1077 2155 1199 2182 continui
1220 2154 1310 2181 domi:
1326 2165 1354 2193 55

287 2197 332 2226 sed
348 2196 457 2223 describi
475 2195 507 2222 ab
526 2193 647 2221 omnibus
667 2192 751 2219 statim
764 2192 896 2221 libi-ariis,
908 2191 995 2217 diuidi
1015 2190 1101 2225 pallini
1121 2196 1146 2217 et
1160 2190 1311 2224 peruulgari

288 2239 366 2267 atque
380 2231 422 2258 edi
434 2232 494 2265 Pop.
508 2231 625 2256 Romano
639 2227 775 2262 imperaui.
796 2230 833 2254 De
844 2227 960 2254 Tabulis
979 2228 1096 2261 quuitur.
1148 2226 1222 2252 Idem
1234 2227 1310 2252 Verr.

290 2277 303 2302 3
322 2278 342 2294 c.
356 2276 389 2300 29
423 2268 554 2299 Qiantum
573 2263 703 2298 Apronius
722 2263 837 2289 edidisset
855 2262 962 2295 deberi,
976 2268 1077 2288 tantum
1098 2270 1129 2288 ex
1149 2261 1237 2288 edicio
1250 2261 1312 2287 dan-

291 2303 351 2329 dum
370 2309 433 2329 erat.
468 2301 583 2328 Etiamne
606 2299 622 2325 [1
648 2300 704 2333 plus
726 2298 857 2330 edidisset,
884 2307 962 2333 quam
983 2303 1110 2332 quantum
1128 2302 1218 2323 natum
1238 2297 1313 2323 erat?

291 2339 349 2365 Edit
373 2337 484 2372 quisque
504 2335 575 2370 quod
596 2334 688 2369 potest:
706 2337 723 2359 i.
745 2334 847 2370 Prosci-t
865 2340 887 2359 ct
905 2336 960 2370 agit
980 2334 1060 2359 Plaut.
1080 2332 1176 2367 Amph.
1197 2341 1215 2363 1,
1231 2340 1250 2363 1,
1267 2338 1354 2366 77.60

290 2375 339 2401 Pro
357 2373 435 2399 dicere
445 2371 591 2406 ,simpliciter
608 2369 721 2396 quenal.
737 2377 758 2401 3,
771 2377 808 2403 74
826 2369 893 2401 Ede,
907 2369 972 2403 quid
993 2369 1070 2395 illum
1082 2369 1135 2394 Ess'e
1153 2369 1244 2401 putes?
1281 2368 1312 2393 Et

289 2418 315 2436 v.
329 2411 376 2441 296
405 2407 470 2438 Ede,
484 2406 531 2432 vbi
545 2405 676 2437 consistas,
691 2405 717 2430 in
734 2413 784 2439 qua
797 2410 824 2430 te
835 2413 933 2439 quaero
945 2403 1104 2430 Proseucha3
1140 2404 1208 2429 Hor.
1223 2403 1274 2428 Sat.
1286 2410 1313 2431 2,

290 2453 313 2477 5,
327 2447 355 2469 6i
387 2442 458 2476 Qiid
477 2448 565 2468 tamen
577 2440 624 2467 ista
639 2440 703 2467 velit
718 2439 765 2465 sibi
778 2439 882 2471 fabula,
895 2439 912 2465 fi
931 2439 1002 2472 licet,
1015 2439 1070 2465 ede.
1141 2438 1197 2464 Cic.
1212 2437 1243 2463 acl
1259 2438 1312 2470 Qi-

288 2480 357 2505 Frat.
372 2487 394 2509 c,
408 2487 419 2509 3
449 2477 545 2504 Nerius
564 2475 642 2502 index
660 2474 743 2501 edidit
764 2475 796 2501 ad
815 2475 947 2509 allegatos.
1002 2475 1075 2501 Idem
1088 2473 1121 2500 de
1134 2472 1224 2507 Legib.
1239 2481 1262 2504 3,
1275 2479 1312 2506 47

291 2514 345 2547 Qui
354 2512 501 2547 magistratu
515 2511 643 2543 abierint,
657 2510 724 2545 apud
739 2511 862 2537 Censores
875 2511 965 2543 edant,
980 2514 1127 2545 exponant,
1140 2508 1204 2543 quid
1220 2508 1248 2534 in
1261 2516 1312 2533 ma·
1325 2510 1357 2541 65

292 2549 403 2582 gistratin
419 2547 543 2581 gesserint.
611 2547 695 2572 Catul.
709 2549 749 2578 65,
765 2554 789 2578 ις
819 2546 867 2572 Dic
887 2546 980 2578 nobis,
1015 2560 1061 2565 ——-
1096 2544 1145 2571 ede
1166 2543 1216 2570 hoc
1236 2542 1314 2569 auda-

294 2584 363 2615 cter,
378 2583 521 2610 committe.
536 2581 617 2608 crede.
652 2582 732 2607 Edere
745 2581 908 2616 simpliciter,
922 2589 951 2608 vt
969 2580 1080 2615 prodere
1094 2580 1121 2606 cle
1136 2579 1314 2615 scriptoribus,

293 2617 416 2650 historicis
434 2618 590 2652 praesertim,
606 2616 660 2641 Cic.
674 2617 704 2642 de
719 2616 809 2650 Legib.
824 2625 833 2642 1
854 2626 875 2643 c.
891 2626 906 2643 2
941 2617 1047 2643 Sisenna
1080 2631 1126 2635 —
1160 2623 1251 2641 omnes
1271 2613 1313 2639 ad-

295 2654 345 2680 huc
363 2652 462 2678 nostros
482 2651 689 2685 scriptores,nili
709 2652 753 2685 qui
772 2652 842 2678 forte
861 2651 978 2677 nondum
998 2651 1150 2681 ediderunt,
1171 2650 1202 2676 de
1216 2649 1314 2684 quibus

296 2688 442 2715 existimare
459 2695 512 2712 non
531 2686 672 2719 possumus,
687 2686 825 2719 superauit.
864 2686 922 2712 Vid.
943 2696 997 2712 mox
1010 2686 1092 2712 Edere
1112 2686 1225 2716 Filium,
1236 2683 1358 2722 Ordi-70

296 2732 363 2749 nem.
513 2720 533 2757 ἣ
560 2729 576 2746 2
616 2719 768 2752 Siilfi.intiiii1
791 2721 875 2748 ordine
897 2722 1035 2746 elementari
1056 2720 1186 2754 disposita:
1222 2720 1317 2751 Edere,

297 2757 361 2793 apud
374 2758 443 2783 ICtor
461 2756 495 2782 cst
510 2757 620 2790 Copiam
633 2755 791 2781 describendi
810 2756 912 2786 facere,
929 2754 970 2780 vel
986 2754 1013 2779 in
1032 2754 1124 2779 libello
1137 2755 1277 2787 compleffi
1291 2760 1317 2779 et

298 2793 372 2822 dare,
385 2793 424 2817 vel
439 2792 548 2818 dissare:
565 2800 624 2817 eum
639 2799 742 2824 quoque
762 2791 836 2816 edere
850 2789 938 2816 Labeo
957 2788 1009 2819 ait,
1022 2789 1068 2821 qui
1081 2787 1207 2820 producat
1219 2788 1318 2813 Aduer-

301 2828 395 2853 sarium
408 2827 439 2852 ad
452 2827 537 2853 albuin
552 2833 576 2852 et
593 2826 749 2851 demonstret
762 2825 831 2859 quod
845 2824 963 2851 dieiurus
975 2822 1019 2851 est,
1032 2822 1074 2847 vel
1090 2821 1117 2846 id
1130 2821 1250 2860 dicendo,
1265 2829 1318 2854 quo

300 2864 339 2888 vti
352 2862 423 2888 velit.
460 2863 523 2887 Hiicc
540 2862 665 2895 leianus
680 2861 696 2886 1.
713 2869 721 2886 ι
740 2861 771 2886 D.
785 2861 815 2885 de
829 2859 939 2886 edendo.
967 2856 1027 2883 Vide
1041 2857 1143 2889 reisque.
1159 2889 1164 2894 .
1200 2856 1255 2893 Cic.
1271 2863 1319 2887 pro
1331 2865 1363 2891 73

301 2899 366 2923 Scit.
382 2902 412 2931 {47
446 2898 477 2922 At
497 2897 513 2922 si
533 2902 587 2922 tum
601 2898 626 2922 P.
640 2896 755 2926 Sextius,
769 2895 884 2925 Iudices,
902 2894 930 2919 in
945 2891 1045 2925 templo
1065 2889 1179 2915 Castoris
1197 2889 1319 2925 Animam

303 2941 378 2966 quain
398 2932 442 2957 vix
460 2932 581 2963 retinuit,
596 2931 724 2957 cdidifl‘en
744 2939 796 2956 non
816 2929 910 2954 dubito
929 2927 1010 2961 quin,
1026 2931 1070 2950 etc.
1092 2927 1110 2949 i.
1130 2930 1240 2963 moi-liius
1257 2922 1320 2955 ister.

303 2968 358 2993 Cic.
373 2968 421 2992 Att.
438 2975 461 2998 2,
472 2963 503 2992 '16
527 2968 561 2992 Vt
576 2966 684 2992 Annales
703 2967 760 2991 suos
777 2963 911 2989 emendem
925 2968 950 2987 et
963 2961 1047 2986 edam.
1114 2957 1195 2984 Ouid.
1210 2958 1241 2983 de
1259 2960 1321 2984 Arte

305 3003 362 3029 Ain.
377 3010 397 3033 3,
411 3005 437 3027 61
460 3002 527 3027 1)11111
542 3001 618 3031 licet,
631 3007 654 3026 et
668 3008 745 3025 veros
759 2999 837 3024 etiam
847 3005 914 3021 nunc
928 2995 1004 3020 editis
1017 2994 1118 3023 Annos,
1136 2996 1152 3018 i.
1172 2995 1323 3028 interrogati

1330 400 1346 428 ⁵

827 609 961 636 stimulans
980 606 1052 642 quod
1067 605 1171 638 esurigo
1194 602 1308 628 findebat

1323 1460 1353 1487 35

1315 1633 1354 1659 40

303 3037 389 3072 (apud
406 3038 527 3070 (i'rnjim‘m
544 3045 569 3061 v.
582 3036 631 3070 g.)
649 3035 809 3069 profitemini.
893 3065 899 3069 ἱ
1123 3063 1127 3067 .
1291 3064 1296 3069 .

303 3073 362 3099 Liu.
379 3080 397 3103 1,
417 3076 440 3100 ¹8
471 3070 610 3096 Aufiorcm
628 3069 761 3095 doeh-inae
781 3067 838 3091 eius
855 3073 917 3098 quia
936 3073 989 3089 non
1004 3063 1082 3088 exstat
1096 3063 1178 3095 alius,
1204 3064 1269 3088 falso
1282 3066 1323 3089 Sa-

305 3107 386 3133 niium
401 3104 567 3137 Pythagoram
580 3104 668 3129 edunt.
738 3101 809 3127 Idem
824 3107 846 3131 ς,
860 3107 883 3130 13
909 3098 1041 3131 Iuscqiinti
1062 3098 1176 3124 victores
1191 3098 1323 3133 ingentem

305 3141 440 3167 ediderunt
459 3138 579 3164 Caedem.
649 3139 745 3163 Cantus
772 3135 826 3160 Cic.
846 3134 877 3158 dc
895 3133 985 3160 Diniu.
1004 3141 1029 3163 2,
1049 3140 1089 3167 27.
1160 3134 1218 3159 Liu.
1239 3142 1276 3165 21,
1290 3142 1322 3166 43

306 3177 383 3209 Saepe
397 3180 421 3199 ct
434 3179 576 3198 contemtus
597 3172 676 3197 hostis
689 3176 826 3196 cruentum
840 3168 976 3193 Certamen
989 3167 1079 3194 edidit.
1147 3169 1253 3199 Clades,
1270 3168 1323 3194 vid.

306 3220 360 3236 mim
374 3211 483 3235 Funera.
553 3206 699 3232 Clamorem
713 3205 768 3230 Cic.
780 3203 810 3228 dc
823 3202 912 3228 Diuin.
928 3212 953 3234 2,
968 3211 997 3235 50
1010 3212 1030 3228 c.
1045 3211 1081 3234 23.
1098 3208 1120 3228 et
1139 3204 1198 3229 Liu.
1213 3206 1251 3234 26,
1281 3223 1287 3229 .

308 3246 470 3276 Conceptum
483 3240 610 3267 Columel.
623 3242 649 3270 6,
663 3247 705 3270 24,
721 3247 738 3264 1.
807 3237 912 3264 Tibull.
933 3247 960 3270 4,
974 3247 991 3267 1,
1007 3247 1048 3271 ¹¹4
1072 3239 1126 3271 Ipse
1142 3244 1228 3265 <amen
1247 3238 1325 3264 velox

309 3279 419 3305 celeri-ui
434 3278 508 3309 supcr
520 3275 595 3300 edere
607 3275 708 3307 Corpus
743 3272 824 3298 Audet
839 3281 951 3306 equum,
968 3272 1113 3306 validisque
1128 3273 1194 3299 sedet
1207 3273 1324 3299 modera-

309 3320 351 3340 tor
365 3312 480 3339 habt-uis.
535 3309 615 3335 Edere
634 3317 726 3341 corpus
743 3309 818 3341 super
837 3317 949 3341 equum,
968 3307 1060 3341 itijili're
1079 3317 1168 3343 eqiiiim.
1238 3309 1326 3339 Dicin,

310 3349 327 3375 1.
341 3352 356 3374 ό
369 3347 391 3384 §.
406 3350 421 3371 6
434 3348 464 3372 1).
478 3345 508 3371 de
522 3344 621 3370 edendo
631 3364 637 3375 ,
658 3347 674 3368 i.
695 3343 804 3368 indicari·
822 3353 955 3377 quocunque
974 3344 1050 3368 millo.
1120 3343 1175 3369 Cic.
1190 3344 1242 3376 Qi.
1257 3344 1324 3369 Frat.

310 3393 331 3416 1,
344 3393 359 3409 2
385 3381 516 3415 (Qioniain
531 3381 651 3411 Smyrnae
665 3378 729 3404 duos
744 3379 828 3409 Mysos
847 3378 958 3403 iusuilles
974 3379 999 3403 iu
1013 3379 1113 3403 culeum
1123 3398 1130 3409 ‚
1151 3378 1233 3403 limile
1247 3378 1272 3403 in
1287 3379 1325 3403 su-
1339 3386 1373 3410 90

310 3418 415 3453 periore
433 3422 502 3450 parte
516 3415 666 3449 prouinciae
679 3413 755 3439 edere
769 3413 918 3446 Exemplum
935 3414 1079 3439 seueritatis
1094 3419 1167 3444 tuae,
1185 3419 1210 3438 01
1228 3413 1327 3439 idcirco

310 3453 429 3480 Teuxim
443 3452 536 3477 clici-rc
555 3450 626 3475 omni
641 3449 741 3475 ratione
760 3448 875 3474 voluisse.
911 3448 1030 3481 Exempla
1049 3448 1124 3474 foeda
1144 3448 1170 3473 in
1186 3449 1269 3475 socios
1282 3457 1327 3481 pcr

310 3488 414 3515 foedam
428 3486 565 3513 auaritiam
583 3485 641 3512 Liu.
656 3493 698 3515 29,
735 3504 741 3509 .
778 3503 785 3509 .
821 3490 843 3508 et
857 3484 925 3509 Caes.
943 3484 969 3508 B,
984 3485 1014 3509 (ἶ,
1026 3493 1043 3515 1,
1057 3491 1078 3515 31
1106 3483 1225 3517 Exempla
1244 3484 1328 3509 auari-

310 3524 372 3550 tiae.
424 3521 482 3548 Liu.
504 3528 540 3552 ες,
575 3540 581 3546 ,
617 3540 623 3545 ,
659 3522 749 3552 qum
767 3518 848 3544 multa
868 3518 936 3550 irae,
950 3518 1029 3544 multa
1049 3518 1179 3550 inuidiae,
1193 3520 1328 3545 auaritiae-

312 3568 363 3594 que
377 3557 452 3584 foeda
461 3555 581 3588 Exempla
595 3554 740 3581 ederentur.
808 3553 932 3579 Fatinoia
956 3554 1026 3579 Idem
1046 3562 1086 3584 23,
1107 3573 1112 3579 .
1139 3574 1145 3579 .
1182 3555 1211 3579 Et
1227 3563 1263 3586 10,
1288 3574 1293 3579 .

314 3594 373 3621 Vid.
387 3602 440 3618 ηιοκ
454 3591 538 3617 Scelus
550 3589 632 3615 edcrc.
701 3589 799 3615 Filium
819 3588 947 3614 ediderim
966 3588 1082 3622 pluribus
1100 3588 1251 3615 aridioribus
1270 3589 1328 3615 Liu.

311 3637 330 3658 1,
342 3630 386 3661 46.
406 3631 423 3653 i.
445 3630 472 3653 111
489 3626 534 3652 hac
553 3623 655 3657 hillori'a
669 3626 827 3657 vulganii-rim.
855 3624 912 3649 Vici.
927 3632 980 3649 mox
995 3624 1120 3650 Ordinem
1134 3624 1218 3651 cdere.
1272 3625 1328 3651 Cic.

311 3664 344 3690 de
355 3664 428 3690 Orat.
447 3671 469 3692 r,
482 3669 517 3691 ¹3¹
552 3659 662 3685 Subac'to
684 3654 749 3685 milii
770 3659 875 3693 ingenio
892 3658 926 3684 cst
949 3668 1029 3692 opus,
1050 3664 1078 3684 vt
1097 3668 1159 3693 agro
1178 3669 1229 3685 non
1251 3660 1327 3686 scmcl

309 3704 397 3729 arato,
418 3696 458 3723 scd
473 3700 569 3721 nouato
583 3701 607 3720 ct
622 3694 728 3722 itcrato,
747 3703 799 3728 quo
818 3694 939 3720 meliores
956 3695 1031 3720 Fetus
1049 3693 1120 3728 poii‘it
1136 3701 1160 3720 ct
1180 3695 1328 3728 grandiores

311 3734 398 3761 edere.
469 3731 528 3758 Liu.
547 3735 590 3761 28,
626 3749 632 3755 .
668 3749 674 3754 .
717 3730 744 3754 Et
768 3730 879 3755 insuetos
899 3730 976 3756 Fetus
991 3729 1113 3755 animalia
1133 3729 1216 3756 edere.
1252 3731 1327 3764 Virg.

311 3770 407 3802 Georg.
422 3776 451 3800 4,
467 3773 520 3799 199.
593 3764 719 3790 Frondem
732 3763 784 3789 cdit
799 3764 881 3790 vimus
896 3765 979 3799 prima
992 3765 1179 3798 germinatione
1199 3765 1328 3791 Columel.

308 3812 332 3838 ς,
346 3806 371 3836 6,
384 3812 406 3829 2.
460 3800 583 3828 Fructum
602 3799 673 3825 Idem
687 3799 717 3824 de
732 3797 792 3824 Arb.
808 3808 827 3824 c.
841 3808 876 3824 21.
911 3801 966 3826 Cic.
981 3800 1010 3826 de
1025 3800 1059 3826 Ν.
1075 3801 1105 3826 Ι).
1122 3808 1144 3831 2,
1159 3806 1205 3831 ¹58.
1267 3800 1325 3826 Liu.

327 3859 334 3869 ‚
371 3858 377 3865 .
413 3857 419 3863 .
453 3837 494 3863 Sic
513 3836 618 3862 fortuna
639 3834 753 3860 exercuit
773 3842 850 3867 opes,
868 3840 895 3860 vt
917 3835 1025 3869 insignes
1044 3835 1166 3868 vtrinque
1184 3835 1285 3866 clach‚
1303 3842 1328 3861 ct

307 3875 375 3901 clara
388 3873 506 3908 ipsorum
520 3871 615 3896 ducum
627 3869 715 3896 ederet
730 3869 836 3895 Funera.
905 3869 1020 3896 Gemitus
1035 3870 1169 3896 doloribus
1183 3871 1284 3897 Lucrct.
1300 3881 1328 3904 4,

309 3918 379 3942 ¹009·

832 574 908 601 Idem.
946 574 1042 601 Varro,
1061 569 1114 596 Vbi
1128 566 1210 599 lubet,
1223 566 1263 592 ire
1277 565 1309 592 li-
1327 576 1356 594 10

850 3030 908 3057 Vid.
930 3028 1050 3056 Brouclch.
1071 3027 1104 3053 ad
1117 3027 1185 3054 Tib.
1208 3037 1232 3059 2,
1246 3036 1271 3061 7,
1287 3035 1322 3060 ςς.
1343 3034 1375 3059 80
1386 3031 1518 3057 Columel.
1539 3039 1563 3061 2,
1581 3033 1616 3056 16.

1317 3208 1396 3238 -8;.
1432 3226 1438 3233 .

1321 3573 1327 3580 ·
1341 3565 1373 3591 95
1393 3557 1456 3583 biill.
1472 3566 1493 3589 3,
1510 3566 1537 3589 4,
1552 3567 1567 3589 9
1587 3557 1674 3584 Edidit
1688 3559 1749 3584 hacc
1763 3555 1830 3586 tr‘i’ssi
1843 3561 1929 3588 dulcia
1942 3563 2029 3590 verba
2041 3565 2130 3591 modo.

450 3906 541 3934 Tacit.
554 3908 620 3932 Ann.
634 3913 670 3938 13,
683 3912 695 3938 3
722 3904 763 3930 Ne
775 3903 909 3941 designatis
927 3905 1034 3939 quidem
1046 3905 1232 3940 Qiacstoribus
1250 3905 1373 3943 eden-105

1749 160 1784 201 E
1873 162 1910 201 D
1997 161 2034 200 O
2335 165 2409 213 308

1372 250 1400 277 di
1415 250 1580 279 Gladiatores
1594 250 1720 278 neceffitas
1733 249 1801 275 esset.
1871 250 1973 277 Herbas
1988 259 2047 277 cuin
2061 249 2193 276 ediderint
2206 248 2290 282 campi
2302 248 2408 275 Colum.

1372 294 1398 318 2,
1412 295 1439 319 4,
1455 295 1473 313 1.
1546 288 1672 314 Hinnims
1692 285 1771 312 Ouid.
1787 284 1850 310 Met.
1865 291 1890 316 2,
1901 288 1963 318 669.
2035 286 2094 312 Liu.
2113 285 2145 311 de
2164 284 2228 311 Bell.
2244 284 2344 310 Maced.
2366 302 2372 309 .
2399 301 2409 310 .
2443 287 2446 290 ”

1374 320 1464 347 Editus
1486 322 1518 349 ab
1532 323 1682 349 Hannibale
1707 330 1738 347 cx
1767 320 1912 353 composito
1937 322 2006 356 Ignis
2028 321 2072 347 cst.
2143 320 2200 350 Cic.
2220 328 2269 354 pro
2288 319 2357 345 Sulla
2371 327 2409 352 44

1375 355 1424 381 Sed
1442 362 1530 384 tamen
1549 358 1594 385 abs
1615 365 1640 383 te
1655 358 1797 391 Torquate
1818 363 1931 389 quaere,
1954 366 2035 391 quum
2056 355 2184 382 indicatus
2205 361 2264 380 tuus
2282 354 2409 381 inimicus

1375 391 1448 422 esset,
1474 398 1500 418 et
1521 395 1579 420 ess‘et
1601 394 1657 419 eius
1679 393 1717 418 rei
1738 392 1861 425 frequens
1879 390 1999 424 Senatus,
2022 397 2048 418 et
2067 400 2156 418 recens
2176 390 2307 416 memoria
2329 389 2409 420 testis,
2444 421 2447 423 ‚

1375 425 1427 451 tibi
1446 435 1506 452 meo
1525 429 1653 455 familiari
1673 434 1699 454 et
1717 426 1899 453 contubernali
1915 426 1986 459 prius
2007 428 2087 454 etiam
2107 425 2205 452 edituri
2225 426 2325 451 fuerint
2340 424 2410 451 Indi-

1374 461 1451 500 cium
1459 462 1557 490 scribae
1571 465 1634 496 mei,
1648 463 1665 489 fi
1678 463 1799 489 voluisses
1808 482 1816 494 ,
1832 470 1912 496 quam
1928 461 1955 486 in
1968 462 2085 489 codicem
2099 461 2260 488 retulissent?
2336 459 2411 486 Vide-

1374 503 1416 522 tur
1426 499 1465 530 sic
1483 500 1557 524 etiam
1571 499 1698 535 legendum
1713 498 1790 525 Catil.
1807 507 1829 530 3,
1845 506 1865 523 11
1885 505 1906 522 c.
1921 504 1934 528 ς
1968 496 2045 523 Toto
2059 499 2111 524 iani
2125 497 2229 524 Indicio
2243 496 2360 531 expe-fito
2372 501 2410 521 at-

1374 540 1426 566 que
1445 532 1532 565 edito,
1548 542 1596 568 pro
1615 534 1727 560 iudicio.
1784 533 1830 561 Sed
1843 542 1891 567 pro
1907 530 2014 564 Qiin&
2030 535 2063 559 66
2077 543 2098 560 e.
2111 542 2138 560 2¹
2178 533 2208 558 Se
2229 532 2363 558 Iudicium
2381 530 2410 557 id

1374 567 1445 601 quod
1458 567 1516 594 edet
1530 569 1656 603 accipere.'
1691 568 1765 604 Coris.
1785 578 1840 594 mox
1852 568 1922 594 Editi
1935 567 2044 592 iudices.
2111 569 2205 595 Iulian.
2223 567 2242 593 l.
2253 575 2288 593 22.
2306 565 2328 603 §.
2344 575 2363 599 4
2374 567 2409 592 D.

1372 611 1436 629 rem.
1451 609 1499 629 rat.
1514 603 1605 630 haber.
1626 604 1652 629 Si
1666 610 1824 638 procurator
1832 603 1965 629 Iudicium
1982 601 2013 627 de
2032 601 2176 630 hereditate
2191 602 2321 634 ediderit,
2336 601 2412 628 dein-

1374 637 1405 663 de
1417 638 1540 665 dominiis
1561 638 1672 664 fundum
1689 640 1806 673 petierit,
1822 645 1867 664 ecc.
1938 638 2028 664 lustin.
2042 646 2064 669 2,
2077 645 2103 669 2,
2117 647 2133 670 9
2157 640 2227 665 Haec
2247 636 2411 664 continentia

1373 673 1427 699 illis
1441 683 1547 700 morum
1561 683 1669 709 quoque
1681 675 1811 700 Iustitiam
1825 673 1917 700 edidit.
1936 677 1954 700 i.
1974 675 2081 708 Peperit.
2137 674 2190 700 Cic.
2202 675 2233 700 de
2242 672 2334 707 Legib.
2349 676 2411 704 2,18

1373 708 1454 743 Leges
1467 715 1554 736 autem
1567 719 1581 736 a
1594 718 1635 735 nie
1648 709 1760 735 edentur
1772 718 1825 735 non
1838 708 1984 743 perfectae:
2004 717 2064 734 nam
2077 708 2137 734 esset
2150 710 2292 736 infinitum.
2343 708 2412 734 Leo·

1372 753 1416 770 nes
1435 745 1578 779 Capitolin.
1599 745 1626 770 in
1641 745 1701 771 Ant.
1715 745 1763 771 Pio
1782 754 1803 771 c.
1818 753 1846 771 10
1866 747 1893 770 in
1906 741 2060 780 speffaculis
2071 743 2110 779 fi*-
2182 745 2237 771 Cic.
2252 742 2331 770 Acad.
2342 751 2370 775 4,
2385 750 2424 772 13,

1372 788 1394 806 c.
1408 788 1426 812 4
1464 780 1520 806 Nec
1536 782 1560 807 se
1574 781 1674 810 tenuit,
1683 780 1750 814 quin
1764 786 1855 806 contra
1863 781 1937 806 suum
1954 779 2091 806 doctorem
2100 778 2211 806 Librum
2218 780 2296 806 etiam
2310 777 2412 805 ederet.

1372 815 1502 848 Qiinffii.
1516 825 1538 848 3,
1555 824 1571 851 7
1606 817 1636 842 Et
1649 815 1718 842 editi
1737 815 1766 841 in
1784 816 1986 849 competitores,
1999 815 2028 841 in
2041 815 2069 841 L.
2082 815 2217 846 Pisonem,
2235 821 2260 842 et
2274 813 2413 845 Clodium,

1373 856 1399 876 et
1425 851 1571 878 Curionem
1593 851 1694 883 Libri,
1718 850 1946 884 vituperationem
1970 850 2117 876 continent.
2188 850 2244 876 Cic.
2263 851 2335 877 Fam.
2354 857 2375 882 1,
2393 856 2412 881 9

1373 886 1447 918 Qios
1468 887 1521 913 iam
1542 887 1644 921 pridem
1661 887 1694 912 ad
1710 891 1735 912 te
1749 885 1886 919 misissem,
1906 886 1924 912 fi
1946 886 2059 913 edendos
2081 886 2213 919 putassem.
2282 885 2356 912 Idem
2377 883 2412 910 de*

828 926 895 952 Hor.
909 924 990 951 Sei-in.
1004 932 1031 957 2,
1044 932 1072 957 4,
1085 931 1117 957 43
1142 922 1228 948 Vinea
1240 922 1308 947 suiri-
1326 927 1362 946 20
1374 922 1466 948 Diuin.
1479 931 1505 955 2,
1519 925 1554 955 64
1571 932 1592 948 c.
1606 930 1637 954 30
1658 922 1712 955 Qii
1725 921 1790 948 Luci
1806 921 1926 948 ediderat
1940 922 2046 956 genitor
2058 922 2208 952 Saturnius,
2223 920 2294 946 idem
2329 919 2412 947 Abdi-

1374 956 1483 989 dit„etc.
1540 957 1681 985 Sollemnius
1697 955 1731 990 est
1748 958 1780 984 In
1797 957 1896 984 Lucem
1911 957 2006 990 edere,
2018 966 2043 984 v.
2056 966 2081 993 g.
2102 957 2157 983 Cic.
2170 956 2202 982 de
2210 955 2302 990 Legib.
2318 963 2329 981 1
2347 963 2368 981 c.
2383 955 2414 981 16
2448 970 2449 973 =

1374 992 1458 1019 Cuius
1470 994 1588 1020 muneris
1608 993 1713 1020 colendi
1734 991 1920 1026 efficicndique
1937 993 2011 1019 causa
2023 993 2078 1019 nati
2093 999 2118 1018 et
2132 993 2160 1018 in
2174 992 2271 1019 Lucem
2285 989 2352 1016 editi
2369 990 2413 1015 su-

1374 1036 1440 1054 mus.
1509 1029 1569 1055 Liu.
1583 1037 1624 1061 30,
1645 1049 1652 1055 .
1690 1049 1696 1055 .
1734 1029 1793 1054 Hoc
1813 1031 1920 1062 quo'que
1934 1027 2096 1055 Ludibrium
2108 1029 2215 1054 fortuna
2226 1036 2260 1053 an
2274 1027 2345 1052 casus
2357 1025 2415 1052 edi·

1374 1062 1459 1095 derit,
1478 1069 1507 1090 vt
1526 1073 1585 1091 cum
1604 1070 1678 1098 patre
1696 1069 1743 1091 tuo
1758 1064 1874 1090 Consule
1891 1063 2008 1097 ceperim
2025 1072 2107 1098 arma,
2121 1071 2167 1089 ctc.
2238 1063 2308 1088 Suet.
2322 1061 2351 1088 in
2362 1059 2414 1087 Iul.
2449 1075 2453 1081 ι

1374 1099 1447 1125 Caes.
1461 1108 1483 1125 c.
1496 1108 1527 1132 39
1546 1099 1635 1126 Edidit
1648 1099 1791 1134 speciacula
1806 1099 1876 1125 varii
1895 1099 2015 1133 generis,
2033 1108 2127 1125 munus
2139 1097 2345 1133 gladiatorium,
2360 1097 2415 1123 Lu-

1373 1134 1420 1160 dos
1434 1135 1513 1161 etiam
1526 1135 1685 1169 regionatim
1699 1135 1764 1162 vrbe
1776 1141 1839 1161 tota.
1876 1135 1916 1161 Sic
1932 1134 2046 1168 Propi-io
2059 1135 2145 1160 sumtu
2161 1132 2249 1160 Ludos
2266 1133 2345 1159 edere
2356 1131 2418 1158 Ta.

1371 1170 1415 1196 cit.
1429 1171 1496 1196 Ann.
1512 1178 1532 1202 1,
1547 1179 1580 1204 15-
1649 1171 1708 1197 Liu.
1723 1178 1746 1203 ς,
1759 1172 1790 1202 36
1830 1169 1935 1203 Qibus
1949 1170 2052 1205 Legatis
2069 1170 2206 1204 postquam
2225 1167 2348 1195 Mandata
2359 1166 2416 1193 edi—

1373 1205 1483 1238 derunt,
1503 1206 1531 1231 in
1544 1206 1658 1232 concilio
1670 1206 1808 1232 Gallorum
1824 1205 1902 1232 datur
1915 1205 2078 1239 responsum.
2113 1205 2242 1232 Laudatur
2255 1207 2328 1230 etiam
2340 1202 2415 1230 Idem

1373 1248 1411 1273 35,
1449 1260 1456 1267 .
1569 1242 1659 1268 Motus
1678 1241 1782 1268 Lucret.
1797 1250 1820 1273 3,
1834 1249 1888 1274 539.
1962 1241 2022 1266 Liu.
2036 1245 2077 1273 28,
2113 1259 2120 1267 .
2159 1260 2165 1267 .
2202 1240 2291 1274 Scipio
2303 1237 2416 1266 Cartha-

1373 1277 1461 1310 ginem
1475 1275 1507 1302 ad
1518 1282 1578 1303 vota
1591 1277 1715 1303 soluenda
1729 1277 1780 1303 diis
1792 1277 1889 1303 Munus
1910 1285 1944 1303 ue
1956 1276 2150 1311 gladiatorum,
2162 1275 2235 1310 quod
2247 1275 2342 1302 mortis
2354 1280 2418 1300 caud

1373 1313 1398 1338 sa
1410 1312 1491 1346 pati-is
1503 1312 1643 1347 patruique
1660 1318 1807 1347 parauerat,
1821 1285 1953 1338 edendum
1964 1311 2055 1338 r'ediit.
2093 1312 2172 1347 Supra
2185 1314 2211 1336 in
2226 1311 2315 1337 Ludos
2326 1307 2421 1338 edere..

1372 1348 1496 1374 Murmur
1514 1348 1594 1374 Ouid.
1609 1349 1673 1374 Met.
1691 1357 1730 1381 14,
1744 1353 1801 1378 280.
1871 1347 1955 1374 Nefas
1976 1348 2038 1373 Stat.
2052 1346 2145 1373 Theb.
2164 1352 2186 1376 8,
2208 1349 2248 1376 68.
2319 1345 2380 1372 Liu.
2394 1353 2417 1377 1,

1372 1391 1406 1416 34
1427 1383 1626 1417 Domicilioqne
1649 1383 1689 1409 ibi
1717 1389 1887 1417 comparato,
1907 1383 1938 1409 L.
1957 1383 2144 1417 Tarquinium
2167 1382 2285 1408 Priscum
2308 1381 2418 1407 edidere

1372 1418 1496 1450 Nomen,
1512 1418 1614 1454 profejffi
1621 1419 1685 1454 Jiint
1702 1419 1769 1453 apud
1780 1417 1958 1455 magistratus,
1976 1427 2029 1444 cum
2047 1420 2075 1443 in
2093 1421 2221 1444 ciuitatem
2240 1419 2418 1452 reciperentur.
2442 1428 2443 1431 ¹

1372 1454 1429 1480 Cic.
1448 1454 1525 1480 verr.
1545 1463 1570 1485 2,
1607 1474 1613 1479 .
1652 1474 1659 1480 .
1705 1454 1810 1487 Qubus
1829 1462 1880 1488 ego
1900 1454 2083 1480 testiinonium
2103 1452 2277 1484 denunfiaui,
2299 1459 2418 1486 quorum

1373 1489 1494 1516 Nomina
1508 1489 1714 1516 edidi¹Metello.
1783 1489 1856 1515 Idem
1870 1498 1919 1523 pro
1932 1489 2022 1515 Domo
2035 1490 2078 1515 sua
2093 1497 2123 1522 14
2135 1498 2156 1514 e.
2171 1491 2188 1515 6
2207 1489 2299 1515 Meum
2307 1487 2419 1514 Nomen

1372 1525 1502 1558 operariis
1534 1524 1668 1556 ediderat,
1689 1525 1821 1558 imperitis
1846 1525 1981 1551 iniecerat.
2052 1524 2113 1550 Liu.
2135 1532 2164 1557 3,
2201 1543 2208 1550 .
2247 1542 2254 1550 .
2291 1521 2419 1556 castigati

1373 1560 1486 1585 fortium
1498 1559 1584 1584 statim
1597 1559 1720 1585 virorum
1735 1560 1823 1593 Opera
1836 1559 1961 1585 edebant:
1991 1564 2148 1595 tantumque
2160 1559 2208 1586 hos
2222 1558 2325 1593 pudor,
2336 1559 2429 1592 quan&

1373 1599 1431 1619 tum
1449 1594 1562 1619 aliorum
1585 1594 1672 1620 laudes
1692 1594 1849 1620 excitabant.
1922 1594 1996 1620 Idem
2011 1602 2034 1627 ς,
2071 1613 2078 1621 .
2113 1615 2120 1621 .
2158 1596 2199 1621 An
2219 1594 2237 1620 si
2255 1593 2288 1619 ad
2302 1592 2416 1620 calciuos

1373 1637 1436 1655 eum
1449 1629 1524 1663 Resp.
1537 1634 1629 1661 vocet,
1647 1637 1701 1655 non
1721 1630 1819 1655 merito
1838 1629 1923 1660 dicat,
1936 1631 2030 1658 Annua
2043 1638 2103 1657 aera
2116 1630 2210 1662 habes,
2223 1636 2335 1656 annuam
2348 1628 2416 1662 Ope7

1373 1672 1430 1690 ram
1450 1664 1515 1690 ede?
1586 1665 1686 1698 Operas
1699 1664 1791 1695 edere,
1805 1664 1899 1690 dicitur
1911 1664 2031 1698 libertus,
2039 1673 2089 1701 pro
2102 1667 2184 1697 Dare,
2196 1662 2333 1700 praestare,
2340 1668 2416 1698 prat*

1372 1699 1427 1726 bere
1441 1706 1535 1734 operas.
1573 1700 1607 1725 Vl
1612 1709 1636 1733 p.
1652 1700 1669 1726 1.
1684 1709 1700 1732 9
1713 1700 1744 1726 D.
1759 1699 1791 1725 de
1804 1708 1876 1733 oper.
1888 1698 1977 1726 libert.
1998 1701 2146 1736 Proprietas
2158 1708 2248 1727 earum
2260 1705 2286 1725 et
2297 1699 2329 1725 in
2337 1698 2415 1729 eden-

1374 1735 1407 1759 tis
1420 1736 1528 1768 persona
1537 1755 1544 1766 ,
1558 1740 1583 1760 et
1602 1736 1630 1761 in
1642 1736 1700 1760 eius
1713 1735 1756 1761 cui
1773 1735 1898 1767 eduntur,
1911 1736 2036 1762 consistit.
2107 1735 2224 1763 Iauolen.
2237 1735 2255 1761 l.
2267 1742 2297 1761 zi
2311 1733 2344 1759 D.
2357 1730 2417 1759 eod.

1374 1769 1416 1794 tit.
1436 1770 1540 1802 Operae
1552 1770 1612 1795 loco
1627 1770 1671 1795 edi
1686 1769 1800 1802 debent,
1819 1770 1867 1796 vbi
1880 1776 2005 1803 patronus
2018 1777 2154 1804 moratur,
2166 1773 2251 1798 sumtu
2264 1775 2290 1796 et
2308 1767 2420 1796 vectura

1374 1804 1488 1838 patroni.
1557 1804 1614 1831 Cic.
1630 1803 1663 1830 de
1681 1805 1744 1830 Fin:
1759 1813 1780 1835 2,
1794 1813 1826 1830 20
1863 1806 1894 1830 In
1919 1805 1974 1831 alio
1995 1815 2061 1832 vero
2080 1806 2153 1832 libro
2175 1807 2203 1831 in
2225 1813 2279 1839 quo
2297 1803 2421 1830 breuiter

1373 1838 1567 1873 comprehensis
1585 1838 1740 1873 grauiffiinis
1758 1840 1910 1872 sententiis,
1931 1840 2003 1874 quasi
2016 1840 2131 1866 Oracuia
2149 1839 2258 1866 edidisse
2275 1838 2420 1872 sapientiae

1374 1874 1482 1901 dicitur.
1530 1874 1578 1901 Sed
1591 1873 1668 1901 Offic.
1682 1883 1698 1901 2
1713 1883 1735 1901 c.
1751 1883 1781 1901 22
1800 1875 1908 1907 Pythius
1922 1875 2020 1909 Apollo
2033 1875 2148 1902 Oraculo
2162 1874 2256 1901 edidit.
2291 1872 2350 1901 Vid.
2362 1880 2421 1899 mox

1374 1910 1536 1944 Responsum
1549 1909 1635 1936 edere.
1706 1910 1766 1936 Liu.
1780 1918 1824 1944 27,
1838 1919 1850 1936 2
1890 1912 1926 1943 Q
1939 1911 2044 1937 Caelius
2064 1911 2199 1945 triplicem
2213 1910 2254 1937 rei
2269 1909 2355 1943 gestae
2367 1908 2420 1934 Ot-

1375 1944 1464 1970 dinein
1477 1944 1541 1971 edit.
1611 1944 1678 1971 Plin.
1695 1953 1735 1976 10,
1749 1953 1780 1977 4¹
1807 1945 1855 1970 Gal
1868 1945 1928 1971 inae
1941 1945 2125 1972 inhorrescunt
2138 1945 2211 1972 edito
2223 1946 2295 1970 Ouo.
2361 1941 2420 1970 Cie-
2438 1945 2439 1948 ’

1375 1979 1407 2006 de
1420 1979 1456 2005 N.
1478 1979 1509 2005 D.
1528 1987 1556 2011 2,
1578 1987 1623 2012 129
1663 1981 1755 2012 Qium
1776 1979 1806 2004 in
1826 1985 1898 2005 terra
1920 1981 2027 2006 Pactum
2047 1980 2197 2011 ediderint,
2220 1978 2335 2006 obruere
2356 1986 2419 2006 oua.

1374 2014 1466 2041 Tacit.
1486 2015 1553 2040 Anu.
1573 2023 1595 2047 2,
1611 2022 1645 2048 54
1685 2013 1740 2041 Vbi
1758 2014 1906 2049 Agrippina
1924 2015 2066 2041 nouissimo
2085 2016 2162 2042 Partu
2178 2014 2275 2042 Iuliam
2295 2013 2421 2041 ediderit-

1374 2049 1494 2076 Planctus
1508 2051 1599 2076 quen.
1620 2059 1658 2082 10,
1672 2051 1727 2076 261.
1786 2049 1935 2081 *Ploratum
1952 2050 2110 2085 virginalem
2124 2058 2186 2083 ore,
2207 2049 2367 2077 Muliebrim
2382 2049 2418 2076 liu
2464 2059 2465 2063 ¹

1373 2095 1430 2122 gere
1442 2085 1498 2112 Cic.
1513 2086 1597 2111 Tusc.
1610 2094 1634 2116 2,
1650 2093 1675 2111 21
1696 2086 1751 2111 Hoc
1768 2082 1802 2117 ist
1815 2087 1853 2110 ica
1869 2083 2001 2121 effingere,
2018 2087 2060 2112 vel
2072 2087 2145 2112 talem
2157 2095 2239 2112 vocem
2251 2088 2418 2118 emitterem}
2463 2103 2466 2107 ‹

1373 2122 1510 2156 virginalis
1520 2122 1636 2156 ploratus
1647 2120 1779 2152 videatur,
1790 2129 1840 2146 non
1852 2123 1916 2146 viri.
1988 2121 2045 2148 Cic.
2058 2122 2136 2148 Verr.
2151 2130 2167 2148 2
2184 2130 2206 2148 c.
2219 2129 2255 2154 42
2275 2122 2335 2148 Hoc
2347 2128 2417 2148 com-

1375 2156 1443 2182 moti
1463 2155 1572 2188 dolore,
1585 2155 1715 2182 Postulata
1728 2154 1906 2188 Consulibus,
1921 2165 1990 2190 quae
2008 2165 2062 2183 non
2075 2156 2221 2191 postulata,
2239 2156 2283 2183 sed
2296 2156 2325 2183 in
2339 2155 2432 2190 istum:
2464 2170 2465 2175 =

1375 2191 1487 2218 crimina
1498 2190 1654 2217 viderentur
1661 2192 1719 2224 esse,
1732 2189 1880 2217 ediderunt.
1917 2191 2059 2223 Praelium,
2065 2191 2119 2226 flue
2125 2193 2240 2226 Pugnam
2254 2191 2314 2219 Liu.
2326 2200 2363 2224 31,
2381 2210 2389 2217 .
2407 2209 2418 2218 .

1375 2227 1432 2253 Cic.
1445 2227 1498 2253 Att.
1515 2234 1537 2259 1,
1552 2235 1576 2258 13
1615 2226 1662 2252 Dii
1681 2226 1847 2254 immortales
1868 2235 1932 2261 quas
1953 2235 2003 2261 ego
2016 2228 2130 2262 Pugnas,
2151 2231 2177 2253 'et
2196 2232 2306 2262 quantas
2321 2226 2418 2259 strage·

1376 2262 1459 2288 edidi.
1530 2261 1630 2288 Praelia
1646 2267 1673 2287 et
1693 2270 1791 2296 pugnas
1808 2261 1913 2288 Luci-et.
1927 2271 1953 2294 2,
1967 2267 2013 2292 118.
2084 2263 2186 2297 Pugnae
2204 2259 2306 2295 aliquid
2332 2259 2416 2288 Plaut-

1376 2298 1450 2331 Capt.
1465 2305 1487 2329 3,
1500 2305 1528 2330 4,
1542 2305 1583 2330 54.
1655 2297 1828 2331 Puerperinm
1846 2297 1912 2324 Plin.
1926 2305 1953 2332 7,
1967 2306 2000 2324 11.
2072 2298 2191 2331 Cim-pro
2203 2296 2288 2322 Plane.
2302 2303 2334 2327 43
2349 2304 2371 2321 c.
2385 2302 2416 2329 17

1375 2332 1403 2359 Si
1418 2332 1558 2366 Qiaesitor
1569 2331 1687 2358 edendus
1707 2333 1810 2364 fuisset,
1827 2341 1906 2367 quem
1923 2333 2028 2367 tandem
2043 2333 2146 2367 potius,
2168 2340 2248 2366 quain
2265 2330 2335 2357 hunc
2369 2342 2417 2350 -

1375 2367 1512 2394 edidisset?
1553 2369 1588 2394 Vt
1607 2368 1719 2402 prodere
1737 2369 1905 2403 interregem.
1977 2368 2105 2402 Qiaessus
2131 2367 2212 2395 Ouid.
2227 2367 2293 2393 Met.
2311 2372 2346 2398 4,
2361 2368 2418 2400 ςΒῚ.4
2462 2387 2463 2390 ,

1377 2403 1431 2429 Cic.
1443 2404 1497 2429 Att.
1511 2410 1527 2437 7
1540 2406 1577 2435 (8)
1591 2411 1604 2435 3
1638 2403 1687 2429 Sed
1698 2412 1748 2437 ego
1760 2403 1829 2430 mihi
1844 2404 1876 2430 ab
1890 2404 1939 2430 illo
1951 2412 2006 2430 non
2018 2404 2142 2430 Rationes
2156 2400 2418 2437 exspe&abam‚quac‚

1375 2438 1430 2465 tibi
1448 2438 1541 2465 edidit.
1578 2438 1660 2464 Edere
1673 2444 1698 2465 et
1711 2439 1795 2466 Reddi
1808 2440 1947 2472 Rationes,
1961 2439 2076 2466 multum
2095 2438 2236 2469 differunt,
2253 2439 2291 2463 ait
2304 2436 2340 2463 1³0
2391 2467 2395 2473 .
2409 2437 2412 2443 “

1377 2474 1454 2506 nim,
1474 2474 1530 2500 Nec
1544 2474 1636 2508 is,qui
1651 2473 1728 2500 edere
1742 2474 1821 2501 iuffus
1834 2474 1880 2507 sit,
1894 2476 2031 2510 reliquum
2044 2474 2155 2502 reddere
2174 2472 2297 2500 deberet:
2316 2477 2380 2497 nam
2417 2503 2419 2507 Ι

1377 2509 1541 2543 argentarius
1554 2509 1631 2535 edere
1644 2510 1787 2536 Rationem
1800 2510 1918 2541 videtur,
1939 2510 2019 2536 etiam
2033 2509 2051 2536 fi
2068 2509 2139 2544 quod
2155 2509 2289 2542 reliquum
2306 2506 2336 2533 fit
2349 2513 2382 2567 ap:

1377 2553 1456 2577 eum,
1473 2553 1528 2570 nou
1542 2544 1640 2575 soluat,
1657 2543 1674 2569 1.
1694 2549 1725 2576 89
1745 2545 1777 2570 D.
1797 2544 1830 2570 de
1846 2544 1922 2571 vei-b.
1937 2545 2032 2578 Signis.
2104 2545 2162 2570 Cic.
2182 2544 2236 2569 Att.
2255 2550 2279 2575 5,
2300 2550 2324 2573 13
2384 2547 2400 2575 g

1376 2585 1510 2615 praetcrea
1523 2580 1663 2605 Rationem
1683 2579 1822 2613 Philogeni
1841 2579 2044 2613 permutationis
2062 2578 2135 2608 eius,
2154 2586 2232 2613 quam
2252 2582 2338 2603 tecum
2355 2573 2421 2610 feci!

1377 2614 1459 2641 edidi.
1531 2615 1693 2648 Responsum
1705 2615 1814 2641 oraculo
1827 2615 1889 2640 Liu.
1905 2622 1950 2646 29,
1963 2623 1999 2640 10.
2037 2615 2106 2640 Hinc
2119 2613 2223 2648 ellspticae
2235 2611 2313 2639 edere
2327 2618 2420 2637 oracu-

1378 2651 1423 2683 lo,
1437 2657 1466 2676 vt
1477 2649 1546 2676 modo
1560 2650 1675 2677 vidimus.
1743 2650 1801 2676 Cic.
1817 2651 1871 2682 Qi.
1886 2650 1954 2675 Frat.
1970 2657 1993 2681 2,
2009 2657 2026 2681 9
2061 2649 2173 2675 Memini
2189 2648 2260 2674 enim
2275 2647 2359 2674 miros
2373 2645 2420 2673 Ri-

1380 2687 1420 2712 sus
1439 2694 1486 2712 nos
1504 2685 1595 2717 edere,
1610 2691 1656 2710 etc.
1727 2684 1801 2710 Idem
1820 2684 1852 2710 de
1871 2684 1933 2717 Leg.
1949 2692 1968 2715 1,
1981 2692 2012 2716 39
2048 2683 2120 2710 Nam
2135 2683 2153 2710 fi
2167 2681 2293 2710 inuaserit
2305 2682 2334 2709 in
2346 2681 2421 2714 haee,

1380 2729 1447 2756 quae
1468 2721 1526 2747 satis
1541 2721 1604 2746 scite
1624 2718 1702 2746 nobis
1719 2718 1844 2746 instructa
1863 2725 1889 2745 et
1903 2728 1961 2745 com
1982 2718 2046 2745 osita
2065 2718 2206 2751 videntur,
2228 2718 2308 2745 miras
2320 2716 2420 2745 Ruina·

1380 2756 1448 2782 edet.
1521 2757 1551 2782 Et
1565 2755 1676 2790 Philipp.
1691 2763 1725 2786 13,
1738 2763 1766 2781 21
1792 2754 1882 2780 Postea
1899 2763 1954 2788 quo
1984 2754 2087 2787 Scelus,
2105 2754 2176 2788 quod
2193 2753 2294 2780 facinus
2329 2751 2420 2779 ari-iei-

1382 2790 1415 2816 da
1428 2790 1482 2815 non
1494 2790 1594 2815 edidit?
1649 2790 1707 2815 Cic.
1720 2798 1770 2822 pro
1783 2790 1852 2815 Sext.
1866 2797 1888 2813 c.
1904 2795 1936 2822 27
1965 2789 2074 2816 Tamen
2086 2789 2128 2815 illi
2140 2788 2238 2815 Sceleri
2249 2797 2303 2822 quo
2336 2788 2366 2814 in
2376 2795 2421 2814 me
2454 2798 2455 2815 1

1382 2823 1493 2849 illorum
1515 2824 1665 2848 immanitas
1684 2823 1783 2853 edidit,
1803 2822 1872 2849 haud
1886 2822 1939 2849 scio
1954 2832 1985 2849 an
2000 2823 2050 2850 hoc
2068 2824 2139 2851 1·οέἲο
2153 2822 2305 2858 proximum
2318 2822 2366 2851 ess'e
2380 2822 2421 2849 die

1383 2866 1448 2883 cam.
1519 2856 1592 2882 Idem
1611 2858 1688 2882 Vcrr.
1703 2866 1722 2889 4
1741 2865 1762 2882 c.
1779 2859 1808 2883 16
1846 2857 1899 2883 Ede
1920 2859 1989 2885 mihi
2012 2860 2158 2893 Scriptum,
2197 2857 2244 2884 uid
2265 2858 2368 2892 argenti
2389 2857 2421 2885 in

1384 2891 1523 2924 prouincia
1535 2891 1624 2917 Sicilia
1638 2891 1746 2924 pararis.
1802 2893 1833 2919 Et
1850 2893 1952 2927 fiibdit,
1971 2894 2028 2920 Nec
2042 2894 2172 2927 Scriptum
2205 2893 2288 2925 abeo,
2301 2902 2348 2919 nec
2361 2894 2421 2928 pos-
2434 2909 2436 2914 =
2453 2904 2454 2914 ³

1384 2927 1440 2951 siun
1459 2925 1546 2952 edere.
1628 2926 1688 2952 Liu.
1725 2947 1731 2954 .
1768 2947 1775 2953 .
1810 2927 1890 2954 Edito
1905 2937 1920 2954 e
1938 2928 2046 2961 speculis
2074 2929 2163 2961 Signa.
2234 2929 2340 2956 Socium
2360 2929 2420 2958 Cic.
2453 2928 2454 2931 ’

1385 2970 1433 2994 pro
1449 2961 1541 3000 Qiint.
1555 2961 1591 3000 76
1604 2969 1626 2987 c.
1640 2970 1680 2994 24.
1705 2968 1729 2987 et
1746 2967 1775 2992 8ss
1788 2972 1810 2988 c.
1823 2971 1863 2995 29.
1933 2963 2014 2989 Ouid.
2034 2963 2063 2988 in
2082 2962 2143 2989 Ibin
2162 2971 2212 2997 ²24
2242 2964 2430 3000 Funereoque.

1386 3004 1476 3029 graues
1490 2995 1574 3022 edidit
1589 3004 1636 3022 ore
1649 2997 1741 3024 Sonos.
1777 2998 1843 3024 Plin.
1857 3004 1894 3031 17,
1910 3006 1950 3031 24.
2021 2997 2108 3032 Spicas
2123 2998 2199 3026 edere
2212 2999 2305 3026 dicitur
2317 3000 2420 3027 culmus
2452 3019 2454 3026 .

1558 3066 1563 3070 ⁴
1684 3032 1813 3066 Spiritum
1830 3039 1993 3065 extremum,
2005 3039 2055 3068 pro
2068 3035 2147 3062 Mori.
2182 3035 2238 3061 Cic.
2252 3035 2366 3070 Philipp.
2383 3044 2420 3069 12,

1387 3075 1414 3092 21
1431 3075 1452 3092 c.
1467 3075 1482 3099 9
1514 3066 1597 3092 Cuius
1611 3066 1639 3092 in
1653 3068 1790 3101 complexu
1811 3067 1926 3094 libenter
1939 3068 2011 3095 vitae
2028 3074 2174 3096 extremuni
2188 3070 2316 3105 Spiritum
2330 3070 2430 3098 edidit-⁷
2478 3070 2479 3077 ¹

1388 3102 1448 3128 rim.
1461 3136 1467 3141 .
1521 3101 1621 3128 Stercus
1629 3102 1733 3133 Colum,
1745 3111 1770 3134 2,
1783 3111 1817 3135 ις,
1832 3112 1849 3129 1.
1868 3102 1897 3129 de
1909 3103 2057 3130 volucribus.
2125 3105 2223 3140 Strages
2236 3106 2296 3133 Liu.
2310 3114 2355 3142 27,
2375 3125 2382 3134 .
2409 3125 2417 3134 .

1388 3143 1412 3162 ct
1436 3137 1491 3162 Cic.
1506 3136 1538 3162 de
1554 3137 1631 3170 chg.
1646 3145 1668 3168 3,
1683 3145 1718 3163 12.
1753 3137 1825 3164 Idem
1841 3140 1893 3164 Att.
1910 3147 1942 3169 11,
1958 3147 1991 3169 ¹3-
2047 3139 2188 3174 Strepitum
2213 3141 2319 3171 Colum.
2334 3150 2367 3173 12,
2379 3150 2420 3170 21.

1386 3172 1428 3200 Sic
1439 3171 1523 3199 Edere
1540 3171 1679 3198 stridorem
1690 3172 1807 3199 dicuntur
1820 3173 1931 3201 locustae
1946 3174 2010 3200 Plin.
2024 3183 2057 3206 11,
2070 3183 2111 3208 29.
2180 3177 2237 3203 Cic.
2251 3186 2299 3212 pro
2313 3178 2419 3204 Cluent.

1445 3242 1450 3247 ι
1476 3207 1546 3234 Nam
1562 3207 1591 3247 T
1592 3207 1692 3233 abellae
1712 3208 1870 3242 quaestionis
1892 3209 1978 3243 plures
1993 3211 2180 3244 proferuntur,
2199 3221 2267 3247 quae
2285 3214 2419 3246 recitatae,
2441 3225 2446 3233 1

1387 3241 1518 3276 vobisque
1530 3242 1615 3268 editae
1629 3243 1694 3268 sunt.
1766 3244 1870 3270 Lucret.
1886 3253 1908 3276 2,
1923 3246 1970 3278 164
2004 3244 2053 3271 Sed
2073 3248 2153 3273 variis
2171 3248 2265 3274 formis
2277 3247 2421 3275 variantein

1387 3277 1463 3303 edere
1476 3277 1588 3304 Tactus.
1657 3277 1750 3303 Testes
1770 3278 1864 3305 Cicero
1878 3280 1980 3314 Fragm.
2001 3289 2048 3314 pro
2062 3282 2141 3309 Corn.
2167 3283 2241 3310 Nuin
2254 3284 2283 3310 in
2301 3292 2349 3317 eo,
2371 3283 2433 3318 qui.

1389 3312 1436 3338 (int
1450 3312 1476 3338 111
1495 3313 1585 3344 testes,
1599 3312 1744 3339 haesitatis}
1781 3314 1835 3347 Ego
1854 3314 1932 3341 vobis
1949 3315 2023 3341 edam
2036 3315 2108 3343 duos.
2179 3319 2239 3346 Liu.
2253 3327 2275 3351 3,
2289 3327 2318 3354 71
2350 3320 2418 3346 Iam·
2436 3335 2437 3338 =

1388 3357 1439 3387 que
1458 3348 1536 3374 editis
1549 3347 1692 3380 Testibus,
1717 3357 1799 3382 quum
1819 3349 1904 3376 tribus
1922 3351 2029 3383 vocari,
2053 3358 2078 3378 et
2097 3353 2224 3387 populum
2243 3354 2313 3382 inire
2330 3352 2433 3381 suffi‘a-'i

1389 3390 1461 3415 guun
1474 3388 1616 3423 oporteret.
1687 3382 1759 3409 Idem
1769 3392 1809 3423 .²¹’
1844 3404 1851 3410 .
1888 3404 1894 3411 .
1932 3385 1973 3411 Ibi
1991 3393 2109 3421 vrgentes
2126 3390 2194 3416 inter
2207 3390 2248 3422 se,
2263 3389 2419 3416 cedentibus
2430 3383 2442 3422 ζ’

1389 3423 1512 3444 extremis
1530 3418 1563 3444 ab
1582 3427 1664 3451 aqua,
1688 3418 1912 3453 Trepidationem
1932 3421 2094 3456 aliquantum
2116 3424 2236 3452 edebant.
2311 3424 2417 3452 Tribus

1389 3451 1482 3478 edebat
1501 3456 1527 3478 i'n
1544 3453 1634 3479 indicio
1651 3453 1757 3480 arabitas
1775 3455 1901 3490 accusator
1915 3465 1970 3487 rat,
1986 3467 2045 3492 qiias
2057 3468 2072 3485 a
2088 3469 2127 3486 reo
2140 3466 2283 3495 corruptas,
2295 3466 2339 3485 aut
2352 3462 2418 3487 alias
2432 3455 2449 3484 ‘ss

1389 3487 1419 3513 ab
1431 3496 1464 3527 f?
1479 3489 1580 3528 auersas
1594 3495 1711 3522 putaret:
1730 3492 1747 3515 i.
1766 3489 1799 3515 ad
1818 3491 1912 3517 {admi
1932 3501 1959 3517 cx
1971 3494 2023 3518 illis
2034 3494 2147 3521 tribubus
2161 3495 2317 3530 prouocabat.
2359 3495 2418 3522 Vid.
2429 3483 2437 3495 .

1391 3522 1498 3548 Editicu
1516 3523 1622 3549 iudices.
1658 3525 1736 3549 Locus
1753 3524 1863 3555 classicus
1875 3526 1930 3552 Cic.
1944 3536 1992 3559 pro
2004 3528 2107 3556 Plancio
2120 3533 2150 3562 36
2168 3539 2188 3556 c.
2203 3529 2294 3565 15'filq.
2365 3531 2433 3559 Ti..

2185 3565 2241 3591 Cic.
2277 3574 2307 3591 ro
2349 3567 2394 3593 uin
2408 3572 2424 3594 ‚⁴-

1393 3595 1421 3625 63
1442 3593 1571 3619 Iudicium
1585 3594 1789 3634 quinacciperet
1802 3595 1830 3621 in
1843 3605 1871 3622 ea
1885 3597 1937 3631 ipsa
1945 3598 2031 3625 Verba
2044 3609 2111 3635 quae
2119 3600 2236 3626 Naeuius
2249 3567 2355 3634 cestha}
2362 3572 2417 3630 noia

1392 3629 1521 3668 recusasse.
1543 3663 1547 3668 ἡ
1570 3628 1680 3668 ..Τ-1011.
1694 3630 1757 3669 ν113
1770 3631 1856 3664 Agric.
1871 3641 1901 3665 34
1922 3633 1952 3659 Et
1965 3640 2082 3662 extremo
2096 3640 2166 3661 metu
2180 3644 2290 3669 coi-pora
2303 3636 2418 3664 defixere

1393 3673 1419 3704 in
1433 3663 1472 3690 his
1486 3663 1601 3703 vestigiis
1611 3684 1617 3696 ,
1632 3673 1658 3703 ¹'.¹
1676 3664 1773 3698 quibus
1788 3666 1932 3699 pulchram.
1947 3676 1972 3695 et
1989 3668 2154 3704 speGiabilem
2167 3670 2314 3698 Victoriam
2328 3672 2418 3700 edere·
2430 3662 2452 3694 ¹2

1392 3705 1434 3724 tis.
1506 3701 1562 3726 Cic.
1577 3699 1607 3724 dc
1624 3700 1679 3725 Fin.
1695 3708 1715 3729 ς.
1730 3710 1747 3732 4
1780 3701 1836 3727 Nec
1856 3702 1886 3728 ad
1905 3703 2031 3738 hospitem
2045 3712 2103 3732 ante
2117 3704 2264 3738 diucrtissc,
2279 3716 2356 3741 quam
2371 3709 2418 3740 Py-

1336 3744 1383 3762 100
1393 3734 1516 3767 thagorae
1537 3735 1618 3768 ipsum
1634 3734 1707 3760 illum
1729 3735 1815 3762 locum
1829 3737 1874 3764 vbi
1889 3739 1975 3766 Vitam
1989 3740 2121 3771 ediderat,
2142 3739 2280 3776 sedemque
2291 3743 2415 3770 viderim.
2452 3755 2454 3760 ’

1393 3769 1553 3808 IdemTusc.
1568 3778 1592 3800 2,
1606 3777 1636 3795 20
1655 3771 1725 3809 Qias
1740 3770 1782 3796 hic
1796 3773 1877 3799 Voces
1891 3775 1955 3808 apud
1965 3775 2119 3809 Sophoclem
2133 3774 2161 3800 in
2175 3775 2331 3804 Trachiniis
2344 3777 2416 3805 edit!
2459 3787 2462 3794 ¹

1392 3805 1565 3838 Vi·inain,pro
1580 3806 1671 3830 Ateio-c
1684 3806 1748 3831 Plui.
1764 3812 1799 3839 28,
1812 3816 1838 3840 4.
1910 3811 2024 3836 Vulnera
2042 3810 2118 3836 edere
2136 3810 2197 3836 Stat.
2220 3811 2283 3837 Silu.
2298 3820 2317 3845 1,
2337 3816 2363 3845 6,
2378 3821 2415 3840 12.*

1393 3839 1497 3878 Editum
1519 3839 1568 3864 cst:
1597 3840 1652 3865 Cic.
1673 3840 1704 3866 de
1717 3843 1788 3867 Orat.
1805 3846 1879 3873 1,136
1904 3845 2054 3880 Peruulgari
2072 3850 2156 3871 artem
2178 3846 2251 3873 suam
2273 3848 2415 3876 noluerunt
2458 3866 2460 3868 v

1391 3874 1489 3914 deinde
1500 3874 1585 3908 postea
1598 3883 1675 3909 quam
1690 3875 1725 3902 est
1738 3877 1845 3910 editui-n,
1857 3887 1901 3905 etc.

1427 3915 1584 3942 1301'1'vs‚
1603 3918 1634 3943 a,
1653 3919 1705 3938 um.
1734 3913 1827 3941 Panic.
1868 3914 2020 3948 Vt,Editus
2037 3913 2110 3941 Ioui·
2130 3915 2185 3943 satu
2208 3916 2418 3982 Herculesogici·

2373 3973 2380 3981 ι
2393 3959 2415 3986 ¹»
