2479 4225
38 227 95 269 181
420 217 684 260 DIM
1538 212 1800 254 Dlo
2001 223 2169 273 ¹182

37 312 156 348 teve...
211 306 269 336 Cic.
283 305 316 335 de
330 306 436 335 Amicit.
451 312 484 342 78
514 307 555 334 Est
569 307 647 334 etiam
661 305 730 342 quast
744 302 871 345 quaedam
884 301 1026 344 Calamitxxs
1040 299 1069 343 in
1170 311 1188 332 1>
1198 311 1206 332 1
1217 312 1242 333 M
1252 311 1262 332 1
1273 311 1286 332 s
1295 311 1308 332 s
1318 310 1364 332 oa
1373 309 1383 330 1
1393 311 1438 332 ΑΒ
1457 303 1561 331 Lito-ae
1570 321 1577 334 ,
1610 300 1737 338 [α’φιτμωὶ
1748 302 1912 339 γράμματα]
1947 306 2030 341 inquit
2044 300 2171 332 Modesti-

37 343 170 372 Amieitus
183 340 346 370 dimittendis
361 351 550 377 nonnunquam
563 343 706 369 necessaria.
777 342 901 367 Animum
916 339 1026 365 dimittit
1041 348 1069 365 in
1134 349 1181 367 nus
1195 341 1227 368 de
1239 340 1418 374 Verb.Signif.
1435 342 1578 374 sunt‚quae
1591 339 1674 373 vulgo
1688 337 1807 373 Apostoli
1821 338 1953 366 dicuntur.
2003 341 2172 368 Dimissoriae

35 385 102 406 artes
114 379 215 414 ignotas
248 379 328 406 Ouid.
342 380 405 405 Met.
420 384 441 409 8.
456 384 504 408 188.
590 380 619 405 In
627 379 729 411 Aquam
742 375 843 402 dimitti
876 375 995 400 Sci-ibon.
1011 376 1068 407 264.
1135 384 1221 403 autem
1235 375 1320 403 dictae
1333 377 1408 407 sunt,
1425 376 1496 409 quod
1528 384 1556 401 er
1569 383 1611 401 eas
1623 374 1698 401 causa
1714 373 1746 400 ad
1761 382 1831 406 eum,
1845 375 1891 408 qui
1904 375 2045 409 appellatus
2061 376 2112 409 est,
2131 375 2172 402 di—

36 415 69 442 ln
77 415 151 449 Aqua
162 413 294 441 dimiss'um
315 423 363 447 123.
433 414 488 440 Cic.
503 416 579 441 Verr.
593 422 615 443 a,
629 414 663 444 69
694 412 754 437 Erat
773 411 912 437 hominum
927 416 1071 436 conuentus
1136 413 1260 439 mittitur·
1295 413 1337 440 Sic
1349 411 1488 437 Marcellus
1501 421 1508 436 t
1519 420 1532 436 c
1547 410 1657 436 Libellis
1671 408 1833 435 dimissoriis.

37 451 181 482 maximus,
200 450 331 477 summum
345 449 494 482 silentium,
512 450 610 475 summa
621 446 788 481 exspectatio,
810 454 924 480 quonam
943 446 1002 471 css‘et
1014 445 1070 471 cius
1093 454 1108 480 ς
1172 453 1378 478 D1MORON,
1408 446 1426 472 i.
1451 455 1478 472 n.
1516 448 1556 472 Ita
1578 447 1704 481 pulegium
1726 451 1830 471 vocatur
1849 443 1915 479 apud
1944 446 2021 479 Apul.
2040 446 2072 472 de
2088 445 2172 473 Herb.

38 485 165 519 cupiditas
182 491 314 520 eruptura.
333 485 428 519 crebro
447 484 595 512 dimittebat
614 483 639 508 se
658 482 776 508 aecensus
794 482 826 507 ad
842 482 940 507 Aurem
962 481 1072 507 Timar·
1136 491 1157 509 c.
1173 491 1215 515 92.
1367 480 1387 518 q
1408 489 1425 507 2.
1460 483 1496 507 Ex
1510 483 1600 507 Gracco
1625 479 1739 516 διζιιοιρον,
1761 487 1810 515 pro
1823 479 1914 505 duabus
1922 481 2040 515 partibus
2053 485 2136 507 tertiis
2144 481 2173 517 s.

38 519 199 547 chidemum
212 521 259 548 iste
273 520 494 555 aliquando‚Age,
502 520 552 550 dic,
559 518 715 552 inquit,ctc.
750 517 852 543 Bellum
867 517 1001 543 dimittere
1009 516 1071 542 Stat.
1134 518 1207 551 hvffi,
1227 525 1267 553 ap.
1278 518 1347 545 Vitr.
1361 525 1383 550 3,
1397 526 1416 543 ι.
1470 516 1543 551 Cous.
1557 516 1630 543 Baldi
1644 516 1707 542 Lex.
1720 524 1745 550 p.
1760 525 1804 549 40.
1830 516 1863 542 al.
1876 515 2024 543 Dimirum:
2043 515 2173 551 rec'liffime

36 553 128 582 Theb.
138 564 176 588 10,
198 575 205 583 .
229 576 237 583 .
257 553 603 583 CoenumdimittereCit-An
611 552 689 579 Catil.
700 560 720 584 1,
732 561 769 578 10.
807 553 923 578 Comitia
938 551 1072 578 dimittere
1135 554 1302 580 Dimocrum.

36 586 76 618 Id.
91 591 143 619 Att.
158 600 177 624 1,
193 600 218 624 9.
254 592 389 618 Contione
403 591 501 618 dimissa
515 588 631 615 cietur.
647 596 669 620 2,
683 587 775 622 24fin.
812 587 969 614 Debitorem
984 586 1073 612 dimit—
1173 595 1191 614 ι)
1203 597 1210 615 ι
1222 596 1246 615 M
1257 587 1275 615 ὅ
1286 596 1304 614 ν
1314 594 1331 614 Ε
1341 593 1361 613 0
1372 607 1380 618 ‚
1399 586 1461 617 oui,
1487 588 1577 618 otum,
1598 589 1650 613 ere.
1686 582 1827 619 [διακινέη
1852 585 1981 619 οἷποκινὲω]
2020 584 2175 621 Idemstgni0

37 626 287 657 tere,vid.Debitor
297 646 305 659 ,
316 631 342 653 m
356 633 460 654 nmmo.
495 624 568 657 Virg.
583 624 647 649 Aen.
660 632 688 656 4,
702 628 753 655 428
775 623 830 649 Cur
841 632 898 649 mea
908 622 985 648 Dic‘ta
997 627 1073 656 negat
1090 629 1118 649 10
1135 623 1195 658 ficar
1207 624 1271 659 quod
1282 625 1426 653 Remouere,
1449 622 1488 647 vel
1499 621 1561 646 Loco
1570 620 1615 656 suo
1633 630 1734 648 mouere.
1783 620 1839 647 Vid-
1855 622 1939 647 Burm.
1953 620 1988 647 ad
2000 621 2130 653 Qnin&il.
2145 628 2175 655 7,

38 661 115 688 duras
130 661 265 689 dimittere
279 663 307 688 in
319 664 410 689 aures?
442 658 623 688 Discedentem
635 667 690 684 non
703 658 755 684 fine
768 667 863 692 magno
872 658 971 684 Dolore
985 656 1074 684 dimit·
1138 668 1150 692 3
1163 668 1187 694 p.
1203 662 1255 688 618.
1312 658 1368 684 Cic.
1383 666 1431 691 pro
1446 656 1551 683 Caecin.
1565 665 1600 689 49
1622 657 1762 683 Dimoucri
1776 657 1847 682 enim
1859 662 1884 682 et
1899 656 1996 690 depelli
2008 656 2041 681 de
2055 656 2114 681 loco
2129 665 2175 681 ne-

37 701 93 724 tere
102 697 157 724 Cic.
172 699 225 724 Att.
239 707 272 730 12,
290 707 316 730 19
330 701 398 729 (¹8)·
443 696 513 722 Suet.
528 694 559 720 de
567 694 637 720 Clar.
651 694 726 720 Rhet.
740 696 785 720 c.6
805 694 919 728 Suscepit
933 702 975 719 eas
988 699 1072 727 partes
1137 695 1200 721 cess'e
1215 694 1250 720 est
1265 702 1342 724 eum,
1364 694 1411 727 qui
1424 692 1571 718 deiiciatur.
1609 692 1735 719 Budaeus.
1791 691 1873 718 Ouid.
1888 692 1966 725 Epist.
1982 696 2016 723 ιε,
2030 696 2062 721 80
2082 690 2176 716 Nulla-

38 732 148 767 aeiaque
161 733 197 759 ita
210 735 368 767 compleuit,
387 737 415 758 vt
425 730 517 756 Planco
531 729 661 756 silentium
674 730 837 764 imponeret,
856 738 911 755 non
924 728 1031 755 audenti
1044 729 1073 754 in
1137 736 1189 764 quc
1202 738 1254 755 vox
1267 735 1383 763 vnquam
1395 728 1495 754 nostras
1509 726 1631 753 veniebat
1644 727 1675 753 ad
1687 736 1780 759 aures,
1815 728 1920 753 Praeter
1935 727 2050 753 dimotae
2063 734 2176 759 corpore

38 768 270 802 Comparationem
280 770 303 794 se
316 767 455 794 dimittere.
507 764 643 801 Legendum
658 765 813 791 Deinittere.
884 764 940 790 Cic.
953 763 985 790 dc
999 765 1073 791 Orat.
1136 774 1256 792 murmur
1267 772 1359 798 aquae.
1416 763 1518 789 Bonum
1532 770 1556 788 et
1570 763 1668 788 malum
1682 762 1836 795 dimmoere,
1852 765 1870 788 i.
1883 762 2037 797 Discernere.
2073 761 2176 787 Sallust.

37 812 59 835 1,
71 809 108 829 121
130 803 341 831 Adulescentulus
359 810 422 829 vero
436 800 469 827 sic
481 800 562 827 initio
586 801 758 827 accusationis
775 799 936 827 exanimatus
959 801 1024 832 sum,
1045 805 1073 825 vt
1093 808 1118 834 11,-
1136 800 1168 827 de
1188 799 1290 834 Repub.
1304 798 1370 825 Ord.
1392 807 1412 830 1,
1432 806 1497 833 5pr.
1527 799 1644 824 Primum
1664 797 1692 824 id
1706 799 1801 832 quaeso
1816 797 1966 830 considera,
2006 796 2070 823 ualis
2084 796 2129 829 sit,
2143 795 2178 822 de

38 837 89 866 hoc
102 839 232 865 summum
245 838 398 866 beneficium
413 837 450 870 Q
461 837 581 863 Maximo
595 836 751 869 debuerim,
771 834 842 871 quod
863 835 990 861 continuo
1004 836 1073 861 Con·
1137 845 1190 871 quo
1204 834 1346 862 consultas:
1371 834 1409 859 ita
1424 833 1501 859 bonis
1513 833 1642 868 malisque
1655 833 1780 865 dimotis,
1800 834 1899 867 patenti
1911 833 1956 860 via
1968 841 1982 859 a
2013 841 2106 859 verum
2120 840 2179 866 per-

38 873 131 900 cilium
150 875 292 906 dimiserit,
304 871 377 899 simul
394 880 423 898 ac
446 880 488 898 me
507 872 621 905 fra6hnn
641 880 669 898 ac
689 871 857 900 debilitatum
877 876 948 896 metu
966 870 1074 897 viderit.
1138 880 1189 907 ges.
1226 871 1282 896 Cic.
1298 869 1330 895 de
1345 870 1448 895 Inuent.
1458 878 1479 901 2,
1489 877 1512 894 12
1539 869 1583 895 Sin
1595 875 1681 895 autem
1695 876 1749 894 non
1763 868 1791 893 in
1803 869 1940 895 hominem
1957 874 2074 900 certum,
2092 866 2179 893 sedin

37 910 160 937 Concilia
173 910 290 937 instituta
302 907 448 939 dimittere,
468 907 512 933 vel
530 907 620 933 habita
640 906 787 934 rescindere
813 905 886 932 Idem
899 906 929 932 de
945 906 1035 940 Legib.
1049 914 1072 938 3,
1137 916 1194 935 rem
1212 906 1328 940 aliquam
1348 905 1430 930 Causa
1449 904 1641 930 dimoucbitur.
1669 903 1695 930 h.
1708 912 1728 928 e.
1746 904 1890 931 Reiicoetur.
1963 904 2032 930 Cels.
2052 912 2073 936 3,
2086 911 2119 929 22
2149 903 2179 930 Si

37 953 80 978 41.
116 947 148 972 Et
161 947 238 973 Vcrr.
250 954 272 978 2,
284 951 314 978 73
341 943 453 969 Causam
469 943 532 975 sese,
547 942 651 969 dimisso
665 949 744 977 atque
759 940 880 974 ablegato
894 941 1012 968 Consilio
1030 942 1072 968 de·
1137 942 1334 976 nauigationem
1350 940 1438 975 aliqua
1451 949 1491 966 res
1509 939 1650 974 prohibet,
1670 937 1778 969 lectica,
1797 939 1840 963 vel
1852 939 1907 964 alio
1929 939 2011 965 modo
2024 939 2126 973 Corpus
2138 937 2179 964 di-

37 980 175 1007 sensurum
193 979 305 1015 negauit.
375 978 448 1004 Caes.
462 978 490 1004 B.
505 979 537 1004 G.
549 986 571 1011 3,
587 983 612 1008 18
649 979 683 1004 Iis
697 978 775 1004 rebus
797 977 913 1007 adducti,
929 985 983 1002 non
1000 978 1072 1011 prius
1082 985 1121 1005 20
1137 976 1299 1005 mouendum
1313 975 1359 1001 est.
1431 976 1525 1010 Neque
1543 974 1724 1000 ambulatione
1743 973 1863 1007 quamuis
1881 974 1935 999 leni
1949 974 2081 1001 dimoueri
2109 973 2179 1000 Cels.

37 1015 222 1043 Viridouicem
233 1014 400 1049 reliquosque
414 1012 492 1040 duces
504 1022 537 1039 ex
553 1013 669 1041 Consilio
684 1013 837 1045 dimittunt,
857 1021 936 1047 quam
950 1012 983 1038 ab
996 1013 1027 1038 iis
1043 1012 1073 1039 lit
1139 1023 1157 1045 1,
1170 1016 1196 1040 6.
1251 1012 1343 1039 Manus
1358 1010 1533 1037 dimouendae
1546 1011 1604 1036 sunt
1616 1018 1642 1041 2,
1656 1017 1694 1042 14.
1766 1008 1821 1034 Pila
1834 1008 2017 1043 similibusque
2029 1010 2180 1043 superiore·

38 1052 182 1078 concessum
194 1059 262 1078 arma
276 1049 315 1076 vti
329 1049 438 1083 capiant.
509 1048 708 1075 Contumeliose
727 1047 878 1080 dimittere,
906 1047 960 1074 vid.
984 1054 1000 1074 C
1011 1055 1029 1074 ο
1039 1056 1074 1074 N·
1138 1055 1223 1084 partes
1243 1046 1418 1074 dimouendae
1438 1057 1457 1078 3,
1472 1054 1516 1080 27,
1531 1054 1552 1077 3.
1624 1045 1739 1078 Aegrum
1761 1043 1831 1068 intra
1847 1042 1958 1069 domum
1977 1050 2077 1070 tantum
2092 1045 2180 1070 dimo—

43 1093 66 1113 Τ
78 1094 131 1114 vm
140 1094 155 1114 Ε
165 1093 181 1112 t.
195 1092 205 1112 1
215 1093 246 1112 A.
316 1085 345 1111 In
359 1084 555 1111 Consuetudine
567 1084 668 1111 dimitti
692 1084 811 1110 scribon.
829 1092 882 1110 122.
953 1083 1074 1110 Credito—
1136 1093 1200 1111 vere
1216 1092 1244 1116 4,
1256 1090 1282 1117 7.
1328 1082 1423 1116 ‚Quibus
1436 1085 1463 1107 in
1476 1084 1537 1107 locis
1546 1082 1653 1115 ponitur
1662 1086 1711 1114 pro
1727 1079 1782 1104 Huc
1797 1078 1855 1104 illac
1867 1087 1957 1110 moure,
1968 1081 2057 1114 Agim,
2067 1081 2180 1105 Exerceo.

39 1131 97 1150 rem
109 1121 257 1155 dimittere,
279 1123 298 1147 i.
312 1120 517 1156 Eifiztisfacere‚
540 1122 569 1148 Se
578 1120 610 1146 ab
621 1129 646 1145 eo
659 1119 763 1146 liberare
788 1119 891 1146 Paullus
911 1119 940 1145 in
959 1119 977 1145 l.
996 1128 1075 1154 quae·
1139 1121 1195 1147 Cic.
1210 1128 1258 1153 pro
1275 1118 1343 1144 Sext.
1364 1126 1404 1143 101
1434 1116 1527 1150 Qnalis
1547 1124 1631 1149 nuper
1643 1114 1811 1147 QCatullus
1825 1114 1892 1145 fuit,
1912 1122 1993 1148 quem
2012 1123 2098 1148 neque
2112 1116 2181 1148 peri-

36 1158 76 1186 ris
88 1158 119 1185 D.
133 1157 164 1184 de
175 1156 255 1192 paens
275 1155 356 1182 dotal.
427 1156 525 1182 Curam
537 1155 678 1187 {dimittere
699 1155 754 1181 Cic.
769 1155 822 1181 Att.
846 1163 886 1188 14,
906 1163 936 1181 11.
992 1154 1074 1182 Ouid.
1089 1162 1121 1189 23
1140 1156 1193 1182 culi
1208 1151 1362 1188 tempestas,
1383 1161 1467 1187 noque
1487 1151 1597 1178 honoris
1611 1159 1674 1176 aura
1691 1149 1778 1183 potuit
1795 1157 1910 1183 vnquam
1930 1148 1962 1175 de
1980 1150 2055 1175 cursu
2076 1150 2123 1175 suo
2135 1154 2182 1175 aut

38 1190 104 1221 Met.
124 1201 143 1226 1,
156 1200 215 1225 209.
286 1191 346 1217 Liu.
362 1199 402 1223 3ο,
418 1200 430 1223 3
467 1192 538 1218 Inter
551 1190 613 1217 haec
632 1199 666 1217 ne
679 1190 801 1225 Syphacis
815 1189 923 1224 quidem
936 1190 1075 1217 reconcili-
1140 1193 1198 1226 spe,
1217 1196 1261 1216 aut
1279 1194 1352 1214 metu
1371 1188 1516 1214 dimouere.
1586 1184 1725 1212 custodias
1748 1185 1878 1216 dimouit,
1895 1185 2077 1219 perfregitque
2096 1193 2185 1218 poena

37 1228 101 1255 andi
120 1229 216 1255 Curam
242 1235 273 1254 ex
298 1227 388 1253 animo
413 1227 557 1253 dimiserat.
628 1226 780 1253 Custodiam
798 1226 891 1260 capitis
910 1226 1023 1252 alicuius
1037 1225 1076 1252 di»
1139 1227 1206 1253 Plin.
1220 1226 1248 1251 in
1261 1225 1352 1257 Paneg.
1366 1232 1413 1257 49,
1425 1233 1451 1257 4.
1523 1223 1562 1248 De
1575 1221 1711 1255 dignitatis
1728 1219 1810 1254 gradu
1824 1221 1864 1246 vel
1880 1220 1940 1246 loco
1954 1220 2093 1246 dimouere
2124 1220 2182 1246 Cic.

37 1263 142 1297 mittere
161 1263 216 1290 Cic.
231 1271 279 1297 pro
293 1263 377 1289 Plane.
392 1271 414 1288 2.
487 1261 644 1289 Debitorem
663 1262 816 1294 dimittere,
841 1264 859 1288 ι’.
881 1262 997 1288 Liberam
1009 1270 1076 1288 acce*
1139 1262 1223 1289 Tusc.
1240 1269 1266 1293 2,
1281 1267 1318 1292 19.
1339 1258 1411 1285 Idem
1426 1260 1454 1285 in
1467 1257 1556 1284 Parad.
1572 1265 1590 1283 1.
1628 1258 1689 1283 Item
1703 1256 1785 1288 Loco,
1794 1262 1819 1281 et
1833 1261 1904 1282 certo
1917 1255 1949 1281 de
1961 1255 2028 1282 statu
2042 1256 2183 1282 dimouere

55 1300 172 1326 tilaeione.
208 1299 268 1333 le.
280 1298 307 1324 in
319 1298 336 1325 l.
348 1297 486 1324 ambitiosa
498 1299 533 1324 D.
545 1298 576 1324 de
588 1297 699 1324 decretis
712 1297 745 1324 ab
754 1296 848 1323 ordine
860 1296 998 1329 faciendis,
1013 1298 1075 1323 Am-
1141 1298 1197 1324 Cic.
1206 1305 1253 1331 pro
1262 1295 1419 1328 Caecin.42.
1455 1294 1475 1319 E
1488 1295 1527 1319 vel
1538 1293 1578 1318 De
1592 1291 1785 1326 poffeffionibus
1799 1290 1871 1317 Idem
1885 1300 1934 1325 pro
1948 1291 2017 1325 Lege
2025 1292 2088 1325 Agr.
2103 1300 2125 1323 2,
2141 1296 2183 1320 80.

58 1335 133 1361 itiosa
150 1333 252 1361 decreta
264 1334 443 1360 Decurionum
457 1333 570 1360 rescindi
583 1332 693 1360 debent:
716 1332 769 1359 siue
785 1332 901 1367 aliquem
916 1332 1074 1359 Debitorem
1090 1341 1122 1365 30
1140 1334 1172 1360 Et
1183 1332 1214 1359 de
1228 1333 1331 1358 Inuent.
1356 1339 1379 1361 ι,
1398 1331 1430 1359 86
1459 1329 1584 1355 Remotio
1602 1327 1722 1354 criminis
1737 1326 1789 1359 est,
1803 1335 1892 1366 ,quum
1905 1327 1962 1352 eius
1976 1327 2093 1353 Intentio
2107 1326 2184 1359 faeti,

37 1369 206 1402 demiserint,
230 1369 282 1397 siue
301 1369 390 1404 largiti
405 1369 461 1395 sint.
532 1369 592 1395 Liu.
607 1377 631 1401 3,
668 1388 674 1395 .
711 1388 719 1394 .
755 1368 863 1395 Dimissa
877 1368 929 1394 iam
944 1369 971 1394 in
985 1368 1074 1394 discri-
1141 1366 1211 1403 quod
1226 1367 1258 1393 ab
1271 1365 1423 1393 aduersario
1436 1365 1566 1395 infertur,
1583 1364 1610 1388 in
1623 1363 1724 1395 alium,
1743 1369 1786 1388 aut
1801 1371 1829 1388 in
1843 1362 1914 1388 aliud
1927 1359 2087 1389 dimouetur.
2124 1362 2183 1388 Cic.

36 1413 96 1432 men
105 1405 221 1439 Dignitas
235 1413 264 1431 ea
277 1411 376 1437 aetate,
395 1403 490 1440 hisque
501 1404 649 1431 honoribus
662 1403 735 1430 adtis.
806 1404 872 1430 Cels.
885 1412 913 1436 4,
926 1412 954 1437 19
971 1404 1075 1430 Harum
1141 1413 1189 1438 pro
1203 1404 1291 1430 Domo
1304 1403 1349 1428 sua
1366 1404 1396 1430 68
1411 1409 1431 1426 c.
1445 1402 1478 1426 26
1509 1399 1634 1425 Hominis
1647 1399 1718 1424 enim
1732 1397 1826 1424 scelere
1840 1404 1866 1424 et
1879 1398 1972 1423 furore
1986 1402 2094 1429 notato,
2114 1397 2185 1423 fimi-

35 1439 127 1474 ingens
137 1440 220 1467 Dolor
232 1441 280 1467 esse
295 1441 448 1473 consueuit,
471 1440 547 1475 isque
561 1439 698 1466 hominem
712 1440 786 1474 saepe
800 1439 937 1471 debilitat,
958 1444 984 1465 et
997 1448 1077 1474 quos·
1140 1440 1173 1466 lis
1188 1448 1202 1466 a
1213 1437 1314 1473 Repub.
1328 1436 1411 1463 Labes
1426 1436 1454 1461 in
1466 1434 1598 1469 posterum
1612 1433 1808 1460 dimouebatur.
1879 1433 2008 1467 Voluptas
2020 1439 2136 1459 mentem
2151 1440 2184 1458 ex

35 1473 96 1501 dam
115 1484 168 1502 non
181 1475 302 1503 dimittit.
372 1476 523 1503 Exercitum
554 1476 661 1503 Sueton.
676 1476 749 1502 Caes.
763 1484 785 1501 c.
800 1484 839 1507 3ο.
882 1474 950 1501 Vell.
966 1483 989 1507 2,
1001 1479 1043 1508 48,
1056 1483 1075 1501 1.
1141 1476 1185 1502 sua
1198 1474 1257 1500 sede
1270 1480 1295 1500 et
1307 1472 1373 1499 statu
1386 1471 1506 1497 dimouet
1526 1470 1600 1496 Idem
1613 1469 1702 1496 Parad.
1719 1478 1728 1495 1
1744 1475 1808 1495 extr.
1881 1468 2030 1494 Molestiam
2043 1468 2186 1494 dimouere

35 1511 108 1537 Caes.
122 1511 150 1537 B.
164 1512 194 1538 C.
211 1520 231 1544 1,
245 1517 275 1545 28
308 1512 402 1538 Caesar
421 1511 498 1538 scalas
513 1511 616 1546 parari,
637 1511 789 1545 militesque
811 1509 1019 1538 armariziubet:
1044 1518 1077 1537 ne
1095 1512 1123 1540 35
1140 1511 1173 1537 ab
1187 1510 1280 1544 aliquo
1298 1508 1424 1535 Id.Verr.
1437 1506 1555 1532 Diuinat.
1569 1514 1589 1537 1,
1603 1514 1630 1538 4.
1700 1505 1789 1530 Moras
1801 1504 1875 1529 vocis
1887 1503 2025 1530 dimouere
2047 1505 2105 1530 Sen.
2118 1504 2186 1537 Hip-

35 1555 113 1607 ἓιιειιῃ
125 1547 166 1573 rei
185 1547 312 1582 gerendae
331 1547 492 1574 Facultatem
511 1547 637 1574 dimittat.
710 1547 776 1573 Cels.
791 1555 812 1578 1,
825 1553 843 1580 7
875 1546 903 1572 Si
916 1545 1008 1572 Febris
1021 1554 1076 1571 non
1140 1546 1193 1581 pol.
1206 1554 1233 1579 4.
1285 1542 1435 1570 Obstanteis
1448 1542 1612 1575 propinquos
1626 1540 1766 1566 dimouere
1786 1540 1853 1565 Hor.
1869 1539 1956 1565 Carm.
1974 1547 1997 1571 3,
2011 1546 2034 1571 ς,
2046 1548 2081 1571 51.
2128 1539 2186 1565 Cic.

54 1581 163 1615 imittit,
195 1591 278 1617 eaque
296 1583 414 1609 interdiu
434 1583 522 1610 lenior
540 1582 592 1614 est,
617 1582 699 1609 noaetu
718 1582 855 1614 increscit,
881 1581 979 1607 multus
996 1581 1076 1608 sudor
1141 1587 1228 1615 anteq.
1241 1581 1300 1607 iret.
1314 1579 1345 1604 in
1365 1578 1428 1604 exil.
1443 1585 1468 1602 ει
1489 1576 1536 1602 Sed
1551 1576 1618 1601 illud
1632 1583 1757 1609 quaeror,
1770 1573 1842 1608 quod
1855 1583 1910 1600 non
1923 1575 1977 1600 iam
1991 1573 2023 1599 ad
2035 1575 2112 1600 vnius
2124 1582 2185 1607 per—

34 1617 138 1655 mitur,
159 1618 286 1652 cupiditas
305 1618 427 1645 tuffiendi
441 1618 485 1645 est.
556 1618 657 1644 Filium
676 1617 811 1643 dimittere
831 1616 863 1642 de
883 1616 1008 1651 potestate
1028 1617 1078 1642 Ca·
1140 1617 1256 1647 niciem,
1275 1613 1318 1640 sed
1331 1612 1363 1639 ad
1376 1612 1562 1639 vniuersorum
1576 1610 1714 1636 instruitur
1736 1609 1926 1647 calamitatem:
1947 1609 2094 1642 conqueri,
2113 1616 2186 1633 com-

11 1673 15 1677 ,
35 1651 77 1678 ius
98 1652 156 1679 inl.
170 1653 285 1680 liberum
299 1655 331 1680 D.
347 1654 378 1680 de
390 1654 478 1688 adopt.
551 1654 591 1679 De
610 1653 739 1687 grauitate
756 1651 876 1686 aliquid,
897 1657 941 1678 aut
961 1651 1077 1677 multum
1141 1651 1277 1684 miserari,
1298 1649 1402 1680 dicere,
1423 1655 1583 1681 expurgare,
1602 1645 1782 1679 Suspicionem
1802 1643 1957 1675 dimouere,
1979 1649 2067 1669 tamen
2080 1642 2186 1669 diluere

35 1687 68 1714 de
82 1687 226 1723 cupiditate
239 1689 375 1716 dimittere
407 1689 462 1716 Cic.
477 1688 591 1723 Philipp.
607 1697 641 1720 13,
653 1697 679 1715 2.
749 1688 769 1714 E
782 1687 920 1721 complexu
953 1686 1027 1713 Idem
1040 1687 1077 1719 Q
1086 1692 1124 1718 40
1140 1696 1195 1713 non
1209 1686 1305 1716 licere,
1324 1692 1372 1710 ore
1385 1683 1505 1717 oppresso
1518 1681 1633 1707 ceruices
1649 1680 1697 1705 esse
1710 1677 1880 1713 praebenda&
1931 1713 1936 1718 ¹
1951 1678 2056 1704 Aurora
2070 1678 2132 1712 polo
2146 1677 2187 1704 di-

35 1723 106 1749 Frat.
120 1731 140 1755 1,
151 1732 173 1755 3.
244 1724 376 1752 Iudicium
388 1724 524 1751 dimittere
539 1723 578 1750 Id.
594 1725 668 1750 Verr.
683 1731 710 1755 2,
724 1729 768 1756 70.
839 1723 981 1748 Contraria.
1018 1721 1076 1747 cic.
1141 1726 1262 1748 mouerat
1274 1719 1397 1746 vmbram
1429 1717 1504 1750 Virg.
1519 1717 1584 1742 Aen.
1601 1725 1628 1749 4,
1641 1719 1696 1747 589.
1768 1713 1886 1740 Terram
1909 1712 2050 1739 dimouere
2072 1714 2187 1740 incuruo

35 1766 86 1792 pro
99 1758 175 1785 Balb.
182 1763 212 1790 '31
237 1760 309 1786 Haec
322 1760 381 1786 sunt
393 1759 464 1786 enim
476 1759 646 1792 fundamenta
659 1757 802 1784 firmiffima
818 1756 921 1782 nostrae
935 1755 1077 1785 libertatis,
1139 1762 1229 1782 aratro
1251 1754 1324 1781 Idem
1338 1754 1435 1787 Georg.
1449 1761 1475 1784 2,
1491 1759 1540 1784 513.

36 1793 78 1819 sui
94 1802 226 1827 quemque
232 1795 300 1820 Iuris
314 1800 340 1820 et
353 1794 486 1821 retinendi
497 1799 524 1819 et
536 1792 688 1819 dimittendi
706 1792 755 1817 esse
769 1791 916 1816 dominum.
989 1788 1078 1814 Lacri-
1178 1790 1306 1817 1311»th
1316 1795 1336 1814 V
1347 1796 1359 1815 s
1369 1808 1378 1820 ‚
1394 1797 1419 1820 a,
1438 1796 1492 1814 um.
1513 1786 1606 1812 Partic.
1642 1783 1810 1818 [dai-ommam}
1872 1783 1920 1815 Vt,
1941 1784 2050 1810 Dimota
2065 1793 2079 1810 a
2094 1789 2186 1810 centro

34 1836 89 1854 mas
108 1829 137 1852 in
150 1828 261 1854 alicuius
279 1829 349 1854 casus
361 1829 496 1854 dimittere
523 1826 605 1852 Ouid.
619 1826 704 1851 Trist.
726 1833 745 1854 1,
759 1831 787 1857 7,
804 1832 841 1855 19.
912 1822 1077 1849 Libertatem
1140 1825 1188 1850 suo
1198 1823 1276 1849 tellus
1302 1823 1368 1848 Plin.
1383 1826 1423 1855 36,
1437 1831 1474 1849 ιο.
1546 1821 1660 1848 Parietes
1672 1819 1770 1847 dimoti
1828 1819 1888 1846 acit.
1904 1820 1972 1846 Ann.
1986 1826 2011 1852 5,
2023 1828 2067 1853 24.
2081 1826 2105 1845 et
2117 1819 2186 1846 Hist.

31 1869 88 1887 non
101 1860 236 1887 dImittere
266 1863 320 1888 Cic.
333 1871 382 1895 pro
395 1861 479 1887 Plane.
491 1869 537 1893 94.
609 1860 681 1885 Caes.
695 1859 722 1885 B.
737 1859 767 1884 C.
781 1866 817 1892 49
851 1858 924 1884 Prius
938 1858 964 1884 sc
977 1858 1076 1885 cortice
1089 1859 1124 1886 45
1140 1868 1164 1892 2,
1178 1867 1224 1892 49,
1240 1866 1250 1884 1
1277 1858 1393 1883 Dimotis
1406 1857 1540 1884 omnibus.

33 1898 67 1922 ex'
80 1895 220 1922 arboribus
236 1896 370 1930 vifihuros,
390 1904 470 1930 quam
482 1894 639 1930 Pompeium
652 1893 799 1921 eManibus
811 1892 970 1920 dimissuros.
1018 1893 1075 1920 Cic.
1177 1901 1197 1921 1)
1206 1901 1215 1919 1
1225 1901 1251 1920 M
1260 1899 1279 1919 O
1289 1900 1310 1919 T
1320 1899 1330 1918 1
1340 1899 1376 1925 o,
1395 1894 1462 1919 onis.
1481 1893 1500 1919 f.
1538 1892 1650 1918 Hieron.
1687 1910 1694 1917 .
1733 1909 1740 1916 .
1776 1908 1784 1917 .

33 1931 64 1959 in
75 1931 149 1957 Orat.
165 1940 187 1964 1,
205 1939 247 1964 105
274 1932 364 1964 Quini
383 1932 443 1957 esses
457 1930 584 1963 Athenis,
605 1935 693 1957 totum
705 1928 899 1963 diligentissime
914 1928 1076 1963 cognouisti:
1178 1935 1197 1955 D
1209 1936 1218 1955 1
1230 1934 1388 1961 MVLGO,
1413 1933 1464 1955 are.
1503 1928 1541 1954 Id.
1556 1927 1620 1963 quod
1631 1926 1783 1958 Promulgo.
1820 1922 1950 1951 Laudatur
1970 1923 2034 1950 illud
2051 1924 2190 1951 Occultius

29 1975 121 2002 ,neque
132 1975 194 1993 eum
206 1966 319 1993 dimittis
333 1976 346 1994 e
359 1966 500 1998 Manibus,
521 1970 547 1993 et
569 1972 657 1992 tamen
670 1964 759 1991 nostra
771 1964 851 1992 etiam
865 1963 974 1990 lediitas.
1019 1965 1076 1991 Ma·
1140 1965 1286 2000 agendum,
1305 1971 1393 1998 neque
1407 1964 1463 1990 vllo
1476 1963 1558 1989 modo
1572 1961 1770 1995 dimulgaudum
1792 1960 1847 1986 Cic.
1860 1960 1934 1986 Fam.
1946 1960 1973 1991 6,
1987 1967 2023 1987 η.
2079 1959 2136 1992 Sed,
2148 1959 2190 1985 di-

32 2001 194 2029 trimonium
206 2002 358 2035 dimittere,
372 2009 418 2038 pro
431 2003 542 2034 Soluere,
561 2003 600 2027 vel
611 2000 773 2036 Rqsi‘indere,
789 1999 856 2035 apud
868 2000 973 2026 Sueton.
988 2000 1016 2025 in
1028 1999 1077 2025 Ca·
1139 1999 1301 2035 vulgandum
1314 1998 1463 2032 Graeu.fine
1473 2000 1593 2023 mentione
1614 1999 1718 2022 alterius
1732 1994 1856 2022 lestionis.

34 2037 81 2072 lig.
93 2047 120 2074 c,
128 2046 161 2071 ις.
202 2037 313 2065 Dimissa
327 2047 342 2064 e
354 2037 526 2064 matrimonio
534 2057 541 2068 ‚
557 2043 603 2072 pro
616 2034 775 2071 Repudium..
794 2035 869 2062 Idem
884 2035 913 2061 in
925 2035 994 2062 Tib.
1009 2044 1031 2069 e.
1040 2043 1076 2069 49
1093 2035 1137 2072 50'
1176 2041 1196 2061 D
1206 2042 1215 2060 1
1226 2041 1250 2064 M
1260 2041 1280 2060 v
1290 2041 1306 2060 1.
1316 2040 1337 2060 G
1345 2040 1368 2060 Α
1377 2039 1447 2060 '1⁸10
1456 2053 1464 2065 ‚
1485 2033 1552 2059 onis.
1575 2032 1594 2058 f.
1632 2031 1712 2057 Gloss.

33 2073 92 2107 Qu
108 2073 237 2100 dimissam
259 2082 318 2099 eam
328 2082 342 2099 e
355 2073 531 2101 Matrimonio
548 2072 606 2106 post
618 2070 772 2098 vicefimum
789 2079 886 2097 annum
897 2071 995 2097 veneni
1007 2070 1076 2096 olim
1175 2076 1196 2097 D
1206 2077 1217 2097 1
1228 2076 1254 2097 M
1263 2075 1284 2097 V
1293 2074 1340 2098 LG
1348 2074 1401 2097 AT
1410 2074 1431 2097 0
1441 2075 1478 2101 R,
1499 2069 1561 2095 aris.
1581 2075 1617 2093 m.
1655 2066 1711 2093 lct.
1724 2065 1755 2092 in
1768 2064 1830 2099 Dig.

34 2108 65 2137 in
83 2109 108 2136 se
121 2109 265 2144 comparat-i
278 2108 413 2143 arguebat.
468 2107 569 2134 Milites
583 2106 719 2133 dimittere
736 2107 793 2133 Cic.
807 2107 878 2132 Fam.
894 2115 917 2138 3,
930 2115 952 2138 3.
986 2106 1078 2132 Moras

36 2144 173 2171 dimittere
192 2144 279 2171 Valer.
293 2145 392 2178 Argon.
409 2148 433 2176 8,
447 2150 498 2176 105·-
544 2144 684 2169 Murmura
695 2142 769 2168 venti
780 2141 918 2168 dimittunt
939 2141 1021 2176 Sil.7,
1042 2160 1048 2167 .
1068 2157 1076 2166 .
1133 2140 1136 2162 ἱ
1530 2140 1560 2172 D
1658 2138 1672 2169 I
1766 2137 1799 2169 N

36 2179 146 2207 Notitia
164 2179 281 2206 nominis
294 2180 395 2206 dimissa
412 2179 441 2205 in
452 2178 578 2214 populos,
593 2184 642 2213 pro
660 2177 786 2218 Disperfiz.
822 2177 880 2203 Sen.
894 2176 973 2211 Epist.
987 2185 1013 2208 3¹
1031 2177 1078 2202 Fa·
1997 2204 1999 2207 .

36 2223 81 2245 ma
93 2223 147 2241 non
158 2215 251 2246 faciet,
267 2223 315 2241 nec
330 2215 484 2248 ostentatio,
504 2222 552 2240 nec
564 2213 593 2240 in
606 2212 716 2248 populos
728 2212 829 2240 dimissa
842 2212 960 2238 nominis
971 2211 1077 2238 tuiNo-
1094 2217 1125 2246 ςς
1175 2216 1195 2239 D
1204 2215 1246 2239 ΓΝ
1255 2216 1274 2240 D
1282 2218 1302 2238 Υ
1311 2216 1338 2239 Μ
1347 2211 1398 2239 §N
1406 2218 1423 2238 E
1431 2230 1440 2244 ,
1470 2216 1494 2237 et
1520 2214 1538 2236 D
1549 2217 1559 2236 1
1567 2215 1590 2235 N
1600 2214 1618 2235 D
1630 2206 1659 2234 Y''
1667 2215 1692 2235 M
1701 2213 1718 2235 Ε
1726 2226 1734 2239 ,
1758 2215 1794 2234 es.
1823 2206 1842 2233 f.
1879 2203 2052 2241 [Δινδυμήνῃ]
2084 2206 2191 2234 Dicitur

36 2249 106 2277 titia.
177 2251 250 2277 Caes.
263 2251 291 2277 B.
300 2251 331 2277 G.
345 2258 367 2284 ς,
381 2258 413 2285 37
430 2251 622 2284 Hortaturque‚
629 2257 662 2275 ne
674 2248 715 2275 sni
726 2249 755 2275 in
768 2253 924 2283 perpetuum
933 2246 1076 2280 liberandi,
1140 2248 1240 2284 Cybele:
1269 2248 1334 2283 quod
1347 2251 1375 2274 in
1387 2245 1513 2281 Dindymo
1527 2246 1653 2286 Phrygiae
1665 2250 1755 2276 monte,
1767 2244 1820 2270 eius
1829 2241 1905 2277 sacra
1914 2241 2015 2277 fierent.
2072 2241 2190 2269 Martial.

34 2291 115 2320 atque
130 2284 273 2319 viciscendi
286 2287 418 2313 Romanos
430 2295 480 2321 pro
491 2285 533 2313 his
543 2294 606 2319 quas
618 2284 765 2319 acceperint
779 2283 894 2315 iniuriis,
906 2282 1076 2310 Occasionem
1141 2289 1154 2315 ε
1170 2284 1244 2319 Epig.
1259 2283 1359 2319 penult.
1390 2283 1457 2310 Non
1473 2291 1521 2317 per
1534 2279 1730 2314 mysticasacra
1749 2277 1936 2310 Dindymenes·
1983 2275 2026 2311 Est
2044 2278 2190 2306 Pbaleucus.

36 2320 179 2348 dimittant.
225 2321 291 2348 Plin.
305 2323 334 2348 in
346 2322 438 2356 Paneg.
449 2330 490 2354 23,
503 2330 512 2347 ι
539 2322 650 2347 Gratum
663 2325 719 2346 erat
732 2319 848 2351 cunetis,
867 2319 940 2354 quod
953 2319 1076 2346 Senatum
1142 2322 1236 2355 Nempe
1944 2338 1946 2341 .

37 2356 135 2391 Osculo
147 2357 295 2391 exciperes,
325 2363 355 2384 vt
366 2357 484 2384 dimissus
497 2356 596 2383 Osculo
615 2356 713 2383 fueras.
784 2356 842 2382 Cic.
861 2364 910 2390 pro
922 2355 1029 2382 Caecin.
1043 2361 1075 2388 73
1175 2362 1195 2382 D
1205 2362 1216 2381 1
1227 2360 1251 2380 N
1261 2353 1308 2380 Dr
1318 2359 1345 2380 Μ
1356 2359 1378 2379 V
1391 2360 1421 2385 s,
1447 2353 1467 2379 i.
1505 2354 1533 2377 in
1545 2350 1614 2387 sing.
1634 2360 1666 2377 m.
1687 2352 1714 2376 in
1729 2350 1769 2384 pl.
1787 2358 1814 2375 n.
1851 2348 1864 2382 [
1879 2345 2012 2382 Δίνδυμος]
2050 2348 2133 2374 'hians
2160 2350 2190 2373 in

36 2392 230 2419 Patrimonium
240 2393 318 2419 vnius
331 2392 503 2420 incommodo
513 2392 660 2419 dimittitur
668 2412 677 2425 ‚
702 2392 743 2418 ius
755 2391 844 2418 amitti
858 2400 912 2417 non
925 2390 1008 2425 potest
1021 2389 1075 2416 sine
1089 2392 1125 2419 60
1140 2390 1267 2426 Phrygia,
1284 2389 1328 2416 vbi
1339 2388 1463 2415 colebatur
1471 2387 1569 2422 Cybele,
1577 2395 1668 2423 magna
1680 2392 1758 2412 mater
1769 2383 1846 2416 defini,
1862 2393 1922 2421 quae
1933 2384 1964 2410 ab
1978 2392 2003 2409 eo
2016 2382 2111 2410 dicitur
2123 2382 2189 2410 Dii»

36 2436 133 2463 magno
145 2427 318 2457 incommodo
333 2429 457 2455 ciuitatis.
527 2428 655 2455 Potestate
667 2427 783 2462 aliquem
796 2427 940 2458 dimittere,
955 2432 1003 2460 pro
1018 2426 1077 2452 Ma·
1141 2426 1255 2459 dymene
1278 2425 1354 2458 Virg.
1368 2425 1433 2450 Aen.
1446 2432 1474 2456 9,
1486 2424 1537 2457 617

35 2465 178 2493 numittere.
214 2464 294 2498 Caius
307 2464 335 2490 in
347 2464 364 2490 l.
379 2464 495 2491 liberum
507 2465 539 2490 D.
547 2463 581 2490 de
592 2462 728 2497 adoption.
740 2462 869 2489 Liberum
883 2461 1027 2488 arbitrium
1040 2457 1078 2487 est
1250 2461 1276 2487 O
1289 2468 1352 2486 vere
1367 2459 1512 2493 Phrygiae,
1529 2465 1615 2492 neque
1631 2457 1703 2482 enim
1717 2455 1830 2490 Phryges
1838 2474 1852 2494 ,.
1872 2455 1910 2480 ite
1921 2461 1968 2486 per
1982 2452 2035 2478 alta

38 2499 82 2530 ei,
119 2499 148 2524 ui
162 2498 247 2525 filium
261 2504 287 2529 et
299 2508 331 2525 ex
345 2508 377 2525 eo
389 2504 513 2534 nepotem
525 2499 555 2525 in
575 2499 700 2533 potestate
719 2497 844 2530 habebit,
861 2497 949 2524 filium
968 2496 1078 2532 quidem
1245 2495 1395 2527 Dindyma,
1413 2494 1461 2521 vbi
1477 2493 1594 2525 assuetis,
1614 2491 1732 2518 biforem
1745 2490 1788 2516 dat
1802 2490 1872 2528 tibia
1883 2494 1997 2527 cantum.

37 2532 101 2560 Pote
124 2538 165 2559 ate
179 2533 323 2567 dimittere,
336 2541 380 2561 etc.
417 2535 538 2569 Remiges
552 2533 688 2561 dimittere
703 2534 760 2560 Cic.
774 2534 852 2560 Vei-r.
866 2541 889 2566 ς,
904 2541 954 2559 ιοι.
991 2533 1078 2559 Reum
1247 2531 1392 2565 Tympana
1408 2539 1456 2557 vos
1469 2529 1607 2562 buxusque
1626 2532 1722 2552 vocant
1737 2525 1891 2555 Berecyntia
1905 2528 1999 2549 matris

39 2568 189 2602 dimittere,
207 2567 241 2602 cst
254 2570 360 2597 Crimine
367 2570 463 2607 Jbluere
473 2577 497 2596 et
510 2572 621 2597 vinculis
651 2569 751 2596 Plinius
763 2568 842 2603 Epist.
878 2588 884 2595 .
920 2588 928 2595 .
999 2567 1078 2594 Scho-
1091 2566 1124 2599 63
1246 2566 1349 2593 Idaeae.

37 2603 93 2640 lam
104 2603 256 2639 dimittere,
282 2604 374 2639 Ceffire
393 2615 408 2633 a
422 2605 538 2632 docendis
556 2605 691 2632 iuuenibus.
733 2605 839 2631 Sueton.
853 2603 886 2631 de
900 2604 971 2631 Clar.
986 2604 1077 2630 Gram.
1140 2601 1276 2629 Vlulantia
1287 2600 1420 2631 Dindyma
1445 2597 1534 2624 Vaier.
1549 2597 1648 2629 Argon.
1660 2603 1684 2628 3,
1694 2603 1749 2627 332.
1904 2627 1910 2633 .
1929 2627 1936 2632 ·
2062 2626 2068 2632 .

40 2649 64 2669 ε-
79 2644 105 2670 18
123 2640 230 2673 Dimissa
242 2647 349 2675 repente
356 2641 459 2674 Schola,
472 2641 561 2667 transit
574 2641 606 2667 ad
620 2642 659 2675 Q
668 2641 790 2675 Septimii
804 2639 960 2674 Philosophi
974 2638 1078 2665 sctitam.
1153 2652 1157 2654 ν
1176 2643 1196 2662 D
1206 2643 1215 2661 1
1225 2643 1247 2661 N
1256 2642 1274 2661 D
1285 2642 1304 2660 Y
1314 2642 1338 2660 M
1349 2642 1380 2674 {S
1409 2631 1441 2666 est
1453 2636 1519 2659 inter
1531 2634 1630 2657 nomina
1642 2633 1748 2673 antiqua
1760 2629 1833 2656 vrbis
1846 2628 1939 2669 Cyzici
1951 2626 2096 2667 apudle.
2111 2627 2130 2653 6
2140 2627 2188 2668 vlt.

42 2675 98 2702 Cic.
113 2674 144 2701 de
158 2676 266 2702 Amicit.
282 2684 309 2702 12
340 2677 435 2703 Senatu
447 2677 566 2707 dimisso,
587 2675 697 2701 domum
710 2675 833 2701 reduetus
847 2674 880 2700 ad
893 2676 1029 2708 vesperam
1040 2672 1077 2699 est
1152 2690 1156 2693 .
1177 2677 1196 2696 D
1205 2677 1215 2695 1
1224 2677 1246 2696 N
1257 2677 1276 2697 o
1285 2676 1331 2696 CH
1341 2675 1413 2696 ΑΒΕ
1422 2675 1453 2700 S,
1482 2668 1513 2694 is.
1550 2667 1563 2700 [
1577 2665 1736 2705 Δινοχαρηςζ]
1773 2663 1939 2691 Architee'tus
1959 2662 2079 2697 pluribus
2099 2663 2188 2689 modis

40 2719 56 2737 a
68 2711 188 2737 Patribus
200 2710 370 2744 Conscriptis.
424 2712 455 2736 Et
469 2711 541 2736 Caes.
555 2710 583 2739 B.
599 2711 631 2735 G.
648 2718 668 2741 1,
685 2717 721 2741 33.
793 2710 854 2735 Liu.
868 2717 912 2741 24,
933 2730 938 2736 .
966 2727 973 2734 .
999 2708 1078 2734 Grac·
1142 2705 1312 2732 memorabili
1324 2704 1451 2739 ingenio,
1478 2703 1579 2737 quique
1594 2700 1781 2727 Alexandriam
1794 2699 1888 2727 vrbem
1902 2698 1940 2725 est
1955 2704 2092 2738 metatus,¹
2105 2705 2134 2724 vc
2147 2701 2189 2724 vi-

11 2757 19 2761 *
40 2745 104 2771 chus
112 2747 214 2780 praelio
227 2747 255 2773 in
268 2746 402 2781 posterum
414 2743 487 2772 diem
499 2744 682 2780 pronuntiato,
689 2744 853 2770 Concionem
867 2743 975 2770 dimisit.
1020 2743 1077 2771 Cic.
1092 2748 1128 2775 70
1145 2740 1201 2767 dere
1219 2739 1253 2774 est
1270 2740 1337 2776 apud
1365 2739 1432 2767 Plin.
1445 2746 1467 2772 ς,
1479 2747 1519 2764 10.
1570 2739 1630 2764 Alio
1643 2744 1724 2763 tomen
1737 2737 1804 2769 Ioco,
1830 2738 1950 2762 nimirum
1963 2741 1990 2769 7,
2003 2741 2035 2768 37
2060 2735 2189 2761 Dinocra-

37 2781 92 2808 Att-
107 2786 130 2813 8,
167 2802 174 2809 .
212 2802 219 2809 .
255 2782 360 2809 Morem
372 2781 443 2816 gessi,
465 2779 555 2808 dimisi·
572 2788 587 2806 a
604 2783 655 2806 me.
748 2779 821 2805 Idem
836 2780 952 2813 QFrat.
964 2787 988 2811 3,
1024 2798 1032 2805 .
1070 2797 1078 2805 .
1142 2781 1197 2803 tem
1220 2783 1302 2802 vocat.
1365 2784 1369 2787 “

39 2816 155 2844 Dimitto
172 2823 260 2844 autem
284 2827 298 2844 a
316 2827 374 2848 me,
400 2822 426 2843 et
437 2821 468 2844 vt
484 2825 499 2843 a
513 2815 643 2850 magistris
655 2823 690 2841 ne
703 2813 846 2847 abducam,
878 2820 904 2840 et
923 2813 996 2849 quod
1005 2832 1013 2845 ,
1032 2818 1078 2839 etc.
1175 2817 1194 2836 D
1205 2818 1214 2837 1
1224 2817 1245 2836 N
1255 2818 1274 2838 ο
1285 2818 1304 2837 D
1313 2815 1335 2836 0
1345 2829 1354 2843 ,
1382 2812 1436 2836 are.
1481 2806 1595 2835 Sidonio
1608 2806 1745 2835 tribuitur:
1775 2805 1838 2832 idem
1844 2805 1942 2842 fuerit,
1955 2803 2020 2840 quod
2028 2803 2127 2840 Jbluere
2143 2812 2189 2830 ⁷10-

39 2853 112 2879 Cael'.
127 2852 156 2878 B.
169 2853 200 2878 G.
219 2861 245 2885 2,
260 2860 272 2885 ς
305 2853 361 2883 His,
374 2852 502 2880 mandatis
523 2860 585 2878 eum
604 2859 620 2877 a
637 2851 662 2876 se
684 2849 815 2876 dimittit.¹
877 2849 986 2875 Dimitti
1002 2847 1077 2874 Solio
1139 2846 1212 2878 dum,
1231 2845 1351 2872 Enodare.

39 2887 159 2915 Scribon.
174 2896 225 2920 130.
245 2891 263 2914 i.
284 2887 398 2915 detineri.
471 2887 600 2917 Dimitto,
618 2892 664 2921 pro
678 2886 814 2921 Relinqu0‚
835 2884 870 2911 ad
881 2886 983 2911 ultimas
993 2884 1078 2909 volun-
1177 2888 1196 2907 D
1206 2889 1217 2908 1
1227 2888 1248 2907 N
1258 2888 1278 2908 o
1287 2888 1311 2907 M
1321 2879 1345 2907 K
1355 2885 1372 2907 C
1383 2882 1439 2912 ΗΕ,
1453 2888 1489 2906 es.
1507 2879 1528 2905 f.
1565 2878 1706 2906 Alcibiadis
1715 2883 1805 2904 mater.
1844 2877 1913 2903 Ηὴιι·
1926 2882 1973 2911 per
1986 2872 2188 2907 Autonomqfiam

38 2929 104 2950 tates
111 2926 221 2958 pertinet
246 2923 326 2950 Auth.
344 2924 376 2949 de
388 2924 483 2950 Eccles.
499 2923 540 2950 tit.
554 2921 578 2959 §.
592 2922 609 2948 si
623 2921 683 2956 quis
697 2921 745 2947 vni
763 2919 918 2947 sannarum.
990 2919 1078 2945 Varro
1090 2923 1123 2952 ῖς
1141 2917 1209 2944 Pers.
1226 2917 1277 2944 Sat.
1299 2926 1327 2950 4,
1340 2925 1374 2943 20
1410 2916 1422 2942 1
1440 2923 1510 2942 nunc
1546 2913 1723 2941 Dinomaches
1735 2922 1787 2948 ego
1801 2913 1874 2943 sum,
1911 2909 1923 2937 ὅ
1935 2909 2100 2945 Δεινομάχης,
2112 2909 2187 2945 filius

42 2958 74 2986 de
85 2960 117 2986 R.
132 2959 164 2986 R.
183 2967 210 2992 2,
225 2968 236 2989 ι
265 2959 292 2985 Si
304 2959 355 2985 hoc
370 2968 451 2993 genus
463 2958 542 2986 rebus
555 2967 610 2984 non
629 2954 784 2992 proficitur,
807 2956 952 2983 dimittitur
970 2955 1079 2989 Sanguis
1141 2960 1241 2988 nempe,
1256 2956 1275 2979 i.
1288 2952 1396 2992 nobilis,
1413 2950 1553 2991 genero-sicr.

42 2995 157 3021 maxime
173 3004 193 3025 e,
203 2995 296 3030 capite.
368 2995 512 3021 Dimittere
529 3002 578 3029 pro
591 2993 719 3019 Emittere
747 2992 866 3019 Scribon.
887 2993 925 3019 16.
996 2991 1028 3017 Se
1041 2990 1080 3016 di-
1179 2993 1198 3015 D
1209 2995 1219 3014 1
1232 2995 1255 3014 N
1265 2995 1318 3015 OM
1327 2994 1345 3014 E
1355 2994 1377 3013 N
1389 2993 1441 3017 Es,
1468 2996 1498 3012 is.
1529 2995 1564 3012 m.
1599 2984 1764 3019 [Δινομὲνης]
1799 2982 1944 3009 statuarius
1966 2980 2089 3020 insignis,
2113 2985 2188 3006 cuius

42 3030 148 3057 mittere
179 3031 237 3057 Sen.
252 3031 384 3058 Controu.
398 3039 520 3066 prooem.
545 3032 564 3055 i.
575 3030 696 3056 relaxare.
768 3028 808 3054 De
815 3028 921 3054 Summa
934 3023 1080 3059 dimittere,
1142 3033 1223 3059 opera
1234 3023 1414 3054 Protesilaum,
1430 3028 1456 3048 et
1469 3021 1662 3055 Pythodemum
1673 3018 1831 3046 luc‘tatorem
1842 3023 1966 3044 enumerat
1988 3015 2056 3042 le.
2070 3024 2113 3048 34,
2128 3021 2150 3045 8.

60 3065 107 3092 uod
117 3073 140 3092 et
151 3067 284 3094 Remittere
297 3067 400 3093 dicitur.
452 3067 509 3093 Cic.
521 3066 598 3092 Verr.
612 3073 634 3096 3,
649 3069 679 3094 82
692 3083 695 3085 >
709 3063 789 3091 Illum
801 3064 868 3090 viris
881 3062 1026 3090 fortissimis
1040 3062 1080 3088 iu·
1178 3060 1319 3092 D1N6S1s,
1326 3059 1358 3091 is,
1371 3059 1421 3089 ios,
1430 3066 1483 3084 eos.
1496 3058 1516 3084 f.
1537 3055 1658 3090 [δείνωσις]
1675 3059 1692 3082 i.
1708 3054 1867 3093 Indignatio.
1880 3054 1958 3078 Mart.
1966 3051 2057 3085 Capel.
2072 3058 2085 3083 ς
2095 3060 2120 3084 p.
2135 3050 2187 3079 186.

43 3075 162 3128 ditarunt
181 3102 208 3129 P.
227 3103 257 3130 C.
278 3102 414 3129 dimittere
428 3102 460 3129 de
471 3103 576 3129 Summa
589 3109 642 3126 non
663 3100 787 3134 potuisse,
811 3105 837 3126 te
850 3099 958 3126 mulieri
970 3098 1080 3124 deterri·
1095 3101 1127 3127 80
1178 3101 1198 3121 D
1209 3101 1219 3121 1
1231 3101 1328 3122 NTRI
1338 3101 1375 3127 o,
1391 3097 1440 3120 ire.
1481 3094 1536 3121 Vox
1547 3090 1671 3125 maiolus.
1707 3090 1810 3117 Au&or
1821 3086 1983 3115 Philomelae
2002 3096 2028 3113 v.
2038 3088 2070 3112 61
2101 3084 2187 3111 Velox

45 3145 103 3166 mae
122 3137 193 3165 reite
209 3138 331 3166 remisisse
348 3139 486 3165 Senatores
505 3135 676 3165 iudicabunt?
700 3136 822 3170 Tempus
842 3135 991 3166 dimittere,
1017 3133 1081 3159 idem
1142 3131 1306 3165 mustelaque
1319 3129 1423 3156 dintrit.
2064 3158 2067 3162 .

47 3172 110 3233 {aad
121 3175 253 3205 Dimittere
264 3173 424 3208 occasionem,
437 3173 492 3208 siue
507 3175 635 3200 Omittere.
691 3171 766 3198 Idem
779 3172 811 3198 de
824 3172 898 3199 Orat.
911 3179 937 3203 2,
951 3177 982 3204 72
1014 3167 1082 3195 Vidi
1179 3173 1197 3192 D
1209 3173 1219 3193 1
1230 3173 1315 3192 NVM
1325 3163 1341 3191 1}
1351 3172 1369 3191 R
1378 3171 1414 3196 ο,
1442 3168 1495 3191 are.
1532 3160 1730 3203 [διωριρμὲμαι]
1773 3160 1910 3187 Numerare
1914 3173 1928 3199 ss’
1947 3163 1971 3184 et
1982 3156 2022 3197 fic
2039 3154 2186 3190 discernere.

71 3207 132 3234 atim
144 3207 274 3236 indolem:
293 3219 379 3245 neque
386 3209 473 3236 dimisi
480 3209 617 3243 Tempus:
637 3213 663 3235 et
671 3217 733 3235 eum
747 3208 805 3234 sum
816 3206 978 3237 cohortatus,
998 3210 1027 3231 vt
1039 3204 1082 3230 fo·
1150 3203 1185 3229 Vt
1198 3222 1207 3232 .,
1222 3202 1397 3228 Dinumerare
1410 3200 1555 3226 exercitum
1583 3198 1650 3224 le.
1663 3205 1691 3230 4,
1707 3204 1739 3236 ιι.
1810 3196 1956 3234 Centurias·
1967 3193 2023 3233 Cle.
2040 3192 2092 3216 Att.
2110 3191 2146 3221 16,
2159 3198 2186 3222 9.

49 3249 109 3268 tum
121 3242 168 3270 sibi
180 3244 271 3272 ludum
283 3251 386 3280 putaret
399 3245 447 3272 effe
457 3243 652 3275 addicendum.
721 3244 803 3270 Vsum
817 3243 971 3278 aliquorum
991 3240 1081 3266 dimit·
1145 3238 1234 3264 Stellas
1260 3237 1335 3264 Idem
1348 3236 1400 3263 Off.
1415 3244 1434 3267 1,
1451 3243 1504 3268 154.
1574 3235 1661 3260 Horas
1690 3231 1756 3271 Plin.
1770 3239 1793 3263 2,
1805 3237 1846 3264 73.
1867 3265 1872 3270 ‘
1898 3230 1954 3256 Aln
1962 3226 2077 3263 scribunt
2098 3225 2187 3251 Denu-

50 3280 106 3302 tere
123 3277 160 3304 Id.
173 3279 242 3307 Fam.
258 3289 283 3313 9,
297 3290 317 3308 1.
386 3282 505 3308 onrem
518 3280 669 3312 dimittere,
686 3284 736 3314 pro
747 3278 895 3314 Repudiare.
930 3277 1039 3304 Sueton.
1053 3276 1082 3302 in
1098 3277 1127 3306 85
1146 3282 1221 3300 mero
1230 3280 1278 3308 per
1284 3271 1419 3308 ficundam
1430 3272 1552 3297 vocalem.-
1582 3276 1611 3295 vt
1627 3267 1729 3308 Pauilus
1741 3275 1769 3292 in
1781 3266 1799 3292 l.
1818 3263 2020 3303 Iurisconsultus
2037 3261 2069 3286 D.
2083 3260 2115 3286 de
2129 3269 2187 3294 gra-

51 3310 121 3338 Τὼ·
134 3313 203 3343 Caes.
220 3325 242 3342 c.
261 3325 290 3342 10
316 3316 451 3350 Dubium,
472 3316 606 3343 onrisne
622 3315 726 3348 taedio,
744 3321 923 3350 quam‘neque
935 3311 1084 3343 criminari,
1146 3309 1233 3336 dibus.
1288 3307 1388 3335 Noetes
1402 3307 1553 3333 dinumerat
1582 3303 1664 3331 Ouid.
1678 3303 1743 3329 Met.
1758 3310 1790 3333 11,
1803 3309 1862 3335 574.
1875 3336 1880 3340 .
1932 3299 1987 3325 c1c.
2003 3305 2032 3323 m
2047 3297 2120 3322 Orat.
2130 3303 2187 3336 ‘147

51 3352 99 3373 ³¹¹¹*
119 3345 249 3379 dimittere
266 3351 388 3384 auderet,
410 3361 497 3388 neque
516 3352 585 3380 vltra
603 3351 722 3387 perferre
739 3351 835 3385 posset,
856 3356 902 3376 etc.
975 3348 1012 3374 Eo
1025 3356 1083 3374 rem
1145 3355 1168 3371 c.
1183 3353 1215 3378 43
1236 3343 1276 3371 De
1291 3343 1381 3370 verbis
1395 3343 1465 3369 enim
1473 3339 1681 3375 componendis,
1701 3344 1727 3364 et
1744 3337 1776 3363 de
1790 3331 2188 3375 syllabisvpropemodumdinun

50 3381 164 3408 dimittit
175 3382 295 3416 Epicurus
314 3388 370 3414 Cic.
379 3388 456 3416 Acad.
470 3389 554 3422 4‚'79.
626 3386 854 3414 Commemoratio
869 3383 987 3411 nominis
999 3382 1084 3409 nostri
1145 3380 1278 3407 metandis
1290 3385 1316 3407 et
1328 3377 1498 3405 dimetiendis
1512 3377 1661 3411 loquemur.
1715 3373 1856 3413 Tempora
1873 3368 2112 3408 dinumeratvirg.
2121 3368 2187 3393 Aen.

49 3425 105 3443 non
118 3416 272 3446 dimittenda
296 3423 369 3450 Idem
381 3432 431 3458 pro
444 3422 542 3451 Archia
560 3424 600 3450 26.
672 3419 788 3448 Dimitte
801 3428 825 3448 et
838 3420 958 3447 Demitto
970 3429 985 3446 a
998 3419 1086 3445 Libra-
1146 3419 1173 3449 6,
1186 3419 1241 3449 691.
1309 3415 1484 3441 Dinumerare
1497 3412 1652 3446 pecuniam,
1666 3415 1715 3444 pro
1720 3410 1830 3447 simplici
1844 3412 1983 3446 numerare
2001 3404 2057 3429 Cic.
2070 3404 2146 3442 Yerr.
2163 3409 2189 3442 ς,

48 3455 99 3480 ''ii-f
110 3452 301 3488 ⁶⁰’2f1‘ndunfflr-
774 3472 777 3475 -
1096 3461 1133 3485 90
1147 3461 1193 3478 120
1207 3461 1228 3477 c.
1240 3458 1273 3484 45
1291 3450 1323 3477 Se
1334 3449 1371 3476 ob
1385 3449 1545 3484 sepulturam
1553 3446 1672 3473 Heraclii
1680 3442 1803 3471 nauarchi
1812 3439 1984 3481 Timarchidi
1994 3446 2134 3473 pecuniam
2148 3437 2188 3464 di-

78 3493 107 3528 ,D
117 3495 126 3513 ¹
136 3495 159 3513 M
171 3494 180 3513 ¹
190 3494 202 3514 S
212 3495 224 3515 S
235 3494 256 3514 V
265 3495 278 3515 S
287 3509 296 3522 s
320 3501 343 3523 a,
364 3502 418 3520 um.
464 3494 558 3521 Partic.
604 3493 618 3527 [
630 3493 771 3526 ἐφειμένης,
796 3490 901 3526 datrix,
928 3491 1084 3527 παρειμένος]
1146 3487 1298 3514 numerasse.
1370 3485 1438 3511 Ter.
1451 3483 1528 3511 Adel.
1543 3491 1565 3515 ς,
1579 3489 1605 3517 7,
1621 3490 1661 3514 119
1690 3479 1755 3506 Iube
1769 3486 1836 3503 nunc
1851 3484 1904 3501 iam
1917 3475 2067 3516 dinumeret
2086 3473 2187 3515 Babylo

52 3524 108 3551 Cle·
123 3522 201 3549 Acad·
220 3531 249 3556 4,
270 3532 293 3550 11
317 3526 451 3555 Philonem
460 3529 595 3562 audierat,
617 3528 700 3555 homo
713 3529 772 3555 sane
793 3528 822 3554 in
840 3527 887 3554 ista
907 3526 1085 3562 philosophia,
1148 3523 1192 3549 illi
1204 3522 1304 3557 viginti
1320 3521 1412 3548 minas.
1460 3520 1632 3549 Dinumeret,
1652 3514 1723 3551 quafi
1744 3513 1862 3539 Mfflfflffl
1878 3516 2018 3542 numeret,
2036 3516 2119 3544 :nquit
2132 3509 2187 3535 Do*

52 3567 200 3599 quae-nunc
213 3567 295 3593 prope
312 3559 408 3590 dimissa
424 3571 582 3597 reuocatur,
606 3564 732 3599 probatus
753 3569 779 3591 et
795 3563 905 3590 nobilis.
976 3561 1085 3588 Dimissa
1146 3564 1230 3585 natus.
1573 3590 1578 3594 η
1928 3581 1934 3587 ‚

51 3599 142 3656 petitis
156 3594 285 3635 praestant
300 3594 366 3635 Hor.
381 3599 456 3633 Epist.
472 3609 494 3633 1,
507 3608 536 3635 7,
542 3602 589 3641 96.
606 3604 624 3627 i.
636 3599 734 3627 rencia.
806 3599 903 3625 Lucan.
912 3605 940 3639 ¹3,
952 3599 1004 3639 357
1036 3595 1091 3623 Sed·
1185 3600 1204 3620 n
1216 3601 1227 3620 ι
1239 3600 1261 3620 N
1271 3599 1291 3619 v
1300 3599 1351 3620 ME
1360 3598 1380 3633 ,κ
1389 3596 1459 3619 ΛΤ]
1471 3596 1491 3631 o
1500 3610 1508 3623 ‚
1532 3591 1602 3616 oms.
1628 3587 1659 3626 ᾗ,
1683 3581 1866 3639 [ὃιαρῖθηησις]
1899 3581 1958 3643 ἳῑῦ-
1972 3580 2005 3607 de
2016 3580 2091 3642 Οέὶᾷΐ·
2106 3588 2129 3612 3,
2143 3585 2190 3640 23³3

63 3639 73 3656 ¹
86 3629 154 3656 solus
166 3638 222 3657 e²¹11¹
242 3629 348 3656 dmuffis
363 3631 469 3666 degener
481 3644 578 3668 armis,
603 3643 649 3662 etc.
720 3635 789 3661 Lnes
801 3634 875 3661 caelo
892 3633 994 3660 dinnssa
1021 3632 1083 3658 Stat.
1099 3633 1132 3661 95
1150 3639 1172 3656 c.
1187 3637 1220 3663 34
1247 3628 1425 3662 Improuisum
1443 3625 1570 3661 quiddam
1589 3629 1615 3650 et
1634 3622 1828 3650 dinumeratio,
1847 3623 1873 3644 et
1892 3625 1906 3643 a
1918 3626 1944 3643 ia
1958 3624 2033 3643 corre
2062 3624 2090 3641 10
2109 3621 2135 3641 et
2168 3624 2177 3640 ι

52 3664 193 3698 ΤΙιεῦᾼῃ
231 3685 238 3692 .
275 3686 281 3692 .
317 3685 324 3691 .
360 3666 482 3696 Sententia
492 3671 591 3698 videtur
599 3669 724 3706 postulare
746 3670 869 3697 Demissa.
941 3670 1041 3703 Aggen.
1056 3667 1085 3693 in
1148 3664 1270 3700 sputatio‚
1285 3669 1332 3689 etc.
1375 3661 1547 3701 Q¹in&il⁷3-9‚
1561 3668 1583 3692 3,
1598 3663 1634 3692 91·
1648 3653 2016 3688 Dinumerationemjiguram
2029 3650 2071 3684 effe
2086 3657 2170 3691 negat..

51 3701 174 3728 Frontin.
193 3700 226 3727 de
246 3701 325 3727 limit.
338 3710 363 3736 p.
375 3706 402 3734 58
413 3709 455 3737 pr.
483 3704 652 3733 Pomoerium
665 3706 740 3733 vrbis
759 3706 811 3738 est,
855 3705 909 3732 uod
923 3710 982 3730 ante
994 3711 1084 3729 muros
1182 3705 1202 3725 D
1212 3707 1222 3726 1
1231 3706 1254 3725 N
1263 3706 1283 3725 v
1294 3705 1319 3724 M
1330 3704 1357 3724 M
1367 3705 1378 3724 1
1390 3705 1411 3724 v
1420 3705 1446 3724 M
1458 3717 1468 3730 ,
1498 3706 1528 3722 u.
1556 3704 1582 3720 n.
1633 3693 1728 3727 spectes
1747 3687 1880 3726 vectigalis
1897 3688 1999 3714 duorum
2015 3696 2142 3713 numerum
2159 3693 2188 3711 m

51 3737 165 3797 spatilum
184 3736 231 3763 sinb
244 3742 314 3763 certa
331 3738 450 3764 mensura
469 3738 598 3768 dimiffum
620 3742 672 3775 est,
693 3744 711 3768 i.
730 3715 909 3775 intermzfficm,
927 3749 957 3766 ne
974 3739 1084 3770 colatur,
1147 3735 1214 3763 eod.
1232 3733 1343 3762 Theod.
1366 3734 1386 3760 1.
1407 3742 1437 3767 14
1468 3732 1509 3758 tit.
1528 3738 1568 3756 20.

51 3781 107 3799 mae
127 3783 133 3796 1
153 3778 230 3799 cetur.
1088 3793 1090 3795 ,

89 3813 108 3832 D
118 3814 125 3832 1
136 3813 178 3833 Ml
189 3814 242 3847 SSJ
253 3813 272 3833 o
283 3827 291 3840 ,
312 3808 380 3848 onis.
399 3807 419 3833 f.
439 3805 553 3848 [ὅξφεσιῃ
567 3810 664 3846 οἶφε-μή]
701 3812 842 3839 Cic.Verr.
856 3818 877 3843 ς,
891 3815 919 3843 83
932 3819 954 3836 c.
967 3817 993 3842 33
1011 3808 1140 3836 Prae-100
1438 3839 1445 3844 .
1540 3789 1570 3822 D
1666 3785 1681 3821 Ῑ
1748 3841 1752 3843 ἡ
1776 3789 1805 3820 O
2084 3832 2087 3836 ,

54 3840 124 3868 dara
135 3842 212 3868 classis
226 3852 254 3868 m
267 3844 389 3877 speciem,
411 3843 454 3869 sed
469 3850 545 3878 inops
558 3851 584 3871 et
595 3847 708 3880 infirma,
722 3853 831 3882 propter
838 3846 1011 3872 dimillionem
1025 3853 1086 3879 pro·
1185 3849 1205 3872 D
1216 3850 1227 3871 1
1238 3850 1257 3871 o
1266 3846 1309 3871 '130
1318 3850 1334 3869 L
1343 3846 1365 3867 V
1374 3847 1415 3872 M,
1436 3848 1456 3866 1.
1476 3847 1502 3864 n.
1527 3835 1654 3870 διῶβολον,
1669 3835 1772 3862 duorum
1785 3833 1906 3861 obolorum
1918 3840 2014 3858 numus.
2051 3829 2119 3868 Hinc
2153 3862 2161 3868 ,

56 3883 229 3911 pugnatorum
241 3885 320 3913 atque
333 3879 474 3912 remigum.
543 3878 615 3906 Idem
626 3882 656 3907 in
667 3883 756 3909 Par-ad.
771 3884 789 3909 6
820 3881 987 3910 Dimiffiones
1005 3880 1086 3909 liber·-
1185 3886 1205 3907 D
1216 3886 1226 3906 1
1237 3886 1257 3906 o
1267 3886 1282 3905 Β
1292 3884 1312 3904 0
1323 3884 1339 3903 L
1349 3878 1372 3903 Ᾱ
1379 3882 1399 3902 R
1411 3882 1419 3900 ι
1430 3882 1454 3906 s,
1466 3882 1489 3900 e.
1509 3873 1569 3900 Adi.
1598 3869 1771 3906 [διωξολαῖος]
1807 3868 1965 3896 Diobolares
1978 3870 2137 3892 meretrices,
2149 3868 2187 3886 tm

55 3918 145 3939 torum
156 3913 187 3938 ad
199 3913 366 3947 fenerandas,
385 3914 599 3949 diripiendasque
617 3918 774 3949 prouincias,
1096 3936 1098 3938 .
1149 3919 1204 3952 quit
1217 3914 1317 3945 Festus,
1328 3918 1395 3946 quae
1409 3909 1513 3935 duobus
1524 3908 1613 3935 obolis
1626 3907 1817 3933 conducuntur.
1855 3904 1934 3943 Plaut.
1949 3903 2027 3928 Poen.
2039 3908 2059 3938 ι,
2073 3907 2099 3929 2,
2112 3901 2141 3929 2⁵8

90 3953 110 3973 1>
122 3953 164 3973 1M
174 3954 183 3973 1
192 3955 205 3975 s
215 3954 298 3983 SOR,
318 3951 381 3977 oris.
400 3959 435 3976 m.
471 3949 589 3976 Tertull.
601 3950 699 3980 aduers.
710 3950 793 3984 Mag-g,
803 3960 834 3988 4,
848 3960 886 3981 ιο,
1254 3944 1352 3975 Turba
1366 3945 1402 3971 est
1414 3952 1482 3971 nunc
1495 3944 1564 3980 apud
1578 3952 1666 3975 aram,
1693 3942 1733 3968 ibi
1747 3942 1788 3968 vis
1801 3942 1870 3967 inter
1881 3938 1940 3964 istas
1953 3936 2083 3963 versarier

1097 3989 1142 4020 105
1254 3980 1538 4017 Prosedasrpistorum
1548 3980 1663 4013 amicas,
1683 3977 1812 4013 reliquias
1826 3973 1956 4002 aucarias,

94 3987 346 4023 DIMISSORIA,
370 3985 518 4023 ἐποσχεπκῂ
538 3985 618 4024 Closs}
1325 4017 1346 4049 Ξ

1381 4025 1399 4046 2

2066 3998 2190 4033 Miseria.
