2479 4225
281 174 350 213 543
665 151 699 191 E
784 149 822 189 X
907 144 951 183 T
1762 133 1796 172 E
1878 135 1915 174 X
1994 134 2039 174 T
2086 152 2087 155 ¹
2339 147 2420 185 544,

284 246 317 282 qs?
329 247 358 273 vi
373 251 513 279 extorquere
525 240 622 277 aliquid
628 240 757 276 scrutari,
776 241 818 262 aut
830 229 947 262 curiofius
959 236 1080 263 quaerere.
1123 226 1205 252 Plaut.
1218 225 1285 250 Pers.
1295 232 1318 255 2,
1381 224 1458 250 Locis
1480 224 1508 250 in
1531 223 1646 249 externis
1669 223 1760 249 minor
1777 222 1813 249 est
1836 222 1868 248 ad
1888 223 1989 250 facinus
2009 223 2169 250 verecundia
2190 222 2246 249 Cie.
2262 223 2334 249 Fam.
2349 231 2376 255 4,
2390 231 2415 255 9.

287 292 303 310 2
330 290 354 297 ¹·
374 280 458 307 Lubet
475 289 480 304 z
514 286 648 312 nunquam
661 274 748 301 hercle
762 271 824 297 istuc
835 264 1012 293 exterebrabis
1022 269 1094 295 tu‚vt
1108 262 1138 288 fis
1150 261 1225 296 prior
1239 268 1319 294 quam
1382 259 1482 286 Malum
1501 260 1570 293 Nep.
1585 267 1624 290 22,
1635 267 1661 290 2,
1676 266 1694 283 1.
1716 292 1733 297 ..
1788 259 1893 284 Lucret.
1905 267 1934 291 4,
1946 267 1994 291 930
2014 259 2148 293 Principio
2159 264 2265 285 externa
2278 266 2372 292 corpus
2384 257 2416 285 de

286 303 313 344 e,
319 299 408 343 g>ficm
453 313 526 350 conf
540 320 556 339 E
565 321 584 340 x
592 320 613 339 T
621 319 637 338 E
646 318 667 337 N
676 316 692 336 E
701 315 717 335 B
725 315 743 333 R
751 313 779 331 Ο.
1382 295 1455 321 Parte
1466 294 1629 320 neccssum'st
1660 294 1747 319 Aerus
1761 294 1888 327 quoniam
1900 294 2019 320 vicinum
2032 294 2149 328 tangitur
2160 294 2232 320 auris
2240 313 2249 326 ‚
2283 292 2417 320 Tundier.
2448 317 2450 319 .

302 327 340 378 gg
350 358 367 376 ν(
378 357 400 377 Τ
410 357 426 376 E
435 356 451 375 R
464 356 484 376 G
494 355 537 375 Eo
574 348 591 373 fi
625 348 679 372 sum
688 363 696 375 ‚
716 345 767 367 ere.
804 334 978 370 [ᾰποσμῆχω]
1015 334 1082 361 Idem
1104 330 1168 368 quod
1188 328 1319 365 Tergendo
1381 330 1495 364 Populos
1503 329 1571 364 apud
1579 335 1699 356 externos
1712 328 1800 354 valere
1813 328 1908 363 opibus
1921 335 1946 355 et
1958 330 2051 364 gratia,
2065 329 2237 356 vehementer
2249 328 2315 355 vtile
2328 328 2364 355 est
2376 327 2420 362 iis,

286 372 393 424 Purng
429 391 453 410 εἴ
466 368 580 410 mundz'cm
588 368 683 417 [ἵκω.
719 376 798 401 Plaut.
813 369 879 398 Rud.
894 377 915 402 ς,
928 379 954 402 2.,
969 378 999 403 14
1020 371 1058 396 Ita
1071 372 1170 403 quanto
1182 366 1264 406 tnagis
1277 372 1320 390 ex·
1342 369 1358 395 ς
1384 365 1432 399 qui
1448 365 1562 406 ‘honeste
1584 364 1698 405 multum
1721 364 1790 398 posse
1803 364 1897 391 volunt
1916 364 1972 391 Cic.
1987 365 2039 392 Off.
2055 373 2080 397 2,
2095 367 2139 399 64.
2235 364 2325 390 Pulsus
2339 374 2345 390 z
2379 370 2418 396 vt,
2447 376 2449 378 -

286 429 327 449 ter
347 430 379 448 eo
401 405 526 447 'rutilum
538 424 614 452 atque
628 412 729 440 tenuius
743 409 780 435 fit.
852 407 918 432 (32³0
931 414 953 432 C·
966 408 1017 437 162,
1033 414 1044 437 3
1082 404 1131 430 Die
1145 408 1225 428 terno
1237 406 1321 426 exter·
1381 401 1530 427 Inanimum
1543 401 1578 427 est
1585 408 1656 426 enim
1668 408 1754 429 omne,
1769 399 1842 434 quod
1857 399 1932 434 pulsu
1944 400 2056 435 agitatur
2068 407 2177 426 externo
2210 399 2265 426 Cic.
2288 400 2315 425 in
2329 399 2417 426 somn,
2446 417 2448 423 ,

312 431 348 484 ’Ξ
361 441 468 491 spbngia
480 455 554 480 bene.
624 450 653 475 Et
666 456 687 472 c.
702 446 740 470 26.
809 442 895 469 Varro
908 443 966 466 item
979 440 1011 466 de
1025 441 1056 466 R.
1070 440 1100 465 R.
1113 447 1139 470 2,
1154 445 1176 470 5·
1246 436 1281 461 Vt
1292 443 1323 460 ea
1382 436 1448 470 Scip.
1461 444 1498 462 21.
1605 435 1710 469 Religio
1735 434 1772 461 Id.
1791 436 1869 462 Verr.
1889 444 1917 469 4,
1930 443 1981 469 114.
2075 436 2175 461 Rerum
2188 440 2352 461 externarum
2362 453 2369 466 ,
2393 440 2419 461 et

287 467 395 521 {cilius
408 494 589 523 extergeantur
606 483 710 509 Vitruu.
724 487 751 512 7,
767 487 786 509 3.
853 476 900 504 Sed
911 483 934 502 et
1382 470 1414 497 ad
1427 480 1521 505 corpus
1534 472 1725 506 pertinentium
1738 470 1847 497 domina
1858 470 1967 496 fortuna
1985 471 2040 497 Cic.
2055 470 2137 497 Tusc.
2152 477 2175 502 5,
2188 477 2218 502 25
2231 479 2251 496 c.
2264 478 2289 503 9.
2336 469 2418 496 Ouid.

326 535 342 555 E
353 536 371 556 x
381 535 402 555 'r
411 535 427 554 E
438 534 455 552 R
465 532 485 551 G
495 531 528 554 ο,
549 523 600 546 ἕπε.
636 516 717 543 Plaut.
739 512 842 540 Mostel.
861 521 870 538 1
879 531 887 544 ‚
900 520 927 544 3,
941 520 982 537 110
1007 510 1130 537 Linteum
1145 516 1221 542 cape,
1240 511 1322 540 tuque
1383 507 1447 532 Met.
1461 515 1498 541 14,
1512 515 1564 539 454
1584 507 1668 539 Auget
1683 513 1792 541 vterque
1807 507 1861 532 suas
1874 511 1983 532 externo
1992 506 2098 532 Robore
2110 506 2197 537 vires,
2232 506 2264 532 Et
2276 505 2354 531 multi
2368 505 2420 531 Ru-

292 570 365 590 exter
384 572 397 589 e
411 561 461 589 tibi
474 564 570 584 manus.
652 551 719 576 Cato
731 548 763 574 de
778 549 809 574 R.
823 548 854 574 R.
870 556 891 573 c.
906 549 951 573 162
976 546 1033 572 Post
1048 545 1118 571 diem
1133 543 1245 570 omnino
1259 542 1323 581 duo·
1341 548 1371 566 10
1385 542 1463 575 tilos,
1482 542 1550 568 mihi
1564 541 1688 568 Troiana
1701 548 1809 568 tuentur
1844 541 1940 567 Castra.
2033 542 2056 567 A
2078 541 2136 568 sede
2159 547 2266 567 externa
2286 539 2420 575 proselitus

291 572 422 626 ᾱεςῑῃῗιηῃ
436 600 523 629 pernas
536 587 661 618 eximito,
682 591 707 611 et
720 584 799 610 salem
811 591 919 610 omnem
933 581 1079 615 detergim,
1098 586 1123 605 et
1140 577 1290 616 suspenditq
1297 584 1326 602 m
1388 577 1464 612 Virg.
1477 578 1541 603 Aen.
1555 585 1582 611 7,
1595 584 1649 609 255.
1763 578 1859 611 Tepor
1872 582 1992 603 externus
2005 581 2030 602 et
2044 576 2207 603 aduenticius
2228 576 2284 603 Cic.
2293 575 2324 602 de
2336 575 2372 601 N.
2387 575 2420 601 D.

290 641 398 661 ventum
411 629 533 657 biduum,
552 622 632 649 tertio
645 620 785 654 extergite.
856 618 925 644 Certe
938 616 1052 653 fluc‘luat
1070 614 1151 642 Icflio.
1194 613 1251 640 Vici.
1265 614 1325 652 mef
1388 621 1412 643 2,
1421 616 1464 639 26.
1505 612 1635 638 Thalami
1654 611 1728 646 Virg.
1741 613 1806 639 Aen.
1819 614 1844 644 6,
1852 620 1896 645 94.
1967 613 2070 638 Venere
2083 619 2189 639 externa
2199 611 2302 638 laedere
2315 610 2435 637 socialia·

309 673 346 696 lex
364 670 478 694 TERGO.
512 663 542 686 it.
564 662 739 685 ABSTERGO.
835 653 900 680 Plin.
913 662 958 686 24,
971 660 988 687 7
1003 658 1067 678 extr.
1086 649 1212 677 Mastiche
1224 648 1326 675 lentisci
1385 647 1492 674 foedera
1512 648 1593 674 Ouid.
1607 648 1672 673 Met.
1687 656 1725 679 14,
1737 654 1791 680 330.
1885 646 1958 681 Virg.
1966 648 2032 673 Aen.
2041 655 2068 681 7,
2075 649 2106 677 68
2126 649 2268 674 Externum
2281 647 2421 677 cernimus,

286 677 324 731 gd
336 697 514 733 extergendam
527 699 613 720 cutem
626 693 654 719 in
666 691 735 718 facie
752 694 781 716 vt
798 690 939 724 smegmata
962 687 1111 714 adhibetur.
1184 686 1252 712 Haec
1264 685 1327 718 opri—
1386 683 1491 718 inquit,
1527 683 1676 709 Aduentare
1688 683 1791 710 Virum.
1880 682 1987 709 Visione
2000 688 2107 709 externa
2120 690 2145 710 et
2158 681 2307 710 aduenticia
2319 682 2422 708 animo·

289 749 328 766 ma
338 737 435 763 vidum.
448 729 530 758 χρειὼ,
1342 728 1368 754 ις
1389 719 1485 753 pulsari
1511 719 1568 745 Cic.
1600 719 1632 744 de
1663 717 1754 744 Diuin.
1785 727 1812 751 2,
1844 726 1894 751 119.
1970 718 1999 745 A
2025 718 2140 745 librariis
2170 717 2336 755 confunditur
2369 725 2423 744 cum

325 779 342 799 Ε
353 778 369 796 x
381 777 400 795 T
409 776 425 795 E
435 774 454 793 R
464 774 476 793 s
485 772 504 791 V
514 772 544 797 s,
563 772 595 796 a,
615 771 668 789 um.
688 760 781 788 Partic.
817 758 1021 792 [οἶπεμηγμένος]
1057 756 1193 783 Extersum
1206 763 1257 786 aes,
1272 753 1324 779 hs.
1384 755 1521 781 Extremus
1535 765 1540 779 :
1575 753 1639 789 quod
1655 752 1709 778 vid,
2141 751 2144 755 ’

290 806 427 841 Expolitum
447 802 511 829 Plin.
525 808 566 833 34,
580 807 606 831 9.
689 796 746 823 Cic.
761 796 836 822 Verr.
850 803 875 826 2,
888 802 915 827 52
927 802 949 819 c.
964 802 987 819 21
1026 793 1129 819 Etenim
1141 800 1220 826 quam
1234 796 1262 816 tu
1277 789 1324 815 do·
1420 787 1546 817 Ex'rfi'x
1558 795 1578 815 o
1589 810 1597 822 ‚
1618 788 1698 820 triui,
1719 790 1828 820 tritum,
1850 790 1902 815 ere.
1939 788 2080 823 [ἕκτρίβω]
2117 787 2184 815 Idem
2203 787 2334 825 fignificat
2359 785 2424 823 quod

290 850 360 868 mum
370 859 376 870 ,
396 846 473 873 quam
486 835 579 862 vrbem
592 832 696 864 adiisti,
715 830 788 867 quod
802 830 894 857 fanum
908 829 1032 863 denique,
1053 826 1124 862 quod
1137 836 1189 853 non
1203 826 1325 852 euersum
1385 825 1549 852 comminuere
1561 824 1676 856 terendo,
1695 830 1739 850 aut
1750 823 1822 849 valde
1835 830 1920 850 terere.
1975 824 2072 850 Cibum
2084 829 2203 851 exterere
2229 825 2286 851 Cic.
2299 823 2331 850 de
2338 823 2374 849 N.
2388 822 2422 849 D.

289 883 366 910 atque
387 873 517 900 extersum
536 869 676 904 reliqueris
690 869 699 893 3
735 866 879 897 Euersum,
902 864 933 890 ab
961 864 1078 896 Euerro,
1097 873 1144 889 non
1166 862 1195 889 ab
1218 862 1324 887 Enerto.
1387 869 1413 892 2,
1428 862 1469 893 136
1483 869 1504 886 c.
1518 868 1560 893 54.
1600 860 1657 887 Vid.
1671 865 1774 885 ALVVS
1789 858 1865 885 multi
1885 859 1925 885 lex
1939 864 1965 885 et
1978 860 2104 886 tortuosa.
2209 860 2334 886 Frontem
2348 857 2425 896 calciq

287 912 368 938 Plaut.
383 911 460 936 Cure.
474 916 502 940 4,
514 915 542 939 4,
555 913 587 932 22
607 907 636 930 in
648 905 744 930 lenonio
756 899 916 934 instrumento
927 903 1001 925 etiam
1011 897 1045 932 est
1057 899 1168 925 linteum
1189 897 1324 923 extensum
1339 904 1374 923 20
1387 895 1436 922 bus
1456 895 1563 922 Phaedr.
1578 904 1598 928 1,
1611 904 1652 926 22,
1667 904 1692 927 9.
1762 894 1849 920 Varro
1879 903 1893 920 e
1906 895 1937 921 R.
1950 895 1981 921 R.
1995 904 2014 927 1,
2025 903 2064 928 52,
2073 904 2085 921 2
2103 894 2180 929 Apud
2194 895 2260 921 alios
2267 894 2426 930 frumentum

289 953 318 972 vt
331 945 421 971 edrtur.
458 942 506 969 Sed
522 940 625 976 pulchre
644 945 666 966 et
678 937 799 972 verzffime
814 938 917 967 Douza,
938 935 1103 969 linteumque
1115 933 1243 965 extersui‚
1264 931 1329 967 quod
1389 932 1516 971 exteritur
1528 940 1606 972 grege
1620 932 1802 956 iumentorum
1815 929 1919 962 11111610,
1937 936 1963 956 et
1977 930 2016 957 ibi
2027 931 2125 965 agitato
2145 931 2266 964 perticis,
2285 929 2358 964 quod
2377 937 2441 967 vri-4

286 984 358 1007 etiam
373 986 448 1005 metro
461 979 545 1004 melius
560 977 673 1002 conuenit
686 974 796 1010 etfimile
816 969 849 1005 esi
866 972 953 997 multis
968 971 1045 1002 aliis,
1060 979 1119 1006 quae
1139 972 1167 995 in
1190 968 1329 996 Taubman-
1390 966 1458 1000 guhs
1471 976 1485 993 e
1499 968 1567 1002 spica
1578 972 1733 994 exteruntur
1746 974 1833 999 grana.
1905 965 1972 992 Adel.
1987 966 2094 992 Colum.
2109 974 2132 998 2,
2145 974 2185 998 21,
2198 975 2225 999 4.
2261 968 2291 992 it.
2304 973 2333 998 2,
2346 973 2378 998 9,
2393 973 2427 992 11.

287 1020 361 1043 niam
373 1014 454 1041 uideri
464 1012 574 1049 poffunt.
1390 1003 1476 1029 Varro
1489 1002 1520 1029 de
1533 1003 1565 1028 R.
1581 1003 1611 1029 R.
1626 1011 1651 1034 2,
1665 1011 1673 1027 1
1693 1002 1715 1027 A
1729 1010 1782 1035 quo
1795 1000 1851 1035 post
1864 1000 1953 1027 balare
1972 1001 2076 1032 dicunt,
2092 1001 2188 1027 extrita
2205 1002 2225 1028 Ε
2245 1001 2336 1033 litera,
2353 1007 2383 1027 vt
2395 999 2426 1027 fit

322 1058 339 1078 Ε
350 1058 366 1076 x
376 1057 397 1077 T
409 1056 422 1075 Ρ.
433 1056 452 1076 R
461 1056 473 1074 s
482 1055 502 1074 v
511 1056 540 1080 s,
559 1046 598 1073 sm.
617 1055 652 1072 m.
689 1044 814 1070 Linteum
826 1041 943 1069 extersui
963 1040 1046 1067 Plaut.
1068 1040 1147 1066 Cure.
1165 1048 1193 1072 4,
1206 1047 1233 1072 4,
1245 1047 1279 1065 22
1298 1043 1328 1064 vt
1389 1037 1417 1063 in
1430 1038 1528 1064 multis.
1599 1037 1668 1064 Adsi.
1683 1036 1721 1064 1d.
1734 1036 1766 1062 de
1780 1037 1809 1062 L.
1823 1037 1853 1062 L.
1866 1046 1901 1071 4,
1916 1044 1952 1069 19.
2039 1037 2111 1071 Opus
2123 1037 2206 1071 poliat
2219 1037 2299 1068 lima,
2317 1044 2372 1063 non
2384 1044 2428 1062 ex.

286 1086 353 1113 modo
367 1083 470 1112 dietum.
1344 1080 1375 1107 25
1388 1078 1454 1099 terat
1469 1073 1598 1107 Quinctil.
1613 1082 1649 1105 10,
1664 1082 1682 1105 4
1695 1078 1759 1098 extr.

323 1129 340 1149 E
350 1130 367 1149 x
376 1127 397 1146 Τ
405 1127 422 1147 E
431 1127 449 1146 R
460 1125 498 1146 10
508 1124 526 1144 R
536 1137 544 1150 ,
567 1116 621 1143 vid.
641 1121 658 1142 E
668 1121 686 1141 x
695 1121 716 1141 Τ
726 1121 745 1140 R
755 1121 787 1140 Α.
1424 1115 1441 1135 E
1449 1116 1467 1135 x
1476 1116 1497 1136 Τ
1506 1116 1524 1135 R
1534 1110 1547 1135 1·
1556 1116 1577 1135 T
1587 1116 1608 1134 v
1618 1116 1630 1135 5
1640 1129 1648 1141 ,
1668 1117 1682 1134 a
1690 1128 1698 1140 ‚
1718 1117 1772 1134 um.
1792 1107 1885 1134 Pax-tic.
1921 1106 2132 1142 [ἕκτετριμμένος]
2167 1106 2237 1141 Ignis
2250 1107 2362 1134 extritus
2373 1107 2441 1136 Lu-..

321 1164 339 1184 E
348 1165 365 1184 x
374 1163 395 1183 T
404 1163 421 1183 Ε
431 1162 451 1181 R
461 1162 486 1181 Μ
498 1152 538 1180 ῑΝ
548 1159 567 1179 o
577 1172 585 1184 ,
614 1155 668 1178 are.
704 1148 830 1185 [ἐφιῇ-1,
852 1146 1002 1180 ἔξολοθεύω]
1038 1147 1118 1173 Extra
1134 1148 1252 1172 terminos
1272 1148 1329 1170 mit·
1389 1150 1452 1170 cret.
1467 1152 1489 1176 5,
1501 1152 1574 1179 1097.
1595 1144 1622 1170 de
1631 1144 1745 1179 fulgure.
1817 1143 1907 1169 Litera
1938 1143 2023 1169 Varro
2038 1142 2070 1169 de
2083 1143 2114 1169 R.
2130 1143 2161 1169 R.
2173 1151 2199 1175 2,
2211 1151 2230 1170 1.
2322 1142 2427 1176 Syllaba

286 1199 352 1224 tere,
369 1195 462 1218 eiicere.
499 1189 572 1216 Non.
588 1196 608 1219 1,
622 1195 661 1213 110
680 1195 709 1212 ex
727 1184 812 1211 Lucil.
839 1184 904 1210 Non
929 1181 1028 1209 rediret
1041 1182 1074 1208 ad
1087 1183 1127 1212 se,
1153 1187 1232 1215 atque
1252 1180 1326 1206 illam
1388 1178 1473 1213 [κατά
1484 1178 1619 1214 curuamine]
1639 1178 1771 1212 Quinctil.
1787 1187 1814 1211 9,
1828 1187 1849 1210 3.

288 1227 473 1255 exterminaret
487 1224 620 1250 miseram.
709 1221 765 1247 Cic.
780 1219 832 1247 Off.
848 1228 872 1251 2,
886 1224 918 1248 80
954 1218 991 1244 Ex
1011 1226 1095 1252 eoque
1108 1222 1228 1251 tempore
1241 1221 1327 1242 tantae
1425 1221 1442 1241 E
1452 1221 1470 1240 x
1480 1221 1502 1241 T
1512 1221 1528 1241 E
1538 1222 1613 1241 RRA
1621 1222 1642 1241 Ν
1652 1222 1668 1241 Ε
1678 1222 1698 1241 ν
1707 1222 1823 1246 s,a,um.
1833 1213 1894 1240 Adi.
1912 1216 1995 1249 inquit
2002 1213 2104 1244 Festus,
2123 1213 2159 1239 Ex
2166 1212 2218 1240 alia
2225 1218 2303 1240 terra.
2337 1213 2439 1241 Emer-¹

287 1262 433 1290 discordiae
447 1262 547 1288 secutae
561 1259 634 1289 sunt,
653 1256 694 1283 vti
708 1262 733 1282 et
744 1255 849 1288 tyranni
861 1254 1010 1285 existerent,
1031 1259 1057 1279 et
1068 1253 1191 1287 primates
1203 1251 1327 1277 extermi-
1342 1261 1376 1286 30
1388 1259 1482 1277 rancus
1500 1259 1607 1285 quoque
1625 1250 1737 1281 dicitur,
1757 1256 1782 1275 et
1801 1250 1848 1284 qui
1865 1254 1924 1275 ante
1944 1255 2046 1284 tempus
2061 1254 2153 1281 natus,
2171 1249 2215 1275 vel
2229 1250 2317 1283 potius
2329 1248 2433 1276 eieQu..

286 1304 420 1326 narentur.
492 1295 594 1322 Eiicere
605 1293 722 1327 aliquem
734 1300 766 1317 ex
779 1290 860 1321 vrbe,
878 1296 904 1316 et
919 1289 996 1315 illum
1009 1288 1180 1315 exterminari
1193 1287 1261 1313 velle
1269 1287 1326 1313 Cic.
1389 1285 1433 1312 est.
1470 1285 1561 1312 Dictus
1572 1291 1658 1312 autem
1671 1287 1854 1318 Exterraneus,
1874 1284 1946 1320 quod
1959 1294 2019 1311 eum
2032 1291 2116 1312 mater
2129 1285 2256 1311 exterrita
2267 1285 2329 1312 aluo
2340 1283 2430 1312 eiecit.

287 1336 316 1362 in
331 1334 409 1361 Catil.
424 1341 447 1365 3,
461 1340 484 1363 3.
553 1330 576 1356 A
590 1328 641 1355 diis
655 1327 793 1362 penatibus
807 1327 877 1352 ciues
897 1324 952 1352 Cic.
966 1333 1014 1359 pro
1029 1325 1097 1351 Sext.
1110 1332 1149 1355 30.
1228 1322 1326 1348 Venire
1387 1322 1443 1349 Alii
1456 1322 1650 1348 Exterricineus
1664 1323 1685 1348 le
1719 1327 1756 1346 nt.
1792 1322 1819 1347 15
1832 1321 1929 1356 quidem
1941 1318 2032 1356 est,qui
2044 1322 2169 1347 aGraecis
2179 1322 2296 1357 ἔὶιτ-ρωμοι
2307 1327 2428 1348 vocatur.-
2455 1328 2457 1334 ⁴

288 1371 317 1397 in
331 1370 483 1400 ciuitatem,
521 1372 544 1392 et
559 1365 599 1391 De
612 1364 719 1390 ciuitate
739 1361 925 1393 exterminari,
945 1362 1073 1386 contraria
1112 1359 1168 1384 Cic.
1182 1366 1231 1392 pro
1245 1358 1327 1384 Corn.
1387 1358 1465 1388 alius,
1477 1360 1536 1393 qui,
1555 1363 1612 1383 ante
1625 1331 1724 1384 exaeffs
1736 1356 1826 1392 menses
1839 1364 1921 1387 natus,
1941 1356 1971 1382 ab
1983 1356 2072 1382 iisdem
2086 1355 2229 1389 ἧλιτόμηνος
2240 1363 2356 1391 vocatur,
2368 1364 2431 1393 quac.

287 1405 359 1433 Balb.
374 1413 408 1437 51.
479 1401 673 1429 A11&oritatem
704 1398 857 1432 aliquorum
892 1405 907 1422 e
938 1396 1047 1422 ciuitate
1083 1394 1139 1420 Cic.
1159 1393 1191 1420 dc
1204 1393 1326 1420 Prouinc.
1386 1393 1431 1419 lem
1439 1391 1518 1428 fuiffe
1532 1390 1689 1427 Eurystheum
1704 1394 1824 1418 Homerus
1844 1395 1924 1418 canit.

288 1441 366 1467 Cons.
383 1449 405 1472 3.
487 1437 523 1463 Ex
538 1436 678 1462 hominum
691 1433 880 1460 communitate
898 1431 954 1458 Cic.
968 1430 1020 1457 Off.
1033 1439 1055 1462 3,
1069 1437 1114 1464 47.
1218 1430 1254 1455 Ex
1266 1428 1327 1455 fini·
1342 1437 1371 1463 35
1419 1435 1494 1455 EXT
1503 1435 1519 1454 Ε
1528 1435 1547 1454 R
1557 1435 1575 1454 R
1584 1434 1601 1454 E
1612 1434 1631 1454 o
1642 1447 1650 1459 ,
1670 1428 1715 1459 ui,
1732 1429 1799 1453 ‘itum
1808 1447 1816 1459 ,
1836 1431 1889 1453 ere.
1926 1428 2071 1461 [ἒκφοβὲω]
2108 1427 2175 1454 Idem
2192 1428 2258 1464 quod
2275 1428 2348 1455 valde
2364 1429 2427 1456 Ter-

286 1476 335 1503 bus
349 1481 456 1502 naturae
470 1472 599 1499 humanae
613 1467 834 1499 exterminandus,
845 1476 924 1502 quem
937 1466 1038 1493 bellum
1051 1465 1132 1491 ciuile
1143 1463 1256 1491 delectat
1269 1465 1326 1491 Cic.
1385 1472 1447 1491 rere.
1484 1463 1539 1489 Cic.
1553 1463 1605 1489 Off.
1620 1471 1645 1494 2,
1660 1470 1691 1497 37
1705 1472 1727 1489 c.
1741 1471 1770 1488 10
1786 1463 1817 1488 Et
1829 1461 1954 1489 dolorum
1968 1471 2050 1497 quum
2063 1462 2238 1490 admouentur
2249 1465 2319 1490 faces
2356 1473 2430 1499 prae.

288 1512 356 1538 Phil.
372 1520 396 1543 13
409 1517 452 1545 pr.
523 1508 559 1534 Ex
582 1514 695 1533 numero
718 1504 856 1531 hominum
878 1503 996 1536 aliquem
1015 1501 1128 1533 eiicere,
1147 1506 1172 1526 et
1184 1509 1215 1527 ex
1229 1500 1327 1526 finibus
1387 1504 1427 1525 ter
1440 1498 1549 1525 modum
1562 1498 1684 1533 plerique
1697 1502 1871 1523 exterrentur.
1976 1498 2088 1533 Aspefiu
2101 1500 2230 1526 exterreri
2268 1486 2370 1526 cic.'de
2383 1487 2449 1532 Del:

287 1547 416 1574 humanae
429 1550 536 1570 naturae
549 1541 724 1570 exterminare
744 1540 800 1566 Cic.
813 1538 924 1572 Philipp.
933 1546 996 1570 13,1.
1066 1537 1102 1562 Ex
1117 1535 1182 1562 vrbe
1197 1536 1327 1562 virtutem
1387 1535 1443 1561 vin.
1459 1543 1478 1566 1,
1492 1541 1527 1568 79
1540 1542 1561 1559 c.
1575 1535 1614 1565 36.
1706 1533 1782 1558 Metu
1804 1532 1933 1559 exterreri
1957 1533 2017 1559 Liu.
2029 1542 2058 1566 4,
2070 1542 2109 1565 23.
2200 1534 2306 1569 Mugitu
2318 1543 2429 1564 nemo„

288 1583 343 1609 Cic.
359 1590 407 1616 pro
422 1580 519 1606 Milon.
534 1587 576 1605 102
591 1588 612 1604 c.
626 1585 664 1612 37.
770 1576 799 1601 Et
809 1573 865 1608 fine
886 1571 1079 1609 Praepqfitionss
1098 1578 1143 1606 vt,
1163 1571 1237 1597 Vrbe
1247 1577 1327 1606 atque
1387 1575 1500 1596 exterret
1513 1574 1610 1607 taurusu
1622 1568 1667 1594 Sil.
1683 1569 1722 1601 16,
1759 1587 1765 1594 .

287 1626 352 1652 agro
365 1614 536 1643 extemiinari
575 1614 630 1641 Cic.
646 1612 678 1639 de
693 1611 728 1639 N.
742 1611 773 1636 D.
786 1619 807 1643 1,
825 1612 856 1642 63
874 1618 895 1636 e.
911 1617 950 1641 23.
1055 1607 1174 1634 Herbam
1187 1614 1328 1641 augentem
1339 1615 1377 1640 40
1428 1610 1501 1631 EXT
1511 1611 1528 1630 Ε
1537 1611 1556 1630 R
1566 1609 1585 1630 R
1596 1611 1605 1629 1
1617 1609 1638 1629 T
1648 1610 1668 1628 V
1678 1611 1690 1630 s
1699 1623 1707 1636 ,
1733 1612 1763 1636 a,
1791 1611 1846 1630 um.
1874 1604 1968 1630 Partic.
2005 1603 2233 1640 [ἕκπιφοβημὲνος]
2265 1605 2320 1633 Cic.
2333 1605 2366 1633 de
2378 1605 2427 1633 Di-

289 1653 350 1680 Col.
365 1661 403 1684 10,
417 1658 472 1683 149.
543 1649 611 1676 Add.
627 1657 660 1680 11,
674 1656 696 1680 3,
710 1655 746 1679 19.
817 1645 864 1672 Sed
876 1653 902 1677 9,
916 1652 949 1677 15,
963 1652 974 1676 3
995 1644 1026 1670 111
1042 1649 1128 1670 10111111
1148 1644 1326 1669 exterminare
1390 1640 1445 1667 vin.
1460 1648 1480 1672 1,
1497 1648 1533 1672 40
1546 1648 1568 1665 c.
1581 1647 1615 1665 20
1635 1639 1718 1666 Talia
1729 1645 1920 1665 commemorat
1937 1639 2091 1672 lacrimans,
2110 1641 2243 1667 exterrita
2253 1641 2354 1668 somno.
2388 1642 2426 1667 Ex

288 1689 365 1715 fucos
378 1686 410 1720 est
422 1685 453 1712 ad
467 1683 633 1712 occidionem
646 1692 725 1710 eorum
738 1686 841 1716 gentem
855 1680 1018 1706 interimere.
1104 1679 1169 1704 Plin.
1183 1687 1216 1710 31,
1231 1687 1259 1704 10
1279 1680 1329 1704 Re-
1389 1677 1474 1703 Poeta.
1546 1674 1636 1701 Tacit.
1650 1675 1717 1701 Ann.
1734 1684 1768 1708 4,
1782 1681 1809 1704 28
1831 1674 2059 1710 Adseuerabatque
2084 1675 2253 1702 innocentem
2272 1676 2430 1707 cornutum,

307 1724 362 1750 ium
377 1729 483 1758 quoque
496 1720 621 1746 morbum
634 1719 662 1744 in
674 1719 740 1744 vino
753 1716 909 1742 exterminat
921 1721 1023 1749 potum.
1101 1714 1256 1747 Peregrinos
1268 1723 1328 1748 pro·
1388 1717 1414 1738 ct
1427 1711 1490 1737 falsa
1504 1711 1668 1737 exterritum.
1765 1710 1843 1736 Aestu
1858 1711 1949 1745 anguis
1960 1712 2101 1738 exterritus
2125 1711 2201 1746 Virg.
2217 1712 2314 1746 Georg.
2327 1721 2357 1745 3,
2367 1720 2440 1746 434.-

288 1733 381 1786 {ibere
393 1758 434 1783 vti
445 1755 571 1786 vrbibus,
591 1760 616 1781 et
629 1761 674 1780 eos
686 1752 858 1780 exterminare
878 1751 934 1777 Cic.
947 1749 999 1776 Off.
1013 1748 1025 1782 ‘3
1033 1768 1043 1782 ,
1055 1756 1100 1784 47.
1154 1749 1330 1781 Qtaestiones
1390 1747 1515 1786 Armenta
1527 1746 1651 1771 exterrita
1665 1745 1808 1779 diffugiunt
1820 1745 1890 1772 siluis
1910 1745 1984 1772 Idem
1996 1745 2063 1772 ibid.
2076 1755 2099 1779 3,
2117 1755 2174 1780 149.
2245 1747 2374 1775 Nouimte
2387 1754 2432 1773 ex-
2447 1760 2449 1768 ¹

288 1795 344 1820 Cic.
357 1792 434 1819 Acad.
449 1801 485 1824 4,
520 1809 526 1817 .
563 1809 570 1816 .
1341 1790 1374 1816 45
1389 1786 1495 1820 territus
1515 1781 1619 1806 Lucret.
1633 1789 1656 1812 2,
1671 1788 1739 1813 1039.
1811 1781 1891 1807 Noua
1903 1789 1933 1808 re
1945 1782 2085 1808 exterritus
2105 1783 2179 1809 Curt.
2195 1791 2234 1815 10,
2245 1791 2273 1816 9,
2281 1791 2308 1817 9.
2361 1781 2417 1809 Oui

323 1835 340 1855 E
349 1835 367 1854 x
377 1834 398 1853 'r
409 1833 425 1852 E
433 1833 451 1852 R
462 1832 486 1851 M
496 1831 535 1850 1Ν
544 1826 593 1850 ᾹΤ
601 1830 622 1849 ν
630 1831 643 1850 5
651 1843 660 1856 ,
681 1833 695 1851 a
703 1844 711 1857 ,
731 1833 784 1850 um.
804 1823 897 1849 Partic.
932 1819 1079 1856 [ἓξοριᾶεὶς]
1116 1818 1172 1846 Cic.
1180 1827 1228 1853 pro
1236 1818 1329 1845 Flacco
1388 1821 1514 1843 exterrita
1531 1815 1663 1843 Columel.
1679 1822 1695 1849 7
1703 1834 1711 1847 ‚
1723 1824 1750 1848 4.
2353 1824 2357 1828 -

288 1871 317 1897 ²5
329 1873 350 1891 c.
367 1871 389 1888 11
411 1861 493 1887 Cuius
505 1859 605 1885 virtute
618 1859 726 1892 regibus
737 1857 918 1884 exterminatis
932 1856 1039 1882 libertas
1059 1856 1086 1881 in
1106 1855 1171 1888 Rep.
1189 1854 1329 1881 constituta
1424 1859 1441 1879 E
1452 1859 1469 1878 x
1479 1858 1499 1878 T
1508 1857 1524 1876 E
1536 1858 1555 1877 R
1563 1858 1582 1877 R
1591 1858 1600 1877 1
1609 1857 1625 1877 C
1634 1858 1643 1876 1
1653 1858 1674 1877 N
1683 1857 1699 1876 E
1709 1857 1729 1875 V
1739 1857 1752 1877 s
1760 1870 1768 1882 ,
1786 1858 1801 1876 a
1810 1870 1818 1882 ,
1835 1859 1888 1877 um.
1916 1850 1969 1877 vid.
1988 1857 2234 1879 EXTERRANEVS.

288 1900 340 1931 est,
356 1898 384 1924 de
403 1897 501 1924 Valerio
513 1897 597 1930 primo
609 1893 716 1929 Consule.
788 1893 843 1919 Cic.
857 1891 912 1926 post
926 1890 981 1917 red.
999 1890 1030 1916 ad
1045 1890 1122 1923 Q1ir.
1132 1898 1161 1921 14
1180 1890 1271 1923 Itaque
1284 1899 1327 1915 ne-
1425 1894 1442 1914 E
1451 1895 1469 1913 x
1478 1894 1499 1912 Τ
1508 1893 1524 1912 E
1533 1893 1552 1912 R
1563 1892 1575 1912 s
1587 1893 1607 1911 v
1617 1892 1629 1912 s
1638 1905 1646 1918 ,
1666 1885 1719 1912 vid.
1739 1891 1901 1912 EXTERGO.

289 1944 341 1969 que
354 1932 466 1967 Republ.
479 1930 667 1960 exterminata,
687 1927 757 1954 mihi
770 1927 857 1953 locum
876 1927 904 1952 in
917 1925 963 1951 hac
977 1924 1043 1951 vrbe
1054 1924 1103 1949 effe
1115 1923 1189 1950 duxi.
1258 1924 1328 1949 Adri.
1424 1928 1442 1948 E
1451 1929 1471 1948 x
1480 1928 1501 1947 T
1512 1918 1528 1946 ἕ
1538 1927 1586 1947 RV
1595 1927 1607 1946 s
1617 1940 1624 1952 ,
1640 1923 1670 1947 it.
1692 1927 1708 1946 E
1718 1928 1735 1946 x
1744 1927 1766 1946 Τ
1775 1927 1834 1952 ER,
1854 1929 1882 1951 a,
1902 1929 1957 1947 um.
1974 1921 2034 1947 Adi.
2070 1919 2242 1955 [οἷλλοδαπδς]
2273 1927 2322 1958 pro
2334 1921 2432 1949 AEiem‘.

289 1970 363 1997 Idem
382 1976 430 2002 pro
452 1967 539 1992 Domo
552 1975 573 1991 c.
587 1973 622 1998 53.
691 1962 813 1989 Priscian.
829 1960 899 1988 Med.
913 1968 935 1993 2,
974 1979 981 1986 .
1017 1979 1023 1984 .
1059 1959 1135 1984 Mens
1149 1958 1256 1992 propria
1269 1958 1328 1984 sede
1343 1964 1376 1990 50
1390 1965 1461 1991 gena.
1498 1956 1605 1981 Exterae
1619 1955 1739 1981 nationes
1759 1956 1813 1981 Cic·
1826 1964 1875 1989 pro
1888 1956 1965 1981 Font.
1985 1963 2021 1988 25.
2057 1962 2082 1982 et
2106 1965 2155 1990 pro
2179 1957 2207 1982 L.
2233 1957 2326 1984 Manil.
2347 1967 2368 1984 e.
2391 1959 2429 1985 16.

289 2003 471 2031 exterminata.
505 2001 577 2035 ,Quod
589 1998 622 2032 est
636 1998 713 2032 Apul.
728 1999 791 2024 Met.
806 2005 819 2030 5
832 2006 856 2032 p.
871 1998 927 2028 166,
933 1997 964 2027 36
984 1995 1062 2021 Extra
1075 1995 1220 2020 terminum
1235 1993 1331 2020 mentis
1391 1990 1504 2017 Heredis
1516 1990 1602 2017 exteri
1610 1990 1698 2025 pafflm
1711 1993 1801 2016 mentio
1813 1991 1880 2026 apud
1893 1991 1985 2022 letos,
2004 2000 2029 2017 υ.
2043 2000 2069 2027 g.
2084 1991 2102 2017 1.
2119 2000 2142 2017 11
2156 1991 2182 2017 ff.
2196 1991 2228 2018 de
2243 1993 2331 2027 Legat.
2351 1994 2373 2020 I.
2405 1999 2431 2019 et

290 2042 350 2068 suae
364 2038 452 2074 posita.
490 2038 569 2063 Etiam
583 2034 773 2061 Exterminatus
782 2039 831 2067 pro
843 2037 980 2058 externato
999 2031 1056 2058 MS.
1071 2039 1096 2056 υ.
1107 2039 1133 2056 υ.
1391 2026 1409 2052 1.
1421 2029 1454 2059 69
1468 2024 1491 2063 §.
1507 2034 1522 2052 2
1536 2032 1559 2052 et
1573 2034 1585 2058 3
1598 2026 1630 2052 de
1642 2026 1731 2060 Legat.
1739 2026 1773 2052 11.
1844 2026 1953 2052 Exterus
1967 2025 2047 2053 hostis
2061 2032 2139 2061 atque
2153 2027 2313 2063 longinquus
2331 2028 2386 2056 Cic,
2400 2028 2431 2056 in

327 2083 344 2102 E
354 2082 371 2101 x
380 2081 401 2101 T
411 2081 428 2100 E
437 2080 454 2099 R
464 2078 488 2098 M
496 2079 506 2098 1
517 2077 540 2097 N
551 2078 572 2097 Α
582 2076 604 2096 Τ
616 2076 653 2096 10
662 2088 670 2101 ,
688 2068 756 2094 onis.
777 2068 796 2093 f.
833 2068 886 2093 ICt.
901 2070 928 2091 in
939 2066 1000 2099 Dig.
1391 2062 1470 2089 Catil.
1483 2070 1504 2092 2,
1517 2070 1559 2094 29.
1653 2062 1742 2096 Regna
1755 2067 1844 2088 extera
1857 2070 1985 2096 quaerere
2014 2062 2166 2097 Virg..Aen.
2179 2072 2207 2096 4,
2220 2071 2275 2097 350.
2286 2076 2291 2092 ,=
2377 2064 2428 2091 Res

326 2118 344 2138 E
354 2117 372 2136 x
380 2116 401 2136 T
410 2115 427 2134 Ε
436 2114 455 2133 R
465 2114 489 2133 M
498 2115 508 2133 1
516 2114 537 2132 N
546 2108 595 2133 ᾸΤ
606 2112 625 2131 o
636 2111 654 2130 R
665 2124 673 2136 ,
705 2103 769 2129 oris.
788 2111 823 2127 m.
859 2101 997 2135 [ἐξοριςής]
1033 2100 1090 2125 Cic.
1111 2107 1159 2133 pro
1178 2099 1267 2125 Domo
1286 2099 1330 2124 sua
1391 2103 1481 2124 extera
1495 2097 1599 2123 Lucret.
1613 2105 1638 2128 2,
1651 2104 1709 2131 277.
1798 2097 1895 2123 Mundi
1907 2105 1995 2124 extera
2007 2097 2147 2133 indagare,
2166 2108 2213 2125 nec
2227 2099 2331 2127 interest
2343 2098 2430 2126 homi·

295 2154 336 2179 ¹4¹
351 2154 373 2171 c.
390 2152 422 2177 54
438 2143 545 2169 Tamen
557 2139 746 2168 obuersabatur
759 2143 818 2164 ante
830 2136 921 2163 oeulos
935 2135 1146 2161 exterminatoris
1159 2134 1208 2159 sui.
1228 2136 1247 2159 i.
1261 2134 1332 2159 Euer-
1348 2140 1377 2166 55
1393 2141 1473 2163 num,
1486 2140 1572 2166 neque
1586 2132 1654 2165 capit
1668 2132 1797 2159 humanae
1808 2133 1959 2160 coniectura
1971 2134 2066 2160 mentis
2085 2134 2151 2161 Plin.
2167 2143 2198 2168 2,
2212 2143 2244 2163 1,»
2376 2132 2397 2173 q
2415 2142 2430 2162 2

286 2181 357 2219 Jbris
369 2187 392 2205 et
401 2180 587 2213 expugnatoris.
623 2175 669 2203 Sed
679 2175 807 2201 aGrutcro
818 2169 944 2199 reduflum
956 2180 985 2196 ex
998 2172 1109 2205 antiquis
1116 2168 1296 2207 Exstinc'loris.
1313 2203 1318 2207 Π
1394 2167 1472 2193 Exter
1484 2166 1569 2192 honos
1590 2167 1652 2193 Stat.
1667 2167 1759 2193 Theb.
1775 2176 1809 2200 11,
1824 2177 1874 2201 429
1887 2167 1945 2201 teste
1957 2169 2079 2197 Priscian.
2092 2178 2106 2202 3
2123 2176 2166 2206 pr.
2195 2171 2237 2198 Sic
2255 2172 2329 2196 etiam
2345 2171 2433 2205 optimi
2475 2182 2479 2196 ι

328 2221 424 2243 EXTE
434 2217 685 2242 RMINATRIX,
708 2210 763 2236 icis.
789 2209 810 2235 f.
846 2207 942 2234 Sarisb.
960 2211 990 2238 8,
1011 2212 1039 2240 17
1065 2204 1198 2231 iniustitia
1217 2209 1333 2230 caritatis
1391 2202 1467 2234 libri,
1499 2211 1514 2227 a
1537 2201 1623 2236 quibus
1631 2202 1695 2236 suut
1716 2206 1799 2232 etiam,
1819 2207 1862 2238 qui
1875 2205 1949 2230 Extet
1961 2205 2059 2231 habent.
2096 2205 2201 2232 Pulchre
2214 2200 2432 2241 conueniesentm}

292 2249 502 2279 exterminatrix,
1391 2240 1438 2264 tia.
1492 2235 1617 2278 Adrastug
1627 2244 1753 2263 monuerat
1758 2237 1862 2272 fratres
1875 2241 1901 2263 in
1915 2248 1985 2265 arma
1997 2246 2104 2265 ruentes.
2140 2241 2191 2265 Hic
2203 2242 2280 2266 Poeta
2305 2240 2354 2267 Sed
2368 2250 2385 2277 q
2454 2244 2457 2262 ι

329 2293 347 2313 Ε
357 2293 375 2312 x
384 2292 430 2312 TE
440 2291 458 2310 R
469 2290 493 2310 M
502 2289 543 2309 1N
552 2289 573 2309 A
585 2288 607 2309 Τ
620 2287 668 2308 OR
678 2287 689 2306 1
700 2286 722 2305 V
731 2287 743 2306 s
752 2299 761 2311 ,
781 2287 811 2310 a,
828 2287 882 2305 um.
903 2276 964 2304 Adi.
1001 2277 1122 2302 Irenaeus
1135 2284 1168 2308 4,
1180 2282 1219 2308 41.
1394 2272 1463 2307 apud
1475 2272 1553 2306 tales,
1573 2280 1632 2306 quis
1646 2281 1700 2298 non
1715 2273 1758 2298 sua
1770 2272 1883 2306 pignora
1893 2282 1971 2300 curae
1984 2274 2062 2300 Exter
2078 2273 2181 2301 honos?
2215 2277 2234 2301 i.
2247 2279 2385 2303 reuerentia
2418 2269 2432 2289 ,'

329 2328 348 2348 E
357 2328 375 2347 x
384 2327 405 2347 T
413 2326 431 2346 Ε
442 2326 493 2345 RM
503 2325 512 2344 1
523 2325 545 2344 N
554 2325 576 2343 v
587 2323 602 2344 s
613 2336 621 2348 ,
640 2325 655 2343 a
663 2336 671 2348 ,
690 2324 744 2341 um.
765 2313 825 2340 Adi.
861 2313 962 2340 Auctor
991 2311 1115 2351 carminis
1147 2310 1178 2336 de
1210 2309 1333 2341 Sodoma,
1346 2313 1380 2338 60
1392 2311 1486 2339 terius,
1506 2317 1553 2333 non
1568 2310 1606 2333 ita
1618 2306 1752 2334 coniunfli.
1788 2306 1862 2334 Reae
1875 2311 1955 2344 igitur
1967 2316 2050 2336 tuetur
2063 2309 2127 2336 hanc
2139 2308 2329 2344 leflionempqst
2346 2312 2430 2341 Canae

293 2356 360 2394 quod
371 2355 505 2390 cypriano
516 2352 683 2389 adscribitur,
702 2360 728 2390 p..
742 2358 805 2381 300,
820 2349 837 2375 b
854 2348 950 2374 Fabric.
977 2348 1039 2386 Eia,
1058 2355 1122 2380 age,
1142 2344 1211 2388 [rom
1226 2346 1334 2387 exsurge
1393 2353 1446 2386 rum
1464 2345 1528 2384 Nou..
1541 2340 1600 2385 left.
1614 2349 1659 2385 255³¹
1672 2343 1806 2369 Barthius:
1841 2353 1902 2379 quae
1910 2345 2078 2380 praeferenda
2091 2344 2228 2381 ingeniosae
2239 2345 2297 2371 licet
2306 2352 2332 2372 ee
2342 2347 2430 2382 dignae
2462 2344 2467 2366 '-

295 2407 340 2412 -—
374 2396 453 2425 atque
466 2390 527 2415 hinc
541 2387 703 2415 exterminus
715 2391 763 2411 110.
801 2382 842 2417 Est
853 2392 910 2420 ergo
924 2388 1098 2412 exterminus,
1116 2391 1157 2416 qut
1169 2388 1287 2407 termmos
1293 2390 1335 2406 vr·
1394 2379 1438 2405 alla
1451 2378 1588 2405 erudztzone
1604 2376 1757 2405 corzzeHurae
1772 2380 1794 2404 I.
1805 2380 1832 2405 F.
1847 2380 1966 2405 Gronouiz·
1974 2399 1982 2411 ,
2000 2382 2043 2415 qui
2055 2383 2093 2406 ita
2105 2381 2180 2406 locum
2193 2376 2327 2412 constituit.
2377 2380 2426 2407 Sed
2462 2403 2463 2406 ,

293 2427 333 2454 bis
344 2428 479 2460 relinquit,
497 2422 635 2460 qu11Pfifi
650 2423 807 2448 ΒΧῘΕΥῙῙΙῘῚΙΠῘ.
1396 2414 1461 2449 quid
1474 2413 1541 2448 apud
1554 2413 1615 2440 tales
1630 2413 1683 2450 (ft.
1697 2414 1804 2447 valent)
1821 2414 1896 2448 queis
1910 2423 1964 2440 non
1977 2415 2020 2441 sua
2033 2415 2144 2450 pignora
2158 2423 2235 2441 curae
2247 2415 2258 2441 ζ
2307 2414 2425 2442 Anemo.

331 2467 429 2489 EXTE
440 2465 492 2486 ΒΜ
503 2466 509 2483 1
520 2465 542 2484 Ν
553 2465 562 2483 1
577 2464 645 2488 VM,
665 2457 685 2482 i.
711 2464 737 2481 n.
775 2451 903 2488 Expu1fio‚
929 2450 1032 2485 euerfio,
1051 2451 1118 2486 apud
1135 2451 1273 2485 Scriptores
1292 2451 1334 2476 Ec·
1395 2456 1482 2476 tamen
1501 2449 1546 2475 ille
1565 2455 1649 2483 rogat.
1752 2449 1886 2476 Paullinus
1899 2449 1932 2476 ad
1945 2449 2051 2482 Cyther.
2064 2458 2113 2485 507
2142 2450 2221 2476 Nunc
2238 2449 2286 2476 iste
2299 2449 2374 2477 vobis
2383 2459 2427 2478 ex.

293 2495 395 2532 clesiast.
438 2496 485 2525 Vt,
505 2492 624 2520 Tertun.
638 2491 697 2517 adu.
710 2489 842 2516 Valentin.
856 2497 877 2514 c.
893 2489 930 2513 16.
966 2488 1086 2513 Ambros.
1099 2486 1131 2512 ad
1145 2486 1219 2520 Virg.
1238 2486 1335 2520 lapsam
1348 2487 1379 2519 65
1395 2491 1436 2512 ter
1449 2491 1474 2511 et
1489 2485 1572 2511 vester
1586 2490 1683 2511 manet,
1718 2486 1787 2511 Duos
1797 2491 1898 2520 Praete,-
1910 2486 1974 2512 hum-
1986 2486 2051 2512 [στω
2062 2485 2149 2521 ads-m.
2158 2487 2186 2512 G·
2195 2485 2323 2512 Fabricius
2332 2485 2430 2513 incom-

296 2542 318 2559 c.
332 2532 378 2558 vlt.
415 2529 551 2564 Augustin.
566 2527 680 2554 Confeff.
693 2534 719 2558 2,
731 2535 759 2558 4.
794 2521 945 2557 Ἀφοινισμός
959 2523 1018 2548 Vet.
1032 2522 1111 2548 Gloss.
1397 2527 1469 2547 ment.
1505 2520 1591 2554 Papin.
1608 2520 1625 2545 l.
1642 2526 1675 2552 84
1688 2519 1720 2545 de
1734 2520 1841 2554 Acquir.
1855 2520 1897 2546 vel
1911 2521 1998 2547 omitt.
2016 2522 2114 2548 Ventre
2127 2521 2280 2555 praeterito,
2300 2520 2319 2548 fi
2353 2534 2398 2540 —-

334 2574 351 2593 E
362 2574 380 2593 Χ
388 2574 410 2593 T
419 2573 435 2592 E
443 2572 463 2592 R
471 2573 493 2591 N
502 2571 521 2591 0
531 2585 540 2597 ‚
552 2564 577 2600 s·
597 2570 614 2590 E
623 2570 640 2589 Χ
650 2569 663 2588 S
672 2567 694 2587 T
702 2568 720 2588 E
728 2567 747 2586 R
756 2566 778 2585 N
789 2564 809 2584 0
818 2577 826 2589 ν
851 2561 904 2584 5¹⁶·
941 2557 1074 2590 [ἕξῖςημῑ]
1116 2556 1216 2582 Veteres
1234 2555 1338 2590 vfflrpa-
1396 2561 1471 2582 exter
1493 2555 1568 2583 heres
1583 2555 1714 2582 institutus
1729 2554 1767 2582 fit.
1813 2555 1898 2582 Gloffi·
1914 2556 2009 2587 Cyrilli
2030 2555 2155 2588 ἓξωτικδς,
2170 2557 2265 2588 Exter,
2289 2561 2434 2589 extraneus,

296 2609 357 2631 runt
365 2609 413 2637 pro
427 2603 566 2627 Dememem
574 2599 673 2634 facere.
709 2594 853 2626 Pacuuius,
870 2591 920 2619 Sed
932 2600 1017 2618 eccam
1035 2592 1173 2630 miseram,
1192 2599 1271 2623 quam
1284 2591 1336 2629 fre·
1396 2598 1527 2617 externus.
1722 2588 1743 2626 ff
1768 2599 1780 2622 3
1818 2591 1931 2626 Compar.
1968 2591 2022 2618 Cic.
2038 2590 2070 2617 de
2085 2590 2166 2617 Vniu.
2180 2600 2208 2618 21
2222 2601 2244 2618 c.
2256 2599 2274 2626 7
2298 2592 2385 2626 Atque
2396 2588 2448 2619 in.

297 2646 380 2673 quens
393 2635 479 2662 11161115
494 2633 651 2660 externauit.
743 2629 829 2657 Catul.
843 2631 874 2655 62
888 2630 955 2660 (65)
970 2635 999 2662 71
1037 2626 1077 2653 Ab
1098 2626 1220 2651 unseram
1235 2625 1336 2650 affiduis
1396 2635 1455 2651 curn
1467 2626 1579 2651 alterum
1592 2626 1652 2651 esset
1664 2626 1824 2651 exteriorem
1846 2626 1980 2660 amplexus
1998 2625 2102 2652 orbem.
2192 2627 2289 2654 Comes
2317 2627 2439 2661 exteriog.

299 2681 378 2708 quam
391 2670 506 2697 luffibus
522 2666 672 2695 externauit
708 2666 828 2698 Spinosas
853 2664 965 2695 Erycina
990 2663 1076 2688 serens
1093 2661 1120 2687 in
1132 2660 1239 2695 pec'lore
1253 2668 1336 2686 curaS.
1346 2672 1382 2699 70
1398 2661 1466 2686 Hor.
1482 2660 1536 2686 Ser.
1551 2668 1574 2691 2,
1587 2667 1608 2692 ς,
1624 2667 1653 2694 17
1666 2663 1747 2685 minus
1760 2660 1908 2691 honoratus,
1926 2664 1970 2696 qui
1981 2662 2048 2687 latus
2066 2661 2203 2688 interioris
2223 2665 2296 2699 teg-it.
2355 2662 2418 2690 Ver-b

300 2710 377 2743 Qem
393 2708 470 2733 locum
487 2703 573 2731 laudat
586 2703 659 2729 Non.
673 2709 698 2731 2,
712 2706 766 2731 308·
856 2698 984 2725 Scribendi
995 2698 1039 2723 illa
1055 2700 1136 2727 ratio,
1153 2705 1200 2732 qua
1214 2696 1231 2723 S
1236 2694 1293 2731 post
1305 2704 1337 2721 ex
1392 2695 1470 2732 fian,
1494 2695 1538 2722 Ne
1562 2700 1650 2721 tamen
1673 2694 1715 2721 illi
1736 2694 1785 2721 Tu
1809 2703 1896 2721 comes
1919 2696 2052 2728 exterior,
2073 2696 2091 2723 si
2115 2696 2241 2731 postulet,
2261 2698 2303 2725 ire
2323 2698 2432 2726 recuses.

301 2745 384 2769 omitti
401 2741 481 2777 solet,
495 2739 565 2775 fecit
587 2744 616 2763 vt
637 2736 735 2762 dubium
757 2733 887 2763 videatur,
901 2740 986 2758 utrum
1005 2732 1153 2758 exsternare
1173 2731 1287 2762 dicatur,
1308 2737 1339 2756 vt
1398 2730 1470 2766 Resp.
1491 2731 1526 2756 Vt
1540 2739 1572 2756 ne
1587 2737 1672 2764 tegam
1691 2731 1769 2765 spuro
1784 2731 1882 2757 Damae
1900 2731 1989 2758 latus?
2027 2732 2212 2760 Vid.1nterior
2224 2733 2272 2769 fi‘b
2294 2740 2439 2762 INTRA..

301 2777 466 2804 consternare
481 2785 488 2805 ;
522 2783 555 2800 an
568 2778 703 2799 externare
722 2779 738 2795 a
754 2771 850 2794 nomine
869 2774 988 2793 externus
1010 2767 1148 2797 deriueeur,
1166 2773 1195 2792 vt
1215 2766 1339 2792 intimare
1398 2765 1526 2792 Laudatur
1539 2769 1611 2792 etiam
1625 2766 1705 2792 Plaut.
1719 2767 1791 2792 Men.
1805 2775 1830 2799 2,
1845 2775 1868 2799 2,
1881 2774 1920 2800 59.
1955 2766 2002 2794 Sed
2014 2769 2056 2794 ille
2067 2769 2134 2794 locus
2145 2770 2244 2805 ingenio
2257 2767 2384 2797 doc‘lorum
2397 2771 2426 2796 vr*

299 2813 330 2839 ab
345 2812 463 2838 intimus.
499 2809 568 2835 Certe
581 2807 647 2842 apud
658 2805 734 2839 Apul.
748 2803 824 2837 Apol.
838 2801 881 2828 vbi
893 2811 916 2836 p.
931 2809 987 2834 335,
1001 2809 1030 2834 25
1053 2799 1243 2833 Elmenhorstms
1262 2801 1339 2831 dedit,
1399 2810 1482 2827 rarum
1494 2810 1557 2826 nunc
1569 2804 1607 2826 ita
1620 2800 1766 2834 constitutus
1780 2799 1813 2834 cst
1821 2821 1830 2834 ‚
1850 2802 1948 2837 Edepol
1959 2802 2029 2829 haud
2040 2803 2176 2830 mendacia
2189 2804 2253 2831 Tua
2264 2804 2345 2831 verba
2359 2812 2425 2839 expe

301 2849 337 2875 Vt
350 2847 544 2879 intelligeretur
558 2844 638 2869 iratus
652 2840 739 2875 potius
759 2838 915 2865 extraneass'e
942 2845 1013 2867 eam,
1037 2835 1199 2875 (tfflamenw
1216 2837 1338 2869 uxorem)
1354 2845 1386 2873 73
1399 2836 1456 2862 rior
1482 2836 1538 2861 esse.
1577 2843 1646 2862 MES.
1676 2836 1824 2863 Obseruato
1841 2838 1932 2864 modo.
1972 2838 2123 2874 Legebaeur,
2141 2839 2262 2866 Exterior
2281 2838 2327 2872 fis,
2347 2839 2445 2868 obser..

303 2892 384 2919 quam
399 2881 497 2907 oblitus
510 2878 655 2914 praeterisse
670 2887 675 2902 z
710 2875 863 2910 Casaubonus
878 2883 903 2907 p.
916 2874 965 2904 116,
980 2881 995 2904 9
1016 2871 1128 2898 Gennlis
1141 2880 1166 2896 n.
1178 2873 1239 2903 960.
1283 2872 1337 2897 Pri·
1398 2877 1460 2897 vato
1481 2870 1570 2896 modo.
2426 2876 2427 2879 =
2444 2871 2446 2873 ’
2460 2883 2461 2888 ,

302 2927 378 2946 caeus
394 2927 418 2951 p.
432 2920 485 2947 108,
500 2923 512 2947 ς
533 2913 610 2940 eodem
622 2908 748 2938 intelleslu
761 2911 844 2945 legunt
857 2908 1006 2935 externass'e.
1079 2908 1163 2941 Neque
1182 2915 1240 2932 vero
1252 2905 1295 2931 illa
1309 2906 1339 2945 ab
1435 2912 1452 2931 E
1463 2913 1481 2932 x
1491 2912 1510 2930 T
1520 2912 1583 2932 ERI
1594 2912 1613 2930 v
1623 2912 1645 2931 s.
1682 2905 1750 2932 Adu.
1787 2906 1868 2934 Ouid.
1882 2908 1946 2935 Met.
1959 2910 1985 2940 6,
1998 2916 2050 2940 420
2066 2909 2193 2942 Qaeque
2212 2908 2290 2936 vrbes
2308 2909 2376 2937 aliae
2393 2890 2441 2939 bis]
2460 2907 2461 2927 1

302 2960 413 2981 externo
444 2951 565 2976 deriuatio
595 2949 669 2975 alteri
688 2945 824 2971 intelleftui
846 2953 894 2970 non
915 2946 1041 2973 conuenit,
1060 2951 1131 2977 quum
1155 2947 1290 2967 externarc
1302 2943 1340 2974 J1t
1401 2941 1469 2967 mari
1507 2940 1664 2967 clauduntur
1702 2941 1735 2968 ab
1777 2942 1876 2969 Isthmo
1888 2963 1896 2975 ,
1940 2943 2111 2976 Exteriusque
2150 2942 2211 2970 litae
2245 2943 2345 2972 bimari
2379 2947 2434 2981 spe-

302 2989 425 3022 ἕξιςοίνριν,
445 2989 530 3012 eiicere
548 2990 649 3011 mentem
665 2981 699 3008 ad
716 2987 809 3016 tempus
826 2986 849 3006 et
861 2981 976 3006 alienare.
1014 2978 1092 3004 Gloss.
1106 2977 1164 3003 lfid.
1179 2977 1341 3008 Externauit,
1403 2976 1507 3003 &antur
1537 2975 1570 3002 ab
1595 2975 1702 3002 Isthmo.
1777 2978 1845 3004 Ada.
1878 2977 1955 3012 Apul.
1976 2977 2008 3003 de
2041 2977 2123 3004 Herb.
2151 2985 2195 3012 79.
2249 2980 2367 3007 Scribon.
2397 2991 2442 3009 21.-

301 3031 455 3052 extraneum
474 3020 546 3047 fecit.
843 3049 848 3055 .
1101 3048 1107 3053 ¹
1177 3047 1181 3053 ι
1354 3017 1386 3043 80
1401 3010 1422 3049 ff
1443 3021 1458 3038 2
1494 3012 1588 3046 superl.
1625 3012 1760 3038 Extremus
1773 3032 1782 3045 ,
1820 3012 1873 3040 vid.
1902 3013 1951 3049 sub
1991 3019 2008 3039 r
2028 3019 2047 3039 x
2067 3019 2088 3038 Τ
2110 3019 2129 3039 R
2145 3020 2168 3040 A
2199 3013 2255 3050 post
2289 3022 2434 3045 exTRA.

340 3067 357 3086 E
369 3065 387 3085 x
396 3066 417 3085 T
426 3065 442 3084 E
453 3064 469 3082 R
480 3063 501 3082 N
512 3057 532 3082 Ᾰ
542 3060 564 3081 Τ
576 3060 597 3078 ν
609 3061 621 3081 s
631 3073 639 3086 ,
658 3061 672 3079 a
681 3072 688 3084 ‚
707 3060 760 3077 um.
781 3050 873 3076 Part1c.
893 3049 1064 3081 [ἒξεςαμὲνος,
1083 3048 1214 3082 {ges-nuos]
1251 3047 1338 3074 Catul.
1399 3053 1491 3074 NEvs.
2439 3055 2448 3060 ·

304 3099 338 3122 ⁶2
348 3097 402 3126 (65)
417 3096 458 3125 165
478 3091 528 3118 Sed
540 3089 605 3125 quid
618 3097 668 3123 ego
682 3086 779 3121 ignaris
793 3084 970 3119 nequidquam
984 3092 1132 3117 conqueror
1144 3083 1214 3109 auris
1251 3084 1339 3110 Exter·
1434 3089 1451 3109 Ε
1462 3089 1508 3108 ΧΤ
1517 3088 1533 3108 Ε
1542 3088 1560 3107 x
1572 3087 1591 3107 0
1601 3101 1610 3113 ,
1629 3081 1673 3113 ui,
1692 3081 1779 3115 etum,
1799 3083 1852 3110 ere.
1888 3084 1900 3116 [
1908 3083 2033 3117 ἓξνφοιίνω]
2069 3081 2197 3116 Destruet-e
2210 3085 2275 3120 quod
2285 3085 2434 3121 textumest:

303 3137 361 3157 nata
376 3129 447 3155 malo
461 3129 470 3153 3
572 3124 653 3152 Ouid.
672 3123 734 3149 Met.
750 3130 781 3152 11,
799 3128 834 3155 77
853 3121 989 3145 Externata
1003 3119 1092 3153 fugam
1106 3119 1201 3145 frustra
1213 3119 1338 3145 tentabat.
1398 3124 1442 3152 per
1455 3119 1652 3144 translationem.
1688 3117 1767 3144 Plaut.
1781 3118 1870 3145 Bacch.
1880 3126 1948 3152 2‚3‚5
1966 3118 2090 3144 Extexam
2103 3127 2152 3152 ego
2164 3120 2240 3147 illum
2254 3121 2364 3155 pulchre
2371 3122 2423 3150 iam
2438 3116 2442 3125 ’

302 3170 322 3193 ,2
343 3163 503 3198 Consternata
512 3182 520 3194 ‚
535 3157 731 3196 perterre-fabia.
800 3154 868 3182 Add.
883 3155 919 3180 ib.
935 3163 954 3186 1,
968 3157 1024 3193 ⁶4.¹·
1131 3154 1197 3188 Equi
1211 3154 1339 3180 externati
1399 3153 1417 3179 fi
1431 3152 1457 3179 di
1471 3153 1575 3179 volunt.
1593 3155 1611 3178 i.
1627 3153 1759 3188 Emungam
1773 3154 1841 3179 illum
1853 3162 1920 3180 auro.
1957 3153 2084 3181 Extexere
2097 3154 2145 3188 est,
2167 3157 2252 3183 Telam
2258 3157 2307 3192 sua
2323 3141 2433 3186 textura,

305 3201 384 3228 Ouid.
400 3200 429 3226 in
443 3198 502 3225 Ibin
516 3205 571 3230 432.
637 3194 713 3228 Apul.
727 3193 790 3219 Met.
805 3200 816 3223 3
829 3200 854 3225 p.
870 3195 919 3222 138,
933 3196 963 3222 37
981 3189 1021 3214 S1c
1032 3194 1180 3215 externatus
1201 3190 1285 3216 animi
1302 3195 1339 3216 at·
1353 3193 1382 3222 85
1396 3195 1439 3215 aut
1453 3190 1511 3215 lana
1524 3191 1622 3214 intexta
1637 3187 1737 3214 nudare.
2423 3177 2433 3192 ³

305 3245 358 3271 que
371 3234 497 3262 attonitas
506 3253 513 3264 ,
531 3230 644 3266 vigilans
659 3227 830 3255 somniabam.
893 3224 1083 3251 Exterminatus
1096 3223 1139 3256 effe
1150 3227 1177 3249 in
1191 3226 1246 3252 MS.
1260 3231 1341 3251 monet
1437 3231 1453 3251 Ε
1463 3231 1480 3250 x
1489 3231 1510 3250 Τ
1520 3232 1529 3250 1
1540 3231 1556 3250 L
1565 3230 1581 3248 L
1591 3229 1610 3249 ο
1621 3242 1630 3255 ,
1647 3224 1688 3248 vel
1711 3230 1726 3248 Ε
1737 3229 1754 3248 x
1762 3230 1776 3250 s
1785 3229 1808 3250 Τ
1818 3231 1827 3250 1
1836 3231 1852 3250 L
1860 3231 1876 3250 L
1886 3229 1906 3249 ο
1918 3242 1926 3254 ,
1945 3228 1997 3249 are.
2034 3224 2183 3261 [οἶποςαέξω]
2220 3227 2286 3253 Idem
2303 3227 2433 3263 quodfim-

307 3272 413 3300 Elmerzh.
445 3269 491 3295 uod
504 3277 546 3294 nec
561 3268 665 3293 alienum
673 3264 698 3300 s.
712 3265 730 3290 l.
750 3262 897 3289 indicamus.
964 3259 1001 3285 Id.
1016 3259 1092 3292 Apol.
1107 3268 1130 3292 p.
1141 3268 1187 3299 39¹
1196 3280 1204 3292 ,
1218 3269 1250 3294 34
1271 3261 1340 3286 Posse
1395 3261 1456 3295 plcx
1469 3260 1578 3286 stillare.
1614 3258 1696 3285 Plaut.
1710 3258 1797 3284 Pseud.
1809 3267 1832 3291 3,
1845 3267 1871 3291 2,
1880 3267 1908 3291 ²9
1928 3258 2042 3286 Teritur
2054 3259 2146 3295 sinapis
2160 3262 2281 3289 scelerata
2294 3272 2352 3290 cum
2366 3264 2420 3290 illis
2427 3274 2437 3291 :¹

305 3308 424 3334 animum
457 3312 580 3331 umanum
594 3307 618 3327 et
632 3299 761 3335 puerilem
774 3297 942 3332 praesertim,
976 3309 1021 3314 —-·
1046 3293 1078 3319 ad
1092 3293 1256 3335 obliuionem
1270 3304 1342 3329 prae·
1402 3295 1449 3329 qui
1474 3301 1577 3326 terunt,
1595 3293 1667 3328 prius
1693 3303 1771 3327 quam
1790 3294 1933 3325 triuerunt,
1952 3294 2034 3329 (his)
2053 3297 2126 3323 oculi
2144 3303 2174 3324 vt
2192 3298 2339 3330 exstillent,
2358 3299 2433 3327 facit.
2461 3295 2462 3298 ¹

306 3343 419 3369 sentium
447 3338 593 3370 externari,
609 3336 638 3362 de
668 3337 751 3370 magia
774 3333 856 3369 sermo
889 3329 933 3364 est.
1000 3330 1058 3356 Vet.
1085 3328 1164 3355 Glofl.
1189 3330 1342 3357 Externatus
1402 3329 1532 3357 Columel.
1548 3338 1584 3361 12,
1599 3334 1641 3362 48,
1652 3338 1664 3354 2
1684 3329 1779 3363 Sicque
1792 3329 1899 3363 triginta
1911 3329 1966 3356 dies
1978 3330 2031 3365 pati
2044 3327 2447 3368 consudascere‚atqueomnem7
2461 3318 2463 3338 Ι

308 3377 374 3404 {ns-ds
384 3377 476 3411 φρῃῡν,
1352 3373 1387 3397 90
1401 3374 1535 3392 amurcam
1549 3364 1688 3391 exstillare.
1706 3367 1723 3390 i.
1738 3365 1815 3390 Extra
1819 3363 1928 3397 stillare.
2034 3366 2102 3394 Ter,
2116 3368 2222 3395 Phorm,
2238 3377 2260 3402 ς,
2274 3377 2300 3403 7y
2312 3374 2342 3399 82
2354 3370 2432 3397 Hjste

346 3417 499 3439 EXTERN
510 3414 625 3440 ΑΤιο,
643 3405 709 3432 ῦ1115.
728 3403 747 3430 f.
785 3402 920 3442 Augustin.
959 3420 965 3427 .
1001 3420 1005 3426 .
1402 3410 1451 3433 ego
1464 3400 1541 3426 dietis
1553 3401 1641 3429 illam,
1659 3400 1696 3426 ita
1713 3399 1764 3425 tibi
1777 3399 1908 3426 incensam
1921 3399 2003 3436 dabo,
2019 3407 2049 3428 vt
2066 3411 2099 3429 ne
2119 3403 2261 3439 restingas,
2279 3404 2395 3432 lacrimis
2412 3398 2443 3432 si¹

343 3455 360 3473 Ε
375 3454 392 3472 x
405 3453 426 3472 T
437 3453 509 3472 ERN
519 3451 570 3471 AT
582 3449 602 3470 ο
614 3449 648 3474 R,
667 3440 731 3467 aris.
751 3448 786 3464 m.
824 3439 936 3463 Hieron.
1399 3435 1581 3461 exstillaueris.
1620 3434 1676 3461 Vid.
1697 3435 1792 3461 Donat.
2462 3449 2463 3463 1

346 3488 421 3508 Εχτ
434 3487 575 3509 ERNVS,
593 3487 623 3509 a,
642 3486 696 3503 um.
716 3474 776 3501 Adi.
812 3470 977 3507 [iga-tepuit,
996 3469 1100 3502 ξενικδς]
1136 3468 1165 3494 ab
1178 3469 1254 3495 Extra
1269 3470 1343 3509 Prae·
1440 3476 1456 3495 E
1476 3478 1495 3496 x
1516 3478 1537 3496 T
1556 3478 1565 3496 1
1585 3476 1611 3496 M
1636 3477 1652 3496 Ε
1673 3476 1685 3495 s
1705 3476 1722 3496 c
1747 3476 1784 3501 o,
1803 3469 1849 3500 ui,
1867 3472 1918 3497 ere.
1948 3472 2106 3511 [Qossgopaaa]
2145 3473 2221 3501 Valde
2232 3476 2326 3502 timere.
2362 3475 2446 3502 Ter.>
2462 3467 2463 3479 ¹

305 3516 424 3552 P⁰flfi⁰⁷¹t¹
438 3526 447 3544 ,-
484 3513 603 3550 quidquid
613 3519 748 3548 quocunque
761 3507 869 3570 reHseru
882 3513 954 3533 extra
968 3503 1000 3538 ‹st
1020 3506 1162 3535 Externus,
1178 3504 1213 3530 est
1233 3504 1341 3531 Ahenae
1390 3505 1466 3531 Hec.
1479 3512 1502 3537 5,
1516 3513 1538 3536 3,
1552 3507 1583 3530 26
1600 3505 1718 3531 Extimui
1732 3505 1813 3533 illico.
1918 3507 1973 3533 Cic.
1990 3508 2067 3534 Acad.
2081 3517 2110 3542 4,
2147 3529 2153 3536 .
2190 3528 2197 3535 .
2232 3510 2287 3536 Cur
2301 3519 2355 3536 non
2367 3510 2431 3538 exti-

311 3557 404 3577 terrae.
437 3550 532 3576 Festus.
599 3550 672 3580 Bene,
685 3546 704 3579 fi
719 3544 781 3578 osten
802 3541 1052 3580 erejigvzficatiovtz*m
1065 3540 1112 3575 fi‘b
1124 3541 1227 3574 exemplo
1248 3541 1344 3569 11911411,-
1357 3547 1388 3573 95
1403 3541 1512 3566 mescam
1526 3539 1652 3573 opinandi
1667 3541 1842 3567 temeritatem
1857 3542 1866 3566 ἶ
1958 3543 2026 3570 Ter,
2040 3544 2145 3570 Phorm,
2157 3553 2177 3576 1,
2190 3552 2211 3575 3,
2226 3553 2238 3570 2
2263 3545 2363 3572 Adeon’
2374 3554 2430 3573 rem

305 3585 433 3621 fictymon
449 3584 557 3617 afferre,
571 3584 651 3618 secus.
687 3582 751 3608 Plin.
765 3589 799 3612 12,
814 3586 844 3610 25
863 3579 893 3604 ln
906 3583 993 3603 totum
1007 3576 1058 3601 alia
1069 3575 1105 3600 est
1115 3581 1206 3615 natura
1224 3574 1343 3608 balsami,
1402 3576 1509 3607 redisse,
1527 3581 1554 3601 vt
1574 3575 1618 3609 qui
1638 3575 1705 3601 mihi
1724 3577 1869 3602 consultum
1887 3578 1987 3612 optime
2006 3579 2072 3605 velit
2091 3580 2155 3611 esse,
2170 3578 2296 3607 Phaedria
2333 3587 2431 3615 patrem
2462 3584 2463 3592 ¹

312 3630 392 3656 quam
405 3619 486 3645 nostri
500 3618 654 3651 externique
666 3616 844 3651 prodiderant.
913 3611 1076 3651 Arcebatque
1091 3611 1143 3636 suis
1151 3616 1272 3650 externos
1287 3610 1345 3637 fini·
1404 3611 1585 3642 extimescam,
1604 3609 1650 3636 vbi
1666 3611 1692 3636 in
1706 3618 1821 3638 mentem
1835 3613 1890 3638 eius
1905 3613 2012 3641 aduenti
2027 3615 2101 3641 venit
2114 3616 2124 3640 ἒ
2210 3615 2266 3641 Cic.
2286 3601 2318 3642 d'e
2331 3615 2431 3644 Sene&

313 3657 362 3684 bus
376 3664 466 3682 omnes
486 3654 564 3680 Ouid.
580 3654 643 3678 Met.
658 3661 683 3684 4,
697 3655 758 3686 647,
844 3649 946 3676 Canum
960 3655 1034 3673 amor
1047 3655 1075 3671 m
1088 3645 1225 3680 dommos,
1249 3646 1343 3672 odium
1404 3654 1434 3681 75
1453 3645 1531 3680 Quod
1546 3646 1626 3680 igitur
1639 3645 1827 3680 adolescentes,
1846 3655 1871 3674 et
1885 3649 1904 3675 ii
1918 3649 2024 3683 quidem
2037 3659 2091 3676 non
2102 3649 2186 3675 solum
2206 3650 2307 3677 indoeii
2341 3651 2382 3678 sed
2395 3644 2445 3678 et·-

315 3693 343 3719 in
355 3698 477 3719 externos
496 3689 551 3715 Cic.
565 3687 595 3713 de
609 3688 644 3713 N.
659 3688 690 3713 1).
701 3691 783 3719 2‚158.
869 3685 965 3710 Amore
979 3689 1087 3708 externo
1102 3681 1183 3707 laesus
1196 3682 1240 3707 vir
1258 3682 1339 3708 Ouid.
1405 3683 1458 3708 iam
1470 3681 1561 3708 rustici
1573 3687 1754 3712 contemnunt,
1777 3683 1804 3709 id
1819 3683 1890 3710 doeti
1904 3685 1974 3711 senes
1987 3686 2152 3711 extimescent
2165 3685 2175 3710 Ξ
2289 3671 2328 3712 De
2347 3687 2430 3713 fortu-

315 3727 393 3762 Epist
409 3734 430 3758 ς,
440 3732 494 3750 102,
563 3722 650 3748 Armis
665 3722 691 3747 in
704 3721 817 3747 extemis
830 3720 932 3746 animos
943 3723 1045 3744 exercet
1062 3716 1142 3743 Ouid.
1151 3718 1241 3742 Amor.
1250 3725 1268 3748 1,
1276 3723 1398 3750 8,41.1oo
1406 3718 1446 3743 nis
1458 3716 1641 3743 communibus
1654 3717 1822 3745 extimescere
1841 3720 1897 3745 Cic.
1914 3729 1963 3754 pro
1977 3721 2064 3747 Deiot.
2077 3728 2097 3745 c.
2113 3727 2131 3746 1.
2221 3720 2371 3749 Aduenturn
2387 3721 2430 3748 ali·
2469 3719 2471 3724 ’

316 3764 388 3789 Bona
409 3761 481 3787 Idem
492 3767 523 3784 ex
537 3759 620 3783 Ponto
634 3766 656 3788 2,
670 3767 689 3788 3,
703 3759 741 3787 36.
807 3753 954 3782 Commoda
972 3752 1028 3779 Cic.
1042 3752 1069 3778 in
1081 3752 1180 3785 Topic.
1193 3756 1232 3783 89.
1279 3753 1344 3779 Cor·
1404 3753 1477 3778 cuius
1498 3752 1553 3778 Cic.
1567 3752 1637 3777 Fam.
1651 3760 1676 3784 9,
1690 3757 1730 3778 26.
1845 3755 2010 3782 Formidines
2027 3755 2064 3781 Id,
2076 3754 2108 3780 de
2122 3754 2180 3780 Fin.
2193 3763 2222 3788 ς,
2257 3776 2264 3782 ,
2301 3777 2307 3783 ,
2400 3744 2430 3783 E}
2467 3754 2479 3788 ᾗ

315 3807 380 3833 pore
392 3802 501 3823 externo
514 3801 586 3820 mens
599 3792 712 3825 cingitur
730 3791 786 3816 Cic.
800 3791 831 3816 de
843 3791 878 3816 N.
893 3790 925 3815 D.
938 3798 958 3822 1,
969 3790 1006 3814 26.
1030 3823 1035 3827 .
1076 3787 1173 3826 Generi
1193 3787 1265 3821 Virg.
1280 3789 1345 3814 Aen.
1405 3787 1510 3821 spiritus
1533 3793 1558 3813 et
1581 3786 1729 3814 libertatem
1754 3788 1864 3816 insontis
1889 3791 1960 3817 vltro
1984 3790 2107 3817 extimuit
2134 3789 2201 3817 Tac.
2220 3791 2287 3819 Ann.
2300 3794 2339 3825 16,
2350 3800 2392 3826 24,
2403 3799 2428 3818 2.
2472 3778 2479 3815 l

316 3842 343 3867 7,
358 3838 398 3865 98.
468 3831 563 3855 Gentes
582 3827 662 3853 Ouid.
677 3827 766 3852 Amor.
780 3834 800 3857 3,
814 3835 842 3858 4,
855 3833 895 3858 34.
963 3824 1068 3863 Gratiae
1086 3822 1175 3862 Tacit.
1185 3823 1250 3848 Ann.
1268 3829 1344 3856 12,1ς.
1404 3824 1470 3849 Hor.
1485 3822 1512 3848 in
1526 3823 1587 3848 Arte
1600 3823 1671 3848 Po'e‘t.
1685 3831 1728 3856 415
1746 3825 1800 3858 Qui
1813 3825 1904 3857 Pythia
1917 3832 2001 3852 cantat
2035 3824 2168 3857 Tibicen,
2187 3825 2280 3853 didicit
2293 3829 2364 3862 prius
2390 3834 2429 3853 ex·

316 3868 446 3895 Homines
459 3870 580 3892 externos
593 3871 647 3888 non
661 3870 751 3894 egere,
771 3865 925 3886 ornamento
937 3859 973 3885 est
988 3857 1109 3892 Re1publ.
1130 3858 1185 3883 Cic.
1200 3857 1251 3884 Off.
1262 3866 1287 3889 2,
1298 3861 1344 3890 64.
1403 3857 1545 3892 timuitque
1557 3857 1714 3891 magistrum.
1817 3862 1903 3887 Minas
1916 3861 2014 3895 aliquas
2027 3861 2172 3887 extimuisse
2189 3861 2287 3888 Tibul.
2300 3871 2313 3888 2
2345 3847 2373 3889 6'
2391 3867 2429 3888 ³0·

314 3903 442 3931 Hostibus
454 3899 568 3928 externis
583 3897 664 3933 magis
678 3904 756 3931 quam
768 3894 916 3922 domesticis
929 3894 1075 3921 laboramus
1094 3893 1131 3919 td.
1140 3893 1209 3919 Brut.
1218 3893 1296 3928 Epist.
1306 3902 1343 3919 10.
1354 3903 1397 3930 ¹05
1403 3892 1496 3919 Vultus
1515 3892 1638 3919 extimuit
1656 3894 1787 3930 loquentis
1817 3896 1879 3923 Stat.
1898 3895 1988 3925 Theb,
2000 3903 2028 3929 9,
2039 3897 2089 3929 ¹56·
2205 3896 2305 3933 Paffiue.
2320 3882 2330 3895 9
2339 3882 2383 3925 ,13³
2385 3879 2427 3923 c’it.

2363 3932 2428 3959 Ana.
