2479 4225
35 173 125 206 1001
356 155 704 202 'IMP

31 815 162 850 imperio,
183 820 202 843 i.
222 817 377 845 dimitterent
398 821 505 844 animum
527 820 622 844 vicinis
643 816 791 853 imperandi.

29 1141 71 1160 res
105 1134 226 1162 ominum
238 1137 351 1163 aeternis
364 1137 486 1172 imperiis
498 1137 572 1171 Virg.
582 1137 647 1162 Aen.
662 1144 682 1168 1,
696 1144 755 1170 234.

27 1275 101 1308 igere
115 1275 162 1302 sub
181 1277 325 1312 imperium
343 1278 456 1304 alicuius
475 1278 549 1304 Idem
564 1278 593 1304 B.
607 1279 639 1304 G.
658 1286 681 1310 3,
695 1287 738 1311 29.

27 1343 192 1376 Ternnuare
206 1348 348 1383 imperium
365 1349 471 1375 Oceano
484 1348 559 1382 Virg.
570 1349 634 1375 Aen.
651 1358 670 1381 1,
685 1358 737 1382 391.

7 1453 183 1516 &inperiunh
202 1463 251 1480 nec
264 1454 318 1489 ipsa
330 1454 416 1488 palam
428 1455 572 1489 imperium
586 1455 709 1489 trablare,
722 1463 768 1483 ete.

23 1805 107 1831 Marc.
121 1816 142 1832 c.
154 1815 180 1839 9.
218 1809 290 1834 Caes.
304 1809 332 1834 B.
346 1809 378 1834 C.
395 1817 415 1840 1,
429 1816 442 1840 ς
455 1815 479 1834 et
490 1811 515 1834 6.
559 1809 629 1842 Nep.
644 1818 667 1840 3,
681 1818 705 1840 2,
719 1819 738 1836 1.

20 1947 48 1977 ἢ
63 1947 344 1981 Scipioniimperium
363 1948 412 1973 effe
433 1948 462 1973 in
475 1948 631 1982 Hispaniam
650 1948 785 1975 iusserunt.

9 2214 26 2265 ᾗ
43 2224 47 2233 ,γ

9 2983 17 2999 l:
34 2985 54 3002 ·s
66 2977 196 3010 imperium
208 2973 367 3008 deponebant.
404 2973 463 2999 Cic.
477 2973 532 2999 Att.
545 2981 572 3007 7,
586 2981 600 3005 3
628 2972 700 2999 Nam
717 2972 789 3008 quod

4 3361 45 3384 ux:

21 3400 212 3437 mer-Opust·-
223 3405 251 3434 p.
265 3399 361 3434 288sq.
374 3406 396 3426 et
406 3402 433 3428 de
448 3409 484 3429 IN
499 3412 525 3429 n.
542 3412 563 3429 2.
725 3401 746 3439 Ἴ
766 3411 778 3437 5

22 3684 132 3720 perialia
144 3684 236 3711 statuta
249 3683 354 3717 leian.
368 3682 428 3717 Dig.
442 3691 479 3718 47
491 3689 511 3710 t.
526 3693 553 3711 12
567 3686 584 3713 1.
599 3697 611 3720 3
629 3686 652 3725 §‚
668 3697 690 3722 ς,

22 3797 130 3818 manses.
167 3805 169 3807 ¹

20 3859 114 3889 biliter
129 3871 177 3896 pro
193 3862 284 3889 Nimis
299 3862 441 3897 imperiose
454 3867 479 3888 et
493 3861 568 3888 dure.

159 3974 245 3997 vor.
280 3970 316 4000 11.

1505 162 1521 204 1
1612 164 1659 205 M
1749 168 1775 207 P
2086 185 2180 213 1002

27 253 163 290 potentiam
175 256 199 276 et
209 252 278 276 vires
290 249 360 286 ficas.
379 250 421 277 vel
435 251 589 287 Prwogarc,
603 249 725 282 dilatare,
736 250 855 286 ampliare
875 248 955 275 Ouid.
970 249 1033 275 Mct.
1048 257 1071 281 ς,
1137 252 1235 279 veteris
1249 253 1385 284 ordinem,
1403 254 1517 280 maxime
1532 253 1632 281 scilicet
1653 254 1754 281 nostrae
1768 256 1898 289 ciuitatis,
1919 257 1959 284 scd
1975 263 2000 284 et
2021 258 2175 292 imperioso-

34 295 85 320 372.
121 285 208 312 Tacit.
221 286 288 311 Ann.
305 293 323 316 1,
337 294 358 318 3.
431 287 562 320 Rumpere
576 286 719 320 imperium
732 285 843 313 alicuius
856 284 913 310 sen.
924 285 1002 310 Herc.
1017 285 1070 311 fur.
1139 297 1197 314 rum
1211 289 1370 323 populorum
1380 308 1386 318 ,
1401 294 1425 314 et
1438 299 1528 324 regum
1547 290 1700 317 illustrium.
1711 293 1736 316 Δι’.
1757 293 1805 325 Qu
1820 295 1918 319 multum
1931 301 2098 329 nuperorum,
2110 296 2176 331 apud

34 321 53 350 s.
67 330 86 348 ι.
151 321 241 347 Tacit.
256 321 324 347 Ann.
346 330 380 353 13,
396 323 428 354 36
465 321 514 348 Sed
534 322 623 355 Rupto
644 322 774 356 imperio,
787 319 1040 359 postquam-paucae
1057 329 1071 346 e
1137 333 1196 359 quos
1209 328 1316 350 maxima
1331 324 1438 359 fuerunt
1451 328 1561 366 imperia.
1628 326 1687 352 Liu.
1701 334 1727 360 7,
1740 334 1776 357 40
1813 327 1909 353 Eodem
1928 336 2018 356 tenore
2032 330 2096 356 dnos
2109 331 2175 357 insc-

51 355 160 384 roximis
177 355 285 382 castellis
299 363 418 389 turmae,
432 363 477 383 etc.
549 357 630 383 Plaut.
645 357 728 384 Trin.
749 365 773 387 2,
785 365 807 387 2,
820 363 847 381 21
878 355 950 381 Tuis
967 356 1071 382 Semini
1140 366 1248 393 qnentcs
1265 359 1419 386 Consulatus
1438 362 1507 393 gelli:
1537 361 1629 388 eodem
1652 361 1715 388 haec
1740 361 1880 395 imperiosa
1903 364 2035 391 Diclatnra
2059 374 2171 400 geretur.

47 391 186 419 eruitntem
201 391 339 426 imperiis,
356 398 382 419 et
395 391 538 427 praeceptis
556 398 638 427 pater.
709 392 777 419 Ter.
792 392 885 417 fleant.
901 399 924 421 2,
938 399 960 422 2,
974 400 991 423 4
1017 393 1069 417 Ma-
1094 397 1108 423 5
1140 396 1248 429 Aequor
1271 394 1435 430 imperiofius
1461 396 1526 422 Hor.
1549 398 1637 423 Carm.
1661 406 1687 429 1,
1713 406 1758 430 14,
1782 402 1795 426 8
1827 397 1980 430 Violentum,
1997 407 2020 425 et
2035 406 2074 426 cm·
2093 402 2173 436 obsisti

7 442 10 447 -
34 423 152 460 cdi-,Sub
170 426 286 462 imperio
303 428 377 454 cuius
395 427 448 460 est,
467 427 544 454 mala.
740 425 761 464 ff
780 434 798 458 >3
841 426 889 452 Res
903 426 1017 459 publica,
1029 430 1071 453 cui
1137 440 1184 456 non
1201 429 1280 465 poffit.
1354 430 1528 467 ImperIOsnS,
1544 434 1595 467 Qci
1615 435 1688 458 nimis
1719 441 1784 458 ruere
1800 434 1922 467 imperat,
1946 434 2010 467 quali
2030 436 2172 467 Olli-vitator

33 462 211 497 aliaeparsnt,
226 464 267 489 vel
279 472 338 499 quae
350 469 426 499 paret
439 464 603 499 Imperatori,
616 461 714 498 ipfhque
732 463 878 497 imperantis
891 461 1017 496 dignitas,
1028 470 1070 497 po·
1135 469 1244 500 imperii.
1280 466 1336 492 Cic.
1349 466 1381 492 de
1396 465 1452 491 Fin.
1468 474 1490 497 2,
1505 469 1538 492 60
1565 469 1657 494 Vtrum
1672 467 1776 494 tandem
1796 469 1882 494 censes
1895 468 2035 502 'I'orqnatc
2050 471 2172 506 imperio.

34 494 120 531 εςβας,
132 496 255 530 maiestas.
294 499 370 534 Virg.
385 500 449 525 Aen.
466 507 486 531 1,
499 507 541 530 291
559 498 704 532 Imperium
716 498 839 528 Oceano,
853 496 949 523 famam
961 498 1007 532 qni
1022 506 1071 525 ter·
1137 502 1193 527 snm
1206 501 1298 533 illum,
1313 501 1331 527 ti
1344 507 1390 527 etc.
1428 501 1507 527 Plaut.
1523 502 1590 528 Anu.
1607 512 1628 534 2,
1641 514 1669 537 4,
1682 513 1700 537 4
1727 502 1816 530 Nimis
1836 503 1993 537 imperiosus
2008 505 2050 531 est.
2122 510 2172 534 lm-

33 532 115 561 minet
135 532 218 560 astris.
270 534 325 561 Cic.
339 535 371 561 de
384 535 413 561 L.
428 536 490 568 Agr.
506 542 526 566 1,
539 535 556 560 6
583 534 633 560 His
647 532 806 567 insignibus,
819 537 897 566 atque
915 532 1005 560 infulis
1021 535 1070 560 lm-
1138 535 1256 569 periosus
1269 536 1334 571 fibi,
1355 538 1406 571 Qui
1417 535 1467 570 fibi
1481 536 1531 572 ipse
1542 540 1662 572 imperat,
1676 542 1719 573 qui
1733 546 1800 565 unae
1807 539 1867 574 suae
1879 539 1973 565 modum
1988 540 2067 566 habet.
2105 544 2172 571 lior,

27 581 31 587 =
50 567 102 594 erii
116 568 245 600 venditis,
259 576 305 597 ctc.
375 569 483 598 Arbiter
494 569 604 604 imperii
623 568 704 595 Ouid.
717 567 803 594 Trist.
818 575 839 600 ς,
853 576 881 607 2,¹
893 576 927 602 47
939 569 1071 605 Augustus.
1098 578 1127 596 10
1138 572 1220 598 Serm.
1239 580 1261 604 2,
1281 580 1307 607 7,
1326 578 1353 604 83
1386 573 1516 604 Qusnam
1539 572 1621 606 igitur
1641 574 1724 600 liber?
1751 574 1867 608 sapiens,
1885 574 1986 609 sibique
2008 575 2172 609 imperiosus,

14 608 20 612 “
47 602 226 631 nimicissimns
245 603 308 632 huic
326 604 456 641 imperio,
477 604 531 632 vid.
552 609 713 631 1N1MICVS.
785 604 929 637 Imperium
948 604 1000 631 line
1018 605 1069 631 fine
1143 607 1201 633 Vici.
1218 608 1349 641 Imperare
1363 606 1411 633 fibi
1425 616 1450 632 n.
1464 616 1487 633 2.
1525 609 1590 634 [dem
1605 609 1763 643 Imperiosus
1779 610 1832 642 sni,
1845 613 1863 636 i.
1878 610 2009 636 Cononem
2024 611 2089 637 Plin.
2105 620 2173 644 34‚8.

32 638 106 673 Virg.
127 640 191 666 Aen.
205 649 225 671 ι,
239 646 288 673 283.
362 641 507 669 Continens
526 640 684 675 imperium,
707 638 760 665 vid.
781 644 956 665 CONTlNEo.
1030 642 1071 666 In-
1137 643 1244 669 Coniux
1258 643 1401 678 imperiosa
1419 642 1501 669 Ouid.
1514 643 1541 669 in
1555 643 1614 670 Ibin
1633 648 1684 677 536.
1757 645 1854 672 Consul
1875 646 1930 672 Cic.
1950 645 2005 680 post
2023 646 2078 673 red.
2091 647 2120 673 in
2134 649 2175 674 se.

32 672 137 700 finitum
147 695 154 707 ,
175 675 227 702 vicl.
254 682 441 704 1NF1N1Tvs.
511 675 612 703 Labans
631 674 723 701 Claud.
737 673 768 700 de
783 674 811 701 B.
825 674 884 700 Get.
899 682 950 709 571.
1015 676 1070 702 Sol.
1137 686 1189 704 nat.
1206 688 1236 705 11.
1308 678 1422 704 Domina
1435 678 1514 709 dura,
1531 679 1686 713 imperiosa,
1701 680 1840 707 vehemens
1853 681 1980 715 cupiditas
2001 681 2074 708 Idem
2089 683 2116 709 iu
2131 685 2174 710 Pa-

32 708 120 736 lemno
133 711 206 746 Virg.
221 712 284 738 Aen.
298 721 332 744 12,
348 721 398 745 ¹93·
468 712 576 739 Summo
595 711 710 745 imperio
729 710 812 736 multa
830 718 892 737 cura
904 710 976 740 inest,
991 712 1071 738 multi
1137 714 1192 740 rad.
1206 724 1218 746 5
1235 723 1257 740 c.
1278 722 1301 746 3.
1373 714 1457 748 Eques
1471 714 1580 741 Gelonis
1601 715 1769 749 imperiolior
1791 716 1884 742 Claud.
1899 718 2018 743 Fescenn.
2040 717 2072 744 de
2089 719 2173 753 Nupt.

31 744 151 779 ingentes
165 746 269 773 labores
289 747 348 774 Sall.
366 749 407 774 Fr.
419 755 452 780 ¹3·
522 746 657 781 Abrogare
678 746 837 780 imperium,
856 745 908 772 vid.
929 753 1072 773 ARROGO.
1092 758 1116 784 15
1138 751 1209 776 Ηοη,
1226 759 1247 782 3.
1318 749 1411 775 Fames
1431 750 1574 783 Imperiosa
1595 751 1691 777 Lucan.
1705 751 1737 777 ad
1751 751 1836 777 Pison.
1858 758 1912 781 208.
1986 753 2073 779 Fasces
2092 754 2174 788 impe-

28 774 93 808 Liu.
107 785 143 813 38,
158 784 187 808 16
199 789 263 810 extr.
284 783 349 811 Non
361 792 449 810 tamen
461 782 498 809 ita
511 782 620 816 infregit
632 782 735 808 animos
750 790 859 814 eorum,
876 787 904 807 vt
916 782 1072 809 Ablistcrent
1137 785 1267 811 riofissimi
1284 785 1342 811 Val.
1356 785 1425 811 Max.
1440 793 1464 815 2,
1478 793 1504 819 7,
1518 794 1542 820 7.
1612 786 1723 813 Familia
1742 787 1946 821 imperioliffima
1960 795 1986 814 ct
2000 789 2176 823 superbiffima

862 816 968 851 Agitare
990 818 1071 852 impe-
1137 821 1198 846 Liu.
1213 829 1239 852 9,
1252 829 1287 852 34.
1348 820 1439 847 Inedia
1463 821 1604 854 imperiosa
1621 822 1686 848 I'lin.
1709 831 1747 855 29,
1770 831 1788 848 1.
1861 822 2016 857 Philosophi
2037 824 2072 850 cst
2095 826 2175 852 nimis

31 851 119 884 rium,
136 852 190 879 vid.
203 853 381 889 Agitare,pro
393 851 577 886 Admivztjslrare
589 856 616 879 in
632 859 710 879 AGO.
760 852 909 879 -Amittere
921 853 1072 888 imperinm,
1137 855 1288 890 imperiosi,
1301 861 1389 882 vetare
1408 856 1551 883 meminisse
1573 857 1628 883 Cic.
1644 857 1676 883 de
1690 858 1746 884 Fin.
1764 866 1788 888 2,
1803 865 1854 891 105.
1925 859 2017 893 Populi
2039 860 2175 894 imperiosi

31 887 191 914 consociare
205 889 363 923 imperinm,
381 889 434 915 vid.
449 889 490 915 hh.
504 898 547 915 υυ.
619 888 745 915 Violenta
761 896 840 914 nemo
857 888 968 922 imperia
980 890 1071 915 Conti-
1138 891 1211 917 Idem
1223 891 1252 917 in
1265 891 1339 917 Orat.
1353 899 1395 918 20.
1468 893 1514 918 Vis
1536 892 1741 926 itupcrioliffima
1759 893 1889 926 Quinetil.
1910 895 1934 926 6,
1955 904 1974 926 3-
2047 896 2176 931 imperio.

29 922 90 949 nuit
106 922 167 949 diu:
187 925 324 951 Moderata
337 925 432 951 durant
444 924 500 950 Sen.
515 923 620 951 Troad.
633 929 688 957 258.
727 924 734 929 ”
758 923 849 950 Tacit.
864 924 930 950 Ann.
943 927 968 956 6,
983 933 1013 950 20
1038 926 1068 951 Et
1082 936 1118 954 20
1137 928 1177 954 sus
1193 924 1227 959 est
1241 929 1330 958 etiam,
1344 927 1478 963 Cognomen
1493 928 1531 953 Τ.
1546 928 1640 954 Manlii
1654 929 1791 963 Torquati
1805 929 1864 955 Liu.
1880 938 1906 963 7,
1919 937 1941 961 3.
1978 930 2044 957 Plin.
2058 941 2094 964 2·,
2104 940 2126 964 ς.

30 963 62 984 tu
75 958 159 985 Galba
172 959 330 994 quandoque
347 959 500 994 Degnstabis
513 960 665 994 imperinm.
737 958 877 986 Elaborato
891 968 904 986 a
921 960 1070 994 parentibus
1173 969 1182 987 1
1192 969 1217 988 M
1226 969 1241 988 Ρ
1250 969 1266 988 Ε
1276 969 1294 988 R
1305 968 1341 988 10
1352 970 1364 988 s
1374 970 1398 989 ι’..
1435 963 1501 989 Adn.
1539 964 1603 990 Non
1619 964 1708 989 seuere
1717 984 1725 995 ,
1736 973 1788 990 non
1808 965 1948 998 imperiose
1961 967 2093 1000 praecepit
2106 967 2176 996 Geli.

30 993 147 1027 imperio
166 1001 320 1027 contentus,
347 998 366 1022 i.
391 996 497 1032 Magnis
514 995 639 1022 laboribus
657 992 761 1030 quff‘filo
778 1001 802 1020 et
815 1001 893 1029 parto
914 996 1001 1022 Instin.
1015 1005 1032 1026 1,
1046 1005 1071 1023 2.
1135 1006 1162 1030 2,
1182 1006 1224 1030 ²9-
1268 997 1342 1033 Cous.
1365 1004 1642 1025 1MI>ER1AB1L1'1‘ER.
1668 999 1836 1032 Imperiolins
1860 1001 1947 1027 Varro
1966 1002 2034 1036 apud
2054 1003 2126 1030 Non.
2148 1013 2177 1038 4,

29 1029 142 1064 Explere
161 1030 275 1065 imperio
294 1031 404 1065 triginta
428 1039 536 1065 magnos
560 1030 639 1057 orbes
652 1050 661 1062 ,
686 1032 704 1056 i.
730 1031 843 1066 Regnare
863 1041 941 1057 annos
962 1035 1072 1067 triginta
1138 1038 1186 1066 138.
1229 1033 1314 1067 Agere
1337 1033 1504 1067 imperiosius
1519 1033 1654 1067 Augustin.
1669 1034 1700 1060 de
1714 1034 1797 1060 Trin.
1811 1043 1826 1060 2
1841 1043 1862 1060 c.
1874 1035 1922 1061 vlt.

32 1062 106 1099 Virg.
120 1065 185 1091 Aen.
205 1075 225 1098 1,
241 1073 298 1099 273.
369 1066 441 1093 Finit
459 1066 565 1093 Rhenus
583 1065 677 1100 Populi
698 1066 774 1091 Rom.
795 1066 937 1100 imperium
956 1068 1027 1094 Caes.
1042 1067 1070 1093 B.
1174 1074 1244 1094 IMP
1255 1075 1351 1095 ERM1
1363 1076 1374 1095 s
1385 1077 1396 1096 3
1407 1076 1463 1099 VS,
1483 1077 1512 1099 a,
1539 1078 1593 1094 nm.
1616 1069 1676 1095 Adi.
1714 1069 1871 1102 [άθὲμις-ος]
1906 1070 2032 1097 Illic-itus:
2051 1080 2094 1105 ve,
2107 1074 2177 1101 Gau.

31 1099 64 1126 G.
97 1118 104 1131 ,
118 1101 154 1133 16.
226 1101 337 1135 Fulgens
350 1101 465 1136 imperio
480 1102 584 1128 Africae
596 1102 665 1127 Hor.
678 1101 767 1127 Carm.
780 1109 802 1133 3,
816 1103 854 1133 16,
867 1111 901 1134 3¹·
972 1104 1069 1129 Gerere
1077 1114 1108 1139 23
1136 1103 1181 1130 dia
1200 1104 1374 1137 impermista,
1395 1108 1413 1131 i.
1432 1104 1520 1131 Illiciti
1540 1105 1683 1130 concubitus
1703 1105 1770 1130 Hor.
1785 1105 1873 1130 Carm.
1894 1113 1917 1137 3,
1937 1109 1961 1137 6,
1974 1113 2013 1140 27.

826 1137 947 1165 Mandata
962 1146 986 1164 et
1000 1147 1071 1165 com·
1174 1146 1182 1165 1
1194 1147 1217 1165 M
1228 1147 1242 1165 Ρ
1251 1146 1266 1164 Ε
1278 1147 1295 1165 R
1306 1147 1328 1165 M
1341 1147 1348 1165 1
1360 1147 1377 1165 x
1388 1147 1408 1165 'r
1418 1147 1437 1165 v
1448 1147 1460 1165 s
1470 1160 1477 1172 ,
1496 1149 1526 1172 a,
1545 1149 1599 1166 um.
1621 1139 1682 1167 Adi.
1719 1140 1851 1174 Sapientia
1864 1140 2034 1174 impermixta
2047 1148 2126 1178 atque
2139 1145 2178 1172 in-

30 1168 103 1197 miss'a
121 1171 249 1205 imperia,
264 1172 324 1199 viil.
344 1179 401 1199 MA
413 1179 434 1198 N
444 1179 501 1199 Do.
566 1170 704 1198 Moderari
723 1172 798 1199 frena
818 1172 924 1207 imperii
943 1174 1023 1200 Ouid.
1038 1183 1070 1200 ex
1136 1181 1259 1208 corrupta
1273 1175 1392 1201 Ambros.
1412 1175 1457 1209 Ep.
1472 1184 1488 1202 2
1508 1185 1532 1209 p.
1546 1184 1586 1207 72.

27 1205 103 1231 Pont.
118 1213 140 1236 2,
154 1214 180 1238 9,
192 1214 228 1238 33.
283 1207 395 1243 Imperii
406 1207 472 1234 Pulfi
486 1206 622 1241 fugatique
636 1206 769 1234 iudicium
778 1228 785 1240 ,
800 1208 874 1242 qnod
893 1210 1073 1245 triumphatur
1171 1217 1181 1236 1
1193 1217 1218 1237 Μ
1230 1218 1244 1236 Ρ
1255 1217 1270 1236 Ε
1280 1218 1298 1236 R
1310 1218 1323 1236 Ρ
1335 1218 1350 1236 Ε
1362 1218 1383 1237 Τ
1393 1217 1412 1235 v
1422 1218 1440 1236 v
1451 1218 1463 1237 3
1473 1231 1480 1243 ,
1496 1220 1510 1237 a
1520 1231 1527 1243 ,
1547 1220 1601 1237 um.
1629 1210 1689 1237 Adi.
1728 1210 1780 1237 Cui
1799 1210 1864 1245 quid
1880 1210 2019 1239 abscedere
2036 1214 2135 1247 potest,
2150 1214 2179 1242 id

28 1238 94 1266 Plin.
106 1241 198 1276 Paneg.
214 1250 246 1274 11,
262 1250 283 1274 ς.
354 1242 439 1269 Potiti
450 1242 574 1276 ximperio
589 1242 691 1269 Galliae
710 1243 783 1270 Caes.
797 1244 825 1271 B.
839 1245 870 1270 G.
886 1254 905 1277 1,
918 1253 941 1271 2.
1005 1246 1071 1272 Red-
1136 1246 1330 1280 imperpetuum
1344 1246 1379 1271 est
1392 1246 1450 1272 Sen.
1464 1247 1540 1280 Epist.
1553 1254 1596 1281 72.
1631 1246 1708 1282 Apud
1719 1246 1838 1272 Scribon.
1854 1247 1978 1281 Compos.
1991 1256 2014 1274 11
2028 1255 2051 1274 et
2063 1257 2110 1275 102
2128 1251 2181 1276 Im-

811 1280 909 1313 Regere
929 1281 1110 1316 imperinm30
1134 1288 1291 1316 perpetuum
1305 1281 1480 1308 aduerbialiter
1494 1289 1542 1316 pro
1557 1286 1736 1317 inperpetuum
1756 1283 1857 1318 legitur.

8 1310 105 1346 ,Virg.
125 1311 190 1339 Aen.
211 1321 230 1344 1,
249 1322 310 1346 344.
380 1314 490 1339 Tenere
513 1313 642 1340 summam
663 1314 773 1348 imperii
805 1316 877 1342 Caes.
898 1317 926 1342 B.
941 1318 972 1342 G.
994 1326 1015 1348 3,
1034 1325 1071 1351 ι7.
1172 1318 1482 1349 ιΜΡΕΡεΟΝᾸωε,
1499 1327 1520 1343 e.
1547 1317 1607 1343 Adi.
1644 1317 1816 1351 [α’πρόσωπος]
1860 1318 1913 1343 Vox
1926 1315 1959 1350 est
1973 1327 1988 1344 a
2002 1319 2180 1346 Grammaticis

29 1379 37 1386 ⁸
120 1347 126 1352 ”
809 1351 931 1378 Tradere
944 1353 1071 1379 summam
1128 1350 1211 1388 fibla:
1232 1353 1319 1388 quibus
1338 1352 1450 1379 verbum
1463 1352 1639 1387 Impersonale
1653 1352 1764 1383 dicitur,
1785 1352 1864 1386 Quod
1884 1362 1938 1379 non
1956 1352 2035 1380 habet
2049 1355 2178 1389 personas.

26 1382 136 1416 imperii
155 1384 226 1410 Caes.
248 1384 276 1410 B.
298 1385 329 1410 G.
352 1391 380 1417 7,
399 1392 440 1409 20.
510 1384 644 1411 Traoare
666 1384 827 1419 imperium,
843 1387 951 1423 Regerc,
967 1388 1073 1414 admini-
1135 1389 1215 1415 Mart.
1235 1388 1335 1422 Capell.
1355 1397 1367 1420 3
1399 1398 1422 1423 p.
1445 1394 1481 1420 83.
1501 1394 1549 1421 etq
1577 1397 1600 1423 p.
1621 1397 1670 1421 1¹9·
1714 1388 1772 1416 th.
1796 1388 1921 1415 Priscian.
1952 1397 1977 1423 p.
1997 1394 2048 1419 812.
2074 1397 2097 1416 et
2117 1392 2182 1418 alios

22 1414 113 1457 lirare.
156 1418 246 1445 lustin.
263 1427 282 1451 1,
295 1427 308 1444 2
328 1417 358 1444 de
370 1419 545 1452 Semiramide,
568 1421 641 1447 Haec
661 1430 710 1447 nec
727 1422 873 1448 immaturo
891 1424 951 1449 ausa
969 1423 1072 1449 tradere
1137 1425 1328 1450 Grammaticot.

840 1458 979 1492 Tranfigit
992 1459 1107 1495 comi-33
1174 1466 1183 1484 1
1193 1466 1217 1485 M
1227 1467 1241 1485 Ρ
1250 1466 1266 1485 Ε
1276 1466 1295 1485 R
1303 1466 1315 1485 s
1325 1465 1344 1485 Ο
1353 1465 1375 1484 N
1384 1464 1404 1484 A
1416 1466 1434 1488 Ι,
1443 1457 1453 1484 ἴ
1463 1465 1483 1484 Τ
1492 1466 1544 1485 ER.
1582 1458 1648 1485 Adu.
1687 1458 1856 1485 florentinus
1875 1458 1904 1485 in
1926 1459 1943 1486 l.
1965 1459 2019 1485 fiue
2039 1460 2071 1487 D.
2093 1459 2125 1486 de
2139 1461 2181 1488 ssi-

48 1496 62 1514 a
76 1488 200 1523 imperii,
216 1492 235 1516 i.
249 1489 407 1525 succejfforem
417 1490 469 1524 sthi
483 1491 595 1525 Pisonem
608 1492 697 1527 deligit
712 1492 790 1518 Galba
808 1493 899 1520 Tacit.
915 1494 982 1520 Hist.
998 1503 1018 1526 1,
1036 1503 1075 1528 14.
1137 1494 1191 1530 pui.
1206 1495 1298 1526 seruo,
1317 1494 1379 1520 Siue
1394 1494 1476 1525 mihi,
1494 1494 1547 1520 line
1566 1494 1630 1527 sibi,
1651 1494 1703 1520 siue
1716 1495 1845 1520 conseruo
1859 1495 1916 1526 suo,
1934 1494 1987 1521 flue
1999 1496 2183 1529 impersonali-

24 1519 46 1559 ἢ
61 1531 81 1556 4
117 1526 149 1550 In
168 1525 239 1551 rebus
251 1527 370 1552 Romanis
385 1525 530 1559 Imperium
543 1526 664 1561 summam
683 1530 722 1553 rei
739 1527 838 1554 bellicae
848 1528 995 1564 potestatem
1009 1532 1075 1556 ordi·
1136 1537 1178 1557 ter
1197 1530 1255 1556 dari
1274 1530 1363 1556 seruus
1376 1539 1449 1556 meus
1469 1530 1622 1564 stipuletur,
1641 1530 1710 1556 mihi
1724 1530 1851 1565 acquiret.
1896 1530 1969 1566 Conf.
1982 1531 2081 1557 lustin.
2097 1533 2180 1559 Instit.

24 1561 95 1586 narie
109 1566 195 1592 notat,
213 1570 261 1586 non
275 1561 372 1596 exclusti
386 1567 467 1587 tamen
480 1562 575 1596 reliqua
588 1561 776 1598 magistratuum
784 1564 935 1600 fiaemmornm
944 1564 1075 1600 potestate,
1137 1573 1150 1597 3
1169 1570 1189 1592 t.
1211 1571 1236 1594 {8
1257 1563 1280 1602 §.
1303 1574 1322 1591 1.

23 1603 84 1629 quae
98 1602 121 1621 et
134 1596 189 1631 ipsa
203 1597 348 1630 Imperium
363 1605 410 1622 non
425 1605 549 1631 'tunquam
562 1604 674 1624 vocatur.
728 1598 798 1625 Suet.

22 1630 141 1656 'nentiam
156 1640 241 1666 neque
255 1632 282 1657 in
298 1631 418 1665 imperiis
433 1629 518 1666 neque
533 1632 560 1658 in
574 1632 770 1667 magistratibus
789 1635 927 1668 praestitit.
971 1637 1018 1662 Vbi
1031 1646 1118 1673 ‚zo-40
1137 1636 1235 1663 iudicii
1253 1637 1359 1662 secreta.

22 1665 125 1691 tandum
137 1667 252 1700 Imperia
265 1667 294 1693 de
308 1665 428 1700 potestate
439 1669 548 1693 militari
556 1679 565 1697 ,·
584 1669 767 1702 Magistratum
786 1670 815 1695 de
830 1671 906 1696 Ciuili
923 1670 983 1697 dici.
1020 1673 1073 1703 Ita,
1174 1679 1242 1698 ιΜΡ
1254 1678 1270 1698 Ε
1282 1679 1301 1698 R
1311 1679 1323 1698 s
1333 1679 1347 1698 Ρ
1358 1678 1365 1696 1
1377 1677 1425 1697 cv
1435 1677 1455 1696 V
1466 1678 1495 1702 s,
1520 1679 1550 1702 a,
1574 1679 1628 1696 um.
1665 1669 1725 1696 Adi.
1763 1671 1925 1705 Incognitus,
1941 1669 2043 1702 dubius,
2063 1679 2110 1696 non
2128 1678 2185 1706 per-

25 1702 132 1738 Summa
144 1701 269 1736 imperii,
282 1702 310 1728 de
326 1712 372 1737 qua
387 1704 491 1729 Graecae
503 1703 575 1739 Resp.
588 1706 655 1730 inter
667 1704 697 1740 st
711 1705 785 1740 saepe
799 1706 1074 1742 discepmrunt,figni-
1129 1706 1244 1743 spicum.
1280 1706 1345 1732 Plin.
1361 1706 1439 1739 Epist.
1461 1714 1481 1737 1,
1495 1715 1524 1730 :0
1554 1706 1650 1738 Neque
1672 1705 1744 1730 enirn
1764 1704 1853 1729 minus
1865 1704 2056 1738 imperspicua,
2073 1706 2185 1740 incerta,

14 1734 84 1769 ficar
95 1735 245 1772 frequenter
260 1739 304 1764 Ius
322 1736 487 1771 constituendi
507 1741 694 1774 imperatorem,
714 1743 732 1766 i.
752 1742 844 1766 Ducem
864 1742 980 1777 adum-fias
996 1741 1075 1774 hostes
1136 1742 1294 1775 fallaciaque
1312 1742 1371 1766 sunt
1384 1740 1503 1765 iudicum
1517 1740 1638 1772 ingenia,
1657 1748 1737 1772 quam
1751 1738 1933 1772 tempestatum
1948 1748 2139 1775 terrarumque.

22 1778 167 1798 communes.
203 1774 246 1800 Ita
261 1773 328 1807 Nep.
343 1782 366 1805 3,
381 1782 403 1805 2,
415 1782 428 1799 2
447 1774 553 1800 Summa
565 1774 673 1808 imperii
687 1776 827 1802 maritimi.
864 1776 937 1810 Conf.
953 1776 1008 1801 Cic.
1024 1783 1073 1807 pro
1175 1782 1242 1801 [MP
1252 1782 1266 1800 Ε
1276 1782 1317 1800 Rs
1329 1781 1348 1797 v
1358 1781 1461 1800 ASIBI
1471 1782 1486 1798 ιΔ
1497 1780 1505 1798 1
1515 1780 1545 1805 S,
1565 1783 1589 1800 e.
1626 1773 1687 1800 Adi.
1725 1774 1737 1807 [
1750 1772 1877 1807 ἱππθὴς]
1912 1775 2026 1809 Populus
2041 1776 2184 1811 impersua-

811 1600 882 1628 Caes.
896 1609 918 1626 c.
928 1608 959 1633 54
987 1600 1073 1626 Absti-
1173 1607 1182 1626 1
1193 1607 1218 1626 M
1227 1609 1241 1628 Ρ
1250 1608 1266 1627 Ε
1275 1608 1293 1627 R
1304 1608 1316 1627 s
1325 1608 1340 1627 P
1349 1607 1358 1625 1
1367 1607 1383 1627 c
1392 1608 1414 1627 A
1423 1607 1438 1627 B
1448 1608 1456 1626 1
1468 1607 1502 1626 Li
1513 1607 1525 1626 3
1534 1621 1543 1633 ,
1569 1609 1592 1627 e.
1631 1600 1691 1628 Adi.
1729 1601 1800 1627 Zeno
1829 1601 1929 1627 Veron.
1959 1601 2183 1635 Imperspicabilis

810 1810 870 1835 Liu.
886 1812 928 1840 26,
940 1815 966 1838 18
996 1810 1112 1841 Adeo43
1137 1810 1221 1835 sibilis
1233 1811 1293 1835 Vet.
1309 1810 1408 1842 Interp.
1429 1808 1540 1834 Barnab.

22 1840 138 1874 perditas
161 1851 216 1872 res,
235 1842 455 1876 desperatumque
475 1843 508 1868 de
525 1843 626 1875 Repub.
643 1845 706 1873 effe,
719 1849 748 1869 vt
769 1853 849 1869 nemo
868 1843 963 1869 audeat
978 1844 1007 1869 in
1022 1844 1072 1869 Hi·
1175 1851 1183 1869 Ι
1195 1850 1266 1870 ΜΡΕ
1276 1850 1348 1870 RTE
1358 1851 1376 1869 R
1386 1842 1458 1870 Rf'r
1469 1850 1487 1869 V
1497 1851 1527 1875 S,
1548 1852 1576 1875 a,
1598 1852 1651 1869 um.
1673 1843 1732 1870 Adi.
1769 1841 1905 1878 [sireis-05]
1942 1846 1994 1880 Qu*
2007 1846 2073 1872 nulla
2092 1857 2118 1873 re
2135 1854 2184 1874 ter·

18 1875 138 1910 spaniam
151 1876 293 1911 imperium
308 1878 435 1910 accipere.
473 1877 546 1902 Idem
561 1877 628 1903 ibid.
656 1877 714 1903 Iuffi
728 1878 826 1904 deinde
840 1878 910 1904 inire
931 1879 1072 1905 confusum
1136 1885 1217 1905 retur.
1268 1879 1343 1912 Virg.
1359 1880 1422 1904 Aen.
1439 1887 1475 1909 10,
1488 1886 1541 1912 770
1578 1880 1668 1905 Manet
1681 1880 1876 1912 imperterritus
1890 1880 1948 1905 ille:
2017 1881 2185 1915 imperterri-

21 1911 174 1951 suffragium
183 1932 190 1944 ,
205 1912 237 1938 ad
250 1921 333 1938 vnum
346 1921 438 1938 omnes
451 1921 506 1938 non
519 1913 652 1939 centuriae
665 1913 763 1944 modo,
783 1913 827 1939 sed
841 1914 922 1940 etiam
940 1914 1073 1946 homines,
1137 1920 1178 1941 tus
1191 1923 1289 1948 equum
1302 1913 1455 1947 impellebat
1469 1914 1514 1940 Sil.
1530 1923 1551 1945 7,
1565 1916 1623 1946 695.
1695 1914 1893 1948 Imperterritus
1905 1915 1985 1941 armis
1999 1916 2073 1942 Idem
2087 1923 2183 1950 14,188.

858 1949 905 1976 Sed
918 1952 991 1975 etiam
1004 1957 1074 1985 toga·
1137 1950 1212 1975 Mens
1226 1949 1406 1982 imperterrita
1421 1949 1465 1974 Sil.
1480 1957 1514 1979 11,
1527 1955 1587 1981 207.

19 1980 101 2008 'torum
121 1981 310 2019 magistratuum
323 1981 433 2018 potestas
451 1983 596 2017 imperium
614 1982 656 2015 est.
691 1984 753 2009 Sall.
774 1984 852 2010 Catil.
873 1992 900 2016 55
917 1984 946 2009 sle
959 1986 1072 2015 Lentulo,
1080 1986 1113 2012 50
1173 1991 1217 2009 IM
1230 1991 1245 2009 Ρ
1256 1990 1347 2010 ERTI
1359 1990 1472 2015 NENS,
1493 1983 1569 2008 entis.
1603 1983 1664 2009 Adi.
1708 1983 1816 2018 Absque
1834 1984 2069 2019 impertinentibns
2087 1996 2186 2015 conuo-

21 2018 62 2044 Ita
76 2018 122 2044 ille
140 2017 267 2052 patricius
291 2033 336 2037 —
360 2017 408 2052 qui
426 2018 562 2044 consulare
582 2018 726 2052 imperium
745 2019 847 2045 Romae
866 2018 1009 2051 habuerat,
1031 2018 1071 2044 di·
1135 2019 1211 2045 candi
1234 2018 1282 2044 Dii
1303 2019 1379 2045 Mart.
1395 2018 1502 2052 Capella
1515 2027 1525 2044 1
1545 2027 1569 2052 p.
1585 2026 1610 2051 ις
1622 2025 1688 2045 extr.
1713 2022 1732 2045 i.
1762 2022 1815 2052 Iis,
1829 2021 1916 2055 quibus
1935 2024 1989 2047 iure
2007 2032 2056 2048 non
2075 2023 2133 2050 licet
2152 2024 2188 2051 ad

20 2062 101 2088 gnum
121 2053 242 2080 moribus
265 2052 395 2088 faetisque
413 2053 465 2079 suis
484 2053 598 2079 exitium
618 2053 689 2079 vitae
710 2054 823 2080 inuenit.
897 2054 954 2080 Cic.
977 2062 1024 2088 pro
1039 2054 1070 2080 C.
1135 2056 1265 2081 concilium
1281 2057 1374 2080 venire.
2180 2071 2181 2074 ,

22 2087 115 2122 Rabir.
130 2098 151 2114 c.
165 2097 174 2115 1
210 2088 252 2114 Est
265 2088 401 2115 bonorum
420 2088 521 2115 ciuium
541 2103 587 2108 -·-
606 2089 713 2116 munire
734 2089 861 2123 praesidia
875 2089 990 2123 reipubl.
1004 2090 1072 2115 sum-
1174 2096 1183 2114 1
1193 2096 1218 2115 M
1229 2095 1245 2114 P
1255 2095 1271 2114 Ε
1281 2094 1348 2115 RT1
1359 2094 1379 2114 Ο
1390 2108 1396 2119 ,
1416 2089 1473 2119 fui,
1489 2090 1574 2119 itum,
1593 2091 1641 2113 ire.
1662 2087 1721 2113 Aa.
1758 2086 1950 2124 [μεταδίδωμι]
1985 2092 2027 2118 vel
2050 2100 2093 2119 ΙΜ
2103 2100 2185 2120 PER·
2204 2112 2208 2116 -

8 2118 95 2156 :inum
109 2124 138 2150 in
152 2123 303 2151 consulibus
316 2124 475 2158 imperium,
502 2125 634 2150 summum
648 2124 677 2150 iu
697 2126 793 2151 Senatu
813 2125 952 2150 confilium
970 2130 1070 2158 putare.
1138 2130 1231 2150 TIOR.
1250 2124 1316 2157 Dep.
1353 2124 1454 2149 Partem
1472 2123 1545 2154 dare,
1558 2126 1751 2157 communicare,
1765 2127 1916 2160 participem
1929 2126 2028 2161 jacere.
2065 2130 2185 2164 Iungitur·

18 2153 186 2194 h'arro‘apud
199 2159 269 2186 Gell.
289 2169 323 2192 13,
345 2169 370 2186 12
411 2161 442 2186 In
462 2159 614 2194 magistratu
635 2159 731 2186 habent
750 2160 798 2186 alii
815 2159 983 2185 vocationem
994 2169 1007 2190 ,¹
1023 2158 1107 2188 alii55
1135 2158 1287 2196 Accusatiuo
1300 2161 1338 2184 rei
1350 2164 1373 2183 et
1383 2158 1614 2197 Datiuoprtsc)›iar.
1651 2159 1735 2185 Aures
1754 2163 1881 2194 impertiri
1896 2161 1988 2187 studiis
2000 2162 2114 2190 honestis
2127 2165 2185 2191 Ta-

11 2188 15 2206 ⁴⁴
39 2193 202 2227 cntionem,
215 2195 263 2221 alii
283 2201 417 2222 neutrum.
453 2195 644 2227 Vocationem‚
661 2200 690 2220 vt
708 2194 826 2220 consules
844 2200 870 2219 et
891 2193 1002 2224 caeteri,
1023 2193 1071 2226 qui
1136 2199 1182 2219 cit.
1197 2194 1265 2218 Ann.
1288 2200 1327 2226 14,
1340 2201 1378 2224 21,
1392 2194 1417 2218 6.
1490 2194 1546 2219 Cic.
1568 2192 1600 2219 de
1620 2193 1655 2220 N.
1674 2194 1707 2219 D.
1727 2203 1752 2225 2,
1766 2203 1797 2229 27
1833 2196 1889 2222 Iam
1914 2205 1979 2223 vero
2000 2198 2102 2233 reliqna
2125 2208 2185 2233 para

45 2231 120 2258 bent
135 2230 294 2264 imperium3
316 2231 495 2265 prensionem,
510 2235 538 2258 vt
552 2229 655 2256 tribuni
673 2229 706 2262 pl.
724 2234 750 2255 et
762 2229 827 2259 alii,
841 2228 888 2262 qui
903 2227 1002 2254 habent
1015 2228 1071 2254 via·
1122 2227 1233 2254 *mundi
1246 2237 1276 2254 ea
1291 2234 1316 2254 et
1331 2228 1384 2262 ipsa
1398 2234 1453 2254 tota
1467 2235 1559 2254 natura
1581 2229 1687 2255 feruida
1705 2230 1756 2261 est,
1777 2236 1802 2257 et
1816 2231 1925 2257 caeteris
1937 2232 2039 2259 naturis
2060 2236 2185 2261 omnibus

10 2264 121 2297 ll‘oren13
142 2267 217 2300 (Hic
233 2269 316 2302 igitur
329 2265 407 2292 liHor
419 2275 473 2291 cum
485 2264 604 2300 fascibus
624 2263 724 2290 videtur
737 2263 831 2300 insrgne
844 2264 967 2298 imperii)
983 2271 1071 2298 neque
1135 2263 1276 2289 salutarem
1296 2264 1417 2298 impertit
1437 2269 1462 2289 et
1481 2263 1591 2290 vitalem
1604 2265 1737 2291 Calorem.
1810 2266 1956 2293 Ciuitatem
1976 2267 2056 2294 alicui
2068 2271 2186 2303 gratuito

16 2302 203 2333 vocationem,
224 2309 310 2335 neque
321 2300 501 2334 prensionem,
514 2306 542 2325 vt
557 2299 707 2333 quaestores
722 2305 748 2325 et
764 2298 872 2329 caeteri,
889 2306 936 2325 etc.
1008 2299 1069 2324 Liu.
1135 2299 1271 2333 impertiri
1291 2299 1348 2325 Cic.
1370 2308 1418 2333 pro
1432 2299 1511 2325 Arch.
1530 2308 1552 2325 c.
1571 2306 1592 2331 ς.
1664 2299 1738 2325 Idem
1754 2301 1832 2326 Verr.
1853 2310 1877 2332 2,
1892 2310 1922 2334 50
1959 2303 2007 2329 Tu
2022 2304 2185 2336 Syracusanis

17 2341 42 2370 8,
54 2345 67 2369 3
88 2335 161 2363 Iussis
173 2342 234 2362 ante
253 2341 356 2369 tempus
371 2334 531 2361 Consulibus
552 2334 674 2361 abdicare
687 2335 713 2360 se
733 2333 903 2368 magistratu,
920 2342 974 2368 quo
988 2334 1112 2360 matu-60
1134 2343 1217 2360 vnum
1231 2334 1309 2360 Diem
1329 2335 1423 2360 festum
1438 2334 1570 2361 Marcellis
1591 2334 1726 2368 impertiri
1747 2336 1869 2367 vetuisti,
1891 2346 1938 2371 per
1950 2347 2015 2373 quos
2034 2340 2076 2366 illi
2096 2342 2186 2376 adepti

30 2372 72 2399 'ius
91 2372 157 2398 noui
172 2370 298 2397 Consules
318 2370 443 2396 aduersus
462 2376 561 2396 tantam
580 2370 680 2396 molem
697 2369 762 2395 belli
782 2375 948 2396 crearentur:
970 2369 1069 2404 religio
1134 2371 1194 2396 sunt
1206 2376 1236 2396 vt
1248 2376 1364 2396 caeteros
1380 2369 1435 2395 dies
1447 2369 1524 2399 festos
1538 2378 1616 2403 agere
1629 2369 1731 2403 pollint.
1812 2373 1845 2398 Ec
1858 2373 1934 2399 Verr.
1949 2383 1974 2404 2,
1988 2379 2020 2407 84
2058 2377 2185 2404 Verunta-

19 2407 131 2441 mcessit,
145 2406 177 2433 ab
191 2406 241 2440 eis.
255 2415 371 2441 quorum
386 2406 560 2431 imminutum
578 2405 724 2439 imperium
742 2405 819 2437 esset,
840 2405 950 2431 comitia
965 2404 1069 2436 haberi,
1135 2414 1197 2431 men
1219 2405 1348 2431 Dolorem
1372 2405 1447 2430 suum
1472 2405 1575 2430 nemini
1598 2405 1785 2439 impertiebat,
1805 2408 1935 2435 Praetoris
1957 2410 2071 2437 iniurias
2094 2414 2184 2446 tacite,

13 2436 107 2478 ‘Itaque
118 2443 303 2476 interregnum
323 2441 431 2467 initum.
466 2441 642 2466 Imminutum
662 2441 807 2475 imperium
825 2440 888 2466 dicit
906 2449 1005 2472 eorum,
1025 2443 1069 2476 qui
1134 2440 1247 2475 hospitis
1266 2439 1367 2474 placide
1387 2439 1507 2466 ferendas
1526 2439 1712 2467 arbitrabatur.
1822 2443 1877 2469 Cic.
1898 2444 1930 2469 de
1946 2445 2052 2472 Amicit.
2068 2455 2098 2481 7²
2119 2458 2139 2474 c.
2155 2457 2183 2481 19

16 2479 72 2515 iuffi
85 2485 158 2506 erant
169 2475 355 2513 magtflratuse
366 2475 490 2502 abdicare.
563 2476 618 2502 Cic.
632 2477 706 2503 Verr.
723 2486 751 2510 4,
765 2485 800 2502 20
826 2476 930 2505 Tritici
945 2475 1069 2502 modium
1133 2475 1216 2509 Q1od
1233 2475 1399 2506 faciendum,
1418 2475 1630 2510 imitandumque
1652 2476 1688 2502 est
1715 2477 1855 2510 omnibus,
1877 2485 1906 2505 vt
1926 2479 1942 2504 fi
1962 2489 2039 2514 quam
2054 2483 2183 2515 praestan-

9 2508 21 2538 s
39 2522 71 2541 x.
86 2521 120 2540 Μ.
139 2518 208 2539 emta
223 2511 325 2545 Populo
340 2512 418 2537 Rom.
431 2510 493 2537 dare
512 2510 643 2538 debebant
658 2517 684 2537 et
702 2511 835 2538 solebant:
857 2511 902 2538 abs
917 2516 943 2538 te
957 2511 1015 2538 solo
1028 2520 1068 2538 re·
1083 2506 1116 2539 65
1133 2512 1200 2538 tiam
1216 2511 1341 2543 virtutis,
1356 2511 1473 2546 ingenii,
1487 2512 1619 2550 Fortunae
1632 2512 1786 2545 consequuti
1800 2513 1869 2544 sunt,
1883 2514 2036 2548 impertiant
2050 2526 2106 2543 eam
2120 2519 2183 2552 suis,

14 2551 122 2578 missum
137 2548 186 2575 est:
222 2547 299 2580 Resp.
320 2547 510 2573 detrimentum
530 2548 612 2581 cepit,
634 2547 706 2582 quod
727 2556 773 2581 per
791 2553 817 2573 te
830 2547 941 2581 imperii
960 2547 1002 2574 ius
1016 2555 1069 2574 vna
1135 2547 1386 2581 communicentque
1401 2555 1460 2572 cum
1475 2547 1614 2580 proximis.
1687 2547 1743 2572 Cic.
1758 2556 1807 2581 pro
1822 2549 1851 2574 L.
1864 2550 1957 2576 Manil.
1969 2559 2003 2577 20
2020 2561 2041 2578 c.
2056 2557 2069 2582 8
2093 2554 2182 2588 Atque

18 2582 47 2612 i'n
59 2585 169 2612 ciuitate
181 2583 354 2609 imminutum
369 2582 414 2609 est.
451 2582 498 2610 Sed
514 2583 642 2609 hit-retiam
654 2583 688 2608 ad
698 2583 776 2618 ipsum
790 2583 937 2617 Imperium
957 2590 980 2608 et
992 2585 1066 2609 maie·
1133 2588 1163 2609 vt
1181 2591 1273 2608 omnes
1294 2582 1461 2616 intelligant,
1479 2591 1521 2608 me
1535 2582 1564 2607 L.
1578 2581 1689 2620 Lucullo
1703 2587 1804 2608 tantum
1825 2583 1959 2618 impertiri
1974 2586 2086 2619 Laudis,
2101 2598 2183 2623 quan-

39 2617 102 2647 ater‘n
118 2621 175 2654 Pop.
191 2619 261 2644 Rom.
283 2617 390 2653 referas.
461 2618 517 2645 Cic.
531 2618 563 2645 de
576 2619 634 2645 Fin.
649 2627 672 2649 2,
686 2621 720 2644 66
761 2618 900 2652 Virginem
920 2618 1003 2644 filiam
1023 2619 1068 2644 sua
1133 2623 1199 2648 tum,
1212 2625 1258 2644 etc.
1330 2617 1542 2644 Misericordiam
1561 2616 1642 2642 alicui
1661 2618 1796 2656 impertiri
1825 2620 1882 2651 Cic„
1904 2620 1936 2646 ad
1956 2621 2028 2649 Brut.
2047 2624 2125 2658 Epist.
2144 2634 2181 2652 12.

17 2664 96 2683 manu
113 2653 211 2681 occidit
224 2653 416 2688 potius‚qnan1
428 2662 459 2680 ea
471 2655 498 2679 P.
514 2654 622 2680 Claudii
636 2653 763 2685 libidini,
783 2654 831 2688 qni
851 2659 908 2679 tum
928 2659 983 2679 erat
1001 2654 1069 2679 sum-
1132 2652 1207 2679 Idem
1220 2653 1274 2679 Att.
1287 2660 1310 2684 3,
1326 2660 1350 2685 ις
1371 2653 1449 2679 Nunc
1458 2652 1588 2686 Pomponi
1601 2661 1727 2692 quoniam
1742 2654 1780 2679 nil
1794 2654 1937 2690 impertisti
1951 2663 2011 2683 tuae
2024 2659 2181 2688 Prudentiae

17 2700 63 2718 mo
83 2690 112 2716 in
129 2689 260 2723 imperio,
276 2687 425 2715 dederetur.
460 2691 590 2715 Decemuir
608 2695 663 2715 erat
675 2689 800 2715 Claudius.
836 2690 902 2724 Ergo
921 2698 970 2714 non
983 2694 1068 2723 perpe-
1081 2691 1118 2719 70
1132 2687 1165 2714 ad
1180 2688 1289 2714 salntem
1302 2696 1400 2720 meam,
1419 2688 1490 2723 quod
1504 2694 1549 2714 aut
1562 2689 1590 2714 in
1604 2696 1646 2713 me
1659 2689 1725 2722 ipso,
1739 2696 1785 2716 etc.
1857 2693 1888 2717 Ee
1903 2693 1954 2718 Att.
1969 2702 1994 2725 2,
2009 2702 2036 2720 12
2076 2696 2182 2723 Teren-

17 2733 85 2753 tuum
105 2723 139 2758 est
158 2724 222 2751 illud
236 2724 317 2750 Festi:
352 2724 420 2750 Cum
432 2723 549 2757 imperio
565 2724 613 2750 effe
628 2723 765 2750 dicebatur
778 2723 847 2758 apud
860 2723 998 2758 antiq11OS‚
1014 2723 1066 2749 Cui
1132 2723 1170 2750 tia
1183 2723 1310 2750 delcetata
1325 2723 1361 2750 est
1379 2724 1433 2750 tuis
1447 2723 1547 2750 literis:
1565 2724 1683 2758 impertit
1698 2724 1749 2750 tibi
1763 2725 1873 2752 multam
1888 2727 2019 2761 Salutem,
2038 2732 2057 2755 i.
2070 2731 2181 2766 salutat.

17 2761 181 2790 nominatim
193 2769 208 2787 a
224 2761 285 2793 Pop.
301 2760 379 2785 Rom.
400 2758 511 2785 dabatur
530 2759 684 2793 imperium.
721 2760 789 2785 Cum
809 2759 935 2793 potestate
948 2759 1012 2791 effe,
1027 2758 1067 2785 di·
1133 2759 1188 2786 Cic.
1201 2759 1232 2786 de
1247 2760 1305 2785 Fin.
1319 2767 1342 2792 ς,
1356 2761 1370 2785 6
1401 2760 1431 2785 In
1444 2760 1591 2794 primisque
1611 2764 1642 2785 vt.
1652 2759 1757 2794 aliquid
1775 2762 1883 2788 suorum
1897 2763 2050 2791 Studiorum
2063 2766 2182 2794 Philoso-

17 2796 127 2827 cebatur
141 2796 174 2822 de
186 2805 229 2828 eo,
242 2795 298 2829 Qu
311 2804 325 2821 a
339 2794 439 2829 populo
457 2794 538 2821 alicui
552 2795 661 2829 negotio
674 2794 885 2829 praeficiebatur.
939 2795 1067 2821 Caeterum
1132 2794 1210 2830 phiae
1223 2803 1331 2830 quoque
1346 2795 1490 2830 impertiat.
1561 2795 1634 2821 Idem
1649 2796 1703 2821 Att.
1717 2804 1743 2827 9,
1759 2805 1780 2827 13
1806 2798 1876 2824 Huic
1888 2799 1929 2824 rei
1942 2800 2047 2834 aliquid
2060 2802 2182 2837 Tempo-

14 2832 50 2872 gd
64 2833 220 2859 Prouinciale
231 2833 362 2865 imperium
369 2833 483 2865 pertinet
495 2830 553 2856 Cic.
567 2832 645 2857 Verr.
658 2839 687 2864 4,
700 2837 718 2864 7
744 2832 819 2864 Qiae
834 2827 894 2857 dico
906 2830 993 2866 figna,
1006 2836 1067 2857 ante
1130 2831 1168 2857 ris
1188 2831 1332 2866 impertias.
1405 2831 1527 2866 Tempus
1548 2830 1691 2865 sapientiae
1713 2830 1870 2859 doetoribus
1890 2835 2061 2869 impertiebat
2088 2838 2181 2867 Tacit.

14 2861 28 2898 3
36 2877 98 2896 uam
111 2867 157 2894 abs
177 2873 203 2893 te
218 2866 319 2893 sublata
339 2866 413 2897 sunt,
434 2874 514 2892 nemo
529 2866 668 2892 Messanam
690 2875 750 2892 cum
770 2866 885 2900 imperio
899 2866 989 2898 venit,
1001 2866 1068 2901 quin
1080 2870 1113 2898 75
1133 2868 1199 2893 Anu.
1219 2875 1259 2900 14,
1277 2869 1315 2899 16,
1333 2875 1355 2899 3.
1552 2864 1573 2903 Ἴ
1595 2875 1610 2893 2
1655 2867 1736 2893 Habet
1762 2874 1835 2894 ettam
1861 2871 2037 2906 Accusatiuum
2051 2874 2180 2910 personae,

27 2903 126 2935 iderit.
162 2902 238 2938 Conf.
259 2901 333 2928 Idem
350 2903 422 2928 Fam.
442 2910 463 2934 1,
485 2910 495 2928 1
510 2907 533 2928 et
547 2910 572 2934 9.
596 2908 620 2928 et
637 2906 659 2933 8,
678 2910 705 2934 9.
775 2903 845 2928 Hinc
863 2903 932 2928 Cum
950 2902 1066 2937 imperio
1131 2912 1185 2928 cum
1198 2903 1315 2929 Ablatiuo
1329 2904 1374 2928 rei.
1411 2901 1493 2928 Plaut.
1509 2901 1597 2928 Aulul.
1613 2902 1682 2936 prol.
1698 2907 1723 2932 18
1750 2903 1838 2938 Atque
1859 2905 1905 2931 ille
1924 2915 1989 2933 vero
2007 2908 2108 2940 minus,
2129 2911 2180 2937 mi.

26 2948 42 2970 a·
51 2949 80 2970 e,
100 2938 225 2971 interdum
237 2937 335 2964 indicat
347 2937 412 2963 idem
425 2938 505 2964 Extra
524 2936 611 2963 Vrbem
623 2946 735 2964 manere:
750 2947 807 2964 nam
826 2938 914 2965 Vrbem
927 2938 1068 2974 ingredien-
1133 2946 1235 2972 nosque
1248 2937 1387 2972 impendio
1401 2945 1507 2969 curare,
1527 2937 1669 2972 minusque
1681 2939 1726 2964 Me
1740 2938 1877 2973 impertire
1890 2941 2047 2970 honoribus.
2108 2946 2177 2972 Ter.

811 2979 883 3008 putas
902 2974 994 3000 vtilius
1008 2974 1067 3006 esse,
1131 2973 1206 3000 Adel.
1220 2982 1243 3005 3,
1257 2982 1282 3004 2,
1296 2981 1325 2999 22
1351 2971 1398 2998 Sed
1419 2973 1485 2998 cesso
1500 2973 1599 2999 Heram
1613 2973 1665 3000 hoc
1684 2974 1756 3000 malo
1773 2975 1907 3010 impertiri
1921 2980 2050 3013 propere?
2122 2981 2179 3008 Ali.

28 3010 60 3042 'el
72 3009 141 3037 mihi
154 3009 227 3044 quod
240 3009 324 3035 tutius
339 3008 385 3040 fit,
397 3008 439 3035 vel
452 3009 531 3035 etiam
547 3014 576 3035 vt
588 3008 762 3042 Reipublicae
775 3008 891 3043 prodeffe
905 3009 1009 3044 possim,
1022 3019 1066 3036 me
1131 3018 1211 3044 quem
1223 3009 1315 3035 osculo
1332 3008 1486 3042 impertire,
1505 3009 1621 3044 Osculari
1639 3009 1708 3036 Suet.
1723 3010 1826 3037 Neron.
1840 3021 1861 3037 c.
1877 3021 1917 3046 37.
1989 3014 2028 3040 Τ(
2086 3017 2090 3019 “
2102 3025 2136 3042 ιη,
2152 3026 2178 3049 2,

14 3034 66 3075 *esse
78 3055 138 3072 eum
148 3045 279 3079 imperio:
303 3044 331 3071 id
349 3053 439 3071 coram
457 3043 681 3071 considerabimus
700 3044 777 3079 quale
796 3045 835 3071 fit.
908 3046 1066 3080 Imperium,
1083 3047 1116 3074 80
1133 3053 1156 3077 2,
1168 3053 1200 3078 39
1235 3044 1353 3071 Plurima
1377 3044 1458 3070 salute
1475 3045 1668 3071 Parmenonem
1690 3046 1821 3072 summum
1844 3048 1917 3073 snum
1937 3047 2031 3082 imperi
2106 3058 2176 3078 ¹nato.

15 3084 96 3108 maius
109 3080 142 3114 est
155 3089 226 3116 quam
241 3080 410 3107 Iurisdienoz
431 3080 512 3107 Paull.
527 3080 555 3106 in
567 3080 585 3106 l.
600 3088 638 3113 ea,
653 3089 720 3115 quae
733 3081 815 3115 magis
830 3081 861 3107 D.
874 3080 906 3108 ad
919 3081 1066 3115 municipa-
1130 3081 1212 3107 Plaut.
1225 3080 1307 3107 Milit.
1320 3089 1345 3112 2,
1361 3088 1386 3111 2,
1403 3088 1438 3114 77
1458 3080 1491 3106 At
1504 3089 1546 3106 me
1560 3080 1668 3116 imperti
1682 3081 1753 3115 quod
1767 3089 1930 3108 commentus
1946 3092 1980 3109 es.
2021 3086 2094 3115 ,Cum
2102 3088 2176 3113 Prae-

18 3117 72 3156 με,
92 3117 144 3148 Ea,
160 3125 227 3150 quae
242 3117 326 3151 magis
346 3116 454 3150 imperii
477 3117 551 3148 sunt,
572 3125 652 3151 quam
671 3116 881 3149 iurisdiffionis,
899 3117 1082 3152 magistratus
1124 3115 1247 3152 positione
1260 3117 1312 3142 De:
1328 3116 1384 3142 Cic.
1400 3115 1452 3142 Off.
1465 3124 1490 3148 2,
1503 3124 1536 3150 54
1547 3125 1569 3143 c.
1585 3125 1609 3149 15
1645 3117 1723 3150 Saepe
1737 3116 1840 3143 idoneis
1858 3117 2177 3155 hominibufflndigenti-

16 3151 187 3184 municipalis
203 3152 289 3178 facere
302 3161 357 3178 non
373 3152 465 3186 potest.
537 3151 643 3185 leian.
661 3152 691 3179 in
707 3152 724 3179 l.
738 3162 750 3184 3
770 3153 914 3187 imperium
930 3155 962 3179 D.
977 3153 1009 3179 de
1023 3152 1063 3179 iu-
1130 3152 1194 3184 bus,
1207 3151 1240 3177 de
1254 3161 1283 3179 re
1301 3151 1429 3178 familiari
1449 3151 1655 3186 impertiendum
1670 3153 1719 3182 cst,
1733 3151 1785 3182 sed,
1800 3159 1846 3179 ctc.
1936 3154 2039 3189 Paffiuc.
2076 3157 2131 3183 Cic.
2146 3158 2176 3184 in

17 3187 87 3215 risd:
98 3186 246 3220 Imperium
264 3194 308 3213 aut
327 3197 449 3220 merum,
469 3193 514 3221 aut
527 3187 634 3214 mistum
647 3188 691 3214 est.
726 3189 831 3215 Merum
852 3189 995 3223 imperium
1015 3188 1062 3221 est,
1129 3187 1208 3215 Catil.
1223 3197 1246 3219 3,
1259 3197 1290 3220 14
1302 3197 1323 3214 c.
1338 3190 1355 3214 6
1383 3189 1469 3221 Atque
1483 3188 1563 3214 etiam
1577 3188 1637 3214 viro
1651 3187 1717 3214 forti
1732 3187 1855 3222 Collegae
1867 3197 1929 3215 meo
1942 3191 1970 3216 C.
1986 3191 2103 3218 Antonio
2120 3193 2175 3219 lans

17 3222 118 3254 habere
132 3220 214 3255 gladii
228 3223 380 3255 potestatem
394 3223 427 3250 ad
437 3223 704 3250 animaduertendum
715 3224 744 3251 in
754 3224 918 3251 facinorosos
931 3224 1063 3256 homines,
1079 3223 1109 3253 85
1129 3224 1290 3258 impertitur.
1327 3224 1397 3250 Suet.
1405 3223 1498 3249 Claud.
1514 3233 1535 3249 c.
1544 3233 1562 3256 4
1582 3224 1639 3250 Nec
1646 3223 1757 3249 dubium
1771 3223 1821 3256 est,
1830 3224 1894 3258 quid
1905 3226 1961 3259 post
1974 3225 2037 3251 haec
2045 3228 2174 3262 Augustus

20 3257 93 3301 quod
110 3257 190 3283 etiam
211 3257 319 3290 potestas
337 3259 491 3293 appellatur.
547 3259 657 3286 Mistum
681 3260 733 3292 est,
747 3260 792 3287 cui
808 3260 888 3287 etiam
908 3260 1062 3287 inrisdiffio
1128 3259 1342 3291 constit11erit,et
1353 3259 1494 3293 reliquerit
1507 3268 1567 3285 eum
1580 3259 1656 3284 nullo
1671 3260 1912 3293 praeterauguralis
1922 3261 2061 3289 sacerdotii
2071 3263 2175 3291 honore

15 3292 102 3325 sest,
124 3291 195 3328 quod
209 3293 236 3318 in
249 3291 332 3320 danda
343 3294 476 3322 bonorum
490 3295 638 3330 poffessione
651 3295 779 3323 consistit:
797 3302 826 3323 vt
841 3295 1008 3328 iurisdio'tio,
1021 3295 1062 3322 iu-
1127 3295 1303 3330 impertitum.
1359 3294 1428 3329 Nep.
1442 3303 1480 3327 25,
1493 3303 1510 3325 1,
1523 3303 1539 3320 2
1566 3294 1679 3320 Puerilis
1692 3300 1760 3320 aetas
1774 3294 1904 3322 doetrinis
1921 3297 2056 3331 impertiri
2070 3299 2158 3327 debet.

27 3332 53 3363 Ji«
65 3329 88 3356 is
101 3328 181 3355 dandi
196 3327 311 3354 licentia.
380 3331 461 3357 Misto
474 3331 590 3366 imperio
603 3331 756 3358 iurisdiffio
771 3332 850 3359 inest:
870 3334 888 3358 i.
908 3331 1062 3358 iurisdietio
1164 3338 1208 3357 1M
1220 3338 1235 3358 Ρ
1246 3338 1263 3358 Ε
1272 3338 1290 3357 R
1299 3336 1320 3356 T
1331 3339 1340 3357 1
1349 3338 1366 3357 E
1375 3338 1396 3357 N
1406 3338 1419 3357 3
1434 3349 1443 3362 ,
1474 3335 1496 3356 et
1529 3336 1571 3356 1M
1583 3335 1630 3356 ΡΛ
1640 3336 1659 3355 R
1669 3335 1690 3356 'r
1703 3336 1713 3356 1
1723 3337 1740 3357 E
1749 3337 1770 3356 N
1781 3338 1794 3357 3
1807 3351 1817 3363 ,
1842 3332 1918 3359 entis.
1955 3333 2048 3360 Partic.
2094 3336 2174 3363 Mart.

44 3378 51 3382 v
69 3364 202 3400 inperium
220 3362 326 3389 mistum
334 3363 396 3398 siant
407 3376 447 3393 res
460 3376 512 3393 vna
524 3367 658 3404 eademque.
699 3367 756 3405 Viti.
770 3371 812 3404 qui
825 3368 870 3394 hoc
880 3367 971 3402 probat
986 3369 1063 3394 Ham·
1125 3367 1224 3402 Capell.
1241 3376 1251 3393 1
1270 3376 1296 3402 p.
1317 3375 1353 3393 21.
2076 3371 2077 3374 ’

814 3404 903 3439 Lepide
917 3403 1060 3430 Cic.Verr.
1073 3408 1110 3435 90
1163 3410 1229 3430 IMP
1239 3410 1256 3430 E
1268 3410 1286 3429 R
1296 3410 1317 3430 T
1328 3409 1396 3429 1Tv
1406 3409 1435 3437 s,
1455 3410 1485 3431 a,
1505 3409 1559 3427 nm.
1591 3400 1685 3427 Partic.
1723 3400 1783 3427 Liu.
1798 3410 1836 3432 21,
1847 3411 1876 3435 41
1903 3403 1954 3429 Pro
1974 3403 2014 3430 his
2031 3403 2176 3439 impertitis

22 3444 48 3469 ³³,
60 3443 96 3471 77
117 3445 139 3462 c·
155 3444 180 3467 31
203 3434 231 3460 tlt'
252 3433 399 3467 Horte²fi⁰‚
431 3437 458 3463 Si
475 3439 565 3466 Verres
594 3454 639 3459 —-
669 3439 695 3465 se
715 3439 843 3473 eripuerit
857 3449 885 3465 ex
900 3439 1012 3471 Iudicio,
1032 3439 1062 3465 in
1125 3445 1306 3474 oppugnatum
1321 3437 1432 3473 patriam
1445 3436 1561 3463 nostram
1575 3437 1694 3463 veniunt.
1733 3437 1811 3471 Apul.
1827 3437 1904 3471 Apol.
1918 3447 1943 3472 p.
1955 3446 2006 3475 377
2030 3440 2112 3468 Nulla
2125 3441 2176 3468 im-

15 3471 157 3505 <iudicibus
173 3470 203 3497 fit
215 3470 311 3496 necesse
324 3469 360 3495 est
380 3485 425 3491 -—
442 3471 511 3500 sitin
525 3475 582 3501 eius
594 3475 710 3501 exercitu
725 3474 842 3509 signifer,
856 3475 902 3510 qni
917 3475 1061 3509 imperium
1125 3475 1223 3510 pertita
1242 3483 1326 3501 mora.

14 3506 188 3545 {ualidorum
201 3511 289 3532 tenere
302 3505 369 3531 vult.
406 3507 496 3543 Nempe
508 3516 537 3536 vt
551 3511 672 3545 Regnum
686 3511 750 3536 alias
757 3512 821 3547 solet
834 3511 921 3538 dicere.
1137 3527 1139 3533 .
1162 3518 1172 3537 1
1183 3518 1207 3536 M
1216 3518 1231 3537 Ρ
1242 3516 1258 3536 Ε
1271 3517 1290 3536 R
1299 3517 1320 3536 T
1330 3516 1338 3535 1
1347 3516 1369 3536 T
1379 3515 1387 3534 J
1399 3513 1418 3534 0
1427 3527 1435 3540 ,
1455 3507 1523 3534 onis.
1545 3505 1566 3533 f.
1603 3505 1703 3535 Arnob.
1717 3515 1732 3533 2
1748 3516 1772 3542 p.
1787 3516 1819 3540 43
1850 3508 1970 3536 Honoris
1990 3509 2176 3546 impertitione

29 3566 36 3574 .
59 3549 153 3572 IMPE
163 3549 200 3568 RI
212 3549 234 3568 Α
245 3548 278 3567 1.1
290 3547 319 3579 S,
339 3549 362 3567 e·
387 3541 449 3573 Adi.
485 3545 547 3571 Aur.
561 3546 633 3573 Vi&
648 3546 716 3580 Epit.
730 3546 759 3572 in
771 3546 900 3578 Tiberio,
914 3545 1062 3580 Imperialis
1125 3546 1241 3574 viduari.
1890 3567 1901 3574 κ
2075 3565 2078 3568 «

22 3578 158 3613 molestiae
171 3576 381 3611 magnitudinem
394 3576 533 3606 declinare.
570 3583 627 3614 Ita,
647 3583 809 3616 Ornamenta
820 3582 970 3618 imperialia
984 3582 1061 3615 Capi-
1077 3584 1110 3612 93
1164 3589 1208 3608 1M
1218 3589 1232 3608 Ρ
1241 3588 1256 3608 Ε
1266 3588 1284 3607 R
1295 3587 1315 3606 T
1326 3577 1364 3606 i'L
1374 3584 1404 3605 IS
1413 3598 1421 3611 ,
1436 3586 1460 3605 e.
1481 3577 1542 3605 Adi.
1579 3576 1656 3613 Qod
1669 3576 1750 3603 diuidi
1765 3587 1813 3604 non
1826 3574 1917 3614 potest.
1954 3580 2091 3616 Augustin.
2105 3583 2175 3610 Mus.

22 3614 69 3649 φὶ,
84 3614 122 3640 Μ.
137 3614 234 3639 Anton.
254 3611 321 3639 Phil.
343 3620 364 3638 c.
378 3618 415 3646 17.
467 3614 567 3649 Insigne
585 3617 734 3652 imperialis
753 3618 893 3645 maiestatis
913 3617 952 3643 Id.
970 3616 1060 3643 Albin.
1128 3619 1145 3644 6
1165 3616 1311 3652 Impertilis
1328 3620 1399 3641 nota.
1688 3647 1693 3652 ι
1843 3648 1849 3653 .

23 3653 45 3682 e.
60 3658 84 3676 2-
120 3650 252 3675 Ammian-
266 3656 302 3681 ις,
316 3655 337 3680 5.
374 3646 414 3673 Ad
429 3648 533 3675 culmen
545 3651 682 3686 imperiale
695 3655 800 3688 surgere
811 3654 852 3682 Id.
865 3663 902 3686 21,
916 3655 953 3679 16.
1010 3653 1061 3679 Im·
1164 3661 1174 3679 1
1183 3659 1232 3680 MP
1243 3660 1259 3679 Ε
1268 3660 1287 3679 R
1297 3658 1319 3678 'r
1330 3658 1350 3677 v
1359 3658 1378 3677 R
1388 3657 1404 3677 B
1413 3657 1433 3677 A
1442 3656 1504 3677 1311.
1515 3656 1525 3675 1
1536 3656 1565 3680 s,
1585 3657 1608 3674 e.
1644 3646 1705 3674 Adi.
1740 3647 1879 3683 Angustm.
1897 3650 2012 3681 Confefl:
2026 3661 2042 3679 2
2060 3659 2125 3679 extr.
2149 3658 2174 3679 et

1129 3688 1208 3723 Epist.
1232 3696 1286 3721 145.

58 3727 125 3747 [ΜΡ
135 3727 151 3747 Ε
160 3727 178 3746 R
188 3727 197 3745 1
209 3727 230 3747 A
240 3727 255 3746 L
266 3725 329 3758 ιΤΕ
338 3725 365 3745 R.
403 3718 471 3745 Adu.
506 3720 566 3754 Leg.
580 3732 624 3750 vn.
638 3723 661 3761 §.
674 3733 700 3759 ις
712 3726 742 3752 C.
756 3725 788 3752 de
802 3726 857 3753 cad.
875 3723 984 3751 tollend.
1006 3724 1063 3750 No·
1166 3731 1208 3751 1M
1219 3732 1233 3750 P
1243 3731 1259 3750 Ε
1268 3731 1287 3750 R
1297 3728 1319 3749 Τ
1330 3729 1351 3748 ν
1363 3727 1382 3747 R
1394 3727 1410 3748 Β
1419 3721 1441 3747 A
1451 3728 1472 3748 T
1484 3726 1504 3745 v
1518 3727 1547 3751 s,
1566 3727 1580 3745 a
1590 3738 1598 3751 ‚
1615 3727 1669 3744 ssm-
1702 3717 1764 3746 Adi.
1802 3719 1979 3761 [oa'vdeofnros]
2015 3723 2173 3761 Contrarium

22 3755 105 3788 ‚strum
138 3756 187 3782 esse
219 3763 359 3791 proprlum
376 3753 557 3782 subie&orum
583 3760 751 3789 commodum
780 3761 956 3797 imperialiter
973 3759 1063 3786 existi·
1073 3765 1120 3783 100
1132 3757 1166 3792 esi
1181 3760 1303 3786 Turbato.
1339 3756 1406 3783 Plin.
1421 3765 1443 3788 2,
1461 3765 1487 3787 23
1512 3754 1705 3788 Imperturbata
1718 3755 1772 3781 lux.
1827 3756 1882 3782 Ore
1894 3757 2085 3791 imperturbato
2100 3755 2175 3783 bibe-

1132 3803 1162 3822 re
1173 3803 1305 3821 venennm
1318 3791 1400 3819 Ouid.
1415 3792 1444 3818 in
1456 3790 1517 3817 Ibin
1531 3792 1587 3823 560.
1623 3789 1697 3825 Conf.
1711 3791 1768 3816 Sen.
1778 3791 1861 3830 Jipist.
1875 3800 1903 3824 73
1915 3799 1938 3818 et
1952 3797 1987 3824 8,·-

34 3836 37 3840 *
59 3833 67 3852 1
78 3833 126 3853 MP
136 3833 150 3852 Ε
159 3833 178 3853 R
189 3833 198 3852 1
208 3833 227 3852 A
237 3833 271 3854 Β]
282 3834 298 3853 L
309 3833 318 3852 1
328 3833 372 3853 TE
382 3832 410 3852 R.
447 3826 516 3852 Cato
529 3826 595 3861 apud
605 3827 706 3857 Charis.
721 3841 746 3866 p.
759 3837 796 3863 181
809 3832 910 3869 Putsch.
937 3830 1066 3866 Imperia·
1167 3837 1177 3856 1
1186 3837 1211 3856 M
1219 3837 1259 3856 PE
1268 3836 1285 3855 R
1295 3836 1316 3855 v
1325 3835 1342 3855 E
1352 3834 1369 3853 R
1380 3835 1392 3854 s
1401 3834 1420 3853 v
1429 3834 1442 3854 s
1452 3846 1461 3859 ‚
1484 3834 1513 3856 a,
1528 3834 1582 3852 um.
1620 3825 1728 3852 Manilii
1745 3825 1788 3859 este
1801 3826 1903 3854 dicitur.

1168 3872 1211 3892 1M
1220 3873 1234 3892 P
1244 3872 1260 3891 Ε
1268 3872 1288 3891 R
1297 3871 1318 3890 v
1329 3871 1339 3890 1
1349 3870 1369 3889 v
1377 3870 1389 3888 3
1399 3883 1407 3895 ,
1432 3871 1446 3888 a
1455 3881 1463 3893 ‚
1485 3870 1540 3888 um.
1576 3860 1636 3888 Adi.
1675 3861 1686 3895 [
1700 3859 1830 3889 dacicum
1843 3863 1856 3896 ]
1892 3861 1984 3887 Amnis
2015 3859 2172 3894 imper-nius,

49 3904 196 3937 ,IMPERI
206 3900 225 3925 ὁ
234 3905 246 3925 S
257 3905 277 3924 V
287 3907 300 3925 S
309 3919 317 3931 ,
338 3907 352 3925 a
362 3919 370 3931 ,
389 3906 444 3924 um·
463 3896 525 3924 Adi.
561 3897 729 3937 [ἐπικρατῶν]
764 3903 816 3937 Qu*
833 3906 962 3940 imperium
983 3901 1064 3930 habet.
1134 3902 1193 3928 Non
1206 3900 1314 3937 vadofics
1326 3898 1408 3925 Ouid.
1421 3898 1486 3924 Met.
1500 3905 1525 3929 9,
1539 3899 1594 3923 106.
1640 3898 1732 3925 Amnis
1746 3898 1892 3938 imperitius
1905 3897 1969 3936 ripis
1986 3896 2066 3921 Paeat.
2081 3897 2171 3929 Paneg-

10 3933 79 3974 ,εἶς’
96 3941 126 3960 ¹¹¹
137 3934 212 3960 ont·
226 3942 269 3960 ¹²0
281 3944 302 3961 ς·
317 3943 350 3969 34
375 3934 522 3970 C⁰5”⁰s‘³‘
537 3939 619 3963 “²³¹⁸
634 3942 726 3963 ‘erum
738 3937 867 3971 gestarum
877 3945 904 3968 et
917 3938 1064 3969 memoriae
1075 3942 1120 3971 105
1133 3946 1153 3966 c.
1168 3945 1210 3971 34.
1281 3936 1359 3963 freta
1380 3933 1466 3961 Valer.
1481 3933 1580 3968 Argon.
1593 3942 1620 3967 4,
1633 3941 1681 3966 711.
1736 3935 1836 3962 Itinera
1847 3933 1937 3960 Tacit.
1951 3932 2018 3958 Ann.
2033 3939 2056 3962 3,
2068 3939 2102 3962 51.

1324 3971 1341 3996 ⁶
1364 3969 1385 3996 ι,
2026 3971 2173 3999 maresco,
