2479 4225
114 245 194 286 1225
506 233 524 272 I
610 232 643 272 R.
728 232 768 272 11
1614 242 1631 283 1
1711 244 1742 283 R.
1820 248 1836 287 I

2157 261 2249 301 1226

114 321 188 349 Ircnt
199 327 325 354 propere,
350 327 401 346 neu
415 319 574 346 remorando
586 320 653 346 iram
665 319 778 346 victoris
791 320 953 355 Asperarent.
988 355 996 361 ι
1049 322 1154 362 Asperat
1210 325 1370 354 iniuriarum
1379 347 1387 359 ‚
1417 328 1488 362 quod
1501 338 1550 365 ego
1562 331 1677 359 cisudiss‘e
1694 342 1736 359 me
1747 342 1827 362 omne
1838 337 1985 369 arbitrabar
2019 344 2148 373 rcfidnum
2161 353 2247 375 ‘amen

116 356 168 382 im,
182 353 276 381 stfiffl,
295 355 464 382 mucronibus
501 354 593 382 Claud,
607 355 640 381 de
652 357 772 389 Magnete
786 358 845 390 609.
948 355 1085 390 Assurgum
1100 367 1154 384 1rae
1211 363 1336 389 insciente
1350 372 1391 389 mc
1410 363 1493 390 suissi-t
1507 386 1515 397 ‚
1550 375 1630 394 omne
1644 375 1749 402 repente
1775 374 1901 404 apparuit.
1990 363 2133 408 ’Eu-scere
2147 383 2250 409 jfflffln.

115 391 190 424 Virg.
203 391 266 416 Aen.
282 399 314 423 12,
327 399 387 423 494.
492 390 618 417 Attollere
631 390 681 416 iras
700 390 773 417 Idem
787 391 824 418 ib.
838 399 860 422 2,
872 395 920 422 381-
1025 391 1102 419 Cadit
1113 394 1153 419 ira
1212 397 1281 423 diam
1319 398 1377 424 Cic.
1398 399 1429 424 ad
1444 400 1515 426 Brut.
1531 409 1554 427 2.
1670 403 1763 430 Efferri
1776 404 1909 434 iracundia
1945 412 2017 440 Idem
2029 401 2060 441 Q„
2075 418 2141 442 os„
2157 427 2172 443 2
2208 426 2239 444 0-

116 430 188 452 metu
206 424 287 451 Ouid.
302 427 392 452 Amor.
408 433 433 459 2,
448 435 480 460 13,
493 435 525 459 14.
596 426 677 452 Cadat
690 425 730 452 ira
743 427 805 465 naso
823 426 889 452 Pers.
903 432 925 457 ς,
938 433 974 459 9¹·
1078 428 1153 455 Calet
1212 433 1350 459 Flud'tuarc
1364 434 1433 460 inter
1445 435 1525 461 aestus
1540 436 1688 465 iracundiae
1714 439 1830 466 Macrob.
1843 443 1943 469 Saturn.
1956 454 2010 478 4,.2.
2081 438 2183 478 Ηιὼὲγὲ,
2195 428 2249 479 {fg

117 460 155 486 ira
177 460 237 487 Stat.
250 460 341 487 Theb.
352 465 378 492 6,
394 469 451 493 230.
522 460 656 487 Cohibere
668 460 720 487 iras
740 462 814 495 Virg.
827 462 892 500 Aen:
910 469 943 493 ¹2,
957 469 1003 501 314.
1092 464 1152 490 Col·
1175 478 1189 503 ς
1212 468 1334 494 cundiam
1355 469 1411 495 Cic.
1425 469 1495 496 Fam.
1510 480 1543 498 10.
1556 481 1589 503 23.
1666 474 1824 501 Inflammari
1839 477 1970 506 iracundia
1990 483 2060 510 Idem
2074 486 2146 512 'I'usc
2164 497 2180 520 4
2221 497 2237 514 0

115 495 198 529 ligere
214 495 281 521 iram
314 497 382 523 Hor.
395 496 427 522 de
440 497 503 526 Arte
514 497 587 523 Po‘e't.
607 498 662 523 160.
756 496 914 527 Commissi.
950 499 1001 535 vigs.
1016 506 1070 522 mox
1084 499 1154 524 Vlci-
1212 504 1296 530 Iratus
1317 503 1442 529 mediocri
1462 505 1595 533 iracundia
1608 529 1618 541 ‚
1653 510 1706 534 vid.
1727 516 1914 540 MEDlocms.
2019 519 2087 547 Ter,
2101 508 2201 556 Adelph
2224 533 2249 555 4,

115 530 195 556 scitur
207 530 283 558 iram.
389 533 450 558 Stat.
463 531 554 561 Theb.
570 543 593 564 4,
606 540 634 564 75
674 531 725 558 Cui
737 530 804 558 bella
817 530 922 569 fauent,
940 540 981 556 cui
996 532 1153 571 Commodat
1212 545 1239 571 7,
1255 547 1279 570 37
1298 540 1352 565 Iam
1365 548 1431 565 vcro
1448 540 1540 566 omine
1553 543 1648 568 l)cn1ca
1662 550 1732 570 tuam
1747 546 1825 572 istanc
1838 547 2006 576 iracundiam.
2112 542 2247 584 Pc1·n10}ns

115 565 168 592 iras
238 565 339 592 Cune'ta
351 566 455 593 cohors.
560 567 701 593 Commota
714 566 748 593 est
760 566 801 593 ira
814 570 919 597 tyranni
932 600 937 605 ι
954 568 1035 606 Qud.
1049 570 1113 595 Met.
1129 571 1154 600 6,
1211 573 1362 604 iracundia,
1396 574 1448 600 vid.
1470 581 1484 601 r
1493 581 1661 604 ERMO‘rvs.
1734 580 1876 609 Remittcrc
1890 583 2051 613 iratundiam
2069 589 2126 617 Cic.
2139 593 2249 627 Philipp.

115 608 175 634 549.
281 601 468 636 Comprimere
483 601 534 628 iras
571 602 631 629 Sen.
642 602 713 629 Med.
727 603 752 628 6.
856 600 968 640 001011(-
983 611 1048 628 iram
1084 604 1154 630 Ter.
1212 615 1236 640 ⁸,
1250 617 1284 641 ¹9-
1391 609 1514 636 Rcfistere
1530 611 1677 639 iracundiae
1698 615 1768 641 Idem
1782 617 1812 642 ad
1826 620 1861 650 Q
1875 618 1944 646 Frat.
1968 639 1976 647 .
1995 639 2003 647 .
2021 641 2029 648 .
2134 626 2240 654 Terent

115 636 179 662 Hem
195 645 214 667 3,
227 645 246 676 ,θ
259 644 294 668 33,
399 637 479 664 Ouid,
492 646 523 664 ex
537 638 611 664 Pont,
624 646 651 670 4,
665 646 698 670 14,
711 645 739 676 41
776 636 810 662 At
822 635 907 675 'malus
921 643 1046 671 interpres
1060 639 1152 673 populi
1169 653 1196 671 to
1212 643 1322 677 Adelph.
1336 651 1359 676 ς,
1372 653 1392 676 3,
1407 651 1418 673 8
1437 646 1560 672 Tandem
1573 648 1696 681 chrime
1709 650 1885 686 iracundiam,
1906 661 1931 680 et
1945 655 1976 681 ad
1990 662 2015 682 te
2029 657 2096 685 redi.
2194 647 2251 688 Ser:

115 671 183 697 mihi
192 671 314 697 Concitat
327 671 402 698 iram.
474 672 600 699 Concitus
613 671 703 698 rabida
716 679 755 697 ira
776 670 855 697 Ouid.
863 670 924 696 Met.
933 678 1011 706 7,413.
1084 676 1152 713 Con·
1212 679 1270 705 vire
1285 680 1448 712 iracundiae,
1485 688 1530 715 pro
1543 682 1651 717 Obseqm'.
1705 685 1769 712 Non
1782 688 1880 722 parebo
1893 689 1980 716 dolori
1989 713 1999 726 ,
2039 702 2086 720 nec
2099 693 2251 723 iracundiae

116 706 208 732 cedere
221 706 249 732 in
262 706 330 739 iras,
365 708 422 733 vid.
443 714 460 735 c
471 713 490 734 o
504 714 526 733 Ν
537 713 579 735 οε
591 714 608 733 D
617 713 647 734 o.
750 706 820 733 Tac.
832 707 899 732 Ann-
915 715 936 739 2,
950 714 977 736 :⁵8
999 708 1071 735 Adeo
1084 717 1152 735 lram
1211 714 1345 747 Seruiani,
1364 722 1408 740 etc.
1434 715 1490 742 Cic.
1504 717 1536 743 de
1550 717 1627 744 l'rou.
1640 719 1717 746 cons.
1731 729 1754 747 2.
1868 724 1961 752 Sedare
1979 726 2141 757 iracundiam
2176 731 2251 758 Idem

115 740 292 774 Condiderat,
331 742 476 777 cunftaqpe
488 743 545 768 eius
558 742 645 775 dieta,
672 741 799 775 'factaque
812 749 892 775 quum
905 742 1045 776 prohibere
1064 745 1154 778 posset,
1211 749 1240 775 in
1259 749 1330 775 Brut,
1353 769 1360 776 ,
1381 769 1388 775 .
1409 770 1417 776 ,

115 776 181 802 scire
194 776 313 803 malebat.
391 777 516 804 Constitit
528 778 567 804 ira
581 777 693 803 insrafta
711 776 792 803 Ouid.
804 777 906 816 Meno,
921 780 974 810 627.
1081 779 1153 806 idem
1248 792 1257 810 1
1267 791 1285 810 R
1295 791 1315 810 A
1324 790 1341 810 C
1351 790 1371 809 v
1383 791 1404 810 N
1415 791 1433 811 D
1443 791 1469 811 Ε.
1506 786 1573 813 Adu.
1609 787 1743 824 [δργῐλυς]
1781 793 1839 817 Cum
1852 793 1905 825 ira,
1924 796 2036 830 animose.
2071 797 2128 824 Cic.
2136 799 2250 835 Philipp.

115 811 153 837 ib.
167 820 190 843 2,
203 813 255 838 660
281 811 345 838 Non
357 812 461 839 fucrant
475 814 542 839 artes
555 813 637 846 tanti,
661 821 727 846 quae
740 819 856 838 nummis
870 819 936 839 iram
991 814 1188 854 C011tra>tere15
1212 825 1236 852 3,
1249 829 1272 851 ¹7
1286 829 1307 845 c.
1323 828 1334 849 ς
1372 819 1442 846 Nam
1456 830 1497 846 me
1510 828 1594 848 tecum
1610 824 1732 850 iracunde
1746 834 1822 859 agere
1834 827 1922 855 dixisti
1934 830 2018 857 solere
2031 851 2040 864 ‚
2077 842 2132 860 non
2145 828 2181 860 est
2199 836 2250 862 ita:

115 845 192 872 inihi.
285 846 456 874 Contundere
473 848 526 874 iras
537 865 547 878 ,
582 848 635 875 viil.
653 852 864 886 CONTVNPO·
967 849 1088 882 Coquere
1102 858 1152 875 iras
1211 854 1382 881 veliementer
1397 865 1438 881 me
1451 865 1525 890 agere
1539 858 1639 888 sareon
1666 860 1790 886 iracunde
1803 871 1878 897 nego.
1984 868 2096 902 Compar.
2132 870 2187 896 Cic.
2202 879 2252 905 pro

114 882 160 908 Sil.
175 888 201 915 7,
215 890 269 914 403.
311 883 363 908 vid.
385 888 516 921 Ct‘iqvo.
622 883 784 910 Crudescunt
796 890 852 907 irae
881 881 940 908 Stat.
954 883 1044 910 Theb.
1058 893 1080 920 2,
1094 888 1153 914 680.
1210 890 1285 916 Rosc.
1300 891 1375 916 Com.
1391 900 1413 916 c.
1429 900 1446 916 11
1476 893 1538 924 Q1o
1552 893 1663 928 quisque
1677 895 1712 921 est
1725 896 1846 924 solertior
1858 906 1885 925 et
1898 899 2059 934 ingeniosior
2110 902 2160 932 hoc
2173 905 2251 932 docet

113 916 170 942 Cic.
183 925 233 950 pro
254 916 326 943 Cael.
345 925 376 952 37
410 918 488 944 Nunc
505 918 576 944 enim
595 918 663 945 mihi
677 919 778 945 animus
797 916 884 944 ardet:
919 927 987 945 nunc
999 928 1087 946 meum
1105 928 1153 946 cor
1210 924 1361 951 iracundius
1374 932 1399 951 et
1414 925 1575 953 laboriosius,
2064 925 2073 938 '

113 952 272 978 Cumulatur
287 952 335 978 ira.
406 952 519 979 Decedet
532 953 594 980 haec
607 955 663 989 ira,
697 955 751 979 vid.
773 957 915 992 DEQEDO.
934 988 939 992 ι
1007 956 1152 982 Decurrere
1246 968 1255 986 1
1268 967 1286 985 R
1298 968 1343 987 AC
1353 967 1373 985 v
1385 968 1406 987 N
1419 968 1452 987 1)1
1468 968 1489 987 T
1501 969 1516 987 L-
1527 969 1554 988 R.
1593 963 1660 990 Ad„-
1697 965 1779 999 amiq-
1803 975 1832 992 w
1854 968 1932 997 rest„
1950 969 2056 998 Nonius
2077 982 2107 1006 H,
2121 982 2153 1007 45
2172 975 2252 1002 dmm

112 988 147 1014 ad
160 995 231 1013 acres
244 987 296 1013 iras
314 987 417 1014 Lucret.
430 997 450 1020 3,
465 996 513 1020 312·
619 988 805 1015 Deferuescere
819 996 888 1013 iram
909 989 963 1014 Cic.
979 989 1061 1016 Tusc.
1076 1000 1100 1023 4,
1114 996 1191 1024 7840
1211 996 1356 1022 Caecilium
1369 996 1530 1032 subditicio,
1554 999 1657 1031 Q1aeso
1670 1008 1702 1025 ne
1716 1006 1813 1027 temere
1827 997 1890 1029 1111111-
1906 1012 1961 1031 reni
1973 1015 2047 1041 agas,
2067 1014 2093 1034 et
2105 1018 2137 1035 ne
2150 1009 2252 1036 jucun.

111 1022 174 1048 ¹Liu.
188 1031 230 1054 40,
246 1031 273 1047 10
287 1024 323 1054 (8)
343 1022 390 1048 Sed
404 1023 535 1049 interdum
551 1023 605 1058 spes
617 1024 733 1050 animum
748 1022 866 1057 subibat,
876 1023 1031 1062 ’Deflagrare
1044 1026 1094 1052 iras
1108 1035 1152 1052 ve·
1210 1031 1287 1058 diter.
1325 1031 1364 1066 Est
1377 1033 1534 1058 etiamEnnii
1551 1040 1610 1067 apuu
1629 1034 1752 1061 Priscian.
1766 1045 1789 1063 ις
1803 1045 1828 1070 p,
1851 1046 1907 1065 10¹0
1925 1046 1991 1068 extr.

112 1057 192 1090 stras,
211 1058 317 1091 purgari
331 1058 487 1092 suspiciones
500 1060 577 1092 pofl'e.
683 1057 860 1084 Diffundimus
873 1067 938 1085 iram
952 1060 1040 1086 flendo
1070 1061 1151 1087 Ouid.
1248 1072 1286 1091 1R
1298 1073 1319 1093 Α
1329 1073 1365 1093 SC
1376 1072 1395 1093 0
1409 1073 1426 1093 R
1437 1087 1446 1099 ,
1472 1067 1540 1100 eris,
1571 1069 1651 1094 iratus
1667 1070 1720 1094 sum
1730 1090 1738 1102 ,
1768 1071 1810 1096 sci.
1847 1072 2009 1110 [ὀργκζσμω]
2044 1078 2087 1103 Ira
2101 1079 2254 1110 commoneri,

111 1092 191 1126 Epist.
207 1097 230 1124 8,
242 1094 279 1118 61.
405 1093 502 1119 Effudit
515 1093 626 1121 habenas
642 1102 733 1120 omnes
745 1093 848 1120 irarum
881 1094 955 1128 Virg.
969 1097 1032 1122 Aen.
1049 1105 1080 1129 12,
1094 1104 1151 1129 499.
1202 1100 1371 1136 stomarlmri,
1386 1102 1532 1137 fita-effere.
1574 1103 1641 1129 Ter.
1656 1103 1766 1139 Adelph.
1782 1116 1799 1138 ι,
1814 1115 1834 1137 2,
1847 1111 1877 1135 86
1897 1104 2008 1136 Rursum
2022 1111 2118 1139 Demea
2131 1114 2252 1142 irascere.

110 1127 230 1154 Eluetari
242 1126 311 1152 iram
328 1127 401 1154 Grat.
416 1128 583 1163 Cyneg.'520.
618 1129 637 1155 i.
654 1129 767 1163 impetum
779 1129 976 1163 magnanimum..
1038 1131 1152 1157 Terent.
1211 1137 1287 1163 Celer
1301 1137 1376 1162 irasci
1397 1138 1464 1163 Hor.
1481 1137 1556 1172 Epist.
1573 1147 1590 1170 1,
1604 1147 1636 1172 21,
1648 1146 1687 1168 25·
1793 1140 1886 1167 Facilis
1899 1143 1971 1169 irasci
1993 1146 2063 1172 Idem
2079 1148 2114 1174 ib.
2129 1158 2135 1174 1
2162 1159 2202 1179 20,
2215 1158 2252 1180 ες,

111 1160 223 1196 Adelph.
236 1171 256 1194 3,
268 1169 294 1192 2,
307 1171 335 1195 ¹4
362 1163 440 1190 Nihil
455 1164 507 1196 est,
531 1162 603 1199 quod
617 1164 721 1196 malim,
738 1169 829 1197 'quam
844 1164 913 1190 illam
926 1170 1007 1192 totam
1021 1166 1187 1204 fa¹1¹ili311¹25
1212 1171 1404 1205 Implacabilius
1422 1172 1497 1197 irasci
1514 1173 1590 1199 alicui
1613 1174 1680 1200 Tac.
1697 1175 1763 1201 Ann.
1777 1183 1796 1208 1,
1812 1185 1843 1208 15.
1933 1179 1958 1204 Si
1974 1180 2112 1208 irascamur
2125 1170 2254 1218 Intempe—

111 1197 169 1223 dari
185 1196 253 1223 mihi
270 1197 396 1231 Offilium,
421 1205 450 1226 vt
463 1199 531 1226 imm
543 1199 608 1225 hanc
622 1199 649 1225 in
664 1207 708 1225 ³0⁵
724 1199 979 1238 Enommnomnem.
1072 1202 1150 1227 ΕΧΕΙΕ-
1210 1206 1276 1233 ssiue
1289 1207 1469 1234 accedentibus
1496 1208 1551 1235 Cic.
1566 1208 1619 1235 Off.
1634 1217 1642 1235 1
1657 1219 1679 1236 c.
1694 1219 1728 1240 ες.
1812 1212 1930 1239 Molliter
1943 1214 2018 1242 irasci
2031 1216 2111 1242 alicui
2132 1219 2252 1252 Propert.

109 1231 174 1258 fluat
187 1232 228 1258 ira
240 1233 316 1259 tacita
353 1233 434 1260 Ouid.
447 1235 511 1261 Met.
524 1236 549 1265 6,
561 1236 616 1266 623.
742 1234 840 1260 Excitat
852 1243 901 1260 iras
915 1235 1055 1263 indomitas
1073 1237 1151 1263 dolor
1212 1251 1231 1274 1,
1247 1250 1268 1273 5,
1283 1248 1305 1271 3.
1376 1242 1553 1269 Vehementer
1567 1244 1644 1270 alicui
1666 1245 1748 1271 Plaut.
1762 1246 1850 1273 Pseud.
1863 1258 1884 1282 5,
1898 1257 1920 1280 2,
1936 1258 1973 1279 30.
2003 1246 2005 1249 ⁴
2047 1252 2120 1278 Idem
2134 1253 2216 1279 Merc.
2230 1264 2256 1287 4,

111 1268 187 1300 Virg.
201 1268 266 1293 Aen.
280 1276 303 1300 2,
312 1277 372 1301 1594.
476 1269 600 1295 Exercuit
618 1268 669 1295 iras
682 1268 828 1296 horribiles
865 1269 936 1296 Idem
951 1271 1046 1306 Georg.
1061 1282 1082 1304 3,
1107 1281 1150 1303 ¹52·
1212 1284 1225 1309 ς
1239 1277 1339 1311 suppos.
1354 1286 1376 1307 2,
1391 1285 1415 1309 ¹5
1442 1278 1509 1303 Istud
1525 1279 1625 1305 dietum
1639 1280 1689 1305 tibi
1709 1289 1763 1306 non
1776 1282 1887 1316 amplius
1901 1283 2006 1311 irascor.
2042 1288 2060 1312 i.
2090 1289 2126 1312 Oh
2139 1289 2202 1322 isim
2217 1289 2257 1314 di.

109 1301 237 1328 Exercent
250 1302 301 1329 iras
315 1303 406 1329 rostris
419 1309 445 1330 et
457 1303 591 1338 vnguibus
629 1304 709 1331 Ouid.
724 1306 787 1333 Met.
800 1310 837 1338 13,
847 1308 895 1337 613.
1000 1307 1099 1334 Extulit
1114 1308 1153 1333 ira
1210 1312 1282 1338 Ham.
1369 1313 1406 1338 Dc
1423 1312 1509 1339 nihilo
1529 1314 1599 1339 Idem
1612 1315 1699 1341 Truc.
1714 1324 1740 1348 4,
1755 1324 1780 1347 2,
1793 1322 1831 1347 56.
1924 1320 1982 1346 Liu.
1995 1331 2031 1353 34,
2045 1331 2069 1353 32
2086 1319 2256 1350 Remittimus
2284 1340 2291 1347 ,,

108 1335 189 1365 desim
201 1338 296 1371 Stygiis
310 1339 360 1365 sese
373 1338 449 1364 vndis
468 1340 543 1374 Virg.
556 1340 621 1366 Aen·
634 1348 655 1372 3³
669 1348 716 1370 215.
824 1341 916 1367 Facere
933 1341 1000 1367 1ΓὸΠὶ
1022 1342 1189 1378 Qlinffll-30
1212 1346 1263 1373 hoc
1279 1347 1343 1379 tibi,
1363 1347 1476 1373 nostram
1490 1358 1522 1374 ne
1540 1349 1625 1375 vicem
1639 1350 1765 1377 irascaris.
1853 1354 1966 1387 Irascor,
1989 1356 2061 1389 quod
2075 1357 2119 1383 sim
2131 1364 2256 1386 euocatus

108 1374 134 1405 6,
150 1380 168 1400 1.
239 1374 334 1399 Facere
346 1374 445 1399 missam
457 1373 525 1400 iram
538 1395 546 1407 ,
582 1376 636 1400 vid.
656 1380 783 1402 M1TTO.
887 1375 979 1402 Facere
992 1377 1091 1412 aliquid
1105 1386 1152 1412 per
1212 1382 1278 1408 Plin.
1295 1383 1371 1416 Epist.
1386 1392 1407 1416 3,
1422 1394 1445 1416 ι).
1516 1385 1664 1412 Irascuntur
1675 1386 1851 1414 admonitioni
1872 1390 2003 1421 anffil.
2019 1411 2038 1423 .,
2051 1394 2076 1423 6,
2090 1402 2109 1424 3.
2179 1395 2259 1428 Apud

107 1407 178 1434 iram
196 1407 252 1434 Cic.
266 1409 348 1434 Tusc.
361 1418 388 1443 4,
400 1415 435 1443 79
472 1409 504 1435 ab
519 1410 572 1435 ira:
606 1411 661 1436 vid.
678 1409 804 1437 Drakenb.
819 1413 854 1437 ad
866 1412 949 1443 Si1.u‚
964 1415 1020 1443 246.
1110 1414 1152 1439 Fi·
1210 1420 1282 1443 eund.
1297 1423 1319 1450 8,
1339 1428 1359 1450 3,
1372 1427 1400 1449 23
1438 1419 1539 1452 Aliquis
1560 1421 1588 1445 in
1603 1420 1765 1447 luxuriosum
1786 1423 1861 1457 «mit,
1896 1425 1981 1451 Neeie
1994 1426 2129 1460 laqueum:
2165 1428 2257 1462 habes,

107 1443 167 1469 nire
180 1443 246 1469 iram
268 1443 348 1471 Ouid.
362 1444 428 1470 Met.
444 1453 474 1475 11,
488 1452 540 1479 393,
617 1445 707 1472 Finire
724 1451 826 1473 veteres
839 1447 889 1473 iras
914 1447 986 1474 Idem
1001 1447 1038 1474 ib.
1054 1457 1087 1483 14,
1101 1454 1152 1478 582·
1210 1452 1282 1486 quod
1297 1453 1416 1479 faucibus
1429 1453 1482 1479 tuis
1495 1453 1621 1481 irascaris,
1727 1458 1856 1484 Arabioni
1871 1458 1902 1485 de
1915 1461 1985 1487 S1cio
1998 1462 2065 1487 nihil
2080 1463 2177 1489 irascor
2195 1464 2255 1491 Cic.

105 1477 227 1505 FluEtuat
237 1478 307 1504 aestu
319 1479 420 1505 irarum
440 1480 515 1514 Virg.
529 1481 594 1506 Aen.
607 1489 635 1513 4,
650 1489 699 1512 532.
804 1482 917 1508 Frenare
932 1482 1009 1508 nescit
1022 1483 1073 1509 iras
1095 1485 1152 1515 Sen.
1212 1489 1264 1514 Att.
1275 1498 1305 1518 ις,
1315 1495 1350 1522 17,
1402 1488 1473 1514 Idem
1482 1490 1735 1523 p1·0Rosc.C0m.46
1757 1492 1971 1521 Diiimmortaies
1984 1496 2255 1525 hominibusirasciet

104 1513 177 1540 Med.
193 1522 220 1539 11.
290 1513 421 1546 Qiinc‘til.
437 1517 480 1547 6,3
501 1516 593 1548 Qium
605 1515 713 1549 odium,
730 1516 849 1551 iramque
863 1517 1067 1552 frequentiffime
1075 1519 1152 1545 Fran·
1168 1532 1194 1556 35
1211 1523 1357 1549 succensere
1364 1524 1530 1551 consuerunt.
1602 1525 1675 1552 Idem
1688 1526 1719 1551 de
1731 1527 1801 1553 Clar.
1815 1529 1887 1555 Orat.
1904 1534 1945 1560 326
1965 1532 2044 1565 Saepe
2057 1533 2178 1560 videbam
2193 1543 2255 1560 cum

104 1554 155 1582 gat.
226 1548 326 1574 Cerere
340 1549 406 1575 iram
426 1549 495 1576 Ter·
508 1551 572 1576 He'c-
586 1560 608 1582 32
623 1560 641 1581 ¹5
656 1560 695 1583 30·
792 1553 822 1579 In
835 1561 942 1587 promtu
964 1554 1045 1580 Plaut.
1062 1554 1149 1581 Pseud·
1209 1558 1381 1589 irridentem,
1400 1565 1456 1584 tum
1469 1559 1637 1593 irascentem,
1660 1561 1739 1587 etiam
1754 1562 1956 1592 stomachantem
1970 1567 2131 1601 Philippum.
2239 1577 2256 1595 2

104 1591 160 1616 1,5‚
172 1591 212 1615 34.
309 1585 363 1610 Iras
378 1584 512 1617 plumbeas
549 1585 621 1613 Idem
633 1587 712 1613 Poen.
726 1595 748 1619 3,
764 1589 790 1618 6,
805 1595 841 1622 ¹7·
931 1589 1067 1622 Ignescunt
1086 1590 1151 1620 irae,
1209 1594 1336 1626 Irascere,
1373 1603 1422 1627 pro
1443 1595 1534 1627 Irasci,
1571 1596 1722 1622 Infinitiuus
1742 1598 1873 1631 antiquus.
1897 1601 2025 1635 Pompon.
2046 1603 2127 1630 Arista
2140 1621 2150 1635 ‚
2185 1567 2255 1631 1³0st

104 1620 161 1645 vid.
183 1623 294 1644 IGNIS.
379 1621 493 1654 Imperat
506 1621 561 1647 irae
574 1622 692 1648 accensae
706 1631 760 1647 non
772 1623 881 1649 fortiter
900 1624 981 1650 Ouid.
994 1625 1059 1651 Met.
1072 1633 1098 1658 9,
1113 1632 1149 1654 28.
1209 1629 1304 1661 quaeso
1318 1628 1442 1655 irascere:
1478 1639 1553 1657 more
1566 1631 1612 1664 fit,
1647 1632 1745 1659 moriri
1757 1634 1828 1659 suam
1843 1636 1955 1671 quisque
1970 1646 2095 1672 vxorem,
2132 1646 2162 1665 vt
2180 1639 2257 1666 veliti

102 1653 200 1687 Implet
214 1653 333 1679 animum
353 1654 412 1681 Sen.
427 1655 457 1683 de
472 1657 514 1682 Ira
528 1665 546 1689 1,
560 1666 584 1690 9.
654 1656 792 1691 Indulgere
809 1658 864 1685 irae
882 1659 943 1686 Liu.
958 1668 1018 1692 23,3.
1089 1661 1149 1687 Tu·
1211 1665 1250 1689 Ex
1262 1663 1357 1689 Nonio
1371 1674 1393 1696 2,
1405 1666 1465 1697 446.

105 1688 193 1714 midae
207 1690 263 1714 non
277 1690 391 1723 Imperat
404 1690 459 1716 irae
479 1691 560 1718 Ouid.
576 1692 653 1727 Epist.
667 1701 696 1725 u,
714 1701 744 1723 15.
815 1694 922 1720 Intendi
937 1695 992 1728 ira,
1028 1695 1081 1722 vid.
1101 1701 1195 1729 1N-40
1248 1705 1315 1725 1RA
1325 1704 1364 1725 sc
1376 1706 1392 1725 E
1402 1706 1425 1725 N
1435 1705 1466 1732 s,
1479 1700 1557 1726 entis.
1577 1700 1644 1726 Part.
1680 1702 1767 1729 Mater
1782 1703 1893 1730 irascens
1913 1705 2066 1733 Ouid-Met.
2079 1709 2169 1741 6,269.
2204 1709 2260 1736 Ira-

105 1729 237 1751 CENDO.
309 1725 426 1752 Incendit
440 1726 530 1759 peditis
543 1728 670 1762 principis
685 1727 754 1754 truci
766 1727 806 1754 ira
826 1729 883 1756 Sen.
896 1729 991 1756 oetan.
1005 1739 1026 1761 5.
1107 1732 1151 1757 In-
1211 1733 1282 1759 scens
1294 1734 1428 1760 montibus
1449 1735 1521 1760 Idem
1534 1735 1603 1767 ib.9,
1616 1743 1674 1768 209.

103 1760 166 1786 citat
181 1759 232 1785 iras
245 1759 356 1786 stimulis
370 1759 439 1787 haud
453 1762 579 1788 mollibus
599 1763 674 1797 Virg.
688 1764 752 1790 Aen.
766 1772 796 1795 11,
809 1770 866 1798 728.
949 1765 1006 1791 Cic.
1020 1764 1074 1791 off.
1090 1775 1109 1796 1,
1123 1774 1152 1797 24
1247 1775 1257 1794 1
1268 1775 1287 1794 R
1297 1775 1320 1796 A
1330 1776 1342 1794 s
1353 1775 1370 1796 c
1383 1776 1398 1794 h·
1407 1777 1430 1795 N
1439 1775 1460 1794 ‘r
1470 1776 1479 1794 1
1489 1776 1510 1794 Α
1520 1789 1529 1801 ,
1545 1777 1584 1794 ac.
1603 1769 1622 1795 f.
1660 1771 1737 1803 Apul.
1751 1771 1847 1806 Dogm.
1859 1773 1920 1799 Plat.
1936 1782 1962 1808 p.
1974 1780 2012 1807 53.

103 1795 159 1827 Qu
170 1794 267 1820 iniuste
280 1795 408 1828 impetum
420 1796 450 1822 in
463 1798 612 1831 quempiam
626 1798 703 1832 facit,
727 1804 770 1824 aut
784 1798 840 1831 ira,
859 1804 904 1825 aut
917 1799 1004 1834 aliqua
1017 1800 1153 1834 perturba·
1247 1811 1258 1830 1
1269 1810 1289 1829 R
1299 1809 1322 1830 Α
1334 1810 1347 1829 s
1356 1805 1415 1830 ci'B
1424 1805 1434 1828 ἰ’
1443 1810 1459 1829 L
1469 1810 1479 1829 1
1490 1810 1502 1828 S
1512 1824 1521 1836 ,
1540 1812 1564 1829 e.
1585 1803 1644 1829 Adi.
1681 1805 1788 1833 Firmic.
1802 1816 1825 1840 5,
1838 1818 1861 1841 9.

102 1830 176 1856 tione
189 1830 313 1856 Incitatus
325 1831 377 1863 est,
413 1832 466 1858 vid.
488 1838 622 1859 1NciT0.
708 1833 849 1867 Indulgere
859 1834 933 1865 irae,
968 1835 1023 1860 vid.
1041 1840 1152 1860 INDVL-
1248 1845 1258 1862 1
1269 1839 1350 1863 RAET
1363 1844 1384 1862 v
1399 1844 1412 1863 s
1422 1859 1431 1871 ‚
1450 1846 1481 1869 a,
1507 1846 1562 1864 um.
1607 1837 1664 1865 Adi.
1701 1840 1837 1874 [xum-roc,
1855 1842 2012 1879 ω’ργισμενοε]
2067 1847 2111 1871 Ira
2122 1854 2256 1875 commotus,

102 1869 181 1891 Gro.
254 1864 368 1891 Induere
381 1865 433 1892 iras
445 1866 494 1893 sibi
514 1867 559 1893 Sil.
573 1877 591 1897 1,
605 1873 643 1899 38.
732 1868 864 1893 Infecerat
877 1868 917 1892 ira
930 1868 1041 1892 immani
1057 1869 1149 1894 oculos
1161 1871 1196 1897 45
1208 1872 1366 1904 Nunquam,
1384 1871 1476 1905 iratus,
1497 1873 1543 1905 qni
1557 1873 1659 1899 accedet
1671 1874 1702 1900 ad
1716 1884 1843 1909 poenam,
1861 1879 2069 1906 mediocritatem
2083 1881 2181 1907 tenebit
2196 1882 2254 1909 Cic.

101 1899 193 1924 Claud.
208 1899 240 1924 de
253 1899 280 1924 B.
295 1900 355 1927 Get.
368 1904 420 1931 585.
539 1902 697 1935 Ingenerare
710 1901 762 1926 iras
775 1901 856 1926 alicui
875 1901 937 1928 Stat.
953 1901 1046 1928 Theb.
1059 1911 1082 1935 4,
1095 1911 1149 1935 230·
1208 1906 1264 1933 Off.
1281 1915 1290 1933 1
1304 1916 1325 1933 c.
1338 1916 1374 1937 25.
1482 1908 1556 1934 Idem
1571 1917 1621 1941 pro
1633 1909 1706 1935 Cael.
1720 1919 1748 1941 42
1773 1911 1842 1937 Huic
1856 1912 1961 1939 homini
1974 1923 2023 1949 ego
2037 1915 2140 1941 fortasse
2153 1926 2178 1942 et
2192 1926 2256 1951 pau-

98 1933 266 1961 Intercedere
281 1933 349 1959 iram
360 1934 435 1964 inter,
443 1934 547 1969 aliquos
567 1936 635 1962 Ter.
650 1936 714 1961 Hec.
727 1945 749 1968 3,
763 1946 780 1968 1,
793 1943 830 1968 25.
925 1936 1022 1963 Interit
1034 1937 1075 1962 ira
1093 1946 1150 1964 mo-
1208 1943 1231 1968 ci
1246 1941 1309 1967 deos
1323 1942 1470 1976 propitios,
1507 1943 1627 1976 plerique
1639 1950 1727 1970 autem
1741 1945 1822 1971 iratos
1836 1948 1967 1981 putabant.
2075 1952 2173 1977 Iratum
2187 1954 2255 1978 inter

99 1977 129 1996 ra
150 1968 231 1995 Ouid.
247 1968 278 1995 de
289 1970 352 1994 Arte
365 1969 424 1996 Am.
438 1979 456 2002 1,
468 1977 523 2003 374.
594 1969 726 2002 Quncffll.
739 1980 760 2002 3,
772 1977 787 1999 8
810 1971 881 1997 Nam
894 1975 920 1996 et
932 1971 1103 2004 concitanda,
1122 1978 1149 1998 et
1208 1976 1262 2002 alia
1269 1976 1308 2008 fic
1318 1977 1436 2010 discribit
1464 1977 1521 2003 Sen.
1538 1977 1569 2003 de
1583 1979 1625 2004 Ira
1640 1987 1663 2011 2,
1678 1986 1704 2011 35
1725 1980 1835 2014 Linquit
1847 1982 1926 2009 decor
1939 1984 2025 2010 omnis
2038 1985 2119 2012 iratos
2155 2002 2200 2006 ——
2236 1987 2256 2013 fi

99 2003 235 2029 Lenienda
255 2003 409 2037 frequenter
428 2004 465 2031 est
482 2005 532 2031 ira.
662 2004 787 2031 Minuere
806 2004 890 2038 iram,
924 2006 979 2031 vid.
998 2012 1042 2032 Ml
1052 2012 1107 2031 NV
1117 2012 1149 2033 o.
1208 2010 1365 2045 capillorum
1378 2017 1470 2037 natura
1484 2012 1525 2038 vel
1539 2019 1595 2038 arte
1608 2013 1749 2041 iacentium
1763 2025 1818 2042 non
1839 2018 1962 2045 informis
1977 2020 2013 2045 cst
2032 2019 2135 2046 habitus
2148 2041 2157 2054 ,
2194 2031 2256 2049 cum

99 2038 193 2066 Mistus
205 2045 282 2064 amor
295 2038 334 2063 ira
355 2038 435 2065 Ouid.
447 2038 525 2073 Epist.
540 2040 565 2071 6,
579 2040 618 2071 76.
725 2038 863 2066 Moderari
876 2040 931 2066 irae
957 2041 1024 2069 Hor.
1037 2041 1116 2075 Epist.
1129 2048 1187 2075 1,5o
1207 2046 1299 2071 animo
1311 2045 1510 2074 inhorrescunt:
1546 2049 1692 2074 tumescunt
1705 2058 1802 2085 venae,
1813 2054 1978 2079 ,concutitur
1993 2054 2086 2081 crebro
2099 2057 2135 2089 spi
2141 2057 2192 2082 ritu
2212 2066 2256 2092 pe.

99 2081 127 2105 2,
140 2083 178 2106 59.
250 2072 359 2100 Mollire
374 2073 444 2107 iras,
476 2075 532 2101 vid.
549 2080 682 2102 MOLLIS·
751 2075 863 2101 Mouere
878 2075 946 2102 iram
958 2076 1070 2102 alicuius
1087 2077 1146 2103 Sen.
1208 2080 1280 2113 etus,
1314 2080 1405 2108 rabida
1423 2083 1498 2108 vocis
1512 2083 1618 2117 eruptio
1637 2083 1703 2110 colia
1717 2085 1850 2113 distendit.
1906 2089 1986 2114 Tunc
2000 2096 2069 2115 artus
2082 2091 2195 2125 trepidi,
2215 2093 2256 2119 in.

100 2108 197 2135 oetan.
208 2117 230 2139 ς.
340 2108 486 2144 Occupatus
498 2109 539 2135 ira
568 2109 698 2142 Quinem.
712 2117 740 2142 47
753 2117 778 2136 2.
885 2111 962 2137 Oriri
975 2111 1043 2137 iram
1080 2112 1150 2138 Ter.
1208 2116 1312 2150 'quietae
1327 2125 1434 2149 manus,
1470 2119 1551 2144 totius
1564 2119 1684 2151 corporis
1696 2119 1840 2147 flueiuatio.
1910 2124 2023 2156 Qialem
2039 2125 2107 2151 intus
2120 2136 2193 2160 putas
2207 2128 2256 2154 csse

99 2143 164 2170 Hec.
179 2153 200 2176 3,
213 2152 238 2176 2,
253 2145 288 2169 16.
379 2145 488 2176 Parcere
499 2144 554 2171 irae
573 2145 650 2179 Virg.
663 2146 728 2171 Aen.
742 2153 767 2175 2,
779 2151 831 2178 534.
909 2147 1073 2174 Permulcere
1085 2146 1148 2180 iras,
1206 2151 1324 2176 animum
1333 2173 1342 2186 ‚
1362 2152 1437 2177 cuius·
1449 2157 1522 2177 extra
1536 2152 1623 2186 imago
1636 2159 1688 2179 tam
1701 2154 1780 2181 foeda
1793 2156 1845 2183 est?
1933 2158 1990 2185 Cic.
2003 2161 2054 2186 Art.
2070 2169 2089 2190 1,
2103 2170 2112 2187 1
2131 2156 2254 2196 Pompeii

97 2179 153 2206 vid.
178 2184 389 2206 PERMVLCEO.
461 2180 563 2207 placare
575 2179 642 2206 iram
655 2180 767 2206 deorum
778 2180 856 2206 sacris
875 2181 958 2207 Ouid.
973 2183 1036 2208 Met.
1048 2189 1148 2214 10,399.
1207 2184 1286 2210 amici
1299 2185 1382 2210 nostri
1395 2191 1489 2220 negant
1503 2195 1546 2212 me
1559 2187 1585 2212 ei
1599 2187 1696 2214 iratum
1711 2189 1783 2222 fore,
1808 2191 1826 2217 si
1840 2191 1871 2219 ad
1883 2201 1940 2219 mea
1955 2195 2062 2220 comitia
2075 2204 2128 2221 nou
2143 2199 2255 2225 venerit.

99 2213 201 2241 Ponere
214 2213 297 2244 iram,
331 2222 356 2240 et
369 2214 502 2249 Colligere
522 2215 605 2248 iram,
635 2216 765 2241 contraria
801 2215 870 2240 Hor.
886 2215 918 2241 de
932 2217 995 2242 Arte
1009 2217 1081 2241 Poe't.
1094 2218 1148 2241 160.
1161 2223 1190 2250 ςς
1209 2219 1309 2245 Iratum
1324 2219 1383 2245 fore
1396 2221 1479 2254 dixit,
1498 2221 1558 2256 quia
1571 2230 1618 2246 „072
1635 2231 1691 2249 emt
1703 2227 1731 2249 sn
1744 2225 1788 2259 ,fil
1801 2228 1917 2254 Futurum
1930 2230 1957 2253 in
1973 2235 2050 2262 Rvs,
2071 2231 2113 2255 lm,
2123 2231 2158 2267 est
2174 2233 2257 2259 Iram-

99 2250 202 2276 Ponere
215 2249 268 2275 iras
279 2249 394 2276 fideliter
413 2250 494 2277 Ouid.
507 2251 607 2283 Fast.6,
617 2258 656 2283 41.
760 2250 862 2275 Ponere
883 2250 959 2289 frena
981 2249 1037 2275 irae
1056 2251 1149 2276 quen.
1208 2263 1269 2286 rus,
1289 2255 1332 2280 vel
1344 2255 1505 2283 nasciturus,
1582 2259 1649 2283 lee
1662 2262 1741 2285 minus
1750 2267 1812 2294 pure
1825 2263 1927 2287 videtur
1946 2264 2033 2289 Senec.
2049 2264 2080 2290 de
2095 2267 2134 2292 Ira
2148 2277 2170 2301 3,
2182 2273 2197 2297 8
2213 2274 2257 2302 pr,

97 2285 148 2311 Sat.
162 2290 185 2317 8,
198 2291 235 2314 83.
342 2286 517 2319 Praecipitant
535 2285 612 2311 furor
629 2285 724 2317 iraque
742 2288 859 2309 mentem
896 2285 970 2323 Virg.
979 2285 1048 2323 'Aen.
1064 2294 1085 2317 2,
1099 2286 1148 2323 316.
1203 2288 1326 2324 scripstffi
1338 2290 1375 2315 his
1388 2292 1486 2325 verbis,
1519 2291 1621 2325 Fugere
1633 2293 1721 2328 itaque
1733 2303 1825 2322 omnes
1838 2296 1963 2329 debebit,
1995 2308 2062 2332 quos
2075 2300 2189 2328 iratur-os
2203 2303 2256 2329 ira-

95 2320 198 2348 Premit
210 2320 262 2346 iras
274 2328 367 2354 graues
402 2321 497 2346 Lucan.
515 2329 539 2351 2,
555 2329 603 2349 251.
699 2317 1033 2358 Proceduntlongiusutrae
1070 2320 1147 2353 virg.
1206 2324 1301 2350 cundia
1314 2324 1391 2357 sciet,
1421 2325 1472 2360 sed
1479 2335 1541 2352 vera
1555 2328 1623 2353 lenio
1636 2328 1682 2363 est,
1702 2330 1854 2360 irritaturos
1867 2332 2039 2360 iracundiam.
2130 2338 2185 2363 Cic,
2201 2339 2254 2366 Att,

95 2357 162 2382 Aen.
177 2364 198 2388 5,
211 2357 268 2386 461.
339 2354 505 2380 Prohibenda
516 2353 631 2380 maxime
644 2353 680 2379 est
691 2353 731 2378 ira
744 2353 772 2392 in
787 2352 924 2386 puniendo
943 2354 1000 2380 Cic.
1014 2353 1093 2386 Offii,
1106 2357 1146 2383 86.
1208 2367 1245 2391 14,
1259 2368 1281 2385 21
1296 2361 1352 2394 (19)
1381 2361 1455 2386 Nolo
1470 2367 1495 2387 tc
1508 2362 1584 2387 11111111
1598 2362 1695 2389 iratum
1708 2363 1814 2391 habere.
1922 2368 2016 2394 Facere
2030 2368 2142 2397 iudicem
2155 2373 2255 2400 iratum

95 2389 241 2416 Recanduit
253 2389 294 2414 ira
311 2388 394 2415 Ouid.
406 2390 471 2416 Met.
481 2399 503 2422 3,
517 2397 578 2423 707.
647 2387 753 2414 Receffit
764 2395 806 2413 ira
823 2387 896 2414 Idem
910 2388 946 2415 ib·
962 2397 998 2428 12¹«,⁴
1006 2391 1043 2421 36·
1097 2390 1188 2415 Re-60
1205 2393 1356 2421 aduersario
1375 2395 1431 2422 Cic.
1445 2396 1476 2422 de
1486 2397 1560 2422 Orat.
1576 2406 1593 2428 1,
1606 2406 1646 2422 20-
1755 2400 1786 2425 Et
1799 2400 1846 2426 fibi
1858 2407 1884 2428 et
1896 2402 1965 2429 hosti
1980 2405 2060 2430 iratus
2074 2407 2173 2439 pariter
2185 2409 2254 2436 Hor,

93 2425 200 2451 mittere
212 2423 265 2450 iras
287 2423 362 2457 Virg.
377 2425 475 2456 Georg.
487 2434 512 2455 4,
523 2425 576 2455 536-
681 2422 837 2456 Reprimere
851 2423 919 2450 iram
946 2424 1029 2451 Ouid·
1043 2424 1108 2451 Met·
1123 2433 1143 2458 1,
1205 2429 1283 2463 Epist.
1298 2437 1323 2463 2,
1335 2439 1357 2462 2,
1371 2435 1409 2459 58.
1517 2432 1601 2457 Iratus
1616 2437 1642 2457 et
1655 2432 1769 2460 offensus
1786 2436 1864 2462 alicui
1885 2438 1958 2464 Idem
1973 2442 2024 2465 Att.
2041 2447 2107 2474 14,3.
2200 2444 2255 2470 Ira-

95 2468 146 2492 755.
220 2457 343 2485 izefidiint
355 2459 410 2484 irae
429 2458 503 2485 Idem
517 2457 548 2483 de
562 2458 624 2483 Arte
637 2457 697 2483 Am.
711 2467 732 2490 1,
745 2467 792 2491 373.
829 2459 874 2485 Al.
893 2460 988 2486 Aurae.
1094 2461 1143 2486 Re-
1204 2469 1245 2489 tus
1260 2484 1268 2495 ,
1301 2471 1346 2498 pro
1368 2464 1519 2490 Abalienato
1532 2476 1540 2489 :
1582 2467 1639 2494 Cic,
1666 2486 1672 2494 ,
1700 2487 1708 2494 ,
1732 2488 1740 2495 ,
1765 2471 1919 2498 Marcenum
1942 2473 1992 2499 tibi
2012 2475 2060 2499 ess'e
2079 2476 2176 2503 {mmm
2194 2479 2253 2505 scis·

94 2494 217 2520 suscitare
229 2494 298 2519 iram
310 2493 417 2527 politam
438 2493 511 2520 Idem
523 2494 587 2520 Met.
600 2498 624 2526 8,
637 2499 698 2526 474.
803 2493 902 2520 Satiare
915 2495 983 2520 iram
1006 2495 1099 2522 Claud.
1114 2495 1146 2521 de
1203 2498 1345 2532 Proprium
1357 2499 1394 2525 est
1409 2498 1488 2533 irati,
1516 2510 1610 2535 cupere
1623 2511 1636 2527 a
1648 2511 1702 2536 quo
1716 2504 1797 2531 laesus
1809 2506 1943 2541 videatur,
1977 2509 2002 2534 ei
2017 2518 2092 2542 quam
2107 2513 2252 2541 maximum

94 2529 123 2556 B.
138 2528 247 2555 Gildon,
261 2529 298 2560 36,
335 2527 415 2554 Ouid.
429 2529 492 2554 Met.
506 2537 528 2564 3,
541 2536 590 2559 252·
661 2527 755 2554 Sedare
768 2528 821 2554 iras
841 2529 938 2556 Lucan.
953 2539 989 2562 10,
1002 2537 1044 2563 54.
1086 2530 1143 2556 Sol·
1203 2533 1325 2560 dolorem
1339 2534 1447 2560 inurere
1487 2535 1559 2561 Idem
1576 2537 1659 2563 Tusc.
1674 2546 1697 2570 3,
1716 2547 1750 2572 ¹9·
1856 2542 1930 2568 Mare
1949 2544 2045 2570 iratum
2085 2547 2153 2574 Hor.
2168 2549 2250 2582 Epod.

93 2572 158 2590 vere
170 2564 222 2590 iras
243 2562 324 2590 Ouid,
339 2564 402 2589 Met,
416 2572 439 2596 9,
454 2573 504 2596 273.
585 2562 660 2589 Subit
673 2563 713 2589 ira
733 2563 809 2598 Vil'g-
822 2564 888 2591 Aefl-
902 2573 924 2597 2³
938 2571 989 2597 575-
1045 2599 1052 2605 ,
1080 2565 1143 2592 Sub-
1150 2568 1181 2600 65
1203 2578 1226 2597 2,
1239 2571 1265 2594 6.
1364 2569 1450 2595 Ocelli
1478 2570 1560 2596 Ouid.
1573 2573 1663 2598 Amor.
1677 2581 1699 2607 2,
1714 2577 1736 2605 8,
1753 2583 1785 2605 ις.
1892 2577 1952 2605 Sitis
1990 2580 2109 2614 Propert.
2122 2593 2145 2615 4,
2159 2592 2197 2618 10,
2209 2586 2249 2612 62.

93 2600 183 2630 ridens
195 2599 271 2625 mista
284 2599 325 2624 ira
360 2599 433 2626 Idem
448 2599 483 2626 ib.
499 2608 535 2631 10,
548 2607 599 2632 742.
705 2599 770 2625 Sunt
789 2599 845 2625 irae
864 2600 933 2626 inter
947 2600 1099 2630 Glycerium
1117 2605 1144 2626 et
1202 2604 1303 2629 Venter
1323 2603 1389 2630 Hor.
1403 2605 1484 2630 Serm.
1500 2614 1523 2637 2,
1536 2611 1559 2637 8,
1574 2615 1594 2636 ς.
1719 2611 1830 2644 Compar.
1843 2619 1866 2637 et
1880 2614 1976 2647 Sup›·rl.
2018 2615 2073 2642 Cic.
2086 2619 2139 2644 Att.
2155 2628 2176 2647 15
2198 2619 2252 2646 An-

92 2642 203 2669 gnatum
222 2634 294 2666 Ter.
308 2634 390 2663 Andr.
402 2643 423 2665 3,
438 2643 459 2667 3,
473 2644 513 2662 20.
585 2633 701 2661 succensi
713 2633 753 2659 ira
767 2633 850 2659 Poeni
873 2634 918 2661 Sil.
933 2643 953 2667 1,
966 2637 1020 2667 169.
1098 2635 1143 2661 Sn-
1202 2638 1280 2664 tonio
1292 2638 1329 2664 est
1343 2639 1414 2665 enim
1429 2639 1532 2666 fortasse
1546 2641 1650 2669 iratior.
1741 2645 1784 2670 Sic
1804 2645 1915 2682 Philipp.
1929 2654 1953 2682 8,
1969 2658 1993 2683 19
2007 2658 2029 2676 c.
2044 2653 2060 2676 6
2081 2653 2172 2679 Caesar
2185 2654 2251 2688 ipse,

92 2679 166 2696 mere
180 2677 262 2696 nouas
277 2669 328 2695 iras
347 2668 427 2695 Ouid.
441 2671 506 2696 Met.
520 2678 543 2701 2,
558 2675 605 2701 175.
734 2668 883 2704 Temperat
897 2670 949 2695 iras
971 2670 1063 2709 ‘virg
1076 2671 1140 2710 Aen.
1202 2674 1250 2708 qui
1265 2674 1318 2699 illis
1333 2674 1418 2701 fuerat
1431 2675 1592 2709 iratilliinus,
1610 2681 1697 2704 tamen
1710 2686 1834 2714 propter,
1855 2691 1899 2709 etc.
1969 2685 2041 2711 Idem
2054 2696 2102 2721 pro
2117 2689 2152 2715 M.
2166 2689 2249 2717 Marc.

93 2715 114 2739 1,
126 2707 162 2731 61.
246 2705 357 2730 Tenere
369 2704 439 2730 iram
463 2704 544 2731 Ouid.
558 2705 624 2731 Met.
637 2711 661 2736 5,
674 2711 737 2736 420.
813 2740 815 2742 Ι
844 2705 955 2730 Vertere
969 2712 1036 2744 iram
1051 2706 1079 2731 in
1094 2705 1141 2745 ali·
1201 2718 1224 2735 c.
1238 2719 1258 2739 5.
1286 2717 1311 2735 et
1325 2709 1406 2736 Tusc.
1420 2718 1438 2743 4
1452 2719 1474 2737 c.
1488 2713 1526 2741 36-
1565 2713 1635 2746 Confi
1657 2713 1738 2741 Plaut.
1753 2716 1831 2743 Poen.
1843 2726 1866 2751 2,
1882 2728 1898 2750 1,
1912 2728 1934 2750 4.
1972 2721 2116 2755 Laetants,
2126 2732 2160 2756 ¹9·
2215 2727 2248 2751 J„

93 2749 173 2773 quem
193 2740 262 2766 Hor.
276 2739 358 2774 Epod.
372 2749 395 2772 5,
409 2748 438 2770 ¹3·
509 2739 569 2766 Liu.
582 2748 606 2771 7,
628 2759 635 2766 .
655 2758 663 2765 .
685 2759 691 2765 .
711 2740 744 2766 In
757 2739 824 2765 iram
837 2738 922 2766 [uetus
937 2741 1033 2779 Vertit.
1076 2741 1179 2777 Vin-70
1202 2745 1292 2770 MSS,
1305 2745 1492 2778 confimdmnur
1504 2746 1586 2773 iratus
1598 2755 1622 2773 et
1634 2749 1767 2783 Ingratus:
1806 2753 1921 2781 Bmu-kh.
1936 2756 1971 2779 aa·
1980 2751 2151 2791 Τὼῃηὰβ,
2162 2768 2193 2791 [7.

92 2775 161 2802 dicat
174 2775 215 2801 ira
226 2775 342 2802 memori
353 2780 378 2801 te
398 2774 479 2801 Ouid.
492 2775 569 2809 Epist.
585 2782 619 2806 21,
631 2782 657 2805 9.
753 2775 845 2801 Vitare
859 2774 926 2801 iram
938 2775 1047 2801 alicuius
1067 2775 1141 2803 Idem
1239 2786 1252 2805 1
1266 2787 1286 2806 R
1298 2782 1351 2806 ᾹΤ
1361 2786 1388 2806 Ε.
1423 2780 1490 2806 Adu.
1528 2782 1711 2819 [ὦςγισμὲνοις]
1747 2787 1772 2812 h.
1784 2796 1804 2812 e.
1824 2789 1914 2815 Animo
1927 2799 2045 2817 commoto.
2078 2793 2207 2821 Columel.
2221 2802 2240 2830 7

91 2811 157 2837 Met.
177 2821 200 2844 3,
212 2820 235 2843 7.
359 2810 500 2836 Viciscitur
512 2810 599 2836 Furiis
619 2809 685 2836 iram
704 2810 864 2836 commissam
884 2810 1032 2845 Proserpina
1067 2811 1142 2837 Grat.
1199 2822 1228 2841 12
1270 2815 1335 2841 Satis
1349 2815 1385 2841 est
1398 2814 1501 2842 seueros
1515 2818 1562 2843 else
1577 2827 1625 2844 nec
1637 2818 1747 2846 blandos
1759 2841 1766 2853 ,
1806 2830 1834 2849 vt
1847 2832 2039 2860 nonnunquam
2049 2828 2129 2855 etiam
2143 2816 2250 2857 confer:

92 2855 145 2878 37⁴·
216 2845 304 2872 Furiis
316 2846 416 2870 videtur
427 2846 566 2871 Ablatiuus
579 2845 639 2879 ff,
675 2845 693 2870 i.
709 2845 810 2879 pomis,
832 2844 986 2880 pestilentia,
1009 2845 1142 2880 ulciscitur
1199 2857 1247 2875 vos
1261 2850 1353 2876 iratius
1367 2851 1535 2885 intueantur,
1561 2853 1663 2889 semper
1676 2856 1861 2885 excandescant
1873 2859 1903 2885 in
1915 2866 2029 2892 exteros.
2134 2865 2247 2893 Phaedr.

91 2882 160 2907 iram
168 2879 241 2916 suam
255 2881 413 2907 commissam
422 2899 430 2912 ‚
449 2881 598 2907 contr-allam
612 2881 682 2913 culpa
695 2880 822 2907 hommum.
879 2881 953 2906 Alias
960 2880 1100 2915 sententias
1111 2883 1141 2907 de
1198 2894 1212 2917 4
1221 2904 1230 2918 ,
1249 2894 1293 2921 24,
1313 2895 1338 2918 14
1367 2886 1438 2913 Irate
1453 2886 1580 2915 dimissus.
1902 2901 1906 2904 ·

90 2917 191 2942 lenione
203 2922 228 2941 et
240 2915 362 2941 intellectu
373 2917 444 2941 dabit
457 2917 542 2943 Burni.
633 2914 766 2941 Vtendum
779 2915 820 2941 ira
833 2924 888 2942 non
901 2921 930 2942 vt
943 2915 1008 2942 duce
1015 2936 1024 2949 ,
1056 2916 1099 2942 sed
1112 2922 1142 2943 vt
1154 2926 1181 2951 75

89 2952 176 2979 milite
195 2951 251 2977 Sen.
264 2951 296 2977 de
309 2952 352 2978 Ira
365 2960 383 2984 1,
397 2960 420 2984 9.
643 2962 646 2968 ·
1130 2986 1137 2991 “

128 2994 140 3013 1
150 2993 169 3012 R
178 2992 201 3012 A
209 2993 227 3013 C
235 2993 257 3012 V
265 2994 286 3014 N
294 2992 313 3012 D
322 2993 343 3011 V
351 2993 364 3012 S
371 3007 380 3019 ‚
400 2995 413 3012 a
422 3007 430 3019 ,
449 2995 503 3013 um.
539 2984 600 3014 Adi,
613 3021 619 3026 .
636 2985 746 3020 [ὄργῖλας
753 3007 762 3020 ,
779 2989 889 3018 δύσοργσς
897 3007 905 3019 ‚
922 2985 1028 3021 nornine]
1082 2988 1140 3021 Qll

1462 2960 1988 3000 IRCetIRE

89 3031 187 3058 parua,
206 3021 248 3048 vel
262 3021 333 3048 nulla
346 3023 418 3048 causa
429 3021 598 3056 praecedente
611 3021 748 3054 irascitur,
772 3022 854 3056 inquit
866 3023 1000 3061 Donatus:
1039 3022 1139 3056 quique
1235 3033 1245 3053 1
1255 3031 1276 3052 R
1288 3033 1304 3054 C
1315 3032 1334 3053 Ε
1343 3033 1404 3064 vs,
1422 3027 1442 3056 i.
1478 3039 1514 3057 m.
1553 3031 1642 3058 Genus
1655 3031 1803 3061 farciminis
1817 3034 1846 3062 in
1860 3036 1993 3064 sacrificiis
2011 3038 2108 3067 Festus.
2141 3042 2183 3068 Ab
2194 3043 2248 3069 hir.

89 3064 185 3084 natura
196 3056 228 3083 ad
242 3056 311 3083 iram
325 3057 452 3091 procliuis
465 3057 516 3090 est,
536 3057 634 3083 etiamsi
647 3063 707 3082 tunc
719 3057 791 3083 nulla
805 3064 944 3083 moueatur
956 3066 1006 3084 ira.
1056 3058 1138 3084 Plaut.
1197 3071 1223 3087 eo
1235 3063 1368 3095 der-inunt,
1385 3072 1414 3089 vt
1420 3065 1458 3097 fit
1470 3075 1500 3091 ex
1513 3066 1608 3092 hircino
1616 3067 1750 3102 sanguine.

89 3094 172 3120 Merc.
186 3103 209 3125 4,
223 3102 235 3121 ς
254 3093 354 3126 suppos.
369 3103 388 3125 1,
401 3101 426 3125 15
447 3093 570 3124 Garruli,
590 3093 678 3118 osores
688 3112 696 3124 ,
715 3092 808 3119 infenfi
817 3112 826 3125 ,
846 3092 974 3132 iracundi.
1061 3093 1136 3132 Idem
1153 3098 1185 3123 80
1235 3103 1245 3122 1
1255 3104 1275 3124 R
1285 3103 1302 3122 E
1315 3104 1336 3123 Ν
1345 3105 1368 3124 A
1377 3106 1394 3125 Ε
1404 3107 1425 3126 ν
1437 3106 1450 3126 s
1461 3121 1469 3133 ,
1489 3101 1508 3128 i.
1544 3111 1579 3128 m.
1617 3103 1752 3138 Polycarpi
1763 3105 1913 3140 discipulus,
1933 3107 2097 3143 Lugdunensts
2106 3111 2246 3146 Episcopus,

89 3129 130 3155 ib.
144 3139 167 3161 4,
181 3137 194 3161 5
213 3128 315 3162 suppos.
331 3138 348 3161 1,
363 3138 393 3159 30
414 3127 501 3155 Video
513 3127 653 3162 equidem,
673 3128 857 3154 auscultemus:
899 3129 1003 3161 nescio,
1022 3128 1086 3163 quid
1102 3129 1136 3168 se.
1196 3141 1309 3166 martyr,
1348 3135 1416 3160 cuius
1437 3137 1564 3170 antiquum
1588 3137 1746 3173 inter-pmtem
1771 3140 1894 3166 interdum
1918 3143 2030 3170 citamus.
2112 3147 2244 3174 Omnium

89 3172 151 3190 cum
163 3162 289 3190 iracunda
303 3163 419 3189 muffitat.
489 3161 697 3190 Iracundiffimus
717 3164 775 3190 Sen.
787 3162 819 3191 de
833 3164 876 3190 Ira
891 3172 912 3196 2,
925 3166 949 3189 6.
995 3198 1000 3202 -
1057 3163 1138 3190 Adria
1197 3167 1381 3195 decirinarum
1410 3171 1607 3199 euriofiffimum
1631 3173 1826 3207 exploratorem
1846 3184 1920 3203 vocat
1938 3178 2056 3206 Tertull.
2073 3181 2169 3217 aduers.
2193 3184 2244 3210 Va.

89 3198 246 3225 iracundior
265 3199 332 3225 Hor.
348 3199 436 3226 Carm.
452 3209 471 3232 3,
486 3208 512 3231 9,
528 3208 562 3231 23.
633 3199 754 3225 Fulmina
767 3198 889 3225 iracunda
909 3198 980 3225 Idem
993 3197 1030 3225 ib.
1039 3208 1057 3231 1,
1065 3208 1137 3231 3,40.
1196 3203 1260 3229 lent.
1292 3213 1312 3230 c.
1333 3213 1354 3234 5.

89 3235 172 3261 Plaut.
185 3232 276 3260 Bacch.
289 3246 313 3267 4,
327 3242 339 3266 3
351 3241 393 3269 pr.
411 3235 545 3266 Petulans,
563 3240 691 3268 protei-uo
699 3254 707 3267 ,
722 3233 851 3261 iracundo
863 3234 967 3267 animo,
993 3233 1137 3269 indomito,
1233 3245 1242 3263 1
1253 3245 1269 3264 R
1282 3245 1298 3264 Ε
1309 3245 1333 3265 N
1341 3247 1364 3266 A
1374 3246 1394 3267 R
1404 3246 1422 3267 C
1431 3247 1453 3268 H
1463 3248 1481 3269 Ε
1492 3249 1504 3269 s
1513 3263 1521 3275 ‚
1551 3241 1606 3275 fiue
1638 3249 1648 3268 1
1658 3249 1677 3269 R
1689 3248 1708 3270 Ε
1718 3249 1742 3269 N
1750 3250 1771 3270 A
1781 3251 1800 3271 R
1808 3251 1826 3272 C
1834 3252 1884 3274 HA
1893 3267 1901 3280 ‚
1931 3256 1970 3275 ae.
2005 3258 2041 3276 111.
2084 3250 2242 3286 Ueniliam,

89 3269 247 3303 incogitam.
316 3269 419 3296 Leones
439 3270 591 3298 Ouid.Met.
602 3279 635 3305 ις,
642 3272 682 3298 86.
760 3270 837 3296 Mens
854 3271 1048 3303 Lucret.3,296.
1095 3271 1137 3296 Se·
1154 3271 1183 3296 85
1196 3273 1319 3308 pacator,
1343 3276 1481 3303 Irenarcha
1507 3279 1567 3304 Vct.
1587 3278 1686 3312 Gloffi]
1722 3279 1830 3313 dicitur,
1854 3283 1908 3319 ρῳ·
1924 3286 1962 3309 ad
1973 3283 2090 3310 tollendas
2108 3286 2243 3320 discordias

91 3314 137 3331 nes
157 3304 215 3330 Cic.
229 3303 261 3329 de
274 3303 330 3331 Sen.
345 3314 366 3331 c.
383 3311 416 3333 IR-
1194 3315 1221 3333 εἴ
1232 3312 1353 3343 ραεαηιίω
1365 3314 1455 3337 ciuium
1470 3313 1562 3338 animos
1572 3313 1598 3337 in
1612 3314 1714 3339 ciuitate
1725 3317 1880 3349 praeficitur.
1938 3320 1993 3345 Vid.
2014 3320 2158 3347 Martianus
2175 3322 2204 3348 in
2222 3322 2241 3349 Ι,

128 3345 374 3373 1RACVND1A,
393 3349 429 3367 ae.
465 3340 487 3367 f.
521 3340 669 3375 [ὄργιλότης]
710 3340 893 3374 th'umfaci'le
905 3339 1045 3374 irafientis.
1081 3340 1135 3367 Do-
1194 3344 1278 3370 Diuus
1293 3345 1443 3373 Hadrianus
1465 3348 1494 3372 D.
1515 3347 1546 3373 de
1566 3347 1664 3375 custod.
1686 3354 1712 3374 et
1725 3349 1812 3377 exhib.
1825 3360 1896 3379 reor.
2001 3355 2154 3382 Irenarchae
2180 3357 2241 3390 (in-

62 3407 64 3411 .
90 3382 181 3406 natus,
217 3376 259 3400 Ira
273 3373 305 3400 de
316 3375 387 3401 causa
401 3375 454 3402 est:
491 3375 628 3402 Iracundia
642 3375 674 3401 de
685 3375 754 3402 vitio
768 3376 880 3402 multum
896 3376 1045 3408 irascentis,
1081 3375 1134 3402 fine
1192 3380 1249 3413 quit
1264 3380 1388 3414 leianus
1409 3382 1436 3407 in
1455 3382 1471 3408 l.
1491 3383 1632 3409 Munerum
1653 3383 1685 3410 D.
1705 3384 1745 3411 De
1762 3388 1917 3415 muneribus
1931 3394 1956 3415 et
1974 3389 2137 3423 honoribus)
2172 3393 2241 3427 sunt,

90 3412 123 3438 de
136 3408 265 3437 moribus.
321 3410 394 3442 CWf·
411 3411 466 3438 Cic·
481 3411 562 3438 Tusc·
575 3422 588 3442 4
603 3421 624 3437 c·
638 3419 673 3437 ¹2-
727 3411 786 3437 Sen-
799 3411 831 3437 de
842 3413 883 3438 Ira
899 3420 918 3442 ¹,
934 3421 948 3442 4
968 3421 988 3437 c.
1002 3419 1053 3437 not·
1067 3411 1131 3446 Lr'l’s·
1192 3414 1247 3448 Qu
1261 3415 1414 3450 disciplinae
1427 3416 1546 3451 publicae
1563 3424 1589 3444 et
1601 3419 1764 3454 corrigendis
1782 3423 1903 3450 moribus
1923 3425 2120 3459 praeficiuntur.
2181 3428 2240 3455 Vid.

88 3444 228 3474 Iracundia
241 3444 337 3470 vitium
349 3445 414 3471 leuis
426 3447 475 3472 effe
487 3446 569 3473 animi
582 3452 658 3480 atque
669 3445 770 3472 infirmi
781 3446 886 3473 videtur
905 3446 960 3472 Cic.
974 3446 1007 3472 ad
1020 3447 1132 3479 QFrat.
1147 3451 1181 3477 90
1193 3450 1329 3485 Augustin.
1349 3452 1428 3486 Epist.
1455 3461 1502 3485 ¹40
1521 3460 1546 3479 et
1570 3462 1618 3488 ¹59·

88 3491 110 3513 1,
124 3491 142 3514 1,
158 3491 187 3512 13.
263 3479 336 3506 Idem
349 3489 398 3514 pro
412 3481 449 3507 M.
461 3481 568 3509 Marcel.
584 3491 599 3515 9
612 3491 634 3508 c.
648 3491 659 3513 3
688 3482 720 3507 At
732 3490 799 3508 vero
813 3491 893 3516 quum
908 3481 1008 3514 aliquid
1020 3482 1133 3508 clemen-

88 3523 129 3544 ter
139 3537 148 3549 ,
166 3515 316 3548 mansuete,
332 3515 412 3547 iuste,
431 3516 565 3544 moderate
574 3539 583 3551 ‚
600 3518 727 3551 sapienter
739 3517 853 3550 factum,
871 3517 899 3543 in
913 3516 1047 3543 iracundia
1060 3526 1133 3551 prae·
1607 3525 1622 3557 1
1705 3526 1734 3559 R
1818 3528 1835 3560 1

90 3551 181 3580 sertim
193 3572 202 3584 ,
241 3559 307 3584 quae
321 3551 356 3576 est
366 3550 476 3576 inimica
490 3552 615 3588 consilio,
649 3560 692 3579 etc.
800 3553 868 3579 Suet.
883 3551 974 3578 Claud.
988 3553 1060 3579 Caes.
1074 3561 1096 3578 c.
1109 3559 1136 3584 38
1638 3590 1651 3596 ..

88 3589 148 3615 Irae
159 3592 237 3621 atque
249 3586 400 3611 iracundiae
412 3586 529 3612 conscius
541 3587 604 3620 fibi,
623 3594 764 3621 Vtrumque
775 3588 907 3614 excusauit
921 3587 1018 3613 edicio.
1040 3622 1046 3628 ·
1074 3588 1131 3614 Cic.
1154 3626 1157 3627 .
1229 3597 1240 3618 1
1251 3597 1330 3626 1119,
1350 3590 1427 3620 iri'dig
1439 3600 1462 3619 ep
1475 3593 1530 3620 ἰῆς,
1567 3593 1587 3621 f,
1624 3595 1715 3631 [lete]
1749 3600 1832 3624 Arcu,-
1845 3598 1958 3635 caelqstfs·
1995 3601 2035 3628 Ab
2048 3599 2118 3636 gem,
2133 3603 2237 3639 quodest

90 3623 172 3649 Tusc.
185 3630 198 3654 3
211 3631 234 3648 c.
249 3629 261 3653 ς
282 3622 439 3655 Quanquam
450 3621 502 3655 ipsa
516 3621 665 3657 iracundia,
681 3623 801 3649 libidinis
816 3623 852 3650 est
868 3631 941 3657 pars,
958 3622 990 3649 fic
1003 3631 1075 3649 enim
1089 3623 1132 3648 de·
1146 3630 1176 3655 95
1191 3628 1314 3654 nuntiare.
1380 3630 1445 3654 Nam
1458 3631 1546 3655 Poetae
1557 3631 1654 3656 deorum
1666 3632 1780 3657 nuntiam
1786 3634 1894 3668 fingunt.
1931 3635 2008 3671 Virg.
2022 3638 2087 3665 Aen.
2098 3648 2125 3672 9,
2138 3648 2151 3664 2
2168 3639 2234 3665 Irim

89 3658 198 3689 finitur,
222 3655 373 3688 Iracundia,
397 3655 537 3682 vlciscendi
549 3656 643 3685 libido.
737 3659 806 3686 Ter.
820 3658 928 3692 Adelph.
945 3668 962 3691 1,
975 3667 996 3691 2,
1011 3660 1044 3684 66
1079 3658 1131 3684 Ve-
1191 3661 1223 3688 de
1235 3663 1307 3689 caelo
1321 3662 1389 3690 misit
1403 3664 1520 3690 Saturnia
1533 3666 1610 3691 Iuno,
1717 3667 1787 3702 Ergo
1805 3668 1855 3695 1er
1868 3671 1968 3697 croceis
1982 3681 2029 3706 per
2042 3674 2140 3700 cadum
2153 3673 2234 3698 rosci-

89 3701 149 3719 rum
161 3692 179 3718 fi
193 3700 320 3726 augeam,
339 3696 383 3718 aut
394 3691 474 3717 etiam
490 3690 595 3718 adiutor
607 3693 652 3720 sii-n
664 3694 719 3720 eius
731 3693 895 3726 iracundiae,
929 3693 1055 3732 insaniam
1070 3701 1130 3727 pro·
1190 3696 1222 3723 da
1237 3697 1327 3731 pennis
1336 3718 1344 3731 ,
1366 3699 1439 3725 Mille
1454 3699 1558 3725 trahens
1573 3700 1660 3726 varios
1672 3701 1782 3729 aduerso
1794 3703 1847 3730 sole
1858 3705 1960 3732 colores
1982 3708 2055 3741 Virg.
2063 3710 2124 3734 Aen.
2132 3716 2160 3740 4,
2167 3709 2233 3736 600.

89 3728 161 3754 fedic
174 3737 233 3754 cum
244 3727 303 3754 illo.
410 3725 477 3752 Plin.
494 3735 531 3759 10,
544 3735 570 3759 43
594 3727 670 3755 Hune
682 3729 818 3757 iracundia
831 3729 915 3756 subita
925 3728 1047 3754 incitatus
1059 3737 1131 3754 man-
1190 3732 1255 3758 Irim
1269 3733 1350 3767 vulgo
1368 3743 1457 3761 arcum
1475 3736 1523 3760 ess‘e
1540 3735 1628 3770 aiunt,
1660 3737 1766 3770 quando
1779 3737 1866 3773 imago
1879 3741 1938 3767 solis
1954 3743 1995 3769 vel
2008 3743 2082 3768 lunae
2095 3741 2231 3769 humidam

89 3772 148 3798 ceps
161 3762 297 3797 proximae
308 3761 423 3788 sutrinae
438 3761 607 3788 exanimauit.
675 3765 812 3792 Adducere
823 3764 855 3791 ad
869 3764 1033 3790 iracundiam
1053 3763 1130 3790 Au&
1190 3772 1215 3792 et
1230 3776 1319 3793 cauam
1331 3769 1428 3796 nubem
1443 3770 1597 3803 densamque
1610 3770 1641 3796 ad
1654 3771 1733 3798 instar
1753 3773 1849 3807 speculi
1863 3776 1965 3803 colorat
1976 3797 1985 3809 ,
2022 3783 2047 3802 et
2065 3776 2230 3803 medietatem

87 3798 120 3825 ad
133 3799 248 3825 Herenn.
263 3807 285 3830 3,
308 3817 314 3823 .
333 3816 340 3823 .
362 3816 368 3823 .
463 3796 533 3823 Ter.
546 3795 657 3830 Adelph.
671 3808 692 3831 3,
704 3809 726 3833 2,
744 3809 763 3827 11
801 3799 841 3827 Ah
851 3809 894 3826 me
906 3799 1047 3830 miserum,
1083 3799 1263 3827 vixtooorbis
1279 3803 1335 3829 eius
1350 3805 1414 3831 secat
1428 3805 1502 3839 Apul.
1510 3804 1541 3831 de
1549 3806 1649 3832 Mundo
1664 3816 1689 3841 p.
1705 3810 1746 3839 64,
1759 3818 1788 3836 11.
1799 3812 2109 3846 Add.Virg.Aen-5‚606·
2146 3810 2227 3837 Ouid.

87 3834 144 3860 sum
162 3842 271 3868 compos
288 3832 392 3865 animi,
428 3831 465 3858 ita
483 3831 571 3858 Ardeo
591 3832 733 3861 iracundia.
837 3837 940 3869 Augere
958 3833 1129 3866 iracundiam,
1190 3837 1254 3864 Met.
1262 3849 1286 3870 4,
1301 3845 1357 3870 480.
1427 3841 1540 3866 Iunonia
1553 3840 1603 3867 Iris
1625 3841 1697 3869 Idem
1712 3843 1777 3871 ibid.
1795 3854 1830 3880 14,
1844 3850 1881 3876 85.
1952 3845 2060 3871 Roscida
2081 3845 2227 3881 Virg.Aen.

87 3867 222 3895 Cohibete
235 3867 415 3899 iracundiam,
449 3866 596 3893 Continere
608 3866 785 3904 iracundiam,
821 3871 875 3898 vid.
891 3872 930 3896 hh.
943 3879 988 3896 vv.
1082 3869 1129 3895 Di-
1189 3881 1214 3904 4,
1227 3876 1289 3899 600,
1360 3874 1411 3907 Iri,
1441 3876 1580 3901 Vocatium:
1618 3877 1689 3903 Idem
1703 3878 1739 3905 ib·
1752 3887 1778 3913 9,
1791 3886 1815 3910 18
1835 3881 1872 3907 Iri
1881 3900 1890 3913 ,
1909 3877 1985 3905 decus
1997 3880 2070 3906 caeli.
2177 3877 2200 3916 q
2212 3889 2227 3906 2

89 3903 195 3929 mittere
207 3903 368 3930 iracundiam
390 3902 462 3929 Caes.
476 3902 504 3928 Β.
518 3902 550 3929 C.
569 3908 617 3934 1,8-
725 3904 779 3931 Cic.
791 3907 863 3933 Fam.
883 3916 900 3939 1,
913 3915 929 3939 9
957 3904 1004 3931 Sed
1015 3913 1075 3931 cum
1087 3913 1129 3930 me
1188 3906 1240 3935 Iris
1271 3908 1445 3944 Pontiflumen
1480 3910 1538 3936 Val.
1554 3911 1635 3938 Flacc.
1650 3923 1673 3946 4,
1687 3916 1751 3941 600.
1944 3911 1965 3949 ff
1986 3924 1996 3946 3
2034 3915 2130 3947 Herba,
2160 3917 2229 3941 cuiur

88 3937 276 3972 disputantem,
297 3947 352 3965 non
367 3937 527 3964 lacessentem
538 3936 659 3968 laesisset,
677 3936 761 3965 Exarfi
772 3948 826 3967 non
841 3942 923 3968 solum
936 3940 1062 3975 praesenti
1075 3948 1129 3965 cre·
1189 3943 1266 3967 radix
1280 3943 1311 3977 est
1317 3943 1455 3978 suauiffimi
1467 3946 1561 3977 odoris,
1597 3948 1664 3973 diHa
1680 3950 1778 3983 quidem
1792 3959 1809 3974 a
1814 3949 1978 3981 ffinilitudine
1990 3950 2108 3983 colorum,
2138 3950 2181 3983 qui
2199 3951 2228 3975 in

89 3973 124 4001 do
143 3973 321 4037 iracundiae-,L
335 3973 379 4037 set}
387 3981 473 4035 {quum
491 3972 620 4000 inclusum
640 3972 705 4000 illud
716 3973 810 4003 odium
819 3977 962 4005 multarum
974 3976 1031 4003 eius
1044 3976 1073 4002 in
1085 3976 1329 4013 me105floresunt‚
1342 3988 1421 4049 Ίιιιᾶ
1429 3979 1482 4015 ipsa
1502 3980 1595 4017 caelesti
1605 3982 1682 4012 iride.
1736 3987 1776 4011 De
1788 3984 1876 4015 bas-fic
1904 3983 1970 4010 riis.
1983 3993 2016 4017 21,
2030 3993 2043 4015 7
2059 3984 2107 4011 illa
2120 3993 2228 4046 qmssgg
