2479 4225
300 166 362 204 75.
709 145 741 185 F
816 145 848 184 R
933 140 968 179 v
1759 138 1792 177 F
1889 138 1921 177 R
2007 137 2044 178 v
2356 149 2456 197 752·

304 240 364 266 dere
383 235 482 262 fruc‘tus
501 233 556 261 Cic.
575 233 608 260 de
625 233 724 261 Sene&
751 242 772 259 c.
790 239 815 266 7.
885 228 1015 255 Conferre
1031 227 1164 260 studium,
1198 227 1333 262 Consequi
1430 235 1534 256 FRVN
1544 235 1562 256 D
1572 228 1594 255 V*
1602 236 1614 255 s
1624 234 1681 260 VS,
1700 236 1731 259 3,
1749 236 1803 254 11111.
1827 226 1886 254 Adi.
1907 233 1957 263 pro
1971 227 2107 263 Frondofhr
2121 225 2218 253 Ennius
2231 224 2296 261 apud
2307 224 2424 253 Macrob.
2438 242 2441 250 .
2454 222 2456 225 ’

303 271 482 307 ampliffimuin
496 268 626 301 fructum,
651 269 704 295 vid.
722 268 763 294 hb.
783 268 810 292 ll.
882 263 1043 298 Quini—1215,
1058 273 1079 290 11
1098 264 1189 290 Terra
1204 263 1331 297 neglee‘ca,
1393 267 1420 298 6,
1434 274 1458 291 2.
1495 265 1541 292 Sed
1558 265 1593 291 ed.
1607 265 1712 290 Gronou.
1727 262 1809 305 Siliiai
1821 262 1967 303 frondosai.
2091 299 2095 303 ἱ
2454 271 2456 273 ·

305 311 385 336 sentes
402 312 480 340 atque
494 305 587 331 dumos
601 316 607 331 ι
631 304 746 334 exculta,
766 299 865 326 fructus
878 300 966 326 Creat.
1027 318 1030 319 ν
1061 301 1204 333 Decerpcre
1215 298 1333 325 frufihim
1430 307 1525 327 rnvs
1536 300 1548 327 f
1557 306 1622 331 ΝΟ,
1657 299 1814 334 [Φορκσινον]
1850 299 1951 325 Ciuitas
1972 299 2146 332 Campaniae,
2171 306 2186 323 a
2205 304 2256 330 qua
2281 294 2423 322 Frufinate·
2440 305 2442 324 ι

305 352 336 370 ex
349 351 377 368 rc
395 341 483 376 aliqua
500 341 594 367 Horat.
607 341 687 366 Serni.
702 346 721 367 1,
735 345 760 366 2,
772 343 814 369 79.
885 335 1023 361 Demetere
1040 341 1065 361 et
1084 336 1219 370 percipere
1230 333 1333 360 fruetus
1395 336 1488 370 populi
1506 336 1538 362 ad
1558 336 1712 366 Falernum,
1747 344 1831 360 uorum
1848 337 1958 360 meminit
1976 334 2040 359 l'lin.
2061 342 2125 366 3‚-5.
2176 334 2267 358 quen.
2282 330 2332 356 Sat.
2344 339 2364 363 3,
2378 339 2424 364 124
2440 325 2450 370 ἰλ

304 378 361 405 Cic,
375 376 406 403 de
419 375 518 403 Sene&
532 384 575 410 70,
646 372 713 399 Duci
726 372 767 403 spe
778 369 935 404 posteritatis
955 377 980 397 et
993 370 1081 396 fruchi
1096 370 1167 396 Idem
1181 378 1229 404 pro
1242 368 1333 395 Rabir.
1354 378 1369 405 ς
1395 371 1503 405 Optima
1520 372 1598 398 Sorae
1629 371 1680 396 Aut
1699 343 1865 396 Fazrateriae
1884 369 1992 399 domus,
2011 374 2055 395 aut
2070 368 2210 395 Frusinone
2228 372 2341 401 paratur.
2379 365 2425 396 Sed

306 412 421 449 perfluet,
439 421 469 445 29
493 420 514 437 c.
529 420 564 437 ιο.
619 407 702 434 Edunt
715 405 818 432 nullum
831 405 947 432 fructum
960 415 992 432 ex
1006 407 1031 432 se
1045 406 1096 432 fine
1109 405 1249 432 hominum
1263 405 1335 431 cultu
1397 406 1442 433 Sil.
1456 416 1491 438 12,
1505 414 1546 439 532
1565 406 1679 433 Bellator
1692 405 1813 434 Frusino,
1834 404 2094 441 Populumfignificat.
2129 402 2202 429 Idem
2214 408 2237 435 8,
2250 410 2312 434 400-

306 457 370 476 oues
387 448 443 475 Cic.
455 447 487 473 de
500 447 561 473 Nat.
574 445 653 470 Deor.
665 450 690 472 2,
706 445 754 472 158.
848 442 901 467 Effe
921 443 949 468 in
967 441 1074 473 fruelu,
1098 441 1151 467 vid.
1171 440 1296 472 Hastula,
1307 443 1335 466 in
1434 448 1507 469 FRv
1518 449 1626 469 STRA-
1654 440 1721 466 Adu.
1762 439 1878 474 [ἅλλως,
1897 439 1989 473 αὕτως,
2008 440 2072 471 εἰκῆ,
2091 437 2192 472 μάτην]
2234 434 2354 469 Ιηι-αΠῖινη
2366 454 2374 467 ,
2388 444 2426 462 no-
2440 446 2443 474 ᾖ

308 491 455 512 ΗΑςΤΑ.
524 480 576 506 Effe
587 476 686 503 fructui
699 476 805 506 Sueton-
818 475 851 502 de
866 477 934 503 Clar.
948 478 1037 504 Graiu.
1051 486 1090 509 24.
1194 476 1335 509 Explemur
1397 477 1536 514 quidquam.
1572 478 1704 513 Cognatum
1723 474 1755 508 est
1776 478 1870 501 nomini
1892 475 1963 501 fraus
1982 481 2004 501 et
2024 475 2096 500 verbo
2115 473 2219 513 f¹‘.²¹¹¹¹¹‘.²
2237 482 2259 509 q.
2271 470 2425 513 dfraustra.
2441 475 2451 512 ξι

307 520 377 547 vitae
392 517 518 546 fruetibus
538 515 639 539 Lucret.
652 519 675 543 3,
690 519 761 537 1020.
831 513 911 539 Ferre
925 513 1042 540 trucium
1057 521 1088 539 ex
1102 511 1192 546 aliquo
1205 512 1337 538 cuffiam.
1399 512 1456 538 Cic.
1469 512 1501 539 de
1512 513 1610 539 Senect.
1627 520 1654 544 19
1682 511 1740 538 Nec
1754 520 1795 537 me
1809 511 1900 537 vixisse
1913 511 2046 545 poenitet,
2065 517 2190 544 quomam
2206 514 2243 534 ita
2256 515 2321 537 vixi,
2336 511 2364 532 vt
2376 513 2444 546 ”9³11

309 564 339 582 10
366 562 404 587 32,
475 552 551 576 Ferre
568 547 650 572 laetos
669 552 695 573 et
714 547 808 573 vberes
827 547 928 575 fruetus
948 557 979 575 ex
999 547 1157 582 Republica,
1180 547 1224 573 sed
1243 555 1336 581 magna
1352 558 1382 577 10
1399 547 1494 582 frustra
1507 557 1549 574 me
1563 557 1650 574 natum
1664 547 1820 574 existimem.
1856 547 1923 573 Ter.
1937 546 2048 580 Adelph.
2062 554 2088 578 2,
2101 554 2119 575 1,
2133 553 2165 577 54
2190 542 2238 570 Sed
2253 550 2330 568 nemo
2344 540 2428 570 dabit:
2442 545 2449 579 ’1

306 576 446 618 acerbitate
464 581 598 619 permistos
616 581 688 608 Idem
704 591 753 616 pro
767 583 851 609 Plane.
864 592 909 616 92.
980 584 1043 610 Frui
1061 584 1117 609 Sen.
1138 583 1182 616 Ep.
1201 591 1227 615 9.
1296 583 1338 608 In·
1399 583 1495 609 frustra
1513 590 1615 618 egomet
1635 592 1738 609 mecum
1754 583 1799 609 has
1821 582 1936 608 rationes
1959 583 2065 616 deputo.
2117 579 2190 606 Idem
2207 579 2303 605 Heaut.
2322 585 2351 609 4,
2366 585 2387 608 3,
2405 583 2443 610 ις’ἶ

307 626 400 653 ducere
418 619 546 649 fruemin,
575 617 628 643 vid.
650 623 819 644 INDVCO.
908 619 986 645 Indui
999 618 1103 650 fru6‘m,
1127 618 1179 644 uid.
1201 624 1337 645 1NDvo.
1400 618 1504 645 Frustra
1530 628 1636 654 operam
1657 618 1723 645 hanc
1743 619 1841 653 opinor
1860 619 1943 643 sumo.
1997 617 2054 643 Cic.
2069 618 2157 649 At1.5,
2171 623 2193 640 11
2225 615 2261 653 yt
2279 619 2324 640 aut
2343 611 2448 651 quoad?

306 660 420 689 Inuisere
435 663 475 681 res
495 652 601 679 rusticas
620 654 694 679 causa
714 652 816 680 frucius
833 660 877 680 aut
895 653 1076 681 delectationis
1095 655 1150 680 Cic.
1172 653 1203 679 de
1223 654 1297 679 Orat.
1312 662 1339 685 1,
1399 654 1460 680 dem
1474 654 1577 689 posthac
1595 655 1682 680 literas
1700 654 1794 686 sciam,
1812 659 1856 680 aut
1871 662 1905 679 ne
1917 652 1977 679 dem
1989 652 2091 678 frustra.
2158 649 2318 690 Fortissimus
2334 647 2443 686 frustrat

305 703 366 728 249-
434 688 615 715 Mansuescunt
633 688 685 714 feri
703 687 804 715 frue'tus
823 694 892 716 terra
911 690 1015 716 Lucret.
1034 697 1062 723 ς,
1080 693 1149 724 1367.
1238 689 1339 715 Meiere
1399 690 1475 725 Virg.
1488 690 1551 718 Aen.
1566 699 1588 723 ς,
1602 695 1655 722 339.
1724 689 1844 719 Frustra,
1855 695 1905 724 pro
1919 697 1955 719 eo,
1971 688 2035 723 quod
2049 688 2081 720 est
2093 688 2128 713 Re
2145 683 2257 721 injebh,
2271 684 2299 710 ld
2317 681 2431 722 {lh-stne
2440 676 2448 708 11

305 728 420 757 frucium
439 724 496 751 Cic.
510 730 596 758 anteq.
616 723 668 750 iret
686 724 716 750 in
734 724 797 749 exii.
812 733 832 750 2.
937 725 1059 752 Minuere
1078 725 1194 756 fruti'tus,
1230 725 1339 751 Mittere
1355 733 1381 760 15
1398 725 1447 752 vllo
1465 729 1503 751 rei
1521 725 1619 759 efficia.
1662 725 1761 751 Sallust.
1776 725 1804 751 in
1817 723 1934 758 Iugurth.
1949 733 1971 749 c.
1986 730 2012 755 ες
2024 729 2088 749 extr.
2113 722 2197 748 Multa
2213 727 2300 747 tamen
2311 724 2431 745 oratione

303 761 419 791 frue'tum
429 780 438 793 ,
466 759 519 785 vid.
536 760 578 786 hh.
596 768 640 785 vv.
711 759 820 785 Mollire
834 760 904 786 feros
917 760 1018 786 studius
1031 760 1142 787 colendo
1157 761 1232 794 Virg.
1241 760 1337 794 Georg.
1400 762 1548 792 consumta,
1567 760 1645 795 legati
1659 760 1754 786 frustra
1767 761 1909 786 discessere.
1945 758 2002 792 Ntfi
2008 759 2082 793 sorte
2096 760 2167 783 malis
2179 758 2270 793 legere,
2289 754 2431 781 consumta

304 808 326 829 2,
342 799 381 829 3⁶·
450 795 586 829 Percipere
599 794 701 829 gloriae
714 803 836 829 magnum
851 794 969 822 fruemm
987 805 1017 822 ex
1029 796 1109 822 rebus
1123 796 1199 830 gestis
1218 796 1274 822 Cic.
1289 804 1338 829 pro
1398 797 1508 828 frustra,
1521 797 1600 831 legati
1621 795 1761 822 disceffere.
1798 796 1860 823 Sunt
1872 796 1941 825 iibri,
1952 798 1994 829 qui
2007 793 2100 820 frustra
2108 794 2184 829 plane
2194 794 2321 831 omittunt.
2357 788 2432 830 1(3011-

301 831 379 860 Arch.
397 839 432 862 23.
504 830 630 856 Ἐῐιιὲωηι
650 830 823 856 maturiorem
842 829 922 857 studii
939 832 1077 866 Percipere
1097 831 1217 858 Scribon.
1232 832 1275 865 Ep.
1287 832 1338 865 jin.
1399 837 1484 859 terere
1498 840 1600 867 tempus
1610 832 1705 859 frustra
1717 832 1773 857 Cic.
1788 840 1837 866 pro
1852 832 1925 857 Rosc.
1938 831 2015 856 Com.
2028 838 2051 855 c.
2066 838 2102 861 ¹4-
2158 826 2310 867 Describere
2330 823 2432 865 ahquid

300 867 437 901 Percipere
455 865 599 892 modestiae
611 865 729 891 fruc'tum
747 866 863 900 aliquem
882 866 938 893 Cic.
951 876 1000 900 pro
1012 867 1083 894 Sulla
1103 876 1122 893 1.
1192 867 1339 901 Percipitur
1400 867 1495 894 frustra
1514 868 1586 894 Idem
1599 869 1652 894 Att.
1668 876 1701 900 13,
1717 875 1749 897 13.
1821 867 1879 893 Nec
1896 865 1991 893 frustra
2005 874 2032 891 ac
2052 864 2104 891 fine
2118 864 2192 890 causa
2207 862 2270 894 quid
2283 861 2382 901 facere,
2394 859 2432 887 d1÷

298 912 330 929 ex
343 902 429 929 literis
443 901 545 928 fruetus
565 900 637 927 Idem
651 901 722 927 Fam.
737 909 777 934 15,
793 910 831 934 14.
901 901 1011 929 Perdere
1029 904 1101 929 vitae
1120 902 1263 937 superioris
1283 902 1337 928 fru-
1352 911 1387 932 20
1400 912 1481 937 gnum
1493 903 1543 930 deo
1556 904 1608 936 est,
1625 903 1697 938 quod
1717 901 1844 929 abhorret
1862 901 1894 927 ab
1913 901 2029 928 hominis
2048 899 2191 926 constantia
2210 898 2247 924 Id.
2261 897 2292 922 de
2306 897 2398 923 Dium.
2410 903 2432 933 2,

300 938 372 964 &um
391 937 448 964 cic.
468 936 499 962 de
511 936 602 962 Diuin.
615 945 646 970 2,
667 945 705 969 14.
775 937 894 963 Perferre
914 937 1048 970 nucitum,
1074 938 1128 965 vid.
1150 945 1217 965 PER
1230 944 1338 964 FERO.
1401 946 1452 971 125.
1521 940 1667 973 Implorare
1695 938 1790 965 frustra
1814 937 1944 964 auxilium
1969 937 2080 963 alicuius
2111 935 2168 962 Cic.
2189 934 2220 960 de
2239 933 2313 959 Orat.
2331 939 2355 963 2,
2375 935 2432 964 1445

299 975 389 1000 Petere
411 972 529 998 frucium
547 981 603 998 non
624 980 655 998 ex
675 972 740 1007 stipe
764 971 985 1005 aduocationum,
1010 973 1052 1000 sed
1070 982 1101 999 ex
1121 975 1211 1000 animo
1229 974 1292 1005 suo,
1313 978 1339 999 et
1400 973 1579 1001 Obambulare
1604 975 1685 1001 Plaut.
1703 975 1776 1007 Capt.
1795 982 1818 1007 3,
1838 982 1858 1005 1,
1874 982 1907 1005 31.
1977 972 2110 1006 Suscipere
2123 969 2218 997 frustra
2232 967 2351 995 laborem
2377 967 2432 995 Cic·

300 1007 539 1041 contemplatione,
558 1016 588 1034 ac
602 1007 709 1033 scientia
729 1008 860 1041 Quinftil.
876 1017 902 1040 1,
917 1017 950 1035 12.
1045 1010 1173 1043 Repetere
1191 1010 1338 1044 praemium
1401 1008 1432 1035 de
1445 1010 1564 1036 Vniuers.
1579 1019 1615 1042 33.
1685 1009 1788 1036 Frustra
1801 1008 1898 1035 habere
1916 1007 2047 1041 aliquem,
2061 1015 2110 1043 pro
2124 1008 2242 1040 Decipere
2261 1010 2284 1029 et
2296 1005 2433 1044 *circumua-

299 1051 324 1071 et
343 1043 458 1070 fruchnn
479 1041 562 1069 officii
587 1043 643 1069 Cic.
660 1049 746 1078 anteq.
767 1044 820 1070 iret
838 1044 867 1070 in
887 1044 950 1070 exil.
970 1052 996 1077 4.
1072 1044 1147 1071 Idem
1168 1054 1217 1080 pro
1231 1044 1308 1071 Arch.
1322 1052 1338 1070 2
1400 1048 1463 1071 nire.
1498 1045 1579 1072 Plaut.
1594 1045 1690 1079 Amph.
1703 1054 1757 1079 arg.
1773 1054 1794 1076 2,
1807 1052 1820 1077 ς
1847 1045 1871 1071 Is
1884 1043 2052 1070 aduenientes
2066 1044 2170 1069 seruum
2184 1046 2211 1067 et
2230 1039 2368 1078 dominum
2380 1037 2434 1064 frib

299 1082 395 1107 Earum
413 1086 503 1105 rerum
521 1079 659 1110 omnium,
679 1079 721 1104 vel
740 1080 769 1105 in
782 1079 876 1114 primis
898 1079 940 1106 hic
954 1080 983 1105 A.
998 1079 1116 1106 Licinius
1135 1081 1252 1107 fruetum
1266 1089 1280 1106 a
1293 1088 1336 1105 me
1351 1089 1383 1115 εις
1398 1076 1452 1106 ’111-3
1470 1080 1557 1107 habet.
1624 1082 1715 1108 Tacit.
1730 1083 1798 1107 Ann.
1815 1088 1849 1112 13,
1858 1087 1889 1114 37
1919 1079 2003 1113 Igitur
2017 1077 2152 1109 Corbulo,
2164 1075 2280 1116 quaesito
2299 1073 2346 1100 diu
2365 1080 2434 1114 prag.-

301 1117 429 1150 Repetere
450 1122 532 1148 prope
550 1114 596 1140 suo
612 1114 670 1140 iure
685 1113 771 1141 debet.
843 1115 1010 1149 Respondens
1029 1115 1115 1141 labori
1134 1116 1235 1142 fruous
1254 1114 1336 1142 Ouid.
1397 1115 1454 1145 lio,
1466 1116 1558 1143 frustra
1578 1116 1692 1143 habitus.
1747 1118 1778 1142 Et
1790 1117 1875 1151 paullo
1892 1114 1949 1149 post
1964 1123 1986 1140 c.
2003 1123 2028 1147 51
2063 1115 2137 1146 Qiae
2152 1112 2229 1139 breui
2244 1111 2359 1140 seruata,
2374 1107 2435 1151 dem

300 1152 364 1178 Fast.
378 1160 411 1183 4,
424 1152 481 1182 641.
553 1149 660 1181 Serere,
679 1150 831 1184 percipere,
856 1156 881 1176 et
899 1150 1012 1179 condere
1031 1150 1133 1177 frufius
1152 1153 1207 1178 Cic.
1227 1151 1259 1177 de
1279 1151 1338 1177 Sen.
1396 1151 1497 1181 frustra
1520 1151 1609 1178 habita
1632 1153 1698 1178 sunt.
1741 1151 1873 1177 Ammian.
1889 1156 1924 1183 18,
1938 1152 1962 1176 6.
1978 1156 2001 1176 et
2020 1157 2062 1181 24,
2081 1159 2108 1183 4.
2178 1146 2281 1186 Frustra
2302 1145 2367 1185 else,
2386 1149 2435 1185 BF?

301 1196 333 1219 24
359 1195 380 1212 c.
401 1193 426 1220 7.
496 1184 604 1211 Sustulit
623 1194 731 1219 magnos
754 1185 856 1212 fruc‘tus
875 1185 1007 1219 Qinffil.
1028 1194 1056 1219 ς,
1079 1196 1115 1213 10.
1185 1188 1338 1213 Procreatae
1399 1187 1585 1222 Decipi‚salli.
1620 1188 1703 1213 Plaut.
1717 1188 1783 1214 Pers.
1802 1196 1819 1217 1,
1835 1196 1857 1218 3,
1870 1188 1904 1212 60
1936 1186 2082 1220 Nunquam
2100 1183 2187 1210 hercle
2202 1182 2283 1222 hodie
2302 1179 2346 1219 hic
2364 1187 2443 1214 prim.

298 1223 356 1249 sunt
376 1219 484 1255 pecudes
503 1220 536 1246 ad
555 1220 672 1246 fructum
686 1221 797 1255 partim,
818 1222 915 1255 partim
929 1222 960 1247 ad
978 1222 1051 1248 vsum
1065 1222 1222 1254 hominum,
1241 1221 1338 1257 partim
1399 1222 1471 1254 edis,
1484 1231 1531 1248 nec
1544 1223 1638 1250 frustra
1652 1223 1706 1249 sies.
1758 1222 1858 1248 Sallust.
1872 1222 1899 1247 in
1913 1220 2032 1255 Iugurth.
2047 1230 2068 1246 c.
2084 1225 2111 1252 85
2138 1220 2200 1252 Qo
2212 1216 2279 1258 nubi
2293 1223 2378 1243 acrius
2392 1213 2434 1242 aab

298 1258 330 1284 ad
344 1255 498 1283 vescendum
513 1256 568 1282 Cic.
583 1255 615 1281 de
629 1256 721 1290 Legib.
738 1265 758 1288 1,
778 1264 805 1289 23
826 1266 847 1283 c.
862 1263 884 1287 8.
933 1259 983 1283 Hic
999 1257 1100 1284 fruc‘tus
1113 1257 1176 1293 stant
1193 1258 1247 1290 lac,
1268 1258 1337 1290 lana,
1349 1266 1381 1291 30
1398 1258 1536 1284 nitendum
1550 1258 1599 1290 est,
1614 1265 1642 1285 vt
1661 1267 1747 1293 neque
1760 1267 1808 1284 vos
1821 1257 1979 1291 capiamini,
1996 1263 2022 1282 et
2039 1256 2081 1282 illi
2101 1254 2196 1281 frustra
2207 1256 2263 1280 lint.
2334 1250 2449 1292 Frustra¹

298 1293 389 1328 parui,
408 1298 453 1317 fec.
523 1292 695 1325 Permagnum
708 1291 759 1318 hoc
772 1292 808 1318 est
820 1293 852 1319 ad
864 1292 948 1319 animi
962 1292 1078 1319 fruehnn
1097 1300 1123 1319 et
1137 1293 1265 1319 laetitiam
1281 1293 1337 1319 Cic.
1399 1294 1464 1326 esse,
1484 1295 1541 1320 Non
1550 1293 1668 1329 prodeffiv.
1706 1294 1772 1320 Cels.
1786 1303 1808 1326 3,
1821 1301 1837 1319 2
1856 1293 1927 1325 Qua
1941 1293 2043 1318 curatio
2056 1291 2144 1317 minus
2159 1290 2191 1316 iis
2204 1286 2325 1323 prodest,
2338 1295 2367 1313 m
2379 1285 2436 1326 qui-3

298 1328 331 1355 de
352 1329 381 1354 L.
396 1328 487 1361 Agrar.
507 1335 537 1358 2,
559 1335 582 1358 ς.
777 1325 798 1364 ff
816 1338 835 1362 4
872 1328 999 1360 Fruftus,
1017 1332 1083 1364 apud
1102 1329 1290 1364 Iurifio›ffultos
1309 1329 1339 1355 in
1398 1328 1448 1355 bus
1460 1329 1553 1356 affidue
1567 1329 1663 1356 frustra
1676 1330 1738 1356 fuit.
1810 1329 1914 1355 Frustra
1933 1329 1982 1354 effe
1995 1328 2106 1358 dicitur,
2124 1324 2196 1360 Quod
2206 1327 2300 1365 exitum
2310 1321 2436 1361 speratum!
2448 1322 2460 1362 l.

296 1372 456 1399 quocunque
468 1362 602 1396 possessore
616 1361 817 1396 intelliguntur,
838 1364 894 1397 Qi
914 1363 1032 1390 deductis
1050 1364 1195 1390 necessariis
1217 1363 1338 1398 impensis
1397 1374 1446 1391 non
1465 1365 1551 1395 habet,
1571 1365 1678 1401 quodque
1698 1375 1745 1391 non
1763 1374 1792 1390 ex
1805 1364 1932 1400 sententia
1949 1366 2035 1390 euenit.
2090 1360 2191 1388 Sallust.
2204 1368 2233 1385 m
2246 1357 2364 1393 Iugurth.
2383 1366 2406 1383 c.
2419 1362 2438 1399 7
2455 1371 2458 1373 Δ
2477 1361 2479 1367 ⁴

299 1400 367 1425 circa
385 1407 429 1425 eos
448 1397 538 1430 faffiiS,
560 1398 695 1431 supersunt
717 1398 734 1424 1.
750 1400 780 1430 36
810 1398 833 1435 §.
849 1399 895 1425 vlt.
923 1400 954 1425 D.
975 1399 1008 1426 de
1027 1398 1117 1426 hered.
1139 1400 1214 1434 petit.
1235 1400 1252 1425 l.
1266 1407 1283 1434 7
1304 1399 1336 1426 D.
1399 1407 1463 1426 extr.
1494 1401 1577 1426 Cuius
1599 1409 1686 1435 neque
1709 1400 1862 1431 confilium,
1887 1407 1973 1433 neque
1997 1399 2131 1432 inceptum
2152 1395 2235 1423 vllum
2256 1394 2352 1434 frustra
2374 1396 2436 1433 era-G.

296 1435 374 1461 solut.
387 1433 501 1460 matrim.
575 1433 680 1467 leian.
698 1433 714 1458 l.
729 1442 759 1466 ¹4
777 1431 801 1495 ξ.
818 1444 826 1460 ι
849 1436 881 1461 D.
899 1434 930 1460 de
943 1435 989 1461 vsu
1002 1441 1028 1461 et
1042 1435 1124 1461 habit.
1146 1436 1211 1461 Vsus
1224 1435 1337 1466 fructus,
1352 1448 1381 1474 ὃς
1399 1436 1478 1469 Apul.
1492 1435 1567 1469 Apol.
1582 1445 1606 1469 p.
1621 1444 1678 1468 435,
1693 1444 1719 1461 12
1734 1435 1848 1466 floridi,
1869 1434 1945 1461 Erras
1956 1454 1965 1467 ,
1983 1433 2146 1463 Aemiliane,
2158 1438 2184 1458 et
2200 1431 2279 1465 longe
2291 1430 2369 1456 huius
2383 1434 2437 1455 anl-

298 1480 331 1497 an
346 1470 446 1496 fructus
461 1469 578 1502 legetur,
596 1468 665 1494 nihil
682 1469 777 1495 interes
792 1489 797 1494 .
847 1470 917 1496 Nam
937 1469 1039 1496 fruehii
1059 1476 1084 1497 et
1101 1471 1160 1496 vsus
1179 1471 1258 1501 inest,
1278 1470 1337 1496 vsui
1398 1471 1438 1497 mi
1453 1471 1548 1497 frustra
1562 1480 1597 1496 es.

296 1505 398 1533 fruetus
413 1504 481 1531 deest
495 1515 500 1530 :
528 1510 553 1530 et
574 1504 676 1530 fructus
694 1504 802 1538 quidem
817 1504 869 1531 fine
883 1506 929 1531 vsu
948 1506 996 1532 ess'e
1014 1515 1069 1532 non
1086 1506 1184 1540 potest,
1205 1506 1264 1531 vsus
1283 1505 1336 1531 line
1436 1512 1506 1532 FRV
1517 1511 1632 1537 STRO,
1651 1508 1704 1532 are.
1742 1501 1854 1538 [ψεύδω]
1889 1505 2014 1538 Decipere.
2051 1503 2123 1530 Caes.
2138 1502 2165 1528 in
2177 1503 2280 1541 Fragm.
2305 1500 2370 1527 Non
2382 1490 2437 1540 stii-

295 1540 386 1568 fruciu
405 1540 497 1574 potest.
551 1540 673 1574 Denique
693 1540 710 1565 fi
731 1539 783 1566 tibi
803 1540 904 1567 fruetus
923 1540 1037 1567 deducto
1055 1543 1101 1567 vsu
1117 1541 1214 1575 legatus
1232 1541 1277 1573 fit,
1296 1542 1335 1567 in·
1398 1541 1487 1567 strabo
1505 1550 1553 1567 vos
1572 1541 1688 1572 milites,
1706 1540 1773 1575 apud
1783 1538 1905 1567 Diomed.
1922 1547 1931 1564 1
1950 1547 1974 1573 p.
1993 1545 2047 1570 393.
2083 1538 2164 1564 Plaut.
2177 1537 2235 1564 Mil.
2252 1545 2274 1568 3,
2287 1543 2308 1568 3,
2320 1544 2337 1569 9
2360 1535 2435 1575 Qun

297 1576 363 1602 vtile
387 1590 432 1595 ——
455 1575 579 1609 legatum.
631 1576 661 1601 Et
680 1575 697 1600 fi
710 1575 847 1603 vsufru&u
860 1577 947 1610 legato
968 1577 1071 1603 fruc'his
1082 1577 1230 1609 adimatur,
1250 1583 1336 1603 totum
1399 1585 1448 1611 ego
1460 1585 1503 1602 me
1518 1576 1629 1606 frustm,
1641 1575 1778 1610 postquam
1792 1574 1918 1601 adbibere
1929 1582 2000 1599 ineas
2013 1582 2089 1600 aures
2101 1579 2174 1600 tuam
2185 1580 2288 1600 moram
2299 1576 2435 1597 orationis.

296 1611 445 1641 ademtum,
466 1617 510 1635 etc.
601 1610 744 1649 Fiuchuuu
762 1612 808 1638 alii
822 1612 981 1644 Pendentes,
1000 1613 1047 1639 alii
1066 1613 1182 1647 Percepti
1202 1612 1336 1639 dicuntur.
1347 1626 1384 1651 40
1398 1612 1472 1647 Cous.
1488 1612 1561 1638 Non.
1576 1619 1603 1645 7,
1619 1620 1656 1644 44
1676 1619 1708 1637 ex
1722 1611 1886 1644 Pomponio,
1907 1610 2014 1635 Miseret
2027 1618 2070 1639 me
2089 1617 2201 1641 eorum,
2221 1606 2329 1647 quisine
2348 1604 2436 1644 fruiti·

296 1645 439 1673 Pendentes
460 1646 532 1675 sunt,
562 1645 618 1678 Qu
637 1652 706 1671 terra
725 1645 809 1672 adhuc
827 1649 1013 1681 continentur,
1031 1648 1079 1682 qui
1101 1654 1186 1675 terrae
1208 1654 1234 1674 et
1251 1647 1337 1675 fundo
1399 1654 1519 1674 ventrem
1540 1646 1698 1674 frustrarunt
1719 1647 1803 1673 suum.
1856 1644 1926 1673 Gell.
1940 1650 1975 1677 18,
1989 1653 2004 1671 2
2035 1645 2117 1681 refert
2135 1645 2182 1672 huc
2199 1645 2282 1680 versus
2300 1651 2329 1668 ex
2348 1640 2440 1671 Saum

300 1682 441 1708 cohaerent
456 1680 471 1705 Ι.
485 1688 523 1712 44
543 1680 573 1704 D.
583 1681 614 1705 de
629 1681 669 1706 rei
684 1680 785 1706 vendic.
806 1682 823 1707 l.
840 1691 863 1708 12
882 1681 904 1718 §.
918 1684 1034 1709 Iulianus
1054 1684 1085 1709 D.
1095 1683 1127 1709 de
1141 1684 1209 1710 vsuf.
1245 1685 1338 1719 Appel-
1398 1684 1436 1717 Q
1450 1682 1544 1715 Ennii,

296 1719 383 1743 tantur
402 1724 424 1742 ει
439 1715 531 1741 stantes
545 1714 647 1740 fruftus
659 1715 688 1740 in
703 1715 719 1740 l.
732 1723 749 1749 7
775 1714 797 1751 ᾗ.
818 1717 950 1743 interdum
971 1719 1002 1744 D.
1023 1718 1100 1743 solut.
1118 1719 1234 1745 matrim.
1285 1720 1336 1745 His
1502 1719 1571 1744 Nam
1586 1717 1634 1751 qui
1648 1717 1734 1751 lepide
1746 1716 1858 1752 postulat
1871 1716 1983 1743 alterum
2001 1716 2138 1747 frustrari,
2153 1715 2193 1750 (f.
2206 1713 2348 1741 frustrare)
2396 1744 2402 1749 ¹

293 1758 450 1812 ίοίρρωὲιιηιιιν
461 1750 592 1810 Ιᾏςτςεΐρά,
611 1751 663 1785 Qi
674 1750 774 1786 scilicet
786 1751 1114 1788 1'a771afhlofiparatisunt
1132 1752 1156 1788 §.
1168 1754 1190 1778 is
1203 1762 1278 1784 vero,
1297 1754 1336 1779 in-
1502 1755 1590 1786 Quem
1608 1752 1831 1788 frustratur„(f.
1850 1761 1929 1786 quem
1951 1760 2005 1812 11οὲ
2024 1751 2147 1813 ἶὸυῆῐειίῐΐ)
2169 1749 2263 1778 frustra
2288 1754 2349 1773 eum
2378 1742 2406 1770 dx

316 1791 345 1811 it.
382 1794 458 1811 erer.
491 1794 528 1810 uu
543 1804 549 1810 .
1374 1793 1386 1800 ·
2000 1796 2031 1813 tu
2055 1796 2082 1813 ra
2102 1796 2115 1813 e
2137 1796 2151 1812 e

333 1825 350 1845 F
365 1825 385 1845 R
398 1825 419 1843 v
435 1825 451 1844 C
467 1825 489 1844 Τ
504 1825 521 1844 Ε
536 1826 549 1845 s
566 1824 584 1845 C
598 1825 635 1851 0,
655 1821 709 1846 ere.
745 1820 847 1847 Marius
862 1820 967 1848 171ἐὶ01·-
1005 1841 1011 1848 .
1049 1841 1057 1849 .
1085 1813 1103 1849 ⁶.
1137 1821 1221 1848 Vario
1238 1821 1335 1848 frufte-
1351 1795 1384 1819 4)
1502 1822 1574 1849 Nam
1590 1821 1636 1855 qui
1650 1821 1703 1847 sese
1715 1820 1838 1847 frustrari
1852 1821 1891 1855 (f.
1905 1821 2047 1852 frustrare)
2063 1830 2142 1854 quem
2155 1819 2251 1846 frustra
2264 1816 2351 1847 sentit,

292 1856 362 1882 scere
380 1854 444 1880 fetu·
487 1884 497 1892 ..
1502 1858 1559 1891 Qii
1577 1856 1717 1883 frustratur
1731 1856 1770 1891 (f.
1784 1855 1909 1887 frustrat)
1923 1856 1943 1881 is
1956 1855 2051 1882 frustra
2066 1856 2114 1886 est,
2130 1855 2147 1881 fi
2160 1863 2215 1881 non
2227 1854 2272 1880 ille
2286 1853 2322 1879 est
2336 1850 2417 1878 frustr

332 1894 349 1916 F
361 1895 438 1916 RVC
449 1893 470 1913 T
484 1895 493 1914 1
512 1893 528 1913 F
540 1893 556 1913 Ε
568 1894 586 1913 R
598 1907 606 1919 ⁹
634 1888 694 1918 31³,
719 1888 804 1913 grum·
842 1888 903 1914 Adi·
939 1889 1123 1924 [καρποφόρος]
1169 1893 1258 1917 ferens
1273 1891 1337 1925 sru-
1399 1893 1468 1926 Quas
1490 1891 1646 1917 consefflaras
1663 1894 1691 1916 in
1704 1891 1846 1925 parenthesi
1860 1892 2001 1925 pofiaeimus,
2016 1900 2055 1917 eae
2067 1897 2131 1917 certe
2148 1897 2224 1917 metro
2237 1891 2403 1919 conueniunt,
2430 1914 2445 1922 -.

294 1925 369 1953 isium.
412 1924 477 1951 Plin.
493 1931 528 1954 12,
544 1931 557 1955 3
578 1924 652 1956 Qiae
666 1931 697 1948 cx
711 1921 752 1949 his
765 1922 913 1949 incolarum
928 1931 1040 1948 numero
1054 1925 1102 1950 ess'e
1114 1932 1234 1958 coepere,
1249 1925 1337 1951 dicen·
1392 1927 1545 1960 sententiam
1559 1924 1668 1958 efficiunt
1685 1927 1761 1950 Ennio
1775 1935 1823 1950 non
1836 1925 1975 1960 indignam.
2192 1932 2204 1949 a
2241 1924 2363 1950 Frustror
2377 1917 2444 1955 Pcffi·

295 1969 338 1988 tur
351 1962 419 1993 inter
431 1958 591 1986 fructiferas.
629 1958 702 1993 Coris.
719 1958 825 1984 Colum.
841 1966 871 1989 11,
883 1966 908 1984 2.
943 1964 967 1983 et
981 1957 1075 1985 Pallad.
1090 1958 1168 1985 Febr.
1191 1966 1208 1985 t.
1223 1968 1265 1991 29.
1353 1968 1385 1994 50
1400 1959 1540 1986 Fenestella
1556 1959 1623 1994 apud
1640 1959 1760 1985 Priscian.
1774 1964 1787 1988 8
1801 1968 1826 1992 p.
1839 1966 1887 1992 793
1902 1966 1966 1985 extr.
1986 1958 2132 1985 Frustratus
2155 1958 2238 1993 igitur
2255 1967 2270 1984 a
2291 1960 2349 1993 spe,
2366 1955 2437 1984 deut·

334 2003 350 2023 Ρ
361 2003 379 2022 R
390 2002 409 2020 v
421 2001 437 2021 c
447 2001 468 2020 T
480 2001 486 2019 1
500 2000 516 2020 F
527 1992 539 2019 f
548 2000 564 2020 c
574 2000 592 2020 o
602 2012 609 2024 ,
629 1998 689 2024 are3
716 2000 739 2019 et
760 2000 777 2020 F
789 2000 806 2019 R
820 2000 895 2020 vc'r
905 2001 914 2019 1
924 1992 1015 2020 rien
1025 2000 1085 2029 Ns,
1102 1995 1178 2020 antis.
1219 1996 1337 2030 frequen·
1400 1995 1456 2021 &us
1475 1996 1503 2021 in
1523 1995 1603 2021 castra
1616 1995 1640 2020 se
1661 1994 1767 2028 recepit.
1788 1994 1946 2026 ματαιωθιίς.
1993 1994 2120 2020 Laberius
2139 1994 2244 2026 ibidem,
2264 1991 2438 2024 Frustramur',

293 2039 332 2060 ter
346 2035 372 2058 in
387 2030 466 2065 Vulg.
480 2030 592 2063 Interpr.
606 2029 662 2054 Lat.
698 2034 721 2053 et
736 2029 803 2063 apud
815 2029 937 2054 Tertull.
964 2038 983 2054 e.
997 2038 1021 2064 g.
1041 2029 1074 2055 de
1093 2030 1199 2057 Resurr.
1214 2031 1291 2057 Carn.
1313 2039 1336 2056 c.
1398 2031 1554 2058 irridemur.
1609 2030 1672 2056 Aur.
1685 2028 1757 2056 Vici.
1772 2029 1804 2055 de
1819 2029 1876 2055 Vir.
1892 2029 1937 2056 Ill.
1951 2037 1984 2062 42
2012 2029 2145 2056 Hannibal
2163 2044 2208 2050 —
2227 2038 2242 2055 a
2256 2029 2338 2056 Fabio
2352 2027 2438 2054 Maxi-

294 2076 334 2101 52.
370 2074 393 2093 et
415 2066 446 2092 de
465 2064 615 2098 Praescript.
636 2073 656 2090 c.
670 2066 702 2095 36
716 2073 722 2088 :
750 2064 872 2098 improbat
891 2073 949 2089 uero
967 2063 1063 2098 Voffi'us
1080 2065 1109 2091 de
1126 2067 1156 2092 L.
1170 2066 1200 2092 L.
1219 2076 1252 2100 4,
1272 2072 1288 2095 8
1314 2071 1337 2092 et
1399 2076 1446 2093 mo
1464 2066 1604 2093 frustratus
1627 2079 1672 2085 —-
1698 2064 1818 2099 repulsus
1843 2079 1888 2085 —-
1912 2065 2014 2099 fugatus
2029 2071 2075 2091 etr.
2097 2065 2170 2100 Quod
2182 2061 2324 2100 frustra'in
2337 2062 2436 2089 fradhis
2454 2094 2456 2103 k

294 2103 388 2129 mauult
403 2100 517 2127 Fruc'lum
529 2099 603 2135 ferre
623 2100 664 2126 vel
680 2098 756 2125 edere·
1397 2109 1495 2128 mutare
1510 2101 1626 2128 schottus
1639 2100 1727 2127 voluit.
1771 2099 1838 2126 Vell.
1853 2109 1875 2131 2,
1890 2109 1931 2132 43,
1945 2109 1960 2126 2
1980 2101 2114 2127 Intellexit
2126 2100 2278 2129 frustratum
2291 2100 2339 2126 effe
2351 2098 2437 2125 visum

334 2144 350 2163 F
362 2145 381 2164 R
392 2144 435 2164 vc
447 2141 563 2162 T1P1c
575 2136 639 2162 ᾹΤΙ
651 2141 685 2165 o,
703 2134 773 2160 onis.
791 2133 812 2160 f.
837 2132 955 2160 Tertull.
970 2132 1030 2159 adu.
1045 2133 1127 2160 Marc.
1141 2143 1169 2167 4,
1184 2142 1214 2166 39
1234 2133 1336 2160 Fructi-
1352 2142 1381 2167 55
1399 2137 1484 2161 suum.
1540 2136 1707 2161 Frustrantur
1725 2136 1869 2162 tenuiffima
1887 2137 1932 2171 spe
1950 2137 2072 2170 ignauius
2094 2137 2205 2171 quisque
2224 2134 2323 2162 Sallust.
2345 2133 2413 2160 Hist.
2424 2141 2437 2166 3
2452 2140 2456 2155 1
2470 2138 2479 2167 ῃ

297 2172 431 2199 ficationes
445 2171 514 2205 signa
526 2170 707 2197 suntaestatis.
1134 2191 1139 2196 .
1397 2172 1472 2196 Orat.
1491 2170 1576 2196 Macri
1595 2178 1632 2201 19.
1679 2170 1736 2196 Vid.
1754 2170 1822 2197 Cort.
1840 2179 1865 2205 p.
1885 2179 1949 2206 974.
2141 2170 2162 2214 ff
2183 2182 2194 2205 3
2231 2172 2325 2207 Depon.
2353 2169 2431 2196 plaut.
2454 2170 2479 2203 l‘i

333 2214 460 2234 FRVCT
472 2213 493 2232 V
505 2206 554 2232 sin
566 2212 576 2232 1
589 2212 650 2237 Vs,
670 2214 701 2237 a,
719 2214 774 2231 um.
801 2203 861 2231 Adi.
899 2203 1051 2238 μάμμης,
1072 2201 1226 2238 ἓπικοῖρπιος]
1262 2203 1337 2229 Cuius
1398 2204 1494 2239 Amph.
1509 2213 1530 2235 ρ,
1544 2213 1570 2236 2,
1581 2213 1632 2230 200
1664 2204 1764 2230 Nescio
1783 2206 1841 2238 quis
1859 2207 2043 2239 praestigiator
2063 2206 2130 2234 hanc
2148 2204 2432 2235 frustraturmulierem
2477 2216 2479 2222 ·

295 2241 329 2276 est
343 2240 470 2279 fruHus,
487 2242 528 2267 vel
537 2240 581 2267 Ad
593 2239 711 2275 frustum
725 2242 870 2275 pertinem,
883 2247 927 2266 aut
941 2241 1028 2266 ferm
1040 2237 1169 2274 frustum.
1205 2238 1336 2264 Columel.
1398 2240 1466 2267 Ter.
1480 2240 1507 2266 in
1523 2239 1590 2273 prol.
1606 2239 1670 2265 Eun.
1686 2248 1715 2271 14
1734 2239 1836 2265 Dehinc
1856 2248 1888 2265 ne
1904 2241 2046 2268 frustretur
2058 2242 2112 2273 ipse
2126 2242 2167 2274 se,
2180 2249 2225 2268 etc.
2262 2242 2382 2269 Cic-‚mc
2395 2244 2429 2272 12,

298 2288 319 2311 ι,
333 2281 350 2304 6
373 2279 403 2304 Et
418 2277 554 2304 diuidatur
567 2275 668 2302 villain
680 2282 732 2301 tres
745 2282 828 2309 partes
840 2295 847 2306 ,
867 2275 1009 2305 vrbanam,
1028 2274 1166 2305 rusticam,
1180 2280 1205 2300 et
1218 2274 1335 2300 fruoua-
1398 2281 1423 2305 18
1449 2275 1574 2302 Cocceius
1594 2274 1669 2305 vide,
1682 2283 1714 2300 ne
1734 2275 1884 2301 frustretur.
1915 2275 1989 2311 Conf.
2012 2276 2091 2310 Epist.
2110 2284 2144 2308 13.
2216 2277 2334 2312 Imagine
2355 2274 2429 2305 vetb'i

296 2315 373 2341 riam.
409 2315 484 2340 Alias
499 2310 668 2338 Fruenmrius
683 2310 779 2345 palmes
793 2310 899 2336 Colum.
913 2318 935 2342 ς,
948 2312 974 2342 6,
988 2318 1027 2342 29.
1048 2309 1077 2336 de
1089 2319 1134 2345 quo
1146 2309 1188 2335 illo
1202 2319 1265 2335 anno
1278 2310 1334 2345 spe-
1344 2316 1379 2340 60
1397 2311 1539 2338 frustratur
1558 2318 1615 2343 pars
1631 2319 1744 2342 vocum,
1762 2313 1781 2337 ι’.
1800 2310 1886 2337 illudit
1906 2311 1969 2337 Echo
1988 2311 2093 2337 Lucret.
2112 2321 2148 2343 4,
2169 2318 2228 2345 574.
2301 2312 2357 2339 Sall.
2376 2312 2431 2344 lug
2453 2336 2455 2339 ,

295 2356 370 2376 ratur
383 2347 500 2384 frus-Ius.
554 2347 594 2373 Sic
607 2346 686 2373 Oculi
709 2345 850 2381 frti-&uarii
870 2345 943 2371 Idem
956 2354 976 2377 3,
991 2351 1025 2376 18,
1038 2354 1065 2378 4.
1085 2352 1109 2371 ct
1127 2345 1205 2371 Rami
1224 2353 1247 2377 5,
1262 2354 1287 2377 9,
1302 2351 1336 2377 ις.
1398 2352 1436 2380 58,
1449 2355 1460 2377 3
1491 2346 1566 2372 Pauci
1586 2345 1657 2378 (tela
1675 2346 1821 2379 mittentes)
1838 2346 1865 2371 in
1880 2345 2002 2379 pluribus
2023 2345 2104 2379 (quos
2116 2348 2252 2380 peterent)
2271 2349 2356 2373 :ninus
2377 2347 2433 2377 sru-
2454 2343 2456 2388 ζ

297 2384 394 2412 Decisis
407 2384 476 2409 male
491 2382 557 2408 natis
570 2387 596 2407 et
608 2381 742 2408 veteribus
761 2381 860 2414 (ramis
872 2381 889 2406 s.
899 2381 1032 2416 surculis)
1046 2380 1168 2406 nouellos
1181 2385 1207 2406 et
1218 2380 1336 2406 fruetua-
1398 2381 1483 2409 strati.
1521 2383 1552 2407 Et
1567 2389 1617 2412 101,
1631 2389 1643 2412 3
1664 2381 1703 2406 113
1711 2382 1864 2414 Iugurtham
1878 2381 1932 2414 spes
1942 2379 2073 2406 frustrata.
2125 2379 2239 2406 Paull.in
2254 2381 2272 2407 I.
2285 2381 2327 2406 sed
2340 2379 2373 2407 ad
2385 2389 2432 2406 eos
2454 2394 2456 2419 ς

295 2420 351 2446 rios
372 2420 445 2445 serua
465 2417 560 2445 Pallad.
581 2426 602 2449 3,
622 2425 659 2443 12.
729 2417 817 2443 Varro
836 2415 867 2441 dc
881 2416 912 2441 R.
926 2417 956 2442 R.
970 2424 996 2445 2,
1010 2425 1037 2448 4,
1052 2423 1081 2450 17
1109 2415 1225 2441 Scrofam
1244 2423 1335 2449 parere
1398 2418 1430 2444 D.
1444 2425 1477 2443 ex
1497 2416 1594 2451 quibus
1614 2416 1694 2441 caufis
1713 2415 1843 2447 maiores,
1860 2415 1908 2441 Sed
1927 2415 1958 2441 ad
1972 2423 2017 2441 eos
2032 2415 2160 2449 pertinet,
2175 2416 2222 2450 qui
2234 2415 2357 2442 conuenti
2375 2415 2430 2441 fru-
2454 2421 2455 2427 ¹

296 2461 336 2482 tot
348 2460 454 2489 oportet
468 2461 577 2488 porcos,
595 2457 661 2486 quot
675 2460 801 2478 mammas
816 2451 926 2477 habeat:
965 2450 983 2476 fi
1002 2452 1089 2477 miuus
1107 2451 1206 2485 pariat,
1222 2450 1336 2477 frueiua-
1397 2453 1523 2479 strantur:
1546 2457 1573 2478 et
1585 2451 1704 2485 qualibet
1721 2451 1939 2485 tergiuersatione
1958 2457 1983 2477 et
1995 2451 2102 2478 solertia
2116 2449 2286 2483 efficiunt,»ne
2303 2460 2360 2478 cum
2372 2448 2387 2477 i‘
2400 2449 2431 2476 si:

295 2491 363 2517 riam
377 2489 501 2516 idoneam
520 2496 574 2514 non
590 2488 646 2513 esse.
703 2486 796 2513 Galliae
817 2486 971 2512 commodae
991 2486 1163 2520 proueutibus
1183 2486 1337 2512 fruc‘tuariis
1351 2488 1381 2519 65
1398 2488 1441 2522 agi
1460 2487 1541 2521 poffit.
1606 2487 1832 2521 Exspe&ati0nem
1854 2486 1965 2511 alicuius
1986 2486 2122 2513 frustrari:
2148 2487 2172 2513 h.
2186 2496 2205 2512 e.
2234 2487 2292 2512 Non
2307 2493 2368 2521 prae
2388 2493 2431 2513 are

296 2527 378 2553 Solin.
398 2535 420 2551 c.
442 2545 448 2551 .
471 2544 477 2550 .
531 2523 596 2557 Agri
610 2521 752 2548 frue’tuarii
771 2521 842 2548 Cael.
854 2522 909 2548 Cic.
925 2522 994 2547 Fam.
1009 2526 1034 2553 8,
1047 2530 1073 2553 9.
1108 2522 1212 2551 Seruus,
1226 2521 1337 2555 Stipula-
1397 2523 1462 2559 quod
1474 2525 1531 2558 quis
1548 2519 1682 2556 asperht.
1716 2521 1780 2547 Plin.
1793 2521 1870 2555 Epist.
1884 2529 1910 2552 2,
1923 2529 1959 2547 10.
1985 2521 2058 2548 Idem
2073 2521 2152 2556 Epist.
2167 2527 2191 2554 8,
2204 2526 2239 2554 18,
2251 2529 2274 2553 3.
2327 2520 2432 2547 Colum.

297 2563 338 2588 tio
352 2568 397 2588 etc.
419 2560 435 2586 l.
450 2569 466 2587 2
490 2559 521 2585 D.
538 2558 570 2584 de
588 2558 671 2592 pecul⁴
692 2557 708 2583 l.
727 2566 745 2590 4
766 2555 789 2593 §.
804 2556 850 2583 vlt.
871 2556 903 2582 de
919 2556 992 2582 verb.
1012 2557 1095 2590 oblig.
1168 2556 1338 2582 Frufiuarius
1399 2568 1417 2588 1,
1431 2568 1450 2590 1,
1464 2567 1480 2584 2.
1494 2559 1527 2583 In
1541 2557 1715 2591 agricultura,
1728 2556 1755 2582 in
1770 2566 1820 2591 qua
1832 2556 1968 2588 voluntaS,
1980 2556 2139 2591 facultasque
2156 2557 2222 2584 citra
2236 2556 2369 2583 scientiam
2382 2556 2434 2583 sae-

296 2598 381 2629 serui,
402 2597 452 2621 Oui
463 2592 646 2631 vsumfrzct‘lum
659 2593 730 2619 habet
742 2595 769 2618 in
777 2592 865 2627 seruo:
893 2591 973 2618 Pauli.
987 2591 1004 2617 1.
1019 2593 1049 2623 63
1064 2593 1096 2617 D.
1111 2591 1143 2617 de
1157 2591 1234 2616 solut.
1254 2591 1280 2616 Si
1294 2591 1337 2617 de-
1398 2603 1429 2628 pe
1443 2602 1564 2626 magnam
1578 2592 1693 2618 dominis
1706 2592 1828 2618 adferunt
1841 2591 1984 2623 iac'iuram,
2004 2601 2087 2627 quum
2100 2592 2281 2627 imprudenter
2294 2591 2361 2619 faeta
2374 2599 2433 2626 ope-

295 2632 371 2659 bitor
390 2622 501 2658 fi‘t‘serui
520 2628 696 2658 fruchiarius,
714 2628 798 2662 potest
816 2628 837 2653 is
851 2628 939 2653 seruus
957 2635 1003 2662 per
1022 2626 1251 2660 acceptilassonem
1271 2625 1338 2651 libe-
1398 2637 1427 2654 ra
1439 2628 1597 2654 frustrantur
1609 2628 1745 2661 impensas.
1796 2629 1828 2653 Et
1841 2635 1878 2658 12,
1892 2636 1913 2660 1,
1927 2635 1940 2659 ς
1960 2627 2002 2653 Ne
2010 2628 2080 2663 serui
2092 2627 2217 2654 diuturna
2230 2629 2367 2655 cessatione
2380 2623 2444 2667 fru'g·

298 2676 355 2694 rare
370 2676 439 2693 eum.
512 2663 683 2691 Fruch1ari1=s
697 2662 810 2694 fundus,
825 2662 933 2696 Paffine:
950 2665 1068 2688 nimirum
1083 2665 1157 2688 cuius
1168 2664 1291 2697 quispiam
1304 2659 1382 2698 cst70
1398 2663 1510 2689 strentur
1523 2671 1616 2697 opera,
1637 2665 1655 2688 i.
1677 2665 1753 2688 nimis
1764 2662 1899 2696 differant,
1906 2660 2011 2697 frustra
2022 2664 2089 2690 uelut
2102 2662 2299 2699 caspe-&antibus
2311 2665 2368 2690 ileos
2379 2671 2395 2699 p

290 2701 464 2739 sruHuarius.
499 2700 606 2733 leian.
619 2698 676 2725 inl.
692 2706 704 2729 ς
717 2698 758 2723 vti
769 2697 823 2723 frui
842 2696 864 2733 §.
880 2706 889 2723 1
905 2699 936 2723 D.
953 2697 970 2723 fi
989 2697 1130 2724 vsusfrud't.
1151 2702 1228 2731 petat.
1264 2697 1336 2723 Nam
1390 2697 1502 2734 fissuis.
1555 2698 1685 2724 Frustrari
1703 2703 1729 2723 et
1748 2697 1855 2723 eludere
1873 2698 2021 2724 Poenorum
2041 2698 2152 2733 impetus
2175 2699 2232 2725 Val.
2248 2700 2317 2726 Max.
2337 2707 2361 2731 3,
2376 2705 2399 2732 8,
2453 2713 2472 2729 ι,

297 2738 341 2764 etfi
362 2737 444 2763 fundo
463 2734 611 2761 fruCtuario
629 2733 742 2759 'seruitus
756 2732 899 2763 debeatur,
917 2732 1079 2759 srueiuarius
1098 2740 1152 2757 non
1171 2732 1336 2764 seruitutem,
1397 2733 1555 2761 Lacrimulis
1576 2733 1734 2759 frustrantur
1758 2733 1827 2760 fallis
1849 2732 1942 2767 gaudia
1974 2733 2060 2761 Catul.
2079 2734 2112 2760 de
2129 2736 2212 2761 Coma
2223 2735 2314 2760 Beren.
2332 2737 2376 2767 64,
2450 2751 2451 2756 ,

298 2773 341 2799 sed
353 2770 546 2798 vsumfrnetum
559 2769 694 2796 vindicare
707 2767 784 2794 debet
798 2766 920 2793 aduersus
933 2768 1042 2795 alterius
1060 2767 1143 2794 vicini
1157 2767 1236 2793 fundi
1249 2767 1336 2794 domi·
1398 2769 1530 2795 Laborem
1546 2768 1666 2796 frustrari
1680 2768 1810 2795 Columel.
1825 2768 1852 2795 in
1866 2769 1976 2796 Praefat.
2048 2770 2116 2797 I-Ior.
2133 2771 2213 2797 Serm.
2226 2778 2248 2802 2,
2262 2778 2283 2802 3,
2297 2778 2324 2802 32
2348 2771 2372 2795 O
2387 2769 2404 2796 b

298 2817 371 2835 num.
408 2806 475 2833 Add.
491 2805 508 2831 l.
523 2813 550 2837 19
563 2804 589 2831 ff.
604 2804 635 2830 de
647 2804 722 2829 Vsur.
736 2803 753 2828 l.
766 2807 796 2832 28
808 2803 867 2829 eod·
1397 2813 1445 2835 ne,
1459 2813 1492 2831 ne
1506 2810 1532 2830 te
1567 2802 1717 2835 Frustrere,
1738 2804 1836 2830 insanis
1862 2811 1888 2831 et
1912 2810 1950 2831 tu.
2021 2805 2076 2832 Cic.
2092 2805 2170 2831 Acad.
2191 2814 2220 2838 4,
2239 2805 2270 2837 65
2290 2814 2311 2831 c.
2326 2814 2361 2831 20

339 2849 355 2870 F
367 2850 385 2868 R
395 2847 439 2868 vc
449 2849 470 2868 T
480 2848 499 2868 V
509 2842 548 2867 6s
558 2846 578 2865 v
588 2846 615 2870 s,
628 2848 659 2871 a,
674 2848 726 2864 um.
751 2837 811 2864 Adi.
847 2839 996 2873 [ἐῷκαρποῃ
1014 2836 1182 2873 πολύκαρπος]
1217 2837 1336 2873 ‚Qeifmae-
1351 2843 1384 2873 75
1398 2840 1474 2866 omni
1493 2840 1573 2871 statu,
1593 2839 1755 2874 consilioque
1773 2840 1829 2866 eius
1848 2839 1931 2866 totius
1949 2840 2020 2866 vitae
2031 2847 2076 2866 aut
2090 2848 2187 2867 certare
2202 2849 2261 2866 cum
2281 2840 2340 2867 aliis
2355 2836 2433 2876 pen-tif·

297 2877 377 2907 Ham,
394 2878 438 2904 hoc
456 2875 489 2909 ‹st
502 2877 638 2902 utilitatem
650 2871 771 2909 praestat.
808 2873 864 2899 Cic.
878 2873 961 2899 Tusc.
979 2882 1002 2903 2,
1017 2881 1042 2905 13
1054 2881 1075 2899 c.
1092 2881 1105 2906 ς
1131 2874 1201 2907 Ager
1214 2874 1336 2907 quamuis
1396 2875 1506 2909 mester,
1516 2880 1561 2902 aut
1574 2875 1695 2901 frustrari
1708 2884 1767 2901 curn
1780 2875 1854 2906 alios,
1866 2881 1922 2901 tum
1935 2876 2014 2902 etiam
2028 2885 2070 2901 me
2083 2876 2166 2909 ipsum
2180 2875 2272 2902 velim.
2329 2876 2433 2911 leianz

298 2914 397 2940 fertilis
421 2912 473 2939 fine
494 2911 612 2942 cultura,
638 2909 787 2936 fruciuosus
807 2909 855 2935 else
873 2917 927 2934 non
944 2908 1034 2943 potest.
1112 2907 1280 2936 [511ιᾶ1ιοῦ01-
1299 2910 1335 2936 est
1398 2911 1455 2938 inl.
1470 2909 1513 2936 sed
1527 2909 1571 2936 etli
1591 2910 1623 2936 D.
1637 2919 1668 2937 ex
1690 2910 1765 2945 quib.
1782 2911 1860 2937 caufis
1880 2912 1974 2938 maior.
1994 2910 2106 2937 Proinde
2127 2909 2144 2936 fi
2164 2910 2227 2937 dum
2241 2911 2299 2938 vult
2315 2912 2382 2946 apud
2397 2913 2434 2938 [οὐ

298 2948 482 2976 Adolescentia
503 2947 650 2973 liberorum
675 2944 732 2970 Sen.
748 2945 791 2978 Ep.
805 2953 830 2977 9.
902 2944 996 2971 Aratio
1015 2943 1166 2976 fructuosa,
1188 2945 1337 2972 Mercatura
1398 2952 1521 2981 quentem
1535 2947 1683 2973 Praetorem
1696 2955 1788 2980 agere,
1809 2953 1909 2980 tempus
1924 2945 2058 2972 frustratus
2071 2945 2120 2972 est:
2145 2954 2199 2971 non
2213 2946 2238 2972 ei
2251 2946 2433 2974 subuenietur.

297 2984 450 3019 quaestuosa
462 2983 561 3009 dicitur
580 2982 636 3007 Cic.
650 2980 733 3006 Tusc.
747 2986 770 3011 ς,
783 2982 814 3009 86
832 2989 853 3006 c.
871 2987 904 3010 31.
975 2980 1112 3006 Arationes
1131 2979 1296 3013 grandiferae
1310 2986 1337 3007 et
1399 2982 1544 3016 Nunquam
1564 2981 1686 3009 frustrata
1705 2983 1796 3017 sagitta
1814 2983 1875 3009 Stat.
1889 2981 1950 3008 Silu.
1971 2989 1990 3010 1,
2003 2989 2028 3012 2,
2042 2982 2082 3006 62.
2140 2981 2273 3008 Frustrato
2289 2981 2343 3009 ictu
2360 2983 2433 3009 tene-

297 3020 449 3047 fruchmsae
479 3018 552 3044 Idem
566 3017 678 3050 Philipp.
694 3024 717 3047 2,
730 3023 778 3041 101.
849 3015 880 3040 Ει
900 3014 932 3040 de
946 3015 1004 3040 Fin.
1018 3024 1037 3046 1,
1052 3022 1084 3049 72
1122 3016 1168 3041 Eas
1186 3024 1250 3050 ergo
1269 3022 1336 3042 artes
1344 3021 1376 3046 80
1398 3023 1441 3043 tur
1459 3017 1581 3044 Scaeuola
1607 3017 1676 3043 Flor.
1690 3026 1711 3049 1,
1728 3026 1765 3049 10,
1781 3026 1802 3050 ς.
1871 3017 1938 3043 Ter.
1954 3015 2063 3049 Adelph.
2082 3026 2111 3050 4,
2129 3026 2156 3049 4.
2177 3026 2197 3043 11
2235 3017 2301 3048 Abi,
2320 3017 2364 3045 abi
2377 3018 2435 3049 iam*

297 3057 515 3090 persequeretur,
530 3052 640 3079 viuendi
660 3057 743 3078 artem
762 3054 874 3080 tantam,
898 3056 1003 3084 tamque
1024 3051 1162 3084 operosam
1182 3056 1208 3077 et
1227 3051 1336 3086 perinde
1399 3052 1542 3084 Aeschine,
1561 3052 1620 3078 satis
1639 3052 1686 3078 diu
1706 3053 1787 3079 verba
1809 3052 1901 3079 dedisti
1911 3051 2002 3077 nobis:
2019 3051 2079 3077 satis
2093 3051 2175 3078 adhuc
2195 3060 2238 3079 tua
2254 3053 2375 3080 frustrata
2395 3052 2432 3080 est
2455 3051 2457 3092 J

298 3091 459 3117 frudluosam
480 3089 651 3123 relinqueret.
723 3086 771 3112 Ars
789 3084 935 3112 medicinae
951 3085 1148 3112 frucluosiffima
1174 3086 1237 3113 Plin.
1258 3095 1298 3119 29,
1317 3096 1335 3114 1.
1399 3088 1470 3115 fides.
1541 3087 1612 3113 Idem
1630 3087 1710 3114 Andr.
1725 3096 1750 3120 2,
1766 3097 1788 3120 2,
1801 3093 1829 3120 38
1854 3089 1922 3114 Bene
1936 3095 2041 3112 mones:
2060 3087 2116 3119 ibo,
2131 3088 2174 3114 erfl
2191 3088 2277 3115 hercle
2292 3090 2431 3123 tarpeiam

297 3126 428 3153 Beneficia
447 3125 503 3151 Cic.
520 3131 605 3158 anteq.
618 3123 668 3150 iret
682 3122 710 3148 in
720 3121 781 3148 exii.
796 3129 823 3154 4.
895 3120 1014 3146 Fundum
1033 3121 1235 3148 fruchiofiorem
1249 3123 1335 3149 facere
1398 3133 1440 3150 me
1456 3125 1511 3158 spes
1525 3122 1588 3150 haec
1602 3122 1723 3150 frustrata
1739 3124 1783 3150 est.
1839 3123 1894 3150 Cic.
1909 3123 1978 3148 Fam.
1992 3131 2026 3153 12,
2039 3131 2064 3154 ¹4
2080 3129 2120 3160 pr.
2149 3124 2175 3150 Si
2190 3125 2276 3156 Syriae
2297 3125 2352 3159 spes
2371 3133 2442 3151 euim

299 3162 317 3188 1.
339 3171 362 3194 ¹3
383 3162 415 3188 D.
435 3160 467 3186 de
484 3160 561 3186 solut.
582 3159 698 3185 matrim.
752 3155 857 3183 Fundus
875 3155 1087 3182 funetuofiffimus
1113 3157 1168 3184 Cic.
1190 3167 1238 3192 pro
1259 3159 1334 3185 Rosc.
1398 3160 1520 3186 frustrata
1544 3159 1613 3184 esset.
1668 3159 1727 3185 Liu.
1748 3168 1774 3192 2,
1792 3167 1815 3191 13
1848 3157 1976 3185 Frustrata
2003 3158 2119 3185 custodes
2142 3159 2228 3193 virgo.
2282 3160 2364 3186 Solin.
2384 3169 2406 3187 c.
2419 3167 2432 3193 ς

298 3199 375 3224 Com.
389 3206 410 3222 c.
424 3205 458 3222 12.
525 3195 597 3221 Caes.
611 3195 638 3220 B.
654 3194 685 3219 G.
700 3202 720 3225 1,
735 3201 766 3224 30
786 3193 939 3226 Locumque
952 3191 1090 3218 domicilio
1103 3201 1134 3218 ex
1149 3202 1241 3227 magua
1259 3195 1335 3228 eopia
1350 3196 1379 3226 85
1397 3195 1543 3222 Frustratus
1554 3194 1667 3220 vincula.
1822 3191 1842 3230 ff
1861 3202 1880 3225 4
1920 3193 2018 3219 Temere
2037 3203 2050 3219 a
2070 3197 2095 3226 i,
2118 3201 2141 3220 ce
2155 3195 2200 3221 huc
2215 3196 2273 3221 illuc
2290 3193 2384 3222 inflari
2394 3193 2429 3229 fi-

298 3233 444 3266 delegerat,
464 3239 543 3265 quem
560 3238 590 3255 ex
606 3229 682 3255 omni
694 3228 780 3254 Gallia
797 3227 1043 3262 opportuniffituum
1057 3236 1085 3253 ac
1105 3228 1334 3256 f1·116hiosissi111111u
1395 3230 1502 3267 gnificat
1518 3229 1590 3256 Flor.
1606 3238 1627 3261 2,
1642 3238 1667 3263 2,
1680 3237 1709 3261 32
1745 3231 1835 3263 Quum
1855 3228 1964 3255 Punicae
1978 3237 2038 3262 prae
2058 3238 2087 3256 ae
2101 3229 2224 3257 omnibns
2238 3231 2430 3265 promontoriis

297 3268 458 3294 iudicassent.
495 3268 535 3293 §tc
547 3265 613 3300 apud
627 3265 682 3291 Cic.
696 3264 774 3290 Verr.
790 3272 810 3295 3,
847 3283 853 3289 .
891 3282 898 3289 .
934 3262 1023 3289 Sicilia
1041 3262 1238 3291 sruc‘iuofissiiua
1252 3271 1276 3291 et
1289 3274 1334 3299 op·
1395 3267 1540 3300 insulisque
1557 3264 1744 3292 frustrarentur
1761 3272 1787 3292 et
1805 3263 1947 3291 fluitarent.
1995 3264 2042 3292 Sed
2069 3267 2163 3292 malunt
2182 3266 2243 3302 fere
2268 3270 2322 3293 viri
2346 3265 2431 3302 dom,

297 3302 485 3338 portuniffima.
556 3299 663 3326 Praedia
684 3300 740 3325 Cic.
758 3298 790 3324 de
803 3298 861 3325 Fin.
878 3307 901 3331 2,
917 3303 950 3328 18.
1019 3299 1067 3325 Res
1086 3298 1179 3324 rustica
1196 3299 1261 3326 bene
1281 3301 1334 3326 cul-
1395 3302 1578 3329 frustarentur.
2389 3308 2392 3310 ’
2432 3330 2433 3336 ¹
2456 3318 2457 3330 2

298 3345 323 3364 ta
342 3345 367 3365 et
387 3337 522 3365 frufflnosa
542 3335 615 3361 Idem
628 3344 676 3369 pro
690 3335 782 3367 Quint.
800 3342 832 3360 12.
904 3334 1048 3360 Saturnalia
1064 3333 1239 3361 fructuosiora
1264 3337 1334 3362 Mar·
1434 3344 1450 3364 F
1461 3343 1480 3363 R
1491 3344 1512 3363 V
1522 3344 1534 3364 S
1544 3343 1592 3364 ΤΚ
1602 3337 1622 3361 Ᾰ
1633 3341 1653 3361 Τ
1667 3341 1686 3361 Ο
1696 3342 1732 3368 R,
1753 3336 1814 3362 ὃῐῐς-
1843 3344 1877 3361 1²¹·
1915 3334 2092 3369 [ᾦενδᾶμὲνος]
2117 3346 2132 3362 α
2150 3336 2272 3367 ΡΓΠῘὶιὌὶ
2302 3337 2435 3368 Marmor„
2456 3340 2457 3350 ³

299 3374 354 3400 tial.
368 3383 394 3406 4,
408 3376 452 3406 46.
524 3371 627 3406 Segetes
646 3371 733 3396 Varro
751 3369 782 3395 de
796 3369 825 3395 R.
842 3370 872 3395 R.
894 3378 914 3401 1,
933 3377 957 3401 9.
1027 3369 1082 3395 Cic.
1104 3368 1136 3395 de
1149 3370 1222 3396 Orat.
1243 3379 1263 3401 2,
1282 3380 1333 3404 344
1345 3383 1380 3408 90
1395 3370 1533 3399 cunfiator.
1570 3371 1657 3405 Papin.
1672 3372 1700 3397 in
1716 3372 1734 3397 l.
1748 3370 1843 3397 liberto
1863 3370 1903 3396 vel
1923 3371 2008 3397 amico
2025 3372 2055 3397 1).
2068 3378 2155 3406 negot.
2170 3372 2264 3406 gestor.
2285 3372 2387 3404 Litcm,
2400 3372 2440 3402 in!
2456 3370 2457 3400 l

299 3418 321 3434 c.
335 3414 368 3441 84
401 3407 565 3439 Clementia,
584 3405 701 3437 Iustitia,
724 3404 887 3438 benignitas,
906 3404 985 3434 fides,
1004 3403 1135 3431 fortitudo
1159 3405 1187 3431 in
1211 3406 1334 3439 periculis
1396 3408 1526 3434 iudicium
1540 3406 1692 3439 deduciam,
1711 3412 1737 3433 et
1754 3414 1770 3432 a
1787 3414 1834 3432 rco
1852 3406 1975 3432 desertam
1990 3407 2152 3433 frustrareris
2167 3408 2265 3434 amicus
2283 3409 2353 3434 vltro
2367 3401 2438 3442 egit,n
2456 3402 2457 3436 Ῐ

301 3445 485 3470 communibus
520 3458 565 3463 -—
601 3451 655 3468 non
672 3447 724 3466 tam
744 3439 802 3476 ipsis
815 3440 861 3474 qui
877 3448 918 3466 eas
933 3440 960 3466 iu
979 3440 1003 3466 se
1018 3440 1130 3472 habent,
1150 3450 1229 3474 quain
1244 3442 1333 3475 generi
1396 3445 1481 3470 causas
1502 3443 1631 3469 absentiae
1653 3443 1709 3468 eius
1727 3441 1847 3475 allegans.
1916 3442 1989 3468 Idem
2003 3442 2019 3468 l.
2038 3451 2065 3475 ¹9
2081 3443 2112 3468 D.
2132 3443 2164 3469 de
2183 3444 2211 3469 vi
2232 3449 2257 3469 et
2273 3444 2302 3469 vi
2320 3449 2428 3474 armata,
2449 3455 2451 3457 ·

301 3476 437 3504 hominum
467 3478 615 3504 fructuosae
640 3481 770 3510 putantur.
841 3475 894 3502 Cic.
913 3484 961 3508 pro
982 3476 1010 3502 L.
1031 3476 1124 3501 Manil.
1146 3478 1174 3502 16
1200 3477 1333 3503 Putatisne
1396 3479 1542 3508 Frustrator
1559 3477 1666 3504 debitor
1684 3475 1835 3505 constitutus
1853 3476 1895 3505 cst.
1951 3477 2096 3510 Symmach.
2114 3478 2160 3512 Ep.
2175 3487 2212 3511 10,
2226 3487 2250 3512 5¹
2281 3478 2428 3506 Frustrator

301 3520 349 3537 vos
364 3512 416 3538 illis
429 3513 505 3539 rebus
525 3514 578 3539 frui
593 3514 674 3547 poss'e,
694 3510 740 3537 nifi
755 3511 867 3544 cos,qui
883 3511 959 3536 vobis
972 3510 1098 3538 frueluoli
1112 3511 1178 3542 sinit,
1198 3513 1334 3539 conserua·
1396 3514 1523 3541 iudicum.
2421 3527 2426 3530 ·

301 3546 410 3572 veritis?
481 3547 609 3580 Quineiil.
625 3557 644 3580 1,
660 3550 676 3574 6
699 3548 732 3573 Vt
746 3555 827 3580 quum
840 3547 877 3572 M.
892 3546 996 3572 Caelius
1010 3547 1034 3572 se
1047 3547 1094 3573 ess'e
1111 3546 1250 3573 hominum
1263 3548 1336 3583 frugi
1345 3561 1378 3587 95
1434 3555 1450 3576 Ρ
1460 3557 1508 3576 RV
1517 3556 1528 3576 s
1537 3555 1557 3574 T
1566 3554 1585 3574 R
1594 3553 1616 3574 Α
1625 3552 1646 3572 T
1656 3547 1676 3573 6
1686 3551 1705 3573 R
1715 3553 1724 3572 1
1734 3552 1753 3571 V
1763 3553 1789 3577 S,
1813 3555 1826 3573 3
1835 3567 1842 3579 ,
1868 3557 1922 3575 um.
1948 3548 2008 3575 Adi.
2045 3547 2164 3575 Temni.
2183 3548 2216 3574 de
2236 3549 2331 3577 Anima
2349 3558 2371 3576 c.
2390 3555 2428 3584 42

301 3581 358 3607 vult
372 3580 482 3614 probare
491 3602 499 3613 ,
518 3592 571 3608 non
584 3584 646 3618 quia
657 3582 786 3609 abstinens
799 3581 828 3607 fit
843 3585 920 3612 (nam
933 3581 960 3607 id
972 3590 1004 3607 ue
1017 3582 1124 3608 mentiri
1138 3582 1246 3617 quidem
1262 3591 1335 3617 pote·
1395 3583 1568 3612 Frustratoria
1581 3581 1690 3608 somnia.
1727 3582 1825 3609 Arnob.
1840 3591 1856 3618 7
1875 3593 1899 3618 p.
1913 3592 1956 3615 :⁸19
1984 3585 2067 3610 Aures
2081 3583 2270 3611 frustratoriae.

301 3620 360 3646 tat)
374 3616 415 3642 sed
433 3617 495 3649 quia
515 3617 588 3642 vtilis
606 3619 713 3650 multis,
729 3618 748 3644 i.
768 3616 940 3643 Fruouosus:
961 3617 1029 3643 vnde
1049 3617 1079 3643 fit
1097 3617 1167 3644 dicia
1181 3619 1335 3653 Frugalitas.
1436 3618 1652 3647 FRvsTRA'T
1663 3622 1722 3650 vs,
1743 3616 1781 3644 sis.
1798 3627 1833 3645 111.
1870 3619 1976 3646 Habere
1993 3619 2130 3646 frustratui
2147 3619 2263 3654 aliquem
2277 3620 2358 3648 Plaut.
2371 3621 2426 3648 Mea

302 3652 368 3679 Non
386 3651 465 3681 modo
482 3650 608 3683 liberale,
634 3653 676 3679 sed
696 3653 829 3679 interdum
852 3652 932 3679 etiam
953 3652 1119 3679 fructuosum
1142 3653 1194 3687 est,
1218 3655 1335 3689 paullum
1395 3655 1487 3683 naech.
1502 3663 1529 3688 4,
1543 3664 1564 3686 3,
1577 3661 1611 3679 ²¹·
2417 3663 2434 3678 ‘›

301 3694 490 3720 nonnunquam
504 3685 535 3710 de
551 3687 607 3712 iure
622 3688 667 3713 suo
681 3688 804 3715 decedere
815 3688 872 3715 Cic.
883 3687 935 3714 Off.
946 3696 972 3720 2,
985 3690 1014 3720 63
1035 3697 1056 3714 c.
1073 3694 1105 3718 18.
1435 3697 1452 3717 F
1462 3697 1531 3718 Rvs
1542 3695 1564 3715 Τ
1573 3695 1591 3714 R
1601 3687 1665 3713 ᾸΤΙ
1676 3694 1694 3713 0
1703 3708 1711 3720 ,
1731 3689 1798 3716 onis.
1828 3689 1848 3716 f.
1885 3689 2066 3724 [ματαίωσις]
2101 3690 2227 3724 Decepeio.
2264 3690 2349 3717 Plane.
2369 3690 2438 3717 Cic..

338 3729 354 3747 1³
364 3729 382 3748 R
393 3727 413 3746 v
423 3727 440 3748 c
451 3726 472 3746 T
484 3727 503 3745 V
515 3721 588 3759 ῷξῑ.
610 3722 676 3748 Adu.
712 3723 847 3757 Augustin.
859 3723 938 3758 Epist.
950 3732 977 3755 77
987 3729 1032 3758 pr.
1060 3724 1119 3750 Hoc
1137 3733 1183 3750 nec
1203 3724 1257 3758 dici
1276 3725 1333 3752 bre·
1340 3741 1387 3759 100
1396 3727 1467 3753 Fam.
1482 3734 1520 3757 10,
1532 3732 1558 3755 23
1575 3723 1667 3749 Tanto
1680 3725 1807 3752 maiorem
1821 3725 1861 3751 his
1875 3725 2010 3752 frustratio
2024 3724 2142 3750 dolorem
2156 3725 2253 3752 attulit.
2321 3725 2434 3753 Colum-²

301 3757 376 3790 vius,
393 3765 439 3783 nce
464 3754 553 3782 audiri
573 3755 680 3789 laetius,
699 3767 746 3784 nec
767 3759 884 3795 intelligi
905 3759 1018 3794 gratius,
1041 3767 1088 3785 nec
1111 3760 1154 3794 agi
1173 3759 1333 3788 fructuofius
1397 3771 1428 3794 n,
1450 3770 1471 3793 1,
1489 3768 1519 3792 ¹4
1547 3759 1603 3785 Nec
1623 3759 1776 3792 supplicimn
1800 3761 1939 3795 grandius,
1963 3768 2040 3794 quam
2059 3759 2256 3786 frustrationem
2275 3761 2426 3795 cupiditatis

302 3793 394 3828 potest.
1396 3795 1535 3823 existimat.
1602 3793 1682 3820 Plaut.
1696 3796 1789 3830 Amph.
1803 3805 1824 3827 3,
1838 3805 1856 3828 1,
1871 3804 1900 3830 14
1927 3797 2013 3830 Atque
2027 3795 2055 3820 in
2069 3794 2165 3822 horum
2179 3796 2306 3822 familiam
2320 3796 2425 3823 frustra·
2471 3802 2477 3807 ·’

338 3834 450 3857 FRvs,
469 3824 581 3853 frundia.
602 3824 621 3850 f.
637 3832 684 3859 pro
708 3828 794 3859 Frons,
808 3828 856 3854 dis.
883 3829 941 3856 Vid.
962 3835 1063 3856 FRONs
1084 3839 1110 3856 n.
1122 3840 1149 3865 4.
1395 3831 1494 3858 tionem
1514 3827 1593 3855 hodie
1610 3829 1728 3857 injiciam
1749 3832 1898 3858 maximam.
1962 3830 2033 3857 Ideni
2046 3830 2122 3856 Most.
2137 3839 2159 3862 ς,
2175 3839 2200 3863 2.,
2212 3840 2243 3862 30
2274 3832 2365 3858 Dicito
2385 3830 2435 3861 hit.

337 3869 379 3889 PR
390 3869 410 3887 v
423 3868 445 3888 N
456 3868 474 3888 D
485 3869 500 3888 E
510 3867 547 3888 SC
557 3867 592 3893 O,
610 3862 662 3886 ὅτε.
682 3862 730 3887 Pro
747 3863 903 3898 frondescere
917 3866 1020 3892 Lucret.
1035 3874 1055 3897 1,
1072 3873 1141 3897 1092.
1393 3874 1450 3900 quo
1468 3864 1545 3899 113610
1564 3870 1623 3891 tuus
1636 3872 1661 3892 te
1675 3867 1764 3893 seruus
1776 3866 1969 3893 ludificauerit:
1993 3864 2105 3899 optimas
2122 3865 2303 3893 frustrationes
2323 3865 2425 3894 dederit

336 3905 351 3925 F
362 3904 466 3925 Rvun
477 3895 489 3924 f
500 3902 570 3924 FER
582 3915 591 3929 ‚
609 3903 640 3929 a,
658 3904 712 3922 um.
732 3897 792 3923 Adi.
806 3904 855 3933 pro
870 3900 1003 3936 Frondifer
1023 3900 1096 3929 Idem
1109 3910 1130 3935 1,
1147 3907 1173 3931 18
1186 3907 1210 3929 et
1224 3903 1274 3936 256
1286 3901 1423 3940 etc.105in
1437 3899 1591 3927 comoediis.
1661 3901 1721 3929 Liu.
1740 3909 1782 3936 25,
1819 3921 1824 3929 .
1862 3922 1869 3931 .
1906 3903 1997 3935 Qium
2015 3900 2096 3935 longo
2113 3902 2233 3929 sermone
2250 3902 2343 3930 habito
2362 3901 2426 3929 dila-⁵

2380 3941 2421 3963 tus

2446 4081 2479 4225 ὦ-Ιί-ι-ιᾰ
