2479 4225
45 175 103 222 613
417 164 448 203 F
536 166 575 203 A
661 162 707 201 T

3 246 9 269 ²
43 261 137 287 notlone
150 254 269 283 Adaei-bii
282 253 366 280 Fatim
379 251 452 287 forte
470 250 615 286 repetenda,
628 250 693 285 quod
708 258 755 276 non
768 251 848 275 minus
867 254 938 282 quam
959 244 1064 270 Affatim

10 299 11 303 ¹
43 292 140 333 copiose,
153 291 244 322 crebra,
258 289 407 315 vehi-menter
419 286 565 323 fig‘tsfifflfi
586 294 613 312 ut
629 287 738 351 ῐὶιῐὶῗῖῑιτε
750 284 787 318 stt
803 282 901 312 crebro,
915 280 1063 305 vehementer

61 370 88 391 ut
106 369 128 389 et
144 361 243 398 fontem
264 358 374 394 diuersas
393 358 537 394 formulas,
562 366 622 392 quas
643 360 692 382 iam
709 354 831 382 tradituri
846 351 949 387 fictitiis,
968 349 1065 389 rrfirre

41 372 119 433 elirg.
132 398 195 424 Aen.
211 403 232 427 ς,
245 403 288 428 253
309 394 419 420 Veloces
435 394 521 420 iaculo
535 401 627 418 ceruos
637 412 644 424 ‚
659 391 786 424 cursuque
806 388 906 420 fatigat.
977 386 1036 412 Liu.
1051 390 1064 414 8

43 575 106 610 tigat
118 573 212 600 edendi
248 573 284 598 Ex
300 572 379 606 longo
394 572 494 604 rabies,
508 576 533 596 ct
552 569 630 596 ticcae
647 566 771 600 sanguine
787 564 882 590 fauces.
919 564 960 589 Sic
974 562 1063 595 Fatiga

37 788 106 815 ¹Aen.
120 795 140 819 1,
152 791 202 817 284
241 787 316 819 Qiae
335 794 405 812 mare
423 791 507 813 nunc,
531 787 666 814 terrasque
685 785 774 810 ructu,
800 777 952 810 caelumque
973 775 1065 808 fatigat

42 857 151 891 fatigas?
221 857 267 884 Sil.
280 865 307 892 7,
320 857 361 889 ιῖς
378 855 406 880 de
421 854 510 883 Fabio,
535 851 714 885 Infrafmsque
731 850 815 876 minas
837 848 918 874 dilato
933 848 1019 872 Marte
1038 847 1064 872 fa

41 928 131 955 Claud.
145 927 173 954 in
187 929 265 955 Cons.
279 927 355 954 Prob.
368 927 413 958 64.
484 923 595 949 Dentem
617 923 645 948 in
670 921 748 948 dente
780 919 862 946 Ouid.
887 919 951 944 Met.
976 922 999 949 8,
1020 922 1064 950 εις

40 1071 116 1104 Virg.
132 1073 195 1098 Aen.
210 1072 234 1101 6,
247 1076 297 1102 533.
367 1066 532 1093 Verberibus
545 1065 626 1098 torti,
639 1066 701 1099 Igne
715 1062 817 1097 fatigati
840 1062 896 1088 Cic.
909 1061 984 1095 Top.
999 1070 1019 1086 c.
1033 1069 1066 1086 20

40 1142 109 1169 votis
123 1140 172 1167 sibi
185 1140 295 1174 quisque
318 1145 343 1165 te
355 1138 480 1172 (Iouem)
497 1137 597 1170 fatiget.
618 1137 642 1162 h.
656 1144 675 1161 e.
701 1134 857 1160 Vehementer
869 1139 929 1159 oret.
1000 1132 1066 1165 Virg

44 1327 118 1355 peros
134 1318 226 1352 fatigat
256 1317 342 1343 Valer.
356 1318 454 1350 Argon.
468 1322 495 1349 7,
509 1323 553 1347 3¹¹·
625 1313 709 1339 Siluas
729 1312 840 1345 fatigant
867 1310 943 1344 Virg.
965 1311 1029 1336 Aen.
1049 1318 1065 1342 9

38 1602 82 1629 Sat
97 1602 148 1629 tibi
163 1601 211 1628 (int.
230 1601 336 1633 noetes,
349 1609 412 1635 quas
433 1599 464 1625 de
484 1608 541 1630 me,
555 1597 616 1623 Paul

39 1671 108 1698 Asin.
123 1681 146 1704 2,
159 1681 184 1704 z,
199 1679 235 1704 25.
289 1672 319 1697 Et
337 1670 437 1697 Noetes
469 1675 572 1695 exercet
591 1676 690 1694 amaras
709 1676 737 1692 ex
755 1666 807 1701 ipso
827 1666 943 1699 Propert.
965 1673 984 1695 1,
1004 1673 1024 1696 1,
1041 1673 1067 1696 33

0 1756 5 1768 τ
39 1746 91 1769 eius
102 1743 268 1768 imieniebam:
287 1750 359 1777 neque
371 1747 452 1767 tamen
464 1740 493 1766 id
503 1740 617 1766 abhorret
630 1748 644 1763 a
658 1740 750 1772 reliquo
762 1737 805 1772 vsu
818 1736 892 1762 Verbi
905 1735 972 1770 apud
978 1735 1065 1770 fiquio

38 1821 88 1846 ego
124 1827 169 1832 —
204 1812 280 1838 Tum
301 1811 346 1837 ille
364 1825 410 1830 —-
429 1810 491 1835 dum
505 1808 687 1841 fatigationem
704 1814 789 1831 meam
810 1805 923 1837 accepit,
937 1803 1025 1833 Facis,
1038 1803 1065 1827 in

36 1891 84 1910 nos
97 1882 231 1908 edacitatis
245 1881 346 1913 fatiges.
383 1880 415 1904 Et
424 1887 479 1903 mox
493 1887 513 1902 e.
527 1884 550 1909 ς,
563 1885 576 1901 2
604 1874 653 1901 Sed
669 1872 887 1907 supersedendum
902 1871 951 1902 est,
968 1880 1001 1897 ne
1016 1871 1065 1897 Gal

38 1953 117 1989 iocosa
129 1949 287 1990 infestatione
301 1950 425 1975 dicuntur.
465 1947 523 1974 Vid.
537 1956 593 1972 mox
616 1951 820 1972 FATIGATIO.

42 2061 144 2092 animo,
164 2057 311 2091 Fatigatum
330 2063 442 2089 corpore
456 2054 578 2080 dicimus.
597 2051 712 2078 Seruius.
783 2051 900 2077 Fortuna
914 2050 1021 2077 fatieata
1036 2049 1067 2075 de

44 505 95 533 sese
107 501 240 537 fatigando
252 501 299 528 nili
312 500 405 527 odium
418 508 551 535 quaerere.
624 495 738 531 Fatigari
750 493 820 520 aestu
833 493 904 519 Caes.
917 492 946 518 Β.
955 492 986 517 C.
1000 500 1022 523 3,
1034 498 1073 523 95.

44 539 174 573 Fatigare,
187 538 283 574 Cogerc.
310 538 350 563 Sic
363 537 390 562 de
403 538 458 571 lupo
477 534 619 568 insidiatore
632 533 704 565 Virg.
720 531 785 556 Aen.
800 539 825 561 9,
839 531 869 560 63
899 526 1018 553 (3011οᾶ3
1038 526 1074 552 fa-

42 619 72 639 re
89 609 185 640 sociOS,
204 610 333 638 Excitat-c,
350 608 456 634 hortari.
497 606 571 639 Virg.
592 604 657 629 Aen.
676 610 711 634 4,
730 609 778 635 572
806 599 948 639 Sociosque
962 598 1075 638 fatigat,

32 644 197 679 'Praecipites
217 643 326 677 vigilate
345 643 406 669 viri.
477 642 549 675 Qios
569 648 617 672 ego
637 637 734 667 audio,
748 636 863 662 maxima
877 642 927 667 ope
941 634 1007 665 niti,
1022 642 1075 658 am-

42 680 117 712 bire,
136 680 245 714 fatigare
259 689 305 706 vos
319 679 432 713 singulos
442 697 450 710 ‚
467 686 499 703 ne
513 674 577 709 quid
590 674 621 699 ile
634 672 738 699 absente
751 671 884 705 incognita
897 670 970 695 causa
984 669 1076 701 statua-

35 721 85 746 ,(111-
98 715 197 742 Sallust.
211 716 267 749 lug.
288 724 309 740 c.
330 723 367 747 14.
440 714 512 745 Virg.
526 712 588 736 Aen.
610 717 636 741 9,
650 710 697 734 610
716 707 744 733 de
763 706 919 735 aratoribus,
939 705 1075 737 Versaque
1136 703 1203 730 θιιηι
1212 710 1260 737 pro
1269 701 1354 737 fateri
1367 700 1481 728 ina'icac,
1502 705 1546 725 aut
1558 698 1637 734 fuiffi’
1649 699 1746 725 uerbum
1761 697 1831 725 hodie
1842 698 1972 734 obfhletum
1986 697 2096 731 Fateor,
2109 698 2176 734 quod

34 752 181 779 ‘iuuencum
216 751 307 785 Terga
327 750 465 784 fatigamus
484 745 562 772 hasta.
632 743 797 775 Perturbat-c,
810 749 970 768 commouere:
1000 738 1073 765 Idem
1093 746 1118 771 1,-
1136 737 1377 774 idem-significaret,
1392 735 1455 771 quod
1468 734 1570 761 Fatisco
1582 736 1622 761 vel
1635 734 1750 768 Fatigor.

1511 151 1542 191 F
1629 151 1668 190 A
1764 151 1807 190 T
2094 155 2168 202 614

1067 262 1075 275 ,
1135 243 1299 278 germinant,
1317 240 1453 274 alioquin,
1470 239 1486 265 fi
1507 238 1676 266 blandiantur
1695 238 1788 269 austri,
1802 239 1989 266 defatiscentcs.
2060 240 2171 267 Animae

1066 294 1075 299 -
1135 286 1226 305 natura
1241 278 1336 305 fatiscit
1348 277 1408 302 feisa
1423 284 1489 302 aeno
1509 276 1612 301 Lucret.
1627 283 1649 306 3,
1661 281 1719 307 459.
1790 275 1893 299 Fatiscit
1911 275 2065 309 laxaturque
2083 275 2171 308 chelys

16 341 20 346 .
44 338 86 367 que
97 325 205 357 trat‘iare
218 324 322 360 aliquid.
360 324 414 349 Hoc
426 323 549 358 obseruata
559 340 565 352 ,
580 331 626 347 non
643 322 680 356 dij
695 321 743 347 ‘cile
757 321 806 345 crit
823 317 858 344 ad
867 325 942 342 unum
955 317 1022 340 vrlzit
1035 323 1074 339 ca·
1136 314 1197 340 Stat.
1212 314 1276 340 Silu.
1291 322 1318 346 4,
1332 321 1359 345 4,
1374 320 1412 343 32.
1483 310 1584 337 Cameli
1596 315 1622 336 et
1636 310 1699 344 equi
1713 309 1764 335 [ine
1777 308 1885 335 calciatu
1899 310 1925 334 in
1940 311 2060 344 longiore
2074 312 2171 338 itinere

1067 369 1073 375 .
1136 350 1257 375 fatiscunt
1271 349 1336 375 Plin.
1352 355 1384 378 11,
1396 353 1428 379 43
1441 345 1564 380 adfinem.
1634 345 1757 372 Clamore
1777 344 1895 370 fatiscere
1913 346 1973 370 Stat.
1985 345 2048 372 Silu.
2064 355 2086 379 ς,
2106 354 2127 380 ς,
2143 355 2170 374 21

1068 404 1074 414 ‚
1097 386 1110 412 5
1129 385 1254 421 fatigari.
1329 381 1416 410 Corda
1429 381 1510 414 longo
1525 381 1618 407 sudore
1632 381 1754 407 fatiscunt
1768 379 1841 406 Idem
1853 378 1944 405 Theb.
1961 388 1993 411 ii,
2008 390 2047 411 92.
2095 383 2170 409 Mens

0 419 1 424 i
45 444 74 463 10
83 441 124 469 pr.
144 432 197 465 Qu
210 430 374 465 aliquamdiu
389 438 474 464 pugna
487 429 570 455 atroci
585 437 666 462 quum
680 432 706 452 et
726 421 852 456 semetipsi
867 420 1033 459 fatigassent,
1048 425 1073 445 ct
1135 425 1281 454 expugnata
1296 418 1392 445 fatiscit
1405 416 1442 442 Id.
1457 416 1548 442 Theb.
1562 425 1590 449 4,
1606 422 1656 451 187.
1725 415 1828 442 Seditio
1842 413 1926 440 donec
1939 415 2066 441 fatisceret
2080 417 2171 444 Tacit,

45 470 124 498 hastas
137 474 180 494 aut
193 464 396 501 praefregissent,
411 470 454 491 aut
469 463 633 490 hebetass'cnt.
685 459 782 488 Sallust.
798 459 853 492 Ing.
869 466 880 489 3
899 455 1073 490 Nequeahud
1136 456 1204 482 Hist.
1225 464 1246 488 3,
1267 464 1302 480 10.
1317 454 1501 492 frangs'retum
1517 455 1584 477 vires
1600 454 1734 478 amitteret.
1804 449 1924 477 Studium
1943 450 2045 483 puerile
2065 452 2171 485 fatiscit,

1137 491 1216 517 Laeta
1248 490 1296 516 nisi
1329 488 1436 515 austeris
1465 487 1600 513 varientur
1619 487 1681 513 festa
1707 486 1829 520 profestis
1856 485 1952 511 Aaron.
1974 484 2068 516 Eidyll.
2087 497 2114 518 4,
2134 497 2170 515 10,

1137 524 1157 564 ff
1179 535 1194 552 2
1231 526 1345 552 Fatiscor
1359 526 1432 549 etiam
1445 521 1551 552 diffum,
1565 522 1676 556 obstruat
1689 522 1761 548 Non.
1775 530 1801 557 7,
1816 530 1843 554 91
1859 528 1882 547 et
1895 521 1935 547 his
1943 521 2057 555 exemplis
2066 523 2171 554 probat:

1066 578 1074 582 -
1091 570 1120 588 10
1137 562 1227 593 Accii,
1246 562 1354 587 Tamen
1367 557 1436 584 haud
1450 558 1570 588 fatiscat,
1592 558 1656 591 quin
1670 563 1741 583 tuam
1756 557 1897 592 implorem
1909 555 1997 582 fidem.
2034 556 2173 590 Varronis,

1136 598 1224 624 Altera
1243 597 1279 622 ita
1298 602 1324 622 et
1343 595 1424 621 altera
1441 591 1594 619 vulneribus
1617 593 1780 625 satist-untur.
1830 591 1920 622 Accii,
1933 592 2052 621 Vereor,
2069 591 2087 617 fi
2105 601 2173 618 nnn-

1137 642 1214 667 quam
1229 632 1333 658 fatiscat
1345 631 1430 656 facere
1444 627 1516 662 quod
1529 627 1614 662 quibo
1631 627 1704 655 boni.
1899 624 1921 664 ff
1941 635 1953 659 3
1988 626 2091 652 Gellius
2108 635 2146 662 17,
2157 637 2173 654 z

1136 670 1171 695 Vt
1185 667 1293 694 fatiscor
1304 675 1318 692 a
1331 666 1427 696 fateor,
1444 664 1480 690 ita
1499 663 1632 689 fruniscor
1645 663 1745 689 saelum
1759 661 1794 688 est
1809 671 1824 688 a
1841 662 1928 689 fruor.
1963 663 2017 688 Aut
2030 662 2123 689 Fatisci
2137 663 2175 689 di-

1068 795 1074 801 .
1174 779 1329 804 FATVA,
1354 780 1391 797 ae.
1416 770 1436 796 f.
1459 769 1512 803 flue
1539 776 1692 802 FAVNA,
1718 777 1776 804 quae
1808 775 1832 795 et
1862 769 1935 795 Bona
1964 767 2011 795 dea
2042 768 2176 797 vocabatur

40 823 83 851 Sic
100 822 166 849 Hor.
181 823 269 849 Carm.
283 830 309 854 2,
323 830 356 854 11,
374 829 402 847 η
438 816 511 850 Quid
530 816 642 842 aeternis
660 815 793 841 minorem
807 811 930 840 Consiliis
949 811 1074 837 Animum
1137 807 1255 844 [Ἀγαθὴ
1275 806 1348 840 θεὸς]
1367 805 1466 833 auam-e
1477 805 1596 832 Macrob.
1611 805 1661 831 Sat.
1677 813 1697 837 1,
1711 813 1734 831 iz
1755 803 1824 830 dieta
1837 805 1872 830 est
1889 810 1973 830 terra:
1999 804 2071 838 quod
2091 805 2177 832 infan-

1066 861 1075 866 -
1137 853 1175 872 tes
1189 851 1264 880 partu
1276 842 1358 874 editi,
1376 850 1430 868 non
1444 842 1514 876 prins
1530 849 1623 867 vocem
1643 840 1738 872 edunt,
1758 849 1838 874 quani
1850 846 1946 866 terrain
1960 840 2105 873 attigerint.
2130 855 2177 861 -—

40 893 113 927 tigat.
185 893 273 920 Corda
292 893 383 925 fatigat
400 889 443 924 spe
463 886 572 914 lauduni
597 887 670 913 Idem
689 895 710 918 1,
725 887 763 918 63.
834 884 906 910 Cura
925 882 1017 916 fatigat
1032 891 1074 907 me
1138 881 1237 908 Fabulis
1249 878 1372 915 plusculis
1394 876 1534 903 interimis
1549 879 1651 912 pergit,
1676 877 1747 902 Haec
1767 874 1834 909 apud
1849 875 1963 901 Graecos
1985 874 2040 900 θεός
2057 875 2178 908 γυναικεία

1067 937 1073 943 .
1092 924 1124 943 20
1138 917 1250 946 dicitur,
1270 922 1349 949 quam
1364 914 1451 938 Varro
1467 913 1550 938 Fauni
1567 911 1649 938 filiam
1662 913 1710 937 effe
1728 911 1808 937 tradit
1824 910 1889 937 adeo
1902 910 2021 944 pudicam
2031 930 2039 943 ,
2060 917 2088 937 vt
2102 918 2177 939 extra

40 964 122 991 Sacris
134 964 263 996 intentus,
276 960 402 995 fatigabat
421 959 502 986 alieni
520 959 573 986 iam
586 958 695 992 imperii
707 958 776 983 Deos
792 955 860 981 Tac.
874 953 941 980 Hist.
957 962 976 985 1,
992 962 1024 985 29
1033 960 1075 988 pr.
1137 951 1294 986 γυναικωνῖτιν
1313 957 1447 983 nunquam
1460 948 1489 973 fit
1503 949 1597 982 egressa
1606 967 1613 978 ‚
1632 955 1680 973 nee
1693 955 1792 972 nomen
1806 946 1862 971 eius
1875 947 1902 971 in
1917 946 2025 979 publico
2037 946 2120 974 fuerit
2132 956 2178 974 au-

41 1000 166 1027 Dextram
180 1000 274 1026 osculis
287 997 360 1024 Idem
369 997 435 1021 Anu.
451 1002 485 1027 ις,
500 1002 540 1029 71.
612 994 761 1020 Discentem
773 999 820 1026 pei·
834 989 953 1024 ambages
968 989 1075 1028 Quine't.
1138 988 1223 1014 ditum
1232 1006 1239 1017 ,
1258 994 1305 1012 nce
1322 984 1540 1024 virunitvnquam
1559 982 1674 1014 viderit,
1687 990 1733 1007 nec
1745 990 1759 1007 a
1772 980 1833 1006 viro
1846 981 1902 1007 visa
1914 981 1957 1007 fit:
1987 987 2092 1015 propter
2105 982 2178 1017 quod

39 1043 64 1068 3,
78 1044 108 1062 11.
179 1036 256 1062 Fame
273 1031 380 1066 fatigari
405 1031 495 1065 Nepos
514 1035 548 1062 18,
564 1038 599 1062 12,
613 1041 640 1064 4.
712 1029 828 1055 Fortuna
855 1034 922 1060 quae
940 1031 965 1051 te
984 1025 1076 1058 fatigat
1138 1032 1185 1050 nee
1198 1023 1241 1049 vir
1255 1020 1381 1054 templum
1395 1028 1451 1045 eius
1468 1017 1626 1053 ingreditur.
1662 1016 1730 1044 Add.
1742 1017 1821 1042 Mart.
1835 1016 1932 1049 Capell.
1945 1025 1961 1042 2
1974 1025 1997 1050 p.
2013 1025 2053 1049 4¹-
2076 1018 2178 1045 Arnob,

1140 1068 1149 1085 1
1161 1069 1186 1093 p.
1200 1065 1233 1090 ις.
1248 1064 1270 1083 et
1284 1064 1297 1088 ς
1312 1065 1337 1090 p.
1352 1059 1403 1084 163.
1439 1054 1555 1081 Laclant.
1570 1063 1595 1086 1,
1612 1061 1653 1080 22.
1707 1052 1798 1078 lustin.
1813 1059 1854 1084 43,
1869 1059 1888 1083 1,
1902 1056 1914 1080 8
1941 1051 2030 1077 Fauno
2045 1052 2097 1079 fuit
2110 1062 2179 1080 vxor

39 1106 175 1140 Fatigabat
194 1105 286 1139 Inopia
303 1111 386 1137 aquae
411 1102 479 1128 Tac.
494 1100 561 1127 Hist.
581 1108 602 1133 ς,
622 1109 645 1133 3,
664 1108 687 1132 3.
756 1097 872 1125 Martial.
887 1104 914 1131 7,
929 1104 958 1129 59
986 1097 1075 1129 (Quum
1094 1100 1121 1127 25
1135 1094 1245 1120 nomine
1260 1093 1349 1118 Fatua.
1386 1091 1504 1116 Macrob.
1518 1090 1534 1115 1,
1549 1098 1571 1114 c.
1588 1088 1684 1114 Boeoti
1705 1087 1832 1113 Semelam
1851 1086 1977 1117 credunt,
1992 1095 2038 1111 nec
2052 1096 2106 1114 non
2119 1098 2179 1115 ean-

1138 1130 1196 1156 dem
1205 1128 1286 1155 Fauni
1301 1126 1383 1161 filiam
1396 1126 1493 1157 dicunt,
1502 1124 1681 1158 obstitisseque
1693 1122 1825 1149 voluntati
1839 1122 1918 1156 patris
1933 1122 1960 1147 in
1973 1130 2090 1149 amorem
2103 1124 2179 1150 suum

41 1177 103 1205 Aen.
118 1183 144 1211 7,
157 1180 202 1209 582
232 1175 355 1209 Vndique
378 1173 482 1200 collecti
501 1174 610 1202 coeunt,
630 1172 795 1204 Martemque
810 1169 938 1203 fatigant,
953 1169 1076 1202 praelium
1137 1165 1214 1199 lapsi,
1237 1169 1267 1190 vt
1281 1168 1307 1189 et
1323 1162 1398 1196 virga
1411 1168 1510 1194 myrtea
1525 1160 1558 1187 ab
1571 1168 1603 1186 eo
1616 1158 1803 1185 verberaretur
1815 1164 1860 1183 etc.
1899 1158 1965 1183 Nam
1978 1157 2088 1184 dedimus
2100 1165 2179 1185 totum

33 1211 177 1248 deposcunt.
248 1210 370 1237 Membra
383 1208 505 1236 iaetando
518 1208 611 1241 fatigat
623 1206 726 1232 Lucret.
739 1214 759 1237 3,
774 1213 836 1239 490.
908 1205 985 1229 Mora
998 1203 1076 1237 longa
1137 1203 1215 1228 Iocum
1233 1202 1259 1225 in
1273 1200 1344 1225 Bona
1357 1199 1426 1228 Dea,
1441 1196 1494 1223 vid.
1515 1202 1631 1223 BOst.
1673 1194 1746 1229 Cous.
1763 1194 1836 1219 Seru.
1850 1192 1883 1218 ad
1894 1193 1959 1219 Aen.
1975 1200 2001 1227 7,
2020 1201 2065 1227 47,
2100 1194 2178 1221 Au&

41 1248 131 1311 if'ftigat
144 1245 224 1273 Ouid.
241 1247 333 1272 Amor.
345 1255 370 1278 2,
382 1254 404 1276 ε,
417 1253 451 1277 23.
524 1243 585 1269 Stat.
601 1242 666 1268 Silii.
680 1250 700 1274 ς,
713 1250 733 1273 1,
747 1249 778 1275 72
803 1240 873 1266 Dum
889 1238 966 1265 noete
979 1239 1076 1273 dieque
1141 1237 1173 1263 de
1186 1235 1262 1270 Orig.
1280 1239 1349 1268 gent.
1365 1234 1442 1259 Rom.
1458 1242 1482 1266 p.
1497 1241 1522 1265 9.
1559 1230 1676 1257 Laetant.
1694 1238 1713 1261 1,
1724 1238 1765 1255 22.
1801 1226 1892 1255 Isidor.
1906 1228 1998 1262 Origg.
2014 1229 2030 1255 l.
2045 1237 2073 1255 10
2094 1229 2134 1257 lit.
2149 1231 2179 1256 F.

55 1284 132 1318 atigas
145 1281 264 1309 Numina
273 1302 281 1314 ,
298 1281 360 1308 dum
375 1279 475 1307 cunetis
493 1279 600 1313 supplex
621 1277 772 1304 aduolueris
785 1276 846 1302 aris.
917 1274 1016 1308 Qiestu
1035 1275 1075 1300 su-
1093 1280 1126 1304 30
1178 1278 1194 1298 F
1203 1279 1225 1298 Α
1234 1278 1255 1298 Τ
1264 1277 1284 1296 v
1293 1277 1309 1296 E
1319 1277 1334 1296 L
1343 1277 1360 1296 L
1368 1276 1389 1295 v
1399 1276 1411 1296 s
1421 1288 1428 1301 ,
1447 1267 1500 1302 Jiue
1528 1274 1544 1294 F
1552 1274 1574 1294 A
1584 1274 1603 1293 V
1613 1273 1634 1292 N
1644 1273 1664 1292 v
1673 1272 1695 1291 S-
1731 1265 1857 1298 [Φαῦνος]
1894 1265 1951 1290 Pici
1962 1264 2052 1298 filius,
2068 1271 2092 1290 et
2106 1272 2181 1300 pate,-

1068 1329 1077 1341 ‚
1139 1309 1243 1339 Latini,
1262 1308 1305 1341 qui
1325 1308 1441 1341 regnauit
1458 1307 1485 1329 in
1500 1304 1591 1334 Latio,
1609 1304 1679 1327 cuius
1698 1309 1762 1326 vxor
1777 1300 1856 1326 Fatua
1876 1306 1899 1325 et
1918 1300 2020 1331 Fauna,
2033 1302 2063 1326 it.
2078 1301 2180 1328 Marica

3 1371 6 1378 ·
48 1356 104 1388 605.
121 1353 138 1380 i.
150 1363 173 1380 e.
192 1352 241 1388 Ipsi
255 1353 400 1386 fatigantur
411 1352 440 1377 in
453 1350 536 1377 siluis:
556 1356 601 1377 aut
613 1357 662 1384 pro
675 1348 765 1380 Feris,
778 1347 860 1373 Siluas
883 1345 979 1380 posuit.
1005 1346 1078 1371 Seru.
1140 1342 1209 1369 dieta
1225 1339 1267 1374 est.
1303 1341 1381 1367 Docet
1395 1339 1501 1366 Seruius
1513 1341 1541 1365 in
1560 1337 1626 1364 illud
1647 1336 1724 1370 Virg.
1738 1336 1802 1362 Aen.
1822 1343 1847 1369 7,
1866 1342 1903 1370 47
1938 1336 2015 1361 Hunc
2030 1336 2136 1369 Fauno,
2153 1343 2181 1364 et

3 1395 8 1403 '
52 1390 108 1417 vid.
120 1392 189 1416 etiam
202 1388 327 1415 Drakcnb.
346 1387 380 1413 ad
399 1386 443 1413 Sil.
464 1395 490 1418 2,
507 1394 553 1420 74.
624 1385 679 1411 Cic.
692 1383 744 1410 Off.
760 1392 781 1415 3,
795 1390 825 1417 73
844 1392 866 1408 c.
881 1386 906 1411 18
946 1381 1003 1414 Qii
1024 1389 1078 1406 non
1140 1378 1265 1412 Nympha
1285 1376 1404 1411 genitum
1422 1376 1552 1401 Laurente
1573 1373 1674 1399 Marica
1709 1371 1872 1405 Accipimus:
1896 1371 1987 1397 Fauno
2004 1371 2079 1397 Picus
2097 1378 2180 1406 pater,

0 1436 11 1449 ι’
47 1424 132 1453 verbis
144 1425 198 1451 sunt
211 1430 237 1450 et
253 1424 429 1458 disputatione
444 1420 678 1457 philosophorum,
697 1419 741 1445 sed
755 1418 874 1444 Vinculis
889 1422 914 1443 et
927 1425 1030 1443 carcere
1041 1416 1077 1442 fa.
1141 1421 1186 1441 etc.
1241 1413 1313 1440 Seru.
1325 1411 1359 1438 ad
1371 1411 1435 1437 Aen.
1449 1413 1476 1442 6,
1491 1411 1545 1444 776
1576 1410 1696 1439 Faunus,
1715 1408 1827 1438 Fatuus,
1846 1405 1991 1438 Fatuellus‚
2004 1407 2106 1434 Incubo
2126 1407 2180 1434 flue

2 1471 7 1482 0
44 1459 148 1495 rigandi.
217 1460 353 1494 Fatigare‚
363 1466 409 1494 pro
427 1459 549 1494 fatigari.
595 1456 668 1489 Virg.
682 1455 746 1481 Aen.
766 1459 790 1486 8,
809 1462 845 1486 94
876 1453 932 1480 Olli
953 1452 1078 1487 remigio,
1095 1450 1123 1477 35
1139 1448 1277 1481 ἓφιοὲλτης,
1301 1447 1374 1474 idem
1397 1447 1445 1482 qui
1469 1447 1530 1472 Pan.
1607 1442 1740 1470 Fatidicus
1761 1443 1864 1469 Faunus
1891 1441 1966 1476 Virg.
1999 1442 2063 1469 Aen.
2095 1451 2122 1479 7,
2142 1449 2180 1474 8²-

2 1495 9 1526 ’ζ
41 1495 197 1530 noctemque
229 1495 353 1529 diemque
386 1494 505 1527 fatigant.
540 1492 581 1519 Sic
599 1492 672 1518 Non.
694 1499 726 1522 2,
745 1495 785 1521 338
805 1493 996 1523 interpretatur.
1031 1487 1080 1515 Sed
1143 1484 1364 1513 Vid.VFAVN1.

38 1530 128 1593 {uicini
139 1531 260 1562 dicamus,
281 1531 392 1564 fatigare
411 1528 455 1555 hie
469 1528 550 1554 etiarn
569 1525 612 1560 eff}
625 1527 774 1562 frequenter
788 1523 912 1554 trac'iare,
936 1530 959 1550 et
972 1533 1026 1550 cum
1039 1532 1080 1549 ve·
1176 1527 1332 1550 FATVM,
1350 1519 1369 1545 i.
1389 1527 1415 1545 n.
1452 1517 1635 1551 [πεπρωμένση
1655 1514 1800 1550 τῖμαρμένη,
1818 1513 1954 1550 μόρσιμον]
1990 1522 2006 1539 α
2020 1514 2112 1547 Fatus,
2122 1514 2182 1550 pasl

56 1564 157 1593 emcntia
169 1566 267 1602 versari
278 1569 306 1592 in
318 1576 344 1592 re
357 1566 448 1600 aliqua.
484 1564 608 1589 Caeterum
618 1563 692 1622 flatze
705 1559 824 1594 similiter
836 1561 954 1593 Propert.
967 1568 995 1592 4,
1004 1567 1035 1590 11,
1043 1565 1079 1593 77
1132 1555 1189 1590 fiuiz
1206 1555 1402 1591 fignificatione,
1415 1552 1443 1579 id
1458 1551 1490 1586 est
1504 1551 1608 1578 ditium.
1650 1551 1719 1578 Vnde
1731 1551 1838 1582 Fatum,
1854 1548 1959 1583 Iuffiim,
1972 1557 1996 1574 et
2014 1548 2108 1575 asisium
2123 1551 2181 1576 Dei.

630 1606 657 1627 e,
672 1596 782 1630 fatiges,
799 1598 817 1621 i.
838 1598 865 1620 in
883 1593 951 1620 lustu
966 1601 990 1619 ct
1003 1595 1078 1620 Iacrt-
1141 1591 1213 1624 Qud
1229 1590 1300 1617 aliud
1315 1590 1350 1616 est
1364 1590 1464 1621 satum,
1482 1597 1560 1623 quam
1578 1586 1651 1622 quod
1671 1587 1702 1613 de
1719 1594 1880 1620 vnoquoque
1897 1584 2015 1611 nostrsim
2029 1585 2099 1610 Deus
2113 1585 2182 1611 fatus

37 1640 86 1663 mis
107 1647 150 1664 con
165 1646 241 1663 umar.
289 1638 352 1662 Bene
368 1634 519 1667 Paffiratius
537 1633 585 1660 huc
601 1633 688 1659 retulit
706 1632 832 1657 Lacerare
849 1630 920 1656 diem
938 1639 967 1655 cx
986 1629 1078 1656 Plauto
1086 1638 1123 1663 40
1142 1628 1178 1654 est
1193 1627 1295 1653 Minue.
1310 1625 1383 1652 Felix
1397 1634 1416 1651 c.
1433 1626 1472 1656 36.
1529 1624 1590 1650 Fata
1609 1624 1678 1653 sunt,
1693 1630 1759 1655 quae
1776 1621 1815 1646 dii
1836 1621 1924 1646 fantur
1939 1620 2001 1645 Stat.
2017 1626 2056 1653 ap.
2069 1620 2141 1646 Seru.
2154 1623 2182 1645 in

1070 1684 1078 1691 .
1141 1664 1206 1689 Aen.
1221 1672 1242 1688 2.
1280 1659 1320 1694 Est
1333 1664 1413 1697 Igitur
1421 1661 1514 1686 Fatum
1527 1666 1579 1685 tum
1591 1658 1669 1693 ipfiim
1682 1656 1776 1682 dicium
1783 1655 1854 1685 illud,
1862 1654 1916 1688 flue
1924 1654 2046 1680 decretum
2059 1654 2182 1686 diuinum,

39 1705 62 1744 ff
83 1716 99 1734 2
118 1730 119 1733 ,
135 1707 254 1740 Fatigare
267 1713 315 1741 pro
332 1705 438 1732 titillare
453 1704 558 1739 positum
579 1707 649 1729 aiunt
667 1706 695 1728 in
714 1702 793 1728 Gloss:
808 1702 863 1727 Lat.
883 1701 929 1727 Gr.
949 1699 997 1727 Sed
1014 1700 1082 1726 nihil
1140 1705 1193 1724 tum
1216 1708 1242 1724 ea
1261 1707 1315 1727 res,
1331 1705 1389 1732 quae
1414 1695 1511 1720 decreta
1532 1701 1604 1728 atque
1623 1690 1692 1717 dista
1709 1689 1751 1723 cst.
1788 1691 1843 1716 Cic.
1864 1689 1896 1715 de
1915 1689 2008 1714 Diuin.
2023 1697 2043 1720 i,
2059 1697 2097 1721 ης
2118 1698 2140 1715 c.
2154 1697 2184 1722 53

1069 1751 1078 1756 -
1140 1733 1212 1759 Fieri
1226 1732 1309 1764 igitur
1321 1731 1411 1756 omnia
1424 1739 1439 1754 a
1452 1730 1518 1759 fato,
1532 1728 1602 1753 ratio
1617 1726 1689 1759 cogit
1701 1725 1788 1751 fateri.
1824 1725 1917 1750 Fatum
1930 1730 2017 1749 autem
2030 1723 2057 1750 id
2069 1724 2184 1759 appello,

38 1781 77 1804 ris
89 1781 179 1804 aetatis
195 1777 312 1804 homines.
353 1777 384 1803 V.
397 1785 422 1812 g.
441 1775 536 1809 Sulpic.
551 1775 609 1800 Seu.
622 1773 693 1799 Dial.
709 1780 727 1802 1,
741 1781 768 1804 4,
783 1779 794 1803 5
822 1770 926 1795 Adhaee
940 1769 1077 1794 subridens
1141 1766 1212 1800 quod
1226 1766 1320 1791 Graeci
1335 1764 1494 1798 εἱμαρμένην,
1513 1762 1541 1788 id
1560 1762 1597 1787 est
1611 1761 1750 1792 ordinem,
1765 1759 1913 1794 seriemque
1927 1760 2078 1792 causarum,
2097 1770 2183 1794 quum

1068 1819 1078 1823 -
1090 1806 1123 1830 45
1141 1801 1323 1827 causaecausa
1338 1807 1420 1829 nexa,
1433 1806 1489 1823 rem
1502 1805 1533 1822 ex
1549 1797 1573 1822 se
1585 1796 1682 1830 gignat.
1705 1805 1733 1822 ea
1746 1796 1782 1821 est
1797 1804 1827 1821 ex
1842 1796 1918 1821 omni
1931 1795 2083 1821 aeternitate
2098 1797 2182 1823 fluens

37 1847 112 1882 quit,
125 1846 234 1880 Sulpici,
248 1853 296 1871 tuo
310 1853 400 1874 more,
413 1844 459 1877 qui
478 1843 577 1868 nullam
598 1840 760 1866 occasionem
797 1853 842 1857 ——
877 1837 995 1866 omittis,
1012 1837 1079 1870 quin
1138 1836 1236 1861 veritas
1251 1834 1417 1867 sempiterna.
1438 1832 1509 1866 quod
1529 1842 1611 1867 quum
1627 1832 1664 1858 ita
1678 1831 1723 1864 fit,
1736 1831 1804 1857 nihil
1817 1831 1853 1857 est
1866 1831 1980 1862 faAElum,
1990 1830 2060 1864 quod
2073 1840 2126 1861 non
2140 1832 2183 1857 fu-

1068 1886 1077 1891 -
1140 1875 1230 1896 turum
1250 1870 1345 1895 fuerit:
1365 1869 1511 1903 eodemque
1530 1867 1612 1894 modo
1631 1867 1700 1894 nihil
1716 1866 1753 1893 est
1771 1867 1907 1895 futurum,
1927 1865 2002 1890 cuius
2021 1875 2076 1892 non
2095 1868 2183 1893 causas

39 1918 80 1945 lus
93 1918 118 1944 se
131 1916 248 1943 aestimet
263 1913 377 1947 fatigari.
421 1914 513 1947 Nempe
532 1917 561 1937 vt
574 1909 664 1946 pafflm
682 1917 819 1941 exercere,
834 1915 857 1934 ct
875 1916 969 1934 vexare
983 1913 1028 1934 etc.
1048 1906 1077 1932 de
1143 1905 1171 1931 id
1185 1905 1269 1939 ipsum
1277 1903 1419 1931 efficientes
1434 1910 1525 1930 natura
1538 1904 1680 1930 contineat.
1718 1903 1754 1928 Ex
1768 1910 1822 1935 quo
1838 1901 1999 1934 intelligitur
2012 1906 2040 1927 vt
2053 1902 2137 1928 fatum
2152 1902 2183 1930 fit

1141 1950 1196 1967 non
1211 1940 1247 1971 id,
1260 1940 1332 1975 quod
1352 1940 1543 1975 superstitiose,
1560 1939 1603 1965 sed
1621 1937 1657 1969 id,
1671 1937 1742 1972 quod
1757 1936 1860 1968 Phyfice
1880 1936 1976 1962 dicitur
1989 1938 2063 1962 causa
2075 1944 2184 1966 aeterna

47 2006 60 2022 .'
77 1995 122 2016 FA
132 1995 152 2014 T
162 1994 171 2013 1
180 1993 201 2013 G
210 1993 232 2012 Α
242 1993 263 2012 Τ
273 1992 292 2012 V
302 1992 314 2011 s
323 2004 332 2017 ,
351 1993 381 2016 a,
397 1992 452 2010 um.
476 1982 570 2009 Partic.
608 1979 818 2013 [καταπονηθεὶς]
854 1978 932 2005 Ludo
945 1984 971 2004 et
985 1978 1077 2004 sonmo
1096 1982 1126 2008 50
1140 1985 1230 2003 rerum
1240 1997 1248 2007 ,
1257 1985 1303 2002 cur
1316 1982 1341 2001 et
1354 1985 1394 2007 ea,
1403 1983 1470 2010 quae
1483 1974 1685 2009 praeterierunt,
1700 1972 1767 1998 facia
1781 1971 1844 1998 fint:
1862 1978 1887 1998 et
1902 1981 1968 2006 quae
1982 1972 2091 2004 instant,
2105 1973 2184 2001 fiant:

40 2025 161 2059 fatigatus
175 2023 242 2048 Hor.
258 2022 346 2047 Carni.
360 2028 382 2052 3,
395 2028 424 2052 4,
439 2027 470 2044 11.
490 2021 509 2058 i²
532 2016 638 2044 thftus
656 2023 680 2041 ct
692 2014 821 2051 oppnffiis.
893 2015 992 2040 Fcss'um
1012 2022 1078 2040 vero
1141 2018 1165 2039 et
1180 2021 1247 2047 quae
1268 2012 1430 2046 sequuntur,
1444 2011 1534 2036 futura
1550 2009 1606 2035 sint.
1643 2008 1716 2043 Conf.
1732 2008 1809 2042 Apul.
1824 2007 1855 2033 de
1868 2007 1971 2034 Mundo
1985 2017 2008 2041 p.
2023 2010 2077 2040 263,
2113 2009 2183 2036 Gen,

1069 2066 1079 2071 -
1142 2050 1168 2080 6,
1184 2057 1195 2074 ε
1217 2057 1246 2074 cx
1260 2046 1406 2082 Chrylippo,
1427 2046 1590 2080 Sempiterna
1609 2045 1737 2079 quaedam
1758 2043 1809 2074 est,
1826 2048 1852 2069 et
1876 2042 2072 2070 indeclinabilis
2091 2053 2183 2072 rerum

42 2095 124 2124 stituit
136 2093 232 2121 Vellei.
246 2101 271 2124 2,
285 2094 329 2125 69,
343 2093 367 2117 6.
437 2089 541 2116 Lacerti
554 2087 634 2114 Ouid.
650 2086 728 2122 Epist.
742 2092 777 2118 18,
789 2092 824 2117 83.
894 2080 986 2112 Pit—&tis
1003 2085 1077 2111 Idem
1142 2084 1229 2110 series.
1268 2083 1336 2109 Add.
1350 2083 1386 2109 Id.
1403 2091 1436 2113 13,
1452 2091 1470 2108 1.
1523 2080 1669 2107 Priscianus
1682 2082 1698 2105 6
1733 2078 1806 2105 Idem
1828 2079 1876 2104 esse
1900 2077 1965 2105 dicit
1989 2079 2062 2106 Plato
2078 2080 2184 2113 Fatum,

0 2127 13 2162 ,l
46 2132 132 2159 Amor.
150 2138 171 2163 3,
184 2138 216 2160 11,
230 2137 252 2155 2.
322 2126 401 2153 Aestu
429 2133 525 2159 magno
552 2124 674 2158 fatigatus
704 2123 776 2149 Caes.
790 2122 817 2148 Β.
832 2122 861 2148 C.
883 2129 905 2155 3,
926 2128 966 2154 95.
1002 2120 1077 2157 Conf.
1140 2120 1329 2150 Voluntatem,
1342 2124 1367 2144 et
1380 2117 1526 2144 Iuffionem.
1562 2115 1638 2150 Conf.
1662 2113 1726 2147 Voff
1748 2112 1807 2146 Inst.
1829 2115 1902 2140 Orat.
1918 2124 1934 2149 4
1950 2121 1978 2150 p.
1992 2124 2042 2149 253·
2096 2117 2127 2142 In
2141 2117 2183 2143 mo

47 2166 153 2193 liner..
166 2164 247 2192 Afric.
261 2173 282 2190 c.
299 2172 336 2196 19.
406 2162 436 2188 In
451 2162 525 2187 cursu
541 2159 662 2193 fatigatus
681 2159 784 2184 Petron.
800 2166 821 2183 c.
836 2159 862 2182 6.

1095 2155 1124 2182 55
1142 2155 1217 2189 Virg.
1232 2155 1295 2180 Aen.
1309 2161 1332 2186 ς,
1347 2161 1396 2188 703
1431 2152 1537 2179 Oblitus
1554 2152 1686 2182 fatorum,
1700 2149 1810 2176 Italasne
1830 2150 1968 2184 capesseret
1986 2159 2060 2182 oras,
2078 2151 2185 2178 Seruius

85 2207 328 2231 FATIGATIO,
348 2197 416 2224 onis.
447 2196 466 2222 f.
502 2194 698 2229 [καταηὸνησις]
736 2193 868 2227 Fatigatio
887 2199 1019 2232 equorum
1041 2196 1078 2217 at·
1140 2191 1225 2217 fatum
1244 2193 1425 2223 interpretatur
1444 2187 1597 2217 oraculum,
1616 2193 1698 2221 nempe
1717 2186 1842 2212 oraculum
1855 2187 1937 2220 aperit
1955 2186 2109 2218 hominibus,
2124 2187 2187 2222 quid

18 2242 20 2266 l
49 2245 100 2272 que
111 2236 243 2263 hominum
260 2236 317 2261 Liu.
331 2242 370 2260 22.
424 2232 508 2259 Bilem
528 2230 588 2257 cibo
609 2235 771 2264 temperant,
787 2237 865 2263 quam
886 2236 1002 2254 inaxnne
1021 2236 1066 2253 mo

1069 2243 1078 2248 -
1141 2228 1209 2252 Deus
1217 2224 1344 2261 fatui-fit.
1381 2226 1484 2250 Dicitur
1498 2230 1521 2249 et
1533 2223 1561 2248 de
1569 2223 1714 2258 felicitate,
1734 2222 1852 2247 onrem
1867 2218 1923 2247 fato
1936 2221 2024 2247 credat
2038 2221 2123 2248 obesse
2138 2223 2185 2249 suo

49 2279 92 2299 vet
103 2272 218 2305 fatigatio
232 2271 290 2297 Sen.
305 2270 336 2296 de
349 2270 390 2295 Ira
403 2277 426 2301 3,
440 2276 465 2300 9.
538 2266 668 2293 Columel.
682 2270 710 2298 4',
725 2270 749 2294 18
768 2265 842 2298 Qiln
855 2264 935 2290 etiam
950 2264 1003 2297 ipsa
1016 2262 1078 2289 hor·
1142 2260 1224 2288 Ouid.
1237 2262 1268 2287 R.
1283 2264 1314 2287 A.
1331 2262 1387 2292 566.
1405 2266 1429 2285 et
1447 2259 1476 2284 dc
1489 2260 1651 2290 calamitate,
1671 2257 1727 2293 Cic.
1747 2258 1785 2290 Q
1801 2257 1871 2283 Frat.
1893 2265 1913 2288 1,
1934 2266 1952 2289 4
1973 2256 2076 2283 Amabo
2090 2263 2116 2284 te
2126 2278 2133 2289 ,
2147 2259 2186 2285 mi

45 2313 130 2334 torum
142 2307 281 2341 descriptio
302 2311 400 2340 quanto
413 2304 449 2330 est
468 2301 616 2329 minoribus
630 2300 744 2327 modulis
761 2300 873 2332 consita,
891 2299 1076 2333 fatigationem
1141 2298 1239 2329 frater,
1257 2296 1305 2322 nisi
1320 2296 1338 2322 si
1352 2303 1405 2321 vno
1419 2304 1480 2321 meo
1494 2295 1550 2321 fato
1570 2299 1596 2320 et
1613 2299 1641 2319 tu
1655 2298 1680 2319 et
1693 2301 1784 2319 omnes
1797 2292 1851 2318 mei
1864 2291 2010 2318 corruistis.
2046 2293 2094 2320 Sed
2106 2304 2134 2319 ex
2147 2292 2193 2321 1:⁶ss

43 2343 124 2370 veluti
142 2343 250 2374 minuit,
265 2348 310 2368 etc.
382 2339 514 2373 Quinem.
530 2347 548 2369 1,
563 2346 587 2364 12
628 2337 717 2363 Minus
738 2335 816 2362 afficit
837 2336 922 2362 sensus
945 2334 1067 2369 fatigatio

2 2388 19 2418 ,η
43 2387 120 2414 quam
133 2379 268 2413 cogitatio.
321 2375 486 2410 Fatigatione
503 2373 651 2400 continuati
668 2372 768 2398 laboris
787 2370 855 2398 affici
880 2370 985 2398 Colum.
1004 2378 1065 2403 7,1i

11 2435 19 2455 .,
42 2422 81 2450 ¹7·

17 2457 20 2483 ι
39 2453 78 2477 ita
85 2448 232 2485 praefi'rtim
241 2450 334 2475 Nomen
342 2447 473 2479 Fatigatio
486 2446 607 2471 recentior
621 2449 689 2469 aetas
701 2443 773 2478 stirpe
784 2449 832 2477 pro
845 2444 924 2478 iocosi-1
938 2440 1067 2477 infestatio

17 2537 19 2550 1
37 2521 178 2556 gratularis
187 2539 195 2552 ,
213 2519 282 2545 illud
294 2520 382 2544 tamen
394 2516 465 2551 quasi
478 2515 561 2542 facete
570 2535 578 2547 ,
596 2520 621 2540 et
634 2514 820 2548 fatigationum
834 2513 930 2540 salibus
944 2512 1068 2540 admixtis

39 2557 86 2583 Ais
100 2555 188 2586 enim,
202 2554 315 2588 gaudere
327 2558 367 2585 te,
381 2551 452 2587 quod
465 2550 606 2585 aliquando
614 2549 718 2576 videam
732 2549 813 2576 solem
826 2556 870 2575 etc.
896 2549 952 2575 Vid.
967 2550 1068 2574 Wower

39 2733 158 2760 contenti
176 2732 287 2766 fatigare
307 2739 351 2757 eos
371 2730 458 2764 potius
478 2728 613 2759 studeant,
636 2735 716 2761 quam
730 2734 836 2752 nocere.
874 2726 1004 2760 Originem
1019 2722 1069 2758 for

38 2770 116 2796 mulae
128 2770 225 2803 aperire
237 2766 338 2794 videtur
350 2767 408 2791 Vet.
424 2764 509 2791 Schol.
524 2763 557 2789 ad
575 2762 636 2789 illud
649 2761 781 2788 quenalis
794 2769 820 2793 9,
837 2769 859 2786 11
882 2760 913 2785 Et
928 2758 1023 2785 salibus
1037 2766 1069 2784 ve

14 2799 149 2833 '3heinens
168 2809 237 2829 intra
256 2801 395 2837 pomoeria
415 2800 499 2832 natis,
517 2799 545 2825 id
557 2798 610 2830 est,
629 2798 676 2833 qui
697 2796 797 2823 solebas
816 2796 845 2822 in
865 2794 998 2821 conuiuiis
1014 2794 1068 2819 ioci

38 2876 199 2913 usurparunt.

77 2910 318 2938 FATIGKTOR
329 2928 338 2940 ,
360 2908 424 2934 oris.
444 2916 480 2934 m.
501 2905 577 2942 Apud
589 2904 695 2939 August.
733 2924 740 2930 .
778 2923 785 2930 .

83 3023 100 3043 r
109 3023 159 3043 AT
167 3024 177 3042 1
185 3023 206 3043 G
214 3024 235 3043 A
244 3023 260 3043 B
269 3023 279 3042 1
288 3023 304 3042 L
314 3023 323 3041 1
333 3021 345 3040 s
355 3034 362 3046 ,
382 3024 403 3041 e.
440 3013 500 3041 Adi.
537 3012 656 3039 Tertull.
670 3011 702 3038 de
715 3011 802 3037 Anim.
816 3020 837 3036 c.
850 3018 887 3042 32·

19 3089 20 3094 1
85 3056 360 3090 ῈΑτιιοςζννε,
392 3050 446 3077 vid.
483 3054 635 3076 FATVM.

19 3113 21 3119 ⁵
52 3119 199 3156 [ἐφθόνως]
224 3122 347 3148 Laudatur
369 3121 488 3156 Fulgent.
509 3121 567 3152 Myt

50 3193 115 3219 Aen.
130 3200 150 3223 1,
164 3198 202 3222 123
219 3194 284 3217 cuius
295 3194 370 3219 Iocum
375 3192 466 3226 statim
479 3191 564 3217 damus
576 3193 603 3216 in
619 3195 768 3216 FATISCO.
805 3187 877 3223 Qiod
890 3189 953 3213 enim
966 3185 1068 3212 laudatu

55 3618 229 3645 choatiuorum.
265 3615 332 3641 Area
350 3613 458 3648 puluere
471 3614 540 3641 vieta
550 3617 647 3643 fatiscit
659 3617 733 3650 Virg.
747 3617 844 3648 Georg.
861 3623 879 3644 1,
896 3619 948 3643 180.
1021 3610 1068 3637 Gel

1070 2337 1121 2366 ‚60
1141 2331 1203 2365 tusto
1217 2332 1299 2358 codice
1312 2333 1403 2367 legitur
1415 2330 1506 2356 Fa&o.
1573 2329 1638 2356 Non
1650 2334 1719 2354 tanta
1733 2327 1805 2354 caelo
1821 2327 1928 2354 societas
1942 2327 2078 2354 nobiscum
2092 2329 2143 2362 est,
2157 2335 2186 2356 vt

1069 2389 1077 2401 ‚
1140 2368 1232 2394 nostro
1252 2368 1310 2394 fato
1329 2366 1449 2393 mortalis
1471 2365 1501 2392 sit
1519 2364 1565 2391 ille
1584 2372 1693 2399 quoque
1712 2363 1824 2390 siderum
1839 2362 1929 2397 fulgor
1948 2363 2014 2390 Plin.
2028 2372 2053 2398 2,
2068 2369 2090 2394 8.
2145 2366 2186 2393 Sic

233 2411 254 2450 ‘fl
274 2421 291 2439 2.
323 2410 527 2446 §.Quemadmodum
539 2409 567 2434 de
586 2408 664 2434 Verbo
673 2408 792 2441 Fatigare
804 2407 874 2433 modo
886 2405 1079 2441 obfirmbamus,
1141 2403 1338 2438 comprehendit,
1356 2412 1417 2438 quae
1429 2401 1497 2428 modo
1511 2401 1627 2432 dixerat,
1653 2398 1744 2426 Sidera
1764 2414 1808 2418 ——
1825 2407 1880 2425 non
1900 2399 1946 2425 illa
1965 2414 2010 2418 -——
2029 2399 2135 2433 singulis
2149 2406 2186 2426 at-

1070 2457 1080 2462 -
1140 2439 1240 2466 tributa
1260 2438 1354 2470 nobis,
1374 2443 1400 2464 et
1419 2437 1488 2464 clara
1505 2435 1653 2467 diuitibus,
1673 2435 1778 2462 minora
1796 2434 1968 2469 pauperibus,
1985 2433 2093 2460 obscura
2114 2436 2185 2461 defe-

10 2509 13 2514 ‚
26 2485 68 2512 'ne
88 2492 112 2512 et
126 2486 235 2521 facetiis
247 2483 339 2519 posuit.
394 2481 483 2507 Sidon.
496 2479 584 2513 Apoll.
599 2487 617 2510 1,
630 2484 695 2513 8pr.
734 2479 837 2504 Morari
850 2487 892 2504 nie
905 2479 1005 2504 Romae
1018 2485 1078 2502 con·
1141 2475 1205 2507 ciis,
1224 2484 1253 2501 ac
1267 2483 1316 2509 pro
1331 2475 1400 2500 sorte
1413 2473 1540 2507 cuiusque
1554 2471 1682 2502 lucentia,
1697 2470 1865 2497 adnumerata
1879 2469 2049 2500 mortalibus,
2063 2478 2109 2495 nec
2124 2480 2184 2498 cum

1071 2532 1077 2538 .
1092 2509 1124 2541 65
1142 2512 1188 2537 suo
1202 2519 1322 2545 quaeque
1335 2509 1448 2535 homine
1460 2514 1518 2534 orta
1537 2507 1704 2535 moriuntur,
1718 2514 1765 2531 nec
1784 2504 1901 2538 aliquem
1915 2504 2061 2538 exstingui,
2074 2504 2185 2533 decidua

1140 2546 1293 2580 significant.
1333 2547 1425 2580 Nempe
1443 2543 1557 2570 siderum
1570 2543 1622 2568 fata
1635 2540 1772 2567 hominibus
1782 2539 1920 2574 alligabant
1931 2548 1958 2565 ea
1971 2542 2082 2572 ratione,
2102 2549 2130 2567 vt
2144 2551 2184 2568 31·-

39 2598 64 2617 et
77 2591 168 2631 ¹Sauav
182 2589 216 2630 qd
228 2590 252 2616 h.
264 2591 281 2616 l.
316 2589 379 2614 Aur.
390 2588 458 2614 vict.
472 2588 539 2627 Epit.
554 2591 591 2619 38,
603 2594 620 2620 7
642 2586 748 2612 Carinus
760 2584 947 2619 condiscipulis
963 2592 1080 2618 quoque,
1140 2582 1239 2620 borum
1258 2580 1398 2614 nymphis,
1418 2588 1465 2613 qua
1483 2578 1511 2603 de
1530 2586 1557 2604 re
1571 2576 1652 2615 Ouid.
1666 2575 1732 2601 Fast.
1747 2583 1775 2607 4,
1788 2582 1833 2606 232
1851 2573 1946 2613 ¹Naida
1964 2575 2117 2602 vulneribus
2131 2577 2186 2603 suc-

40 2635 89 2661 qni
102 2634 164 2652 eum
183 2633 212 2651 in
230 2624 365 2651 auditorio
376 2623 454 2650 verbi
473 2623 629 2663 fatigatio-ne
648 2627 816 2653 taxauerant‚
836 2620 998 2655 perniciosus
1017 2619 1079 2644 fuit.
1141 2617 1207 2642 cidit
1231 2616 1259 2641 in
1281 2615 1377 2641 arbore
1398 2613 1485 2639 saetis.
1521 2611 1569 2638 Illa
1590 2616 1674 2645 perit:
1700 2610 1784 2636 fatum
1805 2609 1900 2636 Naidis
1919 2609 2000 2637 arbor
2019 2618 2084 2637 erat.
2126 2612 2184 2639 Vid.

40 2661 182 2695 Eutropius
195 2669 221 2692 9,
236 2668 263 2687 12
281 2660 310 2687 de
322 2659 401 2686 eadem
414 2669 454 2691 re,
474 2659 521 2693 qui
539 2667 601 2684 eum
613 2657 656 2684 vel
674 2657 730 2683 leui
747 2657 905 2690 fatigatione
916 2659 1078 2681 taxauerant.
1143 2651 1230 2686 Heius]
1244 2650 1278 2676 ad
1290 2650 1315 2676 h.
1330 2651 1346 2674 l.
1361 2655 1384 2674 ct
1404 2653 1509 2674 DRYAS
1538 2653 1610 2681 atque
1630 2652 1843 2673 HAMADRYAS.
1995 2643 2016 2682 fl
2038 2655 2054 2672 2
2097 2648 2185 2674 deffl-

40 2699 80 2725 Io.
95 2696 253 2723 Antiochen.
267 2695 414 2725 σκώψαντας.
450 2695 490 2720 Io.
504 2693 632 2719 Cassianus
657 2693 783 2717 Wowerio
802 2690 934 2720 laudatus,
956 2688 1079 2714 illusione
1088 2693 1124 2720 70
1141 2695 1204 2716 mus,
1219 2684 1334 2720 quomodo
1348 2687 1468 2719 iungatur
1479 2681 1626 2709 Nominibus
1639 2684 1731 2707 variis.
1787 2680 1852 2706 Alae
1865 2679 1914 2706 fati
1927 2680 2053 2714 volucris,
2065 2681 2094 2709 de
2107 2690 2185 2710 morte

1071 2737 1080 2741 -
1142 2722 1210 2746 Hor.
1225 2721 1312 2746 Carni.
1325 2728 1348 2752 2,
1363 2727 1401 2753 17,
1414 2726 1452 2751 25.
1523 2718 1624 2744 Arcana
1641 2717 1758 2743 fatorum
1773 2715 1848 2749 Vix-g.
1862 2716 1926 2741 Aen.
1940 2724 1959 2747 1,
1974 2719 2033 2744 266.
2096 2719 2184 2746 Valer.

1071 2774 1081 2779 -
1143 2757 1216 2783 Max.
1231 2763 1256 2789 7,
1272 2764 1284 2781 2
1306 2755 1349 2781 vbi
1362 2754 1390 2780 de
1404 2754 1505 2785 Solone,
1526 2752 1567 2779 Ad
1579 2752 1703 2778 vltimum
1722 2752 1803 2785 Vsque
1816 2751 1865 2777 fati
1877 2751 1955 2777 Diem
1973 2753 2083 2787 ancipiti
2101 2754 2186 2781 fortu-

1070 2802 1081 2819 s
1142 2800 1192 2818 nae
1206 2789 1319 2817 subiecti
1334 2791 1430 2816 sumus.
1501 2788 1633 2814 Dominae
1653 2787 1703 2813 sati
1722 2787 1825 2813 sorores
1839 2786 1921 2813 Ouid.
1935 2787 2020 2814 Trist.
2034 2796 2057 2821 ς,
2071 2797 2093 2821 3,
2108 2797 2146 2824 17.
2165 2792 2185 2816 i.

40 2848 132 2868 omnes
161 2838 281 2873 fatigare.
334 2833 438 2864 Dictum
463 2838 538 2862 initio
567 2844 620 2861 cum
647 2831 786 2860 adsertione
819 2831 905 2857 deinde
930 2829 1081 2865 simpliciter
1143 2829 1245 2854 Parcae.
1301 2825 1431 2852 Homines
1448 2823 1636 2858 nequani,qui
1654 2823 1683 2849 in
1703 2823 1779 2856 culpa
1798 2828 1824 2848 et
1844 2821 1975 2849 maleficio
1988 2823 2085 2850 reuie'ti
2098 2826 2187 2859 perfu-

1093 2866 1126 2894 75
1143 2863 1219 2897 giunt
1236 2862 1268 2888 ad
1288 2861 1337 2888 fati
1350 2860 1533 2887 Neceffitatein
1548 2859 1616 2885 Gell.
1630 2861 1659 2898 6,
1670 2867 1694 2885 2.
1731 2858 1814 2884 Nefas
1826 2857 1874 2884 fati
1887 2858 1945 2884 Seri.
1961 2859 2040 2886 Herc.
2055 2860 2115 2887 Oet.
2131 2868 2187 2894 1125

1143 2908 1183 2925 res
1195 2897 1335 2925 horribilis.
1356 2896 1413 2923 Vid.
1428 2897 1534 2922 Gronau.
1590 2893 1687 2920 Stabile
1701 2893 1819 2920 fatorum
1831 2902 1930 2919 numen
1943 2895 2018 2929 Virg.
2031 2895 2083 2922 Eel.
2099 2907 2126 2930 4,
2140 2904 2187 2931 47.

78 2945 380 2974 FATIGATORIVS,'a‚
396 2953 448 2969 um.
469 2941 530 2969 Adi.
559 2941 694 2976 Pacctofiis.
713 2939 802 2966 Sidon.
815 2923 896 2973 lipist.
908 2944 930 2970 ς,
944 2944 973 2971 17
992 2934 1083 2962 Verba
1144 2934 1246 2961 Inuisus
1258 2933 1319 2960 fatis
1337 2932 1411 2972 Ideni
1423 2932 1521 2964 Georg.
1537 2938 1565 2963 4,
1580 2938 1638 2970 3²4:
1682 2965 1687 2969 Ι
1710 2929 1765 2955 Cic.
1774 2929 1886 2963 Philipp.
1904 2938 1962 2961 1‚10
2001 2931 2026 2957 si
2042 2931 2105 2966 quid
2118 2932 2187 2959 mihi

45 2986 118 3008 erant
130 2981 229 3013 dulcia,
243 2980 344 3011 iocosa,
358 2978 518 3013 fatigatoria.
558 2976 616 3003 Vid.
638 2982 761 3002 FATiGO
781 2981 805 3001 et
825 2978 1011 3001 FATIGATxO
1025 2981 1081 2998 na.
1144 2970 1297 2997 humanitus
1311 2967 1454 2995 accidiffct:
1487 2965 1570 2992 multa
1588 2974 1660 2991 enim
1679 2964 1834 2999 impendere
1851 2964 2011 2992 videbantur
2024 2972 2127 3001 praeter
2143 2977 2187 2994 na.

1143 3012 1248 3037 turam,
1265 3010 1420 3039 praeterque
1439 3002 1534 3029 fatum.
1571 3002 1623 3028 Hic
1637 3001 1721 3027 fatum
1742 2998 1776 3033 ⁶³st
1789 3000 1870 3036 firies
1888 3001 2015 3036 causarum
2032 3004 2186 3029 naturalium

1095 3045 1127 3071 80
1144 3040 1247 3073 exclufis
1266 3040 1396 3067 liberorum
1410 3041 1547 3065 animorum
1567 3034 1715 3063 actionibus.
1753 3037 1853 3062 Arcana
1867 3036 1919 3062 fata
1939 3036 2012 3070 Virg.
2026 3038 2090 3064 Aen.
2105 3040 2131 3069 6,
2145 3045 2186 3072 72.

86 3091 162 3112 FAT
172 3093 221 3113 1M.
247 3086 313 3113 Adu.
336 3089 479 3122 antiquum,
503 3084 566 3111 idem
582 3081 731 3145 stigmjficans
752 3080 817 3117 quod
835 3079 955 3112 Abunde,
981 3077 1084 3118 copiast,
1144 3077 1292 3111 Benignmn
1311 3076 1403 3101 quen.
1413 3074 1464 3100 Sat.
1478 3075 1516 3105 16,
1531 3081 1558 3105 4.
1629 3073 1712 3099 Caeca
1729 3072 1797 3097 Hor.
1810 3072 1898 3100 Carm.
1918 3079 1942 3100 2.
1964 3080 1998 3103 13,
2016 3074 2052 3097 16.
2079 3075 2096 3097 i.
2117 3074 2186 3107 Qae

569 3119 604 3145 ho
618 3139 624 3145 .
644 3128 666 3144 2.
713 3118 760 3145 Sed
781 3127 830 3143 non
849 3116 920 3143 habet
936 3114 1084 3147 GIoHarium
1139 3112 1285 3149 praeuideri
1303 3112 1431 3145 cauerique
1449 3118 1499 3136 non
1512 3106 1621 3144 poffiint.
1689 3106 1815 3134 Crudelia
1833 3107 1906 3140 Virg.
1921 3107 2017 3141 Georg.
2032 3116 2060 3140 4,
2074 3115 2134 3140 495.
2157 3107 2187 3134 de

19 3154 21 3161 ¹
50 3155 192 3185 Mmzckeri.
230 3157 312 3183 Adhuc
323 3166 380 3193 ergo
394 3155 517 3183 auftorem
529 3165 577 3181 non
589 3154 703 3181 habemus
720 3159 828 3184 certum,
855 3151 902 3185 nifi
914 3151 1036 3177 Seruium
1049 3149 1082 3175 ad
1145 3148 1266 3182 Eurydice
1277 3145 1312 3173 ad
1322 3145 1422 3172 vmbros
1434 3151 1555 3172 reuocata.
1611 3143 1758 3169 Celerrima
1778 3141 1851 3168 Idem
1864 3142 1928 3168 Aen.
1949 3150 1985 3175 ¹2,
1999 3150 2057 3176 507.
2121 3143 2187 3171 Dira

1070 3194 1084 3211 r
1146 3185 1203 3211 Sen.
1216 3182 1309 3209 oetan.
1323 3182 1342 3207 s.
1357 3188 1378 3213 ς.
1449 3179 1568 3207 Horrida
1587 3178 1654 3205 belli
1680 3179 1754 3213 Virg.
1771 3179 1835 3204 Aen.
1855 3186 1885 3208 11,
1906 3179 1949 3209 96.
2020 3177 2113 3204 Inuida
2133 3178 2187 3213 piis

49 3228 168 3261 Fulgent.
181 3225 289 3258 Mythol.
302 3236 317 3253 2
327 3227 467 3266 fiispetftum
482 3225 531 3260 est,
552 3236 605 3253 cum
622 3235 671 3251 non
687 3225 775 3252 habeat
793 3227 819 3250 in
834 3221 953 3256 Gloffiirio
967 3220 1084 3247 Muncke-
1100 3220 1129 3248 85
1147 3220 1209 3246 Stat.
1225 3217 1316 3245 Theb.
1333 3226 1371 3249 10,
1383 3221 1438 3250 378.
1508 3215 1613 3241 Maiora
1627 3217 1661 3240 iis
1674 3214 1818 3240 tribuuntur
1828 3233 1836 3245 ,
1855 3216 1898 3248 qui
1914 3214 1977 3239 alios
1990 3216 2111 3246 vincunt,
2132 3213 2186 3240 vid.

49 3273 103 3290 rus.
127 3263 251 3288 Caeterum
264 3262 365 3290 Affatim
384 3263 446 3290 illud
463 3262 556 3298 ipsum,
570 3268 593 3288 et
605 3261 698 3295 Fatigo
719 3266 742 3286 et
755 3260 856 3286 Fatisco
869 3259 938 3294 satis
956 3256 1082 3288 indicant,
1147 3257 1233 3282 Burin.
1247 3253 1282 3281 ad
1292 3252 1374 3280 Ouid.
1388 3253 1453 3278 Her.
1468 3259 1488 3283 t,
1501 3256 1531 3280 28
1550 3250 1594 3276 Illi
1606 3249 1677 3276 vieta
1693 3249 1744 3275 suis
1757 3249 1847 3275 Troia
1861 3249 1913 3274 fata
1925 3253 2027 3274 canunt.
2065 3250 2117 3274 Hic
2133 3249 2188 3276 fata

48 3296 123 3332 inesse
141 3299 169 3323 in
181 3296 227 3323 hac
245 3296 325 3323 radice
340 3299 514 3329 vehementiae,
528 3300 628 3332 copiae,
641 3296 857 3332 frequentationis
865 3292 1083 3330 significationem.
1146 3293 1293 3317 Graecorum
1305 3289 1408 3315 maiora
1415 3287 1490 3323 fuere
1496 3287 1604 3321 scilicet.
1657 3284 1811 3312 Miserabile
1824 3284 1904 3311 Ouid.
1919 3284 1981 3310 Met.
1993 3286 2019 3316 6,
2032 3292 2075 3315 90.
2129 3285 2189 3311 Mu-

89 3340 137 3361 FA
147 3339 168 3359 T
178 3339 188 3358 1
198 3337 278 3363 800,
297 3333 347 3359 &²¹-
379 3334 561 3367 [κκτοιχοιίνω]
603 3334 719 3359 Vicinum
741 3331 840 3358 verbum
861 3330 934 3356 verbo
957 3327 1083 3361 Fatigari,
1147 3326 1229 3353 tabile
1242 3326 1304 3352 Stat.
1317 3323 1410 3351 Theb.
1422 3331 1455 3356 9,
1469 3325 1524 3348 661.
1596 3321 1677 3347 Noua
1689 3321 1757 3353 fata,
1777 3322 1858 3356 Qum
1877 3319 1989 3354 insolitae
2009 3325 2031 3345 et
2048 3319 2189 3354 insperatae

49 3367 184 3402 vnizcerfim
196 3365 230 3400 esi
242 3369 270 3392 vi
285 3372 308 3392 et
318 3368 492 3406 vehementiae,
511 3372 553 3395 cui
561 3375 612 3404 par
624 3367 731 3399 nonfis,
744 3367 842 3396 cedem,-
862 3365 927 3401 quod
945 3363 1029 3389 deinde
1047 3362 1084 3388 di·
1140 3362 1285 3398 felicitates
1303 3363 1344 3386 cui
1363 3357 1529 3394 contigfffint.
1565 3356 1682 3383 quenal.
1702 3357 1754 3383 Sat.
1774 3363 1800 3390 7,
1820 3361 1863 3389 189
1901 3354 2026 3388 Exempla
2051 3363 2188 3383 nouorum

50 3405 123 3441 versa
137 3405 233 3430 ratione
251 3401 423 3430 determinatur
435 3412 459 3431 et
471 3405 576 3441 finitur.
612 3405 653 3431 Sic
666 3403 694 3429 de
708 3402 825 3432 nauibus,
837 3410 899 3437 quas
911 3400 976 3426 vicit
989 3398 1084 3430 hiems,
1093 3407 1128 3432 90
1149 3399 1275 3424 Fatorum
1289 3395 1377 3423 tranfi.
1413 3393 1485 3421 Adde
1499 3393 1582 3419 Pacat.
1596 3393 1688 3426 Paneg.
1706 3401 1727 3417 c.
1746 3398 1790 3426 27.
1862 3390 1972 3424 Raparia
1986 3389 2073 3416 Valer.
2087 3391 2188 3425 Argon.

50 3441 127 3475 Virg.
141 3440 205 3465 Aen.
226 3446 246 3469 1,
264 3443 310 3471 127
328 3437 470 3476 *Accipiunt
489 3440 630 3466 inimicum
648 3438 781 3470 imbrem,
802 3437 930 3471 rimisque
954 3434 1086 3460 fatiscunt.
1151 3441 1174 3466 ς,
1188 3441 1209 3459 2.
1279 3433 1336 3458 Cic.
1353 3432 1381 3457 in
1394 3429 1473 3457 Catil.
1486 3436 1508 3460 3,
1521 3437 1538 3461 9
1556 3428 1682 3454 Lentulus
1697 3433 1784 3453 autem
1799 3425 1965 3452 confirmauit
1984 3434 2015 3450 ex
2031 3425 2092 3452 fatis
2106 3427 2189 3459 Sibyl-

55 3477 105 3504 Vhi
117 3480 250 3511 argutatur
262 3472 379 3513 Servius,
390 3473 525 3507 Patiscum,
537 3474 709 3502 Abundanter
728 3473 889 3507 aperiuntur.
919 3471 1002 3497 Fatim
1016 3470 1088 3496 enim
1151 3469 1213 3495 linis
1222 3488 1231 3500 ‚
1251 3468 1459 3501 Aruspicumque
1478 3463 1619 3498 responsis,
1639 3465 1664 3490 se
1677 3464 1726 3489 esse
1745 3462 1853 3489 tertium
1874 3460 1948 3486 illum
1962 3460 2130 3494 Cornelium,
2142 3470 2189 3490 etc,

53 3510 226 3539 Abundanter
248 3507 376 3539 dicimus,
401 3510 467 3536 vnde
497 3516 523 3537 et
549 3510 665 3537 Affatim.
702 3511 811 3536 Hiscere
840 3514 942 3537 autem,
967 3506 1087 3540 Aperite.
1151 3503 1262 3530 sinistro
1288 3503 1344 3529 fato
1368 3502 1471 3536 genitus
1497 3501 1589 3526 quen.
1609 3500 1659 3526 Sat.
1680 3508 1718 3530 10,
1738 3505 1792 3529 129.
1863 3495 1933 3521 Tria
1947 3496 2006 3523 Fata
2014 3496 2077 3531 fiint
2096 3498 2190 3524 Parcae

54 3547 142 3578 Eadem
152 3547 243 3580 repeti!
255 3543 288 3569 ad
301 3543 399 3576 GCOFS·
414 3551 433 3573 ¹»
444 3549 495 3574 ¹80·
530 3546 636 3573 Proinde
649 3556 698 3572 non
712 3545 797 3579 desunt
811 3547 853 3579 qui
868 3542 988 3569 Fathisco
997 3547 1089 3576 putent
1151 3539 1217 3574 apud
1228 3538 1304 3572 Apul.
1318 3538 1349 3564 de
1361 3536 1463 3564 Mundo
1475 3543 1539 3562 extr.
1577 3536 1646 3561 Hinc
1661 3535 1722 3561 Fata
1741 3541 1800 3558 cum
1817 3530 1913 3557 tabulis
1933 3531 2056 3558 feruntur
2069 3533 2125 3559 Deo
2136 3533 2189 3560 affi-

46 3582 221 3617 scribendum:
240 3579 364 3614 nonsatis
375 3577 414 3603 illi
425 3579 516 3612 quidem
528 3581 691 3614 conliderate:
712 3586 766 3608 sco
780 3579 889 3614 astrasui
903 3578 1035 3604 Verborum
1050 3579 1088 3601 in·
1101 3578 1134 3604 95
1151 3575 1217 3600 stete
1232 3574 1300 3608 apud
1315 3574 1398 3599 Pacat.
1414 3573 1507 3605 Paneg.
1520 3575 1554 3601 18,
1568 3579 1595 3603 4.
1632 3571 1673 3597 Sic
1692 3567 1814 3594 Martian.
1829 3566 1934 3600 Capella
1949 3574 1958 3592 1
1979 3576 2005 3601 p.
2020 3576 2047 3594 12
2078 3568 2190 3602 Clotho,

1071 3610 1089 3636 1.
1152 3609 1279 3639 Lachesis,
1293 3610 1459 3643 Atroposque
1473 3606 1612 3633 sententias
1626 3604 1697 3631 Iouis
1710 3601 1903 3642 orthographae
1915 3601 2003 3629 studio
2015 3603 2135 3630 veritatis
2147 3614 2192 3631 ex-

56 3662 92 3684 12,
107 3662 117 3679 1
136 3653 179 3679 Ne
197 3659 300 3690 aequor
316 3649 381 3676 illud
400 3648 500 3675 ventris
517 3650 665 3685 iungetur,
685 3658 711 3679 et
728 3651 761 3677 de
779 3650 908 3686 grauitate
921 3648 1010 3675 oneris
1023 3655 1037 3672 a
1054 3646 1089 3671 la-
1152 3645 1270 3678 cipiunt,
1283 3650 1374 3678 vtpote
1387 3642 1513 3670 librariae
1532 3639 1668 3675 supersim,
1680 3637 1836 3671 archiuique
1856 3637 1982 3665 custodes.
2025 3639 2082 3665 Vid.
2098 3641 2190 3676 Spanh.

52 3689 120 3716 'bore
139 3694 226 3723 PaffflS
253 3686 363 3713 fatlstflt·
389 3720 394 3725 ,
417 3682 562 3724 ΠΡΙἫᾸΕΜ.
579 3687 696 3714 Cathem.
717 3695 742 3720 9,
757 3694 781 3719 ςι
822 3686 879 3712 Nee
901 3684 998 3710 fatiscit
1020 3681 1090 3708 vnda
1154 3680 1182 3706 de
1199 3679 1296 3714 Numifi
1309 3678 1373 3712 Diffi
1388 3688 1412 3711 13
1428 3689 1452 3714 p.
1466 3681 1512 3710 639
1520 3677 1561 3713 sq.
1598 3674 1644 3702 Sed
1656 3673 1727 3700 Tria
1740 3673 1793 3699 fata
1805 3673 1910 3699 Troiae
1920 3674 1983 3709 fimt
1997 3680 2049 3700 tres
2063 3677 2191 3702 calamita-

18 3747 20 3749 .
55 3724 148 3757 sanetis
168 3723 251 3758 pressa,
264 3721 312 3748 sub
331 3720 458 3753 vestigiis.
499 3720 617 3753 Loquitur
635 3722 663 3748 de
681 3720 778 3755 Christo
797 3721 921 3748 incedente
943 3725 988 3754 per
1005 3727 1090 3753 aquas.
1152 3723 1204 3747 ter,
1225 3723 1284 3749 qnae
1301 3718 1431 3741 interitum
1451 3717 1504 3740 eim
1521 3712 1691 3738 accelerarent.
1727 3707 1866 3735 Audiamus
1882 3709 2000 3736 Plautum
2015 3710 2106 3737 Bacch.
2122 3721 2148 3744 4,
2162 3719 2190 3742 9,

17 3758 21 3790 ξ
57 3759 186 3786 Columel.
221 3767 249 3790 ε,
272 3767 317 3790 14,
339 3766 350 3789 3
390 3754 438 3782 Sed
471 3754 546 3781 omni
570 3755 625 3782 solo
651 3758 723 3791 quod
749 3756 946 3792 praedifioruin
979 3753 1186 3788 legumi-10029
1206 3750 1258 3776 llio
1271 3750 1321 3776 tria
1336 3749 1514 3776 audinifniss‘e
1527 3747 1587 3775 fata,
1605 3753 1671 3778 quae
1689 3743 1731 3769 illi
1744 3744 1834 3771 forent
1845 3745 1944 3771 exitio:
1963 3745 2071 3779 Signum
2083 3755 2114 3771 ex
2130 3752 2189 3771 arce

14 3798 20 3810 ··
59 3799 120 3821 uum
137 3793 267 3830 segetibus
284 3792 398 3824 fatiscit,
418 3799 470 3817 vna
491 3790 607 3829 praesens
623 3792 753 3819 medicina
771 3793 822 3824 est,
846 3795 864 3817 i.
880 3791 1029 3826 fatigatur,
1049 3797 1090 3814 ex·
1154 3786 1172 3812 fi
1189 3786 1306 3820 perisset:
1330 3785 1442 3812 alterum
1462 3785 1542 3811 etiam
1562 3780 1597 3806 est
1617 3779 1712 3806 Troili
1731 3788 1818 3806 mors:
1855 3780 2000 3811 Tertium,
2020 3790 2080 3806 cum
2098 3785 2189 3813 portae

57 3829 185 3863 hauritur,
203 3832 244 3856 vti
257 3829 325 3856 dixit
344 3838 372 3861 4,
387 3837 424 3859 27,
438 3828 455 3851 6
483 3826 601 3857 Fatigata
623 3826 685 3851 vitis
707 3827 796 3862 dapsili
819 3832 951 3862 prouentu
966 3832 1012 3852 etc.
1048 3825 1090 3851 Sic
1153 3822 1246 3848 Scaeae
1257 3821 1340 3847 limen
1353 3822 1475 3855 superum
1488 3815 1664 3847 scinderetur,
1684 3814 1750 3850 quod
1761 3815 1802 3842 ille
1820 3815 1906 3842 deinde
1919 3815 2022 3842 ridicule
2040 3819 2066 3840 in
2083 3824 2132 3841 rem
2146 3825 2189 3841 nu-

57 3864 121 3892 Plin.
133 3865 159 3891 de
171 3875 226 3901 rege
239 3871 310 3898 apum
324 3872 356 3896 11,
371 3865 398 3890 16
424 3864 501 3888 Hunc
519 3860 567 3886 esse
586 3859 670 3886 solum
688 3869 786 3889 marem
805 3862 972 3893 existimant,
992 3859 1090 3895 praeei—
1152 3866 1234 3894 gacem
1254 3856 1390 3892 transfert.
1446 3854 1534 3881 Troia
1548 3851 1601 3877 fata
1613 3852 1653 3877 vet
1666 3851 1771 3877 Troica
1788 3851 1868 3878 Ouid.
1885 3852 1949 3878 Her.
1966 3861 1986 3881 1,
2001 3855 2035 3879 28.
2090 3850 2190 3876 Victri-

57 3908 108 3934 pua
119 3900 307 3936 magnitudine,
326 3908 358 3925 ne
372 3899 489 3927 fatiscat,
509 3899 526 3922 i.
547 3896 718 3934 exhauriatur.
752 3897 904 3924 Add,1dem
919 3904 956 3931 17,
970 3905 985 3923 2
1004 3896 1089 3922 Tem·
1153 3893 1194 3919 cia
1216 3892 1267 3917 fata
1288 3900 1317 3916 ex
1335 3894 1417 3918 numis
1436 3887 1544 3921 illustrat
1563 3886 1654 3922 Spanh.
1667 3885 1731 3919 D'ff
1744 3896 1768 3917 13
1786 3893 1812 3922 p.
1827 3890 1872 3920 639
1891 3890 1918 3913 in
1937 3886 2023 3922 quibus
2042 3882 2075 3916 est
2095 3891 2190 3910 FAT1s

57 3936 154 3971 pestiua
165 3937 266 3972 frigora
279 3936 424 3970 plurimum
436 3933 562 3961 arborum
577 3930 712 3958 fertilitati
731 3932 885 3966 conferunt,
904 3938 931 3960 et
943 3932 976 3960 fic
989 3931 1090 3966 optime
1105 3931 1369 3962 rosvicrmeuivs.
1412 3924 1469 3952 Vici.
1483 3925 1568 3950 Burm.
1582 3921 1616 3949 ad
1628 3921 1709 3949 Ouid.
1723 3922 1788 3949 Her.
1804 3930 1823 3954 1,
1837 3927 1877 3953 28-
1949 3919 2060 3946 vinacia
2072 3919 2191 3945 seneaae

1349 3962 1376 3988 H
1391 3961 1411 3987 h
1430 3960 1448 3986 h
1462 3959 1480 3987 h
1516 3967 1532 3985 1-
2093 3955 2191 3982 Lucan..
