2479 4225
34 192 102 236 373
420 176 710 218 HAR
1547 158 1825 219 HAS
2095 190 2172 235 874

34 272 108 302 lanae
123 268 266 304 intelligunt
282 265 365 298 defit,
384 267 509 302 Quantum
527 275 599 292 manu
615 269 673 302 capi
682 263 783 307 potest*
807 264 1073 308 Alt'i,irzferpreta›1tncr
1133 272 1246 299 pagonas
1259 270 1353 291 vocant
1368 264 1483 307 milites)
1498 273 1529 292 ex
1542 266 1644 292 Punicis
1664 253 1778 305 nauibus
1796 266 1869 293 iniici
1890 268 1916 294 in
1932 270 2062 298 Romanas
2075 274 2171 308 coepti.

34 307 159 337 Globulum
181 305 251 331 lanae
271 304 435 330 conuolutum.
483 303 586 328 Graecis
607 303 709 336 πίλημα
729 300 841 333 άίιπιιν,
860 310 908 326 omo
931 310 962 325 τε
987 302 1074 335 πιλεῖν,
1135 301 1183 326 Con
1203 300 1425 336 ‚Appia›1,rleBz²ll.
1436 302 1487 326 (Τιιι.
1502 312 1517 335 5
1532 308 1559 336 p.
1576 311 1629 336 739.
1656 301 1730 337 Conf.
1743 301 1809 327 l'lm.
1823 302 1869 328 l.c.
1889 305 1962 330 Curt.
1975 316 2002 341 4,
2018 315 2033 333 2
2046 315 2069 333 ef
2082 317 2094 340 3
2107 317 2172 336 nvtr.

34 343 61 372 b.
72 351 92 369 e.
109 349 126 368 a
139 337 344 375 constringendo,
359 345 383 366 et
398 337 572 365 conuoluendo.
1134 336 1170 362 Sel
1185 336 1211 396 ὲ..
1224 344 1250 374 ¹2.
1268 334 1291 372 §.
1305 344 1330 361 21
1346 335 1372 361 ff.
1385 334 1416 361 de
1431 336 1504 363 Intlr.
1519 338 1642 368 Canales,
1657 338 1826 372 Harpagones
1845 342 1870 362 et
1888 347 1960 364 arnae
1974 345 2000 366 in
2014 342 2175 376 instrumento

35 396 37 399 ’
63 397 65 399 ’
406 411 440 443 H
540 411 568 443 Λ
670 410 700 442 R
1100 411 1114 438 5
1129 371 1385 437 swirlAsiiliitAGA,
1405 414 1444 431 ac.
1472 406 1490 431 f.
1528 407 1602 434 Idnm.
1640 407 1713 434 Non.
1729 412 1764 440 18,
1778 415 1812 440 29
1844 407 1931 434 Falces
1950 416 1975 434 et
1994 409 2120 446 harpagae
2137 424 2176 442 af.

52 474 55 478 ,
81 461 85 466 .
1049 477 1055 483 .
1138 450 1242 468 morum
1254 450 1352 481 ¹genera
1366 450 1502 481 murorum
1518 443 1709 477 oppugnationi
1729 449 1798 478 apta.
1833 442 1938 470 Sisenna
1951 444 2052 472 Pluteos
2067 451 2175 484 propin,

77 487 205 514 mum,
224 488 263 508 ae.
283 480 302 507 f.
339 480 462 515 [σνφεδς]
499 481 632 508 Porcorum
643 477 777 512 stabulum.
812 476 946 505 Donatus,
959 477 1029 504 Hara
1049 485 1076 504 ιιι
1138 477 1272 503 collocatis
1288 476 1406 511 hai-pagis
1421 476 1558 503 deliciunt.

60 527 92 545 ua
107 526 202 553 pecora
220 515 401 543 includuntur.
435 516 517 542 Plaut.
533 515 601 542 Afin.
615 524 639 546 2,
654 524 681 548 4,
695 522 730 547 24
763 511 959 552 Vosdormitis
979 513 1077 539 interea
1177 519 1197 553 H
1209 520 1227 539 A
1241 520 1257 552 R
1267 520 1337 552 rsit}
1350 521 1357 538 1
1368 519 1387 538 Ν
1400 512 1416 537 13:
1426 518 1446 536 Τ
1458 511 1476 536 <s
1487 519 1501 537 ι,
1512 520 1530 538 ν
1541 520 1570 544 s,
1590 512 1607 538 i.
1620 522 1664 553 .¹¹¹'
1689 514 1788 540 Dimin.
1825 513 1931 552 Vitruu.
1947 523 1970 547 7,
1984 522 1997 547 ς
2017 516 2178 552 Harpagine-

58 553 128 586 omi,
140 558 166 579 at
185 552 263 579 herus
283 552 310 578 in
324 552 402 584 hara,
419 550 488 578 haud
508 551 617 577 aedibus
636 550 744 576 habitat.
798 547 856 574 Cic.
872 556 900 573 ιιι
914 548 998 574 Pison.
1013 558 1032 574 c.
1050 551 1077 575 16
1140 549 1189 574 tuli
1203 549 1295 574 striati.
1310 582 1311 585 Ἰ
1332 547 1405 583 Conf.
1422 548 1492 573 Bata.
1508 549 1567 574 Lex.
1592 549 1698 574 Viti-uu.
1714 559 1736 583 p.
1752 557 1787 582 53.
1804 555 1828 575 et
1849 547 1912 582 lsoſj.
1925 549 1958 576 ad
1970 551 2066 578 Catuli.
2088 563 2111 587 p.
2128 561 2179 586 198.

25 590 76 617 Χ«Ειι
90 587 152 615 hara
167 587 311 622 produaeSle,
325 596 379 613 non
396 595 428 613 ex
441 586 537 613 schola.
573 586 618 613 Ad
632 586 732 620 Epicuri
747 581 777 608 de
795 591 869 618 grege
882 588 998 618 porcum,
1012 585 1077 619 Pisa·
1095 591 1123 609 10
1182 590 1201 609 Η
1216 591 1235 609 A
1247 590 1262 609 R
1274 589 1345 609 PAG
1357 588 1376 607 o
1387 603 1395 614 ‚
1421 588 1472 608 arc.
1507 583 1519 616 [
1534 582 1633 617 οὶμποέζω
1648 586 1657 616 ]
1694 586 1794 619 Rapere.
1832 585 1914 610 Plaut.
1937 585 2028 613 Bacch.
2052 596 2078 620 4,
2103 598 2130 620 4,
2154 599 2179 616 η

40 633 100 658 ptem.
158 623 239 650 Ouid.
260 623 338 657 Epist.
358 632 385 655 1,
404 631 452 656 104
483 622 612 653 Tertius,
631 618 782 646 immundae
804 627 865 644 cura
880 618 973 658 'tidelis
991 619 1078 646 harae.
1141 619 1280 653 Iinprobns
1300 627 1358 644 cum
1380 618 1509 651 improbis
1530 618 1574 649 fit,
1602 618 1739 658 harpaget,
1758 619 1861 646 furibus
1880 620 1983 648 furetur
2001 624 2072 656 quod
2092 630 2178 658 queat.

26 659 170 687 nColumel.
185 666 212 694 7,
227 666 244 691 9
274 659 394 693 Diligens
406 664 495 685 autem
515 657 666 692 porculator
682 655 835 693 frequenter
847 654 912 680 suile
926 662 1080 681 connerrat:
1142 654 1216 681 ldcm
1231 654 1318 684 Aulul.
1334 662 1356 694 ε’,
1373 662 1395 685 2,
1410 661 1441 686 04
1463 658 1562 680 Aurum
1576 653 1644 680 nuht
1659 654 1727 680 intus
1739 654 1907 689 harpagatum
1922 656 1966 682 cst.
1983 659 2130 694 Antiquam.

28 701 67 722 ,et
81 695 180 728 saepius
196 693 279 720 haras.
316 694 411 728 Qubus
424 694 505 720 verbis
517 693 595 724 docet,
606 691 737 727 dzscrimcn
752 688 795 723 este
808 692 874 716 inter
883 691 979 716 Harant
995 697 1017 716 ct
1025 691 1081 717 Sui·
1180 696 1199 715 H
1212 697 1259 716 AR
1268 696 1282 715 P
1291 696 1310 716 A
1322 695 1337 714 1,
1345 691 1354 714 ι’
1362 696 1378 715 (ῑ
1388 696 1414 720 tt,
1429 698 1461 714 cs.
1478 690 1497 715 f.
1517 687 1680 724 [Ἃρπαλίκη]
1699 691 1860 717 Amazonum
1873 692 1971 725 regina.
1987 693 2058 720 Haec
2071 694 2106 720 est
2114 703 2181 729 quae

40 731 77 757 le.
118 729 176 757 Vid.
195 729 284 756 Varro
297 729 328 756 R.
343 730 373 756 R.
386 737 412 762 2,
425 738 452 762 4.
523 727 646 755 Stabulum
666 725 787 762 anserum.
822 726 909 751 Varro
922 725 953 751 de
967 727 998 751 R.
1013 727 1043 752 R.
1059 735 1081 758 3,
1141 731 1241 759 patrem
1261 725 1343 764 suum.
1358 732 1460 758 captum
1475 734 1489 750 a
1504 725 1577 751 Getis
1597 725 1767 751 multitudine
1785 725 1893 752 colle-fta
1915 727 2042 755 liberauit
2061 730 2182 763 celerius,

41 773 71 795 10
91 764 205 799 Singulis
218 764 265 791 vbi
279 765 380 799 pariant
391 762 542 791 faciendum
559 762 635 789 haras
647 762 786 797 quadratas
803 760 902 787 circum
916 760 993 787 binos
1008 761 1083 794 pedes
1098 762 1123 788 15
1143 770 1222 795 quam
1237 761 1268 786 de
1281 760 1379 787 femma
1388 761 1469 794 potest
1484 761 1571 791 credi;
1589 761 1658 786 vnde
1671 761 2182 793 ctliuniinadiciturceleritatetranflre,

39 801 67 828 e't
80 800 246 835 semipedem.
283 802 324 826 Sic
336 799 402 835 apud
415 798 549 826 Columel.
570 804 592 830 8,
613 805 652 831 14.
724 797 795 824 Hara
817 796 885 829 suis,
905 796 933 822 de
950 797 1046 823 foetido
1060 804 1083 824 et
1144 797 1212 822 Haec
1227 796 1331 822 Seruius
1345 805 1466 821 cnam-am
1480 796 1542 822 'llud
1553 796 1627 830 Virg.
1641 797 1705 823 Aen.
1724 805 1744 828 1,
1759 804 1802 831 317
1822 797 1869 822 Vel
1879 797 1963 831 qualis
1977 807 2058 833 equos
2070 801 2183 829 Threis-

40 839 137 872 impuro
151 837 246 862 homine
257 836 339 862 Plaut.
354 835 430 862 Most.
447 843 471 871 1,Ἰ
484 842 504 866 1,
520 842 559 866 39.
595 832 669 868 Conf-
684 832 758 859 Non.
771 841 796 864 2,
808 837 863 871 398.
1143 833 1168 858 sa
1181 832 1274 865 fatigat
1311 831 1464 871 Harpalus-0,
1480 832 1666 866 volucremque
1680 833 1741 865 fuga
1761 834 1937 866 praeuertitur
1950 834 2078 862 Hebrum.

36 893 40 899 .
80 877 102 898 H
113 879 134 898 A
144 878 162 898 R
171 878 188 898 E
197 878 218 896 N
228 879 249 898 A
257 891 265 904 ,
286 878 310 898 et
321 870 378 897 inde
391 868 482 901 dufla3
499 869 553 895 vid.
573 876 595 896 A
605 876 624 896 R
634 874 649 894 E
659 875 680 894 N
690 875 722 895 A.
1180 873 1200 892 H
1212 873 1232 893 A
1241 874 1259 893 R
1269 874 1283 893 Ρ
1292 873 1338 906 Αντ,
1349 874 1367 891 ι)
1377 874 1389 893 S
1399 887 1406 898 ,
1424 876 1440 892 1.
1460 878 1494 893 m.
1515 871 1582 893 inter
1593 868 1670 893 Canes
1685 866 1821 898 Afl'aeonis
1833 868 1899 903 apud
1917 869 1996 895 Ouid.
2010 871 2073 898 Met.
2089 881 2111 905 3,
2123 880 2184 899 222.

79 913 101 933 H
112 915 133 934 A
142 914 160 933 R
170 914 179 934 1
189 905 208 933 ὅ
217 914 233 933 L
242 914 261 932 V
270 914 283 934 s
293 926 301 937 ,
320 907 338 932 i.
358 915 393 933 m.
428 904 628 939 [xenaluoko'yaz
641 900 801 939 χρησμῳδδς]
837 901 893 935 Qui
909 902 999 929 diuina
1012 912 1081 929 men-
1182 909 1203 927 H
1215 910 1235 929 A
1244 909 1263 928 R
1276 908 1290 927 P
1302 909 1322 927 A
1334 908 1346 927 s
1356 909 1386 928 Λ.
1423 900 1571 936 [Ἃρπασοι]
1607 902 1743 937 Oppidum
1757 903 1845 933 Aliae,
1858 904 2003 938 appositum
2019 907 2102 933 fluuio
2117 909 2184 934 Har-

24 938 27 939 ⁷
42 947 69 969 te
82 942 251 969 vaticinatur.
287 941 379 968 Didius
392 940 518 968 Hal-tolus
531 940 603 975 quasi
623 939 760 970 Fariolus,
783 946 798 964 a
812 937 881 964 Fatis
901 938 942 964 vcl
956 948 969 965 a
984 939 1081 965 Fando.
1093 943 1127 961 20
1144 939 1221 972 pase,
1236 937 1365 972 vtscriblr
1377 937 1441 963 Plin⁴
1457 946 1478 968 2,
1490 941 1533 970 96.
1551 945 1574 964 et
1589 946 1611 970 ς,
1625 946 1656 970 29
1680 938 1734 964 Vbi
1753 945 1838 964 cautes
1856 939 1903 965 stat
1918 939 2064 973 horrenda,
2079 952 2132 970 vno
2144 943 2184 970 di-

46 984 67 1004 H
84 979 155 1005 enim
170 987 218 1012 pro
231 983 264 1009 F,
285 983 310 1003 et
325 978 387 1003 item
403 982 419 1002 1²
434 985 482 1010 pro
502 982 522 1001 H
534 996 542 1008 ,
562 976 590 1002 in
604 975 693 1001 multis
712 973 894 1000 locutionibus
907 974 1084 1002 mutabantur.
1143 975 1200 1007 gito
1213 972 1337 999 mobilis:
1360 973 1450 999 eadem
1464 973 1480 999 ti
1496 979 1554 999 toto
1570 981 1681 1007 corpore
1696 973 1861 1007 impellatur,
1874 974 1998 1002 resistens.

44 1014 85 1040 An
100 1014 132 1041 ab
140 1012 277 1040 Halando3
297 1021 356 1039 nam
369 1012 454 1038 halitu
470 1011 552 1038 solent
565 1011 704 1037 excludere
718 1009 790 1035 velut
805 1009 943 1035 mortalem
959 1010 1083 1043 animam,
1182 1017 1203 1037 Η
1215 1015 1263 1035 AR
1274 1015 1288 1034 P
1298 1015 1319 1035 A
1329 1015 1341 1034 s
1352 1015 1373 1034 'r
1383 1015 1401 1033 v
1414 1015 1453 1041 Μ,
1475 1009 1493 1034 i.
1521 1018 1547 1034 n.
1584 1008 1729 1043 [olenus-dv]
1766 1009 1833 1033 Pulae
1858 1018 1951 1043 genus,
1973 1021 1989 1037 a
2009 1013 2126 1047 rapiendo
2147 1013 2185 1040 di-

42 1055 72 1076 vt
87 1049 206 1076 diuinam
221 1048 357 1082 recipiant.
393 1047 469 1073 Vnde
483 1053 509 1073 et
528 1056 621 1073 vocem
641 1044 772 1072 eiusmodi
786 1044 890 1076 dabant,
904 1054 969 1079 quae
984 1046 1018 1072 cst
1034 1054 1083 1079 01⁷,
1141 1043 1226 1076 Ham,
1242 1044 1306 1079 quod
1324 1043 1384 1069 duae
1397 1046 1463 1070 velut
1476 1042 1607 1079 saffiones
1620 1043 1649 1069 de
1668 1042 1708 1069 illo
1722 1043 1839 1077 mxpiendo
1851 1050 1957 1070 certant.
1995 1048 2110 1073 Martial.
2124 1057 2150 1083 7,
2163 1057 2188 1080 31

43 1085 116 1118 quod
135 1091 173 1111 ΟΕ
187 1085 280 1115 sonus,
294 1082 433 1109 exhalandi
453 1083 508 1109 vim
523 1082 641 1116 praestet.
698 1079 826 1106 Hchnus
840 1081 956 1107 Donatus
971 1082 1004 1107 ad
1022 1082 1086 1108 illud
1144 1079 1209 1106 Non
1223 1078 1340 1113 harpasta
1353 1088 1432 1113 vagus
1445 1079 1628 1114 puluerulenta
1642 1079 1720 1112 rapis.
1761 1082 1874 1113 Apparet
1887 1080 1954 1105 humi
1962 1081 2093 1115 proiefla,
2108 1091 2188 1111 cerea.

43 1120 112 1147 Ter.
125 1119 231 1148 Phorm.
251 1129 280 1152 4,
293 1114 320 1152 4.
333 1126 367 1153 27
401 1118 544 1145 Interdixit
568 1115 697 1143 hariolus.
753 1115 835 1142 Plaut.
855 1116 940 1142 Truc.
961 1126 980 1147 2,
1003 1125 1029 1152 7,
1049 1126 1084 1150 42
1096 1114 1127 1140 25
1144 1122 1195 1141 tum
1210 1118 1267 1150 quir
1275 1118 1351 1149 prior
1364 1121 1470 1149 raperet.
1542 1114 1670 1148 Harpasto
1686 1115 1775 1140 ludere
1791 1113 1906 1140 Martial.
1922 1123 1948 1148 7,
1961 1119 2004 1142 66.

45 1156 92 1182 Me
105 1156 221 1182 intuetur
234 1163 353 1188 gemens:
372 1155 452 1181 traxit
464 1161 495 1180 ex
508 1154 564 1179 imo
578 1160 670 1178 ventre
683 1150 834 1185 suspirium.
872 1152 930 1178 Hoc
944 1152 1013 1184 vide,
1025 1153 1086 1179 den-
1183 1156 1204 1176 H
1214 1157 1236 1176 A
1246 1157 1264 1175 R
1277 1156 1294 1175 Ρ
1305 1156 1324 1175 A
1334 1156 1370 1182 x,
1390 1151 1453 1184 agis.
1480 1159 1515 1176 m.
1552 1151 1656 1184 Raptor.
1694 1149 1759 1176 Plin.
1777 1158 1817 1183 37,
1837 1157 1853 1174 2
1872 1149 1901 1176 de
1923 1150 2020 1177 Eleblro
2045 1151 2129 1178 docet:
2157 1155 2188 1180 In

45 1190 118 1217 tibus
131 1190 240 1220 frendit,
254 1190 300 1216 icit
314 1190 412 1216 femur.
447 1189 521 1215 Num
534 1187 706 1214 obsecronam
720 1187 834 1219 ariolus,
848 1187 895 1221 qui
911 1188 976 1222 ipsus
991 1190 1015 1214 se
1029 1197 1086 1214 ver.
1147 1185 1221 1218 Syria
1242 1185 1355 1211 feminas
1375 1186 1522 1212 verticillos
1537 1185 1600 1210 inde
1613 1186 1699 1211 facere
1719 1191 1744 1211 et
1760 1193 1855 1210 vocare
1868 1185 1995 1220 harpaga,
2009 1189 2073 1221 quja
2085 1189 2151 1215 folia
2163 1195 2190 1216 et

44 1225 137 1252 beratz
206 1225 246 1252 Ab
258 1225 319 1251 Aris
337 1223 406 1251 ducit
424 1224 514 1250 nidor.
529 1223 604 1258 Orig.
618 1228 646 1256 ξζ,Ἴ
655 1231 679 1255 9.
701 1223 768 1258 quod
787 1222 843 1258 Des.
860 1224 982 1249 Her-aldus
998 1225 1088 1259 probat
1147 1222 1247 1256 paleas,
1261 1220 1426 1255 vestiumque
1441 1220 1558 1247 fimbrias
1573 1221 1665 1254 rapiat.
1689 1255 1694 1259 η

42 1260 78 1287 ad
88 1260 208 1287 Tertull.
223 1260 300 1295 Apol.
320 1270 341 1287 c.
356 1269 393 1292 23.
430 1258 538 1286 Phaedr.
551 1267 572 1290 3,
587 1268 606 1292 4
633 1259 686 1284 Vsu
705 1259 818 1292 peritus,
831 1258 936 1285 hariolo
958 1260 1087 1285 velocior.
1188 1263 1208 1283 H
1221 1264 1242 1283 A
1252 1264 1294 1283 RP
1306 1262 1322 1282 E
1333 1276 1340 1288 ‚
1363 1265 1397 1283 es.
1428 1256 1448 1282 s.
1485 1256 1497 1289 [
1511 1255 1573 1290 ἅρπη
1588 1258 1600 1290 ]
1638 1258 1707 1289 Ειψι-
1721 1255 1853 1290 falcatus,
1872 1264 1919 1291 quo
1941 1260 2026 1284 vritur
2036 1260 2190 1287 Mercurius.

42 1295 128 1323 Plaut.
147 1295 210 1322 Cist.
226 1305 254 1328 4,
269 1303 295 1328 2,
309 1301 340 1326 80
371 1295 423 1322 Hic
439 1303 503 1329 ergo
515 1293 626 1322 habitas.
646 1301 671 1321 Ρ.
684 1293 827 1321 hariolare.
873 1295 945 1321 Idem
959 1295 1018 1322 Mil.
1030 1303 1052 1327 3,
1068 1303 1088 1327 1,
1100 1294 1130 1318 30
1146 1292 1242 1318 Lucan·
1256 1301 1281 1324 9,
1298 1294 1351 1325 664
1386 1292 1416 1317 Et
1432 1291 1533 1318 subitus
1552 1300 1659 1326 praepeu
1672 1291 1810 1323 Cyllenida
1825 1291 1927 1317 sustulit
1941 1291 2047 1327 harpen.
2067 1295 2092 1320 h.
2106 1304 2125 1320 e.
2148 1297 2190 1321 In-

43 1335 83 1366 98.
101 1337 124 1357 et
138 1331 205 1357 Rud.
219 1339 248 1364 4,
262 1339 289 1363 4,
302 1338 342 1363 95.
1147 1337 1246 1354 curuum
1267 1329 1391 1355 Mercurii
1410 1327 1535 1362 gladium,
1555 1336 1621 1362 quem
1635 1334 1767 1361 propterea
1782 1326 1863 1361 paullo
1877 1326 1934 1362 past
1949 1338 2038 1361 uocat,
2059 1330 2192 1359 Lunatum

55 1383 60 1395 .
79 1372 281 1397 HARIOLA,
300 1374 338 1391 ae.
363 1364 383 1391 f.
417 1364 499 1392 Plaut.
517 1364 579 1402 Mil,
599 1373 622 1397 3,
638 1373 658 1398 1,
671 1370 711 1398 98.
738 1371 763 1391 et
784 1363 852 1391 Rud.
871 1373 899 1398 4,
913 1375 941 1399 4,
955 1373 994 1398 95.
1032 1365 1088 1392 Cic.
1147 1364 1259 1389 ferrum.
1297 1364 1351 1389 Hoc
1369 1372 1406 1388 am
1426 1366 1506 1388 urauz'r
1519 1363 1661 1389 Mercurius
1679 1369 1753 1397 caput
1771 1363 1842 1397 Argo
1859 1371 1953 1389 centum
1972 1367 2051 1391 oculas
2065 1366 2193 1400 praedito.

63 1400 77 1431 [e
91 1401 181 1427 Diuin.
196 1410 217 1432 1,
233 1409 251 1433 4
266 1409 286 1425 c.
301 1408 317 1426 2
344 1399 538 1432 Sibyllinorum
557 1401 681 1427 versuum
696 1400 785 1427 decem
806 1401 961 1435 interpretes
976 1401 1091 1427 deleoos
1149 1401 1203 1425 Hoc
1215 1402 1289 1425 etiam
1304 1398 1372 1434 osum
1404 1397 1461 1431 ursse
1475 1398 1560 1434 Persea
1575 1399 1662 1424 Poetae
1674 1397 1834 1424 tradiderunt
1843 1400 1870 1423 in
1883 1401 2031 1433 amputando
2043 1404 2123 1436 capite
2138 1403 2192 1428 Me-

36 1443 39 1451 *
88 1437 205 1464 Ciuitate
221 1436 269 1462 ess'e
282 1435 435 1462 voluerunt.
472 1436 509 1462 Ex
525 1445 579 1470 quo
592 1445 688 1471 genere
702 1437 776 1472 saepe
791 1436 958 1463 hariolorum
973 1437 1052 1463 etiam
1065 1442 1090 1463 et
1149 1434 1230 1470 dusae.
1284 1435 1382 1460 Lucan.
1402 1442 1429 1466 9,
1444 1436 1496 1459 666
1536 1434 1660 1467 Harpen,
1673 1433 1781 1459 alterius
1800 1434 1911 1460 monstri
1931 1435 1982 1460 iam
2001 1437 2078 1462 caede
2095 1437 2193 1463 ruben-

39 1468 133 1506 -sfitutn
147 1470 308 1498 furibundae
326 1471 530 1506 praediffiiones.
1105 1475 1133 1501 ὃς
1151 1476 1213 1496 tem.
1286 1469 1369 1496 Ouid.
1383 1469 1447 1495 Met.
1461 1477 1484 1501 ς,
1498 1470 1532 1501 69
1563 1469 1652 1495 Vertit
1670 1469 1698 1494 in
1719 1468 1788 1494 hunc
1804 1468 1901 1503 harpen
1923 1470 2096 1498 madefactam
2114 1474 2194 1499 caede

39 1508 62 1532 ὖ,
79 1512 101 1535 Η
112 1514 132 1533 A
142 1506 231 1534 R16L
241 1513 286 1533 OR
296 1526 303 1535 .
327 1507 374 1533 firi.
395 1507 461 1541 Dep.
480 1506 676 1541 [manem-axaja&
686 1503 852 1541 χρησμῳδέω]
872 1509 1004 1534 Diuinare.
1042 1506 1090 1533 Sed
1152 1505 1283 1531 Medusae.
1341 1505 1457 1532 Horatio
1471 1507 1544 1530 etiam
1557 1504 1610 1530 Od.
1624 1513 1647 1536 3,
1660 1506 1703 1536 26,
1716 1509 1729 1534 8
1747 1502 1844 1536 restitui
1865 1506 1919 1530 uult
1932 1506 2112 1542 Cum‘ngamur‚
2131 1509 2194 1540 Hic,

42 1540 92 1577 e'go
105 1543 155 1570 hoc
163 1542 283 1569 hariolor
291 1542 358 1568 Ter.
368 1541 441 1568 Adel.
457 1546 563 1574 2‚1,48.
599 1541 759 1568 Plaut.Asin.
768 1550 792 1572 2,
801 1551 825 1574 z,
834 1550 874 1575 50.
911 1543 1091 1570 Ter.Phorm.
1151 1541 1194 1566 hic
1210 1540 1300 1575 ponite
1313 1539 1399 1565 lucida
1414 1540 1537 1571 Funalia,
1552 1547 1578 1565 et
1592 1540 1687 1570 vetitis,
1702 1546 1727 1566 et
1747 1539 1837 1574 harpas
1853 1539 1948 1576 (uulgo
1968 1550 2055 1572 arcus,
2071 1543 2196 1569 Bentleius

38 1586 67 1611 ’3,
82 1587 106 1608 2,
120 1585 136 1612 7
160 1578 226 1605 Non
238 1577 308 1603 mihi
322 1577 424 1603 credis?
446 1583 475 1603 D.
497 1576 639 1602 hariolare.
678 1578 752 1603 Hunc
765 1577 886 1610 locumfic
898 1584 1020 1613 exponunt
1032 1588 1092 1604 non.
1151 1579 1255 1603 coniicit
1274 1577 1445 1610 securesque)
1473 1575 1598 1610 oppositis
1622 1575 1727 1601 foribus
1753 1575 1872 1601 minaciS.
1926 1576 2001 1611 Cous.
2016 1578 2142 1604 Drakenb.
2161 1577 2196 1604 ad
2240 1602 2244 1606 ,

38 1615 121 1641 nulli:
143 1613 302 1643 Hariolare‚
320 1615 338 1638 ι’.
358 1613 462 1638 Diuina.
498 1614 555 1638 Alii
565 1613 620 1645 ch:
645 1612 802 1644 Hariolare,
822 1615 839 1638 ι’.
857 1613 1003 1639 Hariolaris
1016 1620 1040 1640 ct
1053 1614 1092 1639 de.
1150 1612 1194 1638 Sil.
1212 1620 1239 1643 3,
1260 1616 1315 1646 278.
1927 1612 1930 1613 ⁷

28 1650 116 1676 liras.
156 1648 216 1675 Vid.
236 1653 435 1674 VATIOENOR.
472 1647 570 1674 Cic.de
579 1647 669 1673 Diuin.
686 1656 705 1679 1,
719 1655 756 1680 133
778 1647 873 1682 Neque
887 1657 940 1680 eos,
954 1649 1000 1683 qui
1016 1653 1135 1683 quae-40
1191 1653 1211 1672 H
1224 1654 1246 1673 A
1256 1653 1275 1673 R
1285 1654 1299 1673 F
1309 1653 1382 1673 OCR
1394 1644 1416 1672 Ᾱ’
1426 1651 1448 1671 Τ
1460 1652 1515 1678 ES,
1534 1645 1563 1673 is.
1584 1654 1620 1671 m-
1658 1642 1861 1680 [Ἃρποκρᾶτηξ]
1898 1645 2058 1670 Simulacrum
2070 1648 2096 1670 in
2109 1646 2196 1681 sacris

43 1684 95 1711 stus
115 1684 190 1711 causa
208 1682 390 1714 hariolantur,
403 1691 451 1709 nec
471 1683 679 1718 psychomantia,
693 1690 739 1709 etc.
753 1685 902 1717 agnoscere.
950 1684 1009 1713 Vid.
1027 1686 1093 1711 Tur·
1153 1682 1228 1716 Ifidis
1241 1689 1264 1707 ct
1278 1681 1405 1716 Serapidis
1423 1688 1492 1706 erat:
1510 1680 1575 1715 quod
1591 1680 1673 1714 digito
1690 1680 1764 1704 labn's
1783 1677 1894 1712 impreſjo
1914 1678 2039 1705 admouere
2057 1680 2197 1713 videbatur,

44 1718 211 1754 mb.Aduers.
228 1727 270 1752 24,
289 1727 323 1744 12.
1151 1724 1181 1743 vt
1191 1716 1320 1750 silentium
1338 1720 1511 1749 imponeretur.
1549 1716 1599 1740 Hic
1618 1714 1747 1739 dicebatur
1760 1713 1860 1745 ‚silentii
1878 1712 1944 1739 deus.
1987 1716 2028 1747 Est
2046 1715 2074 1741 de
2092 1717 2133 1742 illo
2152 1719 2197 1743 ele.

82 1759 211 1780 uAR1o
221 1759 266 1779 LA
276 1760 320 1780 Ns
335 1772 343 1784 ‚
368 1754 446 1780 antis.
488 1753 582 1780 Partic.
624 1753 839 1788 [χρησμολογιῑν]
877 1754 932 1780 Cic.
956 1755 1009 1779 Att.
1030 1760 1054 1784 8,
1071 1762 1093 1779 11
1151 1761 1216 1786 gans
1229 1752 1318 1789 Caperi
1331 1750 1477 1784 opusculum.
1513 1748 1609 1789 Catull.
1625 1756 1665 1788 73,
1680 1757 1697 1780 4
1707 1748 1868 1789 ‘prouerbzali
1879 1749 1961 1784 specie
1971 1749 2052 1781 dixit,
2071 1752 2196 1779 Pan-uum

44 1787 194 1827 πμθεσηιξω
215 1788 299 1820 igitur
317 1789 405 1814 noster
419 1788 520 1818 Attice,
540 1797 595 1813 non
607 1788 740 1814 hariolans
758 1795 788 1814 vt
806 1789 867 1819 illa,
887 1789 931 1813 eui
945 1796 1025 1821 nemo
1038 1796 1093 1812 cre-
1152 1785 1269 1812 reddidit
1289 1785 1497 1817 Harpocratem,
1518 1792 1535 1808 1.
1548 1784 1678 1822 Jrlentzurri
1701 1784 1740 1808 ulli
1759 1786 1883 1818 imposuit.
1942 1786 2017 1811 Vetus
2036 1787 2113 1813 Poeta
2131 1787 2199 1823 apud

42 1822 129 1853 didit,
148 1822 322 1854 (Cassandra,
335 1832 359 1848 υ.
375 1826 420 1853 υ.)
445 1822 488 1847 sed
517 1823 671 1848 conicetura
695 1822 875 1857 prospiciens,
894 1823 1003 1856 Iamque
1024 1822 1092 1847 mari
1104 1822 1138 1847 45
1153 1820 1229 1844 Varr.
1245 1818 1277 1844 de
1290 1820 1319 1844 L.
1334 1820 1362 1844 L.
1377 1829 1404 1851 4,
1421 1827 1449 1843 10
1482 1818 1574 1844 Sant‘fla
1588 1818 1689 1852 Serapis
1707 1818 1751 1844 Ifls
1769 1824 1795 1844 et
1809 1819 1983 1853 Harpocrates
2002 1820 2087 1854 digito
2100 1824 2148 1857 qui
2168 1823 2199 1849 si-

38 1864 147 1890 magn0.
549 1883 552 1884 ⁷
1153 1853 1259 1888 gnificat
1271 1854 1326 1880 ST.
1369 1853 1431 1880 the
1445 1853 1552 1887 August.
1567 1854 1599 1880 de
1612 1854 1671 1880 Cin.
1687 1854 1738 1879 Dei
1760 1873 1766 1878 .
1787 1873 1793 1879 .
1814 1872 1822 1878 .
1851 1862 1875 1879 et
1889 1855 1961 1888 Spon.
1975 1857 2051 1891 ΜζΙὲ.
2064 1867 2086 1889 ι,
2096 1866 2147 1893 51).
2157 1862 2196 1886 16.

38 1914 50 1918 ..
81 1897 262 1917 HARIOLA
272 1897 340 1917 Tio
350 1910 358 1923 ,
377 1890 445 1917 onis.
473 1890 493 1916 f.
534 1887 743 1925 [χρησμῶδησις]
785 1890 983 1924 Superstitiosae
1003 1890 1094 1918 hario-
1154 1892 1176 1916 Ι.
1191 1891 1297 1915 Gronau.
1311 1889 1346 1915 ad
1357 1889 1438 1924 steph.
1454 1890 1563 1922 Byzam.
1579 1889 1673 1914 Berkcl.
1686 1892 1713 1914 in
1730 1889 1790 1914 Not.
1803 1894 1827 1914 et
1846 1890 1905 1915 Var.
1954 1889 1988 1916 53.
2007 1899 2032 1926 p.
2046 1901 2080 1918 10.

44 1927 156 1954 lationes
169 1926 226 1952 Cic.
241 1926 273 1952 de
287 1926 379 1952 Diuin.
396 1935 416 1959 1,
430 1928 463 1952 66
477 1935 499 1952 c.
514 1934 549 1958 31.
581 1928 618 1952 Ex
630 1926 733 1960 quodam
747 1926 832 1952 Poeta.
1190 1932 1209 1951 H
1220 1932 1241 1950 A
1250 1932 1267 1950 R
1277 1931 1292 1950 Ρ
1304 1931 1322 1950 Y
1333 1926 1417 1955 iAi-J,
1437 1933 1521 1950 arum.
1545 1924 1564 1949 f.
1591 1925 1629 1949 Pl.
1671 1921 1829 1957 ΓἈρπωαι]
1872 1925 1945 1957 Mon]
1958 1936 1996 1958 ra,
2009 1936 2068 1961 quae
2081 1927 2199 1963 describit

34 1982 48 1995 x,
80 1967 102 1988 H
113 1969 136 1989 A
146 1968 200 1988 ΒΜ
210 1959 301 1993 Am,
321 1971 361 1988 ae.
387 1962 408 1988 f.
428 1961 482 1996 flue
507 1968 619 1988 ARMV
629 1968 694 1994 LA,
714 1962 782 1988 Ruta
800 1962 887 1988 horren
900 1970 929 1988 υ.
966 1962 1045 1996 Apul.
1061 1960 1093 1987 de
1154 1960 1228 1993 Virg.
1243 1960 1309 1985 Aen.
1322 1968 1344 1991 3,
1359 1962 1403 1985 216
1416 1966 1460 1985 etc.
1483 1959 1602 1984 Tristius
1616 1959 1685 1984 haud
1700 1959 1753 1984 illis
1768 1959 1924 1992 monstrum,
1939 1968 1982 1986 etc.
2018 1962 2140 1995 Seruius,
2154 1965 2200 1989 Pe-

35 1996 126 2028 ,Ha-b.
139 2006 161 2024 e.
175 2002 216 2029 89.
1106 1997 1138 2023 50
1154 1995 1206 2028 lagi
1222 1994 1358 2026 volucres,
1375 1994 1438 2028 quia
1458 1994 1581 2020 dicuntur
1596 1995 1671 2020 Ponti
1685 2000 1710 2020 et
1723 1994 1827 2020 Terrae
1841 1994 1919 2020 tiliae.
1972 1997 2048 2023 Vnde
2063 1998 2090 2023 in
2105 1999 2199 2026 insulis

45 2038 65 2063 t„
82 2038 266 2059 HARMAM
277 2037 372 2064 AXA,
394 2040 434 2059 ae.
454 2031 475 2058 f.
510 2030 621 2065 Persicae
638 2030 740 2058 Ieflicae
757 2040 842 2068 genus.
881 2032 957 2058 Curt.
977 2039 999 2064 3,
1014 2039 1037 2064 3,
1057 2039 1094 2063 23.
1155 2030 1290 2060 habitant,
1310 2036 1409 2063 partem
1426 2036 1573 2062 terrarum,
1593 2036 1692 2064 partem
1712 2030 1792 2055 maris
1814 2037 1939 2056 tenentes.
1976 2032 2030 2059 Alii
2050 2032 2142 2060 dicunt
2155 2043 2198 2061 eas

40 2068 124 2104 „Ranfl
137 2069 242 2094 Burton.
255 2068 324 2103 Lips.
337 2068 412 2129 Lm?
427 2067 496 2103 Pers.
521 2068 646 2094 scribitur
659 2070 733 2094 etiam
747 2070 912 2093 Armamaxa.
1155 2066 1275 2100 Neptuni
1292 2065 1372 2091 filias:
1393 2066 1441 2099 qui
1462 2065 1518 2091 fere
1536 2065 1724 2125 IPsf’disslffl‘um
1745 2065 1865 2105 omnium
1881 2073 1954 2099 pater
1965 2068 2014 2093 est:
2037 2078 2084 2095 nec
2106 2071 2199 2097 imme-

50 2103 51 2106 ,
221 2101 230 2107 a
1546 2103 1626 2125 t‘ilum
1647 2100 1772 2126 [haleten
1786 2110 1876 2127 omma
1890 2110 1920 2127 ex
1934 2102 2046 2129 humore
2059 2113 2199 2138 procrean-

61 2111 69 2135 γ
79 2106 105 2130 Ἠ
116 2110 140 2130 Α
149 2110 168 2130 R
177 2109 202 2129 M
211 2110 230 2129 t)
242 2108 263 2129 G
273 2110 289 2130 E
299 2122 306 2135 ‚
324 2111 359 2129 es.
399 2122 406 2129 .
437 2104 456 2138 (
465 2104 540 2140 vulgo
553 2104 694 2138 Armoge)
715 2102 855 2138 ,[οἰρμογὴ]
879 2100 1019 2134 lunH'ura,
1032 2110 1095 2128 cam-
1154 2101 1218 2127 riro.
1256 2101 1326 2126 Nam
1339 2100 1479 2125 secundum
1494 2100 1532 2126 Mi

40 2114 153 2206 wm—
190 2138 256 2164 plin,
274 2147 312 2172 35,
325 2147 346 2172 ς,
1154 2142 1213 2162 tnrt
1232 2134 1302 2161 vnde
1320 2135 1371 2166 est,
1386 2136 1575 2169 Oceanumque
1595 2141 1695 2169 patrem
1716 2145 1813 2162 rerum.
1850 2139 1880 2163 Et
1893 2138 1977 2172 paullo
1993 2137 2065 2173 poll,
2086 2141 2139 2166 Alii
2155 2150 2200 2167 au-

46 2187 50 2201 e
88 2176 92 2177 ⁷
114 2181 162 2201 AR
172 2181 317 2203 MONIA,
341 2182 379 2200 ae.
398 2173 417 2201 f.
437 2175 479 2201 vel
500 2179 609 2200 HERM
619 2181 629 2200 1
640 2179 733 2205 ONE,
752 2171 840 2198 Cadmi
853 2181 933 2203 vxor,
946 2174 987 2196 cui
1005 2171 1094 2196 Vulca-
1109 2171 1138 2196 53
1154 2177 1207 2196 tem
1226 2169 1318 2196 dicunt
1336 2170 1465 2204 Harpyias
1484 2170 1664 2197 Thaumantis
1683 2177 1707 2197 et
1721 2171 1840 2198 Elet‘fffae
1853 2173 1928 2198 tilias.
1971 2174 2030 2200 Vni.
2056 2182 2077 2203 A
2088 2182 2105 2201 Ε
2118 2183 2125 2200 r
2142 2183 2158 2202 L
2169 2181 2201 2204 o.

48 2204 249 2248 ffl'pulchrum‚
262 2210 310 2245 sed
322 2212 423 2236 exitiale
437 2210 525 2236 monile
535 2208 619 2241 dedit,
638 2208 704 2243 quod
721 2217 750 2234 ex
769 2209 873 2233 Veneris
885 2216 939 2232 cum
955 2207 1041 2232 Marte
1052 2205 1095 2231 ad·
1154 2206 1303 2240 Rapacibus
1318 2206 1444 2239 Harpyiis
1459 2205 1536 2240 digna
1550 2207 1611 2241 gula
1631 2208 1698 2233 Hor.
1712 2207 1795 2233 Serm.
1810 2216 1831 2237 2,
1846 2216 1870 2239 2,
1884 2216 1929 2240 40.
1986 2210 2092 2236 Truces
2106 2211 2201 2238 Claud,

0 2244 8 2278 l
47 2245 133 2274 ‘werlo
147 2244 383 2281 sufflessprngnata.
413 2246 468 2271 Vna
483 2254 537 2270 cum
556 2248 612 2270 viro
625 2244 720 2269 demum
737 2245 765 2268 in
784 2251 889 2278 anguem
907 2248 1003 2268 mutata
1014 2241 1095 2277 fingi·
1155 2242 1188 2268 de
1202 2242 1229 2268 B.
1243 2241 1303 2267 Get.
1317 2250 1353 2267 22.
1431 2243 1469 2267 De
1492 2243 1616 2277 Harpyiis
1639 2245 1665 2267 [η
1689 2243 1791 2275 nnmis,
1816 2243 1868 2268 vid.
1889 2243 1979 2277 Spurzh.
2000 2245 2085 2285 dsssffij
2100 2254 2127 2281 p,
2147 2257 2202 2281 259,

17 2297 19 2316 l
43 2283 91 2311 jur
103 2280 258 2307 Ouid.Mct.
272 2291 300 2313 4,
313 2283 357 2312 363
371 2287 416 2306 etc.
441 2280 490 2305 Con
509 2299 515 2305 .
530 2279 629 2313 Hygin.
641 2277 706 2305 Fab.
722 2280 748 2304 6.
1159 2279 1263 2304 Tralate
1286 2277 1376 2303 Sidon.
1391 2277 1468 2311 Epist.
1484 2287 1506 2310 5,
1521 2286 1537 2312 7
1572 2279 1601 2304 In
1619 2278 1824 2316 soro‚Scythae‚
1838 2279 1867 2303 in
1886 2279 2011 2305 cubiculo
2030 2290 2149 2316 Viperae,
2170 2285 2201 2309 in

18 2327 19 2336 ι
42 2312 69 2348 ,εἱς
82 2322 223 2344 HARMQ
235 2323 254 2341 N
266 2323 275 2341 1
286 2323 325 2347 A,
346 2323 385 2341 ae.
413 2315 434 2341 f.
497 2313 618 2349 ἑρμηνία]
655 2315 746 2340 Latine
767 2314 927 2348 Compqfitio,
952 2311 1096 2344 concordia,
1155 2313 1284 2339 conuiuio
1305 2313 1423 2344 scurrae,
1444 2313 1472 2338 in
1494 2313 1678 2339 exaffiombus
1698 2313 1832 2346 harpyiae.
1901 2314 2036 2349 Harpyia,
2052 2319 2147 2344 Nomen
2165 2325 2201 2345 et-

0 2350 19 2379 ,Ξί
41 2355 183 2380 ruozi-entur.
220 2350 311 2377 Mufici
323 2371 330 2383 ,
345 2354 428 2386 inquit
441 2349 557 2376 La6bant.
571 2349 603 2376 de
618 2349 735 2384 Opificio
750 2349 800 2375 Dei
820 2360 841 2374 c.
855 2356 874 2375 ιι
903 2349 1135 2380 Intentionem,6o
1151 2349 1202 2375 nim
1217 2346 1250 2381 est
1265 2348 1340 2374 Canis
1351 2348 1535 2383 rapactffimae,
1550 2349 1616 2383 apud
1630 2347 1711 2374 Ouid.
1725 2349 1791 2374 Met.
1805 2357 1829 2381 3,
1843 2355 1894 2382 215.

0 2379 20 2414 it
43 2379 255 2421 iffonceutumque
268 2395 414 2412 neruorum
430 2386 456 2411 in
471 2385 589 2419 integros
603 2386 696 2411 modos
705 2404 712 2414 ,
732 2385 785 2410 fine
800 2385 852 2410 vlla
866 2384 1011 2410 offenlione
1032 2392 1094 2409 con·
1188 2391 1209 2410 H
1218 2391 1238 2410 A
1248 2390 1267 2409 R
1276 2391 1297 2409 v
1306 2389 1326 2409 G
1336 2391 1357 2409 A
1366 2403 1374 2415 ,
1416 2383 1470 2409 vid.
1509 2390 1556 2410 AR
1567 2390 1588 2409 v
1601 2389 1681 2410 1GA.

0 2422 19 2460 3.)
43 2422 212 2454 sonantium,
232 2421 402 2448 harmoniam
424 2426 528 2447 vocant.
575 2421 632 2447 Cic.
648 2421 731 2446 Tusc.
746 2429 765 2451 1,
777 2429 806 2454 41
828 2429 849 2445 c.
864 2425 889 2449 18
917 2419 1092 2446 Harmoniam
1191 2426 1211 2445 H
1223 2427 1244 2446 A
1254 2426 1273 2445 R
1282 2425 1302 2444 V
1311 2426 1333 2445 N
1343 2425 1361 2444 D
1372 2425 1390 2445 O
1400 2438 1407 2449 ,
1448 2418 1501 2445 vid.
1539 2425 1561 2445 A
1570 2425 1588 2445 R
1599 2425 1618 2443 v
1629 2426 1651 2445 N
1660 2425 1715 2446 Do.

0 2461 20 2484 121
41 2465 133 2486 mrtem
147 2467 178 2484 ex
194 2460 317 2484 sonorum
331 2456 479 2482 interuallis
491 2456 561 2481 nosse
575 2457 721 2490 possumus,
739 2465 855 2490 quornm
874 2456 947 2481 varia
967 2454 1093 2489 composi·
1190 2461 1211 2480 H
1222 2462 1243 2481 A
1253 2461 1272 2481 R
1282 2462 1302 2480 V
1312 2461 1347 2481 ΒΡ
1356 2462 1372 2480 Ε
1383 2461 1417 2486 X,
1437 2454 1463 2489 s
1490 2462 1511 2481 A
1521 2461 1540 2481 R
1549 2462 1570 2481 v
1579 2462 1614 2481 SP
1623 2461 1640 2482 E
1650 2462 1684 2486 x,
1702 2454 1758 2480 i'cis.
1779 2463 1815 2480 m.
1842 2453 2012 2489 [ἵεροσκᾶπσς]
2033 2456 2075 2482 Ab
2090 2457 2199 2493 Haruga

41 2847 142 2876 ¹monia
154 2847 267 2873 musicae
281 2846 385 2873 dierum
401 2848 543 2873 consonent
557 2846 672 2878 numeri,
685 2853 731 2872 etc.
766 2847 839 2872 Hanc
853 2845 1028 2872 Harmoniam
1043 2854 1093 2869 mu·
1153 2845 1240 2875 sacra,
1262 2843 1281 2870 i.
1301 2844 1431 2876 Prospera.
1452 2843 1566 2870 Seruius.
1639 2844 1726 2870 Vanus
1745 2844 1791 2870 Sil.
1812 2851 1836 2877 ς,
1873 2864 1880 2870 .
1917 2864 1924 2872 .

14 2876 17 2902 ’-
41 2882 122 2920 ficum
135 2883 240 2920 pulchre
257 2884 420 2915 προσωποποιεῖ
435 2883 558 2909 Martian.
572 2881 677 2916 Capella
690 2890 706 2914 9
723 2891 748 2917 p.
762 2887 814 2914 308.
849 2881 896 2908 Sed
912 2883 979 2907 locus
991 2878 1024 2913 est
1042 2882 1094 2906 lon-
1105 2883 1137 2910 75
1153 2888 1182 2914 17
1205 2879 1255 2905 His
1273 2888 1323 2913 ego
1337 2879 1477 2906 tormentis
1490 2879 1574 2905 animi
1589 2880 1645 2906 sum
1659 2888 1737 2906 verus
1756 2879 1892 2915 haruspex.
1932 2881 1990 2908 Vid.
2006 2884 2087 2909 Plaut.
2102 2884 2197 2918 Amph.

16 2913 19 2919 ¹
42 2914 114 2957 2gior.
150 2919 340 2948 Harmoniam,
354 2918 475 2944 musicam
490 2918 654 2944 literaturam
667 2925 740 2944 vocat
751 2924 776 2944 et
789 2918 897 2952 explicat
910 2916 1015 2942 Vitruu.
1030 2923 1053 2949 ς,
1067 2925 1093 2948 4.
1155 2924 1178 2949 ς,
1192 2923 1219 2947 2,
1236 2923 1258 2940 2.
1278 2922 1302 2941 et
1316 2915 1395 2941 Poen.
1409 2924 1432 2947 2,
1448 2925 1463 2940 ι.
1482 2924 1510 2943 ιο
1522 2921 1547 2940 et
1560 2922 1597 2948 17.
1634 2915 1689 2942 Cic.
1704 2915 1772 2942 Phil.
1785 2924 1797 2947 3
1816 2926 1836 2942 c.
1851 2921 1874 2944 8.

17 2954 124 2983 (Vnde
136 2958 210 2980 etiam
222 2954 285 2979 illud
291 2956 347 2988 peti
358 2952 432 2988 potest
448 2951 742 2985 Harmonianstrifflus
755 2951 849 2979 alisiam
862 2951 905 2986 effi?
917 2961 992 2978 vnum
1006 2952 1034 2977 de
1047 2952 1094 2978 tri-
1193 2956 1213 2976 H
1225 2956 1247 2976 A
1257 2957 1276 2976 R
1286 2957 1306 2976 v
1315 2957 1327 2976 s
1336 2957 1351 2975 P
1360 2952 1369 2976 ἰ’
1379 2956 1396 2977 c
1410 2957 1444 2982 A,
1459 2959 1497 2976 ae.
1518 2950 1537 2976 f.
1572 2950 1729 2985 [ἱεροσκόπσς]
1767 2954 1925 2978 Dmimtrix.
1953 2952 2034 2979 Plaut.
2044 2953 2124 2980 Milit.
2140 2963 2162 2986 3,
2176 2962 2197 2986 1,

11 2989 19 3002 ·⁴
39 2998 41 3003 ·
70 2999 99 3020 us
111 2989 251 3025 generibus
266 2989 618 3021 niodulationnm,alterum
626 2988 759 3020 Chroma,
774 2988 883 3015 tertium
897 2987 1094 3019 Diatonon,etc.
1154 2991 1185 3019 98
1204 2986 1243 3026 Da
1259 2986 1305 3020 qui
1319 2986 1411 3018 faciat,
1425 2986 1472 3020 qui
1487 2985 1608 3012 condiat:
1634 2986 1666 3012 da
1681 2986 1752 3021 quod
1766 2986 1825 3012 dem
1840 2988 2059 3022 quinquatribus,
2074 2990 2197 3017 Praecan-

11 2495 21 2507 ·'
45 2494 86 2521 tio
108 2494 261 2520 harmonias
287 2492 368 2518 etiam
391 2489 472 2517 efficit
492 2491 589 2525 plures.
644 2491 774 2524 Qiint‘stil.
790 2501 810 2524 1,
823 2500 852 2517 ιο
879 2491 935 2517 Nec
950 2490 996 2517 illa
1009 2490 1092 2516 modo
1152 2492 1322 2522 nominatur,
1335 2497 1364 2516 vt
1381 2493 1420 2515 ait
1439 2491 1575 2522 Donatus,
1601 2493 1670 2516 cuius
1688 2491 1766 2516 locum
1788 2490 1888 2521 damus,
1902 2499 1958 2515 uoce
1978 2498 2105 2518 ήκω-ΘΑ,
2156 2494 2199 2520 Ab

13 2539 15 2542 ¹
45 2523 165 2556 contenti
192 2527 354 2554 diffinxuium
376 2526 519 2554 concordia
533 2547 541 2560 ,
568 2535 646 2561 quam
667 2533 763 2554 vocant
788 2526 972 2558 harmoniam,
998 2527 1092 2552 sonum
1105 2522 1137 2554 65
1153 2529 1206 2553 Ara
1217 2526 1359 2558 clamauit,
1378 2529 1422 2560 qni
1439 2524 1595 2556 βωμοσκόπον
1609 2526 1701 2551 Graece
1714 2525 1781 2550 dixit
1794 2527 1821 2550 in
1830 2526 1889 2550 Vct.
1898 2525 1978 2553 Glots.
2014 2527 2197 2556 Tenui-‘hortm

14 2559 17 2598 ἶ
45 2573 154 2604 quoque
174 2563 215 2589 his
233 2563 351 2589 motibus
373 2561 508 2589 dederunt.
546 2563 578 2588 In
597 2562 686 2589 choris
700 2571 759 2589 cnm
778 2561 830 2589 dux
845 2563 970 2589 carminis
992 2561 1092 2594 hymno
1153 2571 1181 2594 4,
1194 2571 1222 2594 4,
1236 2566 1267 2590 28
1287 2562 1424 2595 Haruspex
1442 2560 1527 2586 vetuit
1543 2567 1603 2586 ante
1616 2560 1737 2586 brumam
1755 2559 1857 2594 aliquid
1871 2561 1937 2586 noui
1954 2563 2054 2595 negotii
2070 2563 2199 2598 incipere,

46 2599 192 2635 praecinit,
211 2598 408 2625 concinentium
425 2598 521 2633 vulgus
541 2599 663 2626 virorum
683 2605 708 2625 et
729 2598 905 2629 feminarum,
927 2598 1019 2624 mixtis
1039 2605 1095 2631 gra-
1153 2597 1210 2623 Cic.
1224 2595 1257 2621 de
1272 2597 1309 2622 N.
1324 2597 1357 2622 D.
1374 2605 1394 2628 1,
1409 2604 1436 2628 55
1450 2606 1471 2621 c.
1486 2604 1521 2621 20
1550 2596 1721 2629 Haruspices,
1735 2604 1859 2629 augures,
1874 2595 1988 2629 harioli,
2002 2604 2071 2624 vates
2092 2606 2118 2625 et
2135 2609 2199 2627 con-

16 2643 17 2650 ι
47 2637 126 2663 vibus
146 2640 172 2660 et
190 2635 271 2660 acutis
291 2633 468 2666 clamoribus,
487 2643 566 2661 vnam
584 2633 751 2660 harmoniam
768 2635 897 2660 resonant.
969 2633 1047 2666 Apul.
1061 2633 1093 2658 de
1152 2631 1266 2657 tenores
1281 2640 1330 2656 vno
1342 2634 1412 2657 velut
1425 2631 1499 2666 fasce
1511 2630 1672 2669 comprehensi
1683 2631 1713 2656 ab
1727 2632 1843 2665 Epicureo
1857 2631 2011 2660 deridentur.
2077 2635 2150 2661 Idem
2164 2635 2199 2662 de

12 2666 17 2701 ’,
47 2670 151 2698 Mundo
170 2679 195 2704 p.
212 2677 252 2703 71,
269 2678 306 2702 19.
358 2669 432 2696 Idem
444 2669 511 2696 ibid.
526 2679 551 2703 p.
565 2671 610 2701 66,
623 2676 653 2701 ις
680 2670 735 2703 Ipsa
754 2670 834 2695 etiam
848 2667 961 2698 Musica,
975 2675 1042 2700 quae
1063 2666 1094 2692 de
1153 2666 1216 2692 Diu.
1231 2674 1257 2697 2,
1272 2674 1296 2698 51
1310 2675 1332 2691 c.
1347 2675 1379 2699 24
1409 2667 1492 2692 Vetus
1508 2665 1576 2691 illud
1588 2667 1697 2693 Catonis
1710 2665 1852 2692 admodum
1872 2667 1964 2693 scitum
1978 2668 2027 2699 est,
2042 2670 2089 2703 qui
2102 2671 2199 2698 mirari

16 2720 17 2726 ι
48 2706 136 2740 longis
154 2711 180 2731 et
194 2704 321 2731 breuibus
334 2704 417 2730 acutis
428 2710 455 2731 et
468 2704 593 2739 grauibus
606 2704 678 2730 sonis
694 2704 807 2734 constat,
827 2710 932 2737 tamque
947 2701 1055 2728 diuerfis
1069 2703 1136 2730 et70
1153 2703 1179 2728 se
1192 2700 1312 2733 dicebat,
1326 2700 1398 2735 quod
1412 2711 1467 2727 non
1478 2700 1576 2728 rideret
1590 2701 1718 2736 haruspex
1728 2721 1736 2732 ‚
1756 2701 1919 2735 haruspicem
1932 2713 1990 2729 cum
2005 2705 2117 2733 vidisset.
2165 2708 2199 2733 Et

14 2736 19 2759 ἶ
49 2741 156 2767 dissonis
178 2740 290 2766 vocibus
314 2740 481 2767 harmoniam
502 2741 643 2766 consonam
665 2739 762 2766 reddit.
818 2740 848 2765 Et
865 2737 1033 2766 deHabitud.
1049 2736 1093 2762 do.
1153 2738 1186 2765 de
1204 2737 1241 2763 N.
1256 2737 1286 2762 D.
1311 2745 1329 2766 1,
1345 2744 1372 2771 7¹
1395 2745 1415 2762 c.
1430 2739 1460 2763 26
1483 2746 1512 2763 ex
1522 2737 1628 2772 persona
1641 2738 1742 2769 Cottae,
1770 2737 1897 2764 Mirabile
1916 2739 2037 2772 videtur,
2051 2741 2122 2775 quod
2142 2751 2198 2769 non

6 2792 10 2802 ι
30 2779 33 2782 ›
48 2776 262 2804 &rinffllatomz
275 2785 299 2810 p.
312 2777 356 2808 26,
370 2784 400 2808 39
420 2777 492 2802 Haec
505 2774 623 2810 ipsorum
639 2775 834 2801 connubiorum
849 2773 1002 2814 tempestiua
1016 2781 1094 2808 quae·
1153 2772 1239 2799 rideat
1255 2772 1400 2806 haruspex,
1420 2781 1479 2798 cum
1498 2772 1662 2807 haruspicem
1681 2772 1791 2805 viderit,
1802 2780 1848 2799 etc.
1919 2774 2050 2801 Secundus
2069 2776 2199 2812 haruspex

48 2813 119 2840 ritur
137 2811 308 2843 coniunctio,
332 2819 406 2837 cutus
423 2811 540 2838 futuram
559 2810 679 2837 stabilem
698 2810 778 2837 fidem
798 2810 898 2842 credit,
918 2811 935 2836 11
956 2818 1014 2835 cum
1034 2809 1092 2835 har·
1154 2809 1223 2835 sacra
1244 2810 1348 2834 nuntiat
1365 2808 1441 2842 Virg.
1456 2809 1520 2834 Aen.
1541 2816 1574 2840 11,
1587 2811 1644 2843 736.
1699 2807 1832 2835 Secundus
1849 2807 1995 2844 haruspex,
2015 2821 2063 2845 pro
2080 2813 2199 2840 Secunda

1995 2848 2111 2882 Propert.
2132 2857 2154 2881 3,
2174 2854 2198 2881 8,

77 3025 107 3058 ¹5.
123 3025 154 3052 de
168 3025 205 3051 N.
220 3025 251 3051 D.
264 3033 285 3057 3,
299 3032 333 3058 27
357 3024 415 3050 Nifi
436 3034 502 3051 vero
521 3025 598 3059 loqui
612 3024 694 3050 solem
709 3034 768 3051 cum
787 3024 847 3050 luna
865 3030 995 3058 putamus,
1010 3032 1092 3058 quum
1153 3022 1257 3053 tatrici,
1276 3021 1447 3054 conieeh-ici,
1468 3021 1603 3053 hariolae,
1617 3028 1695 3056 atquc
1716 3022 1875 3056 haruspicae.

101 3061 159 3096 pius
173 3060 317 3087 accesserit:
337 3067 381 3086 aut
393 3060 425 3086 ad
438 3060 606 3087 harmoniam
617 3069 711 3087 canere
724 3060 867 3092 mundum,
894 3065 922 3086 vt
934 3059 1093 3093 Pythagoras
1105 3060 1137 3085 80
1189 3064 1209 3083 H
1219 3064 1239 3083 A
1249 3063 1267 3083 R
1276 3063 1297 3081 V
1306 3063 1318 3081 S
1327 3064 1342 3083 P
1351 3064 1360 3083 1
1369 3064 1385 3083 C
1397 3058 1439 3083 ῐΝ
1450 3065 1469 3083 v
1478 3065 1490 3083 s
1501 3077 1508 3089 ‚
1527 3066 1558 3089 a,
1578 3066 1631 3083 um.
1661 3057 1722 3084 Adi.
1759 3056 1952 3090 [ἔρροσκσπικᾶς]
1987 3057 2042 3084 Cic.
2058 3058 2090 3085 de
2104 3060 2195 3086 Diuin.

86 3097 192 3124 istiniat.
264 3096 369 3123 Lucret.
386 3105 408 3128 3,
423 3105 465 3128 119
487 3097 567 3122 Nunc
581 3096 695 3122 animam
707 3104 816 3133 quoque
829 3101 858 3122 vt
871 3095 898 3121 in
913 3095 1040 3121 membris
1052 3103 1094 3120 co·
1155 3101 1165 3119 1
1179 3102 1200 3118 c.
1217 3101 1242 3124 33
1278 3092 1358 3125 ond
1379 3093 1565 3123 Etruscorum,
1579 3093 1708 3119 declarant
1723 3098 1748 3119 et
1767 3092 1943 3126 haruspicini,
1956 3098 1981 3118 et
1995 3093 2154 3128 fulgurales,
2170 3101 2197 3123 et

2 3144 19 3160 τ·
42 3133 174 3166 ‘Ignoscere
188 3130 261 3166 poffis
277 3132 345 3163 Effe,
363 3141 450 3166 neque
465 3131 631 3158 harmoniam
644 3140 738 3166 corpus
757 3132 872 3158 retinere
885 3131 978 3157 solere.
1154 3128 1260 3155 rituales
1275 3127 1355 3160 libri,
1374 3129 1457 3154 nostri
1473 3129 1553 3155 etiam
1568 3129 1714 3163 augurales.

3 3167 5 3170 ’
89 3172 167 3193 HAR
177 3173 258 3193 ΜΘΝ
269 3173 304 3193 1c
314 3173 347 3199 13,
365 3176 410 3201 es„
420 3168 441 3194 f.
468 3172 522 3194 Arx
537 3169 695 3193 Harmoniae.
729 3167 835 3193 Vitruu.
852 3175 874 3199 ς,
889 3176 900 3198 3
916 3174 980 3193 extr.
1001 3165 1094 3192 Thea·
1192 3170 1212 3189 H
1224 3171 1245 3190 A
1256 3170 1275 3189 R
1285 3170 1325 3190 vs
1335 3170 1348 3189 r
1359 3165 1413 3190 101*
1423 3171 1444 3190 N
1455 3171 1493 3196 A,
1518 3173 1556 3190 ae.
1581 3165 1601 3190 f.
1639 3165 1651 3197 [
1660 3162 1817 3198 ἱεροσκσπική,
1838 3161 2017 3197 ›ina-namma]
2053 3166 2196 3192 Diuinatio.

53 3206 157 3228 trorum
171 3210 217 3234 per
235 3201 407 3229 harmonicen
424 3203 458 3230 ad
476 3203 622 3238 augendam
640 3211 733 3229 vocem
752 3202 966 3230 ratiocinationes
985 3201 1017 3228 ab
1030 3201 1097 3228 anti·
1155 3200 1210 3226 Cic.
1226 3200 1258 3225 de
1274 3199 1364 3225 Diuin.
1379 3208 1404 3231 2,
1420 3208 1464 3232 49.
1502 3199 1620 3226 LaCmnt.
1636 3209 1661 3232 2,
1679 3202 1706 3225 16
1715 3207 1758 3234 pr.
1825 3199 1880 3224 Cic.
1889 3199 1960 3225 Fam.
1974 3201 1999 3231 6,
2015 3204 2038 3230 18
2052 3204 2105 3233 (19)
2125 3202 2196 3234 Qia-

53 3236 113 3269 quis
128 3236 185 3261 sunt
196 3236 357 3264 constitutae.
1109 3239 1138 3268 85
1154 3245 1183 3261 re
1199 3235 1270 3261 bono
1284 3235 1374 3261 animo
1393 3235 1440 3262 fint
1455 3242 1480 3261 et
1501 3237 1540 3262 tui
1557 3242 1582 3261 et
1597 3235 1648 3260 mei
1669 3235 1827 3260 familiares:
1846 3242 1931 3268 neque
1951 3237 2022 3261 enim
2036 3242 2090 3262 erat
2109 3237 2196 3263 feren-

91 3270 314 3310 HARMoNi‘c
326 3278 384 3304 Vs,
401 3282 432 3306 a,
451 3283 506 3301 um.
534 3274 594 3301 Adi.
632 3272 792 3308 [ἆρμονικδς]
829 3273 895 3300 ΡΙίιι.
916 3282 940 3305 2,
954 3280 1000 3305 109
1026 3273 1093 3298 Har·
1153 3270 1232 3303 dum,
1256 3279 1339 3305 quum
1358 3272 1405 3306 qui
1426 3270 1505 3297 hodie
1524 3270 1718 3304 haruspicinam
1737 3270 1869 3303 facerent,
1889 3270 1918 3296 in
1937 3270 2030 3297 Senatu
2043 3272 2142 3298 Romae
2159 3272 2196 3298 le»

55 3308 162 3332 'monica
173 3310 258 3337 rane,
278 3315 344 3339 quae
356 3310 426 3343 cogit
439 3319 529 3337 rerum
541 3318 661 3337 naturam
676 3309 724 3336 fibi
737 3310 817 3344 ipsam
832 3317 977 3343 congruere
986 3327 993 3339 ‚
1019 3307 1092 3334 addit
1153 3312 1287 3342 gerentur.

55 3341 118 3367 huic
131 3340 266 3366 mensurae
279 3340 358 3368 stadia
376 3343 470 3378 septem
483 3354 518 3373 M.
555 3349 592 3373 Ex
605 3344 697 3378 vetusto
709 3345 788 3372 codice
799 3347 893 3382 legitur
906 3344 1093 3371 Harmoniaca.
1190 3349 1210 3368 H
1222 3350 1243 3368 A
1254 3349 1273 3368 R
1283 3349 1303 3367 V
1313 3348 1325 3368 S
1334 3348 1349 3368 Ρ
1359 3349 1369 3367 1
1379 3348 1395 3368 C
1405 3350 1414 3368 1
1424 3349 1443 3368 V
1453 3348 1477 3367 Μ
1488 3361 1496 3373 ,
1516 3341 1534 3366 i.
1551 3349 1577 3366 n.
1603 3340 1686 3366 Subst.
1724 3340 1894 3375 [ἱεροσκοπιόι]
1930 3340 2059 3369 Pet-ficum
2077 3342 2195 3378 haruspi.

13 3399 16 3402 .
55 3376 130 3412 Cous.
143 3375 207 3402 Fest.
223 3382 246 3401 et
260 3376 336 3402 Varr.
350 3378 379 3404 L.
392 3379 421 3406 L.
438 3390 464 3414 9,
478 3390 491 3414 3
511 3391 534 3416 p,
551 3391 603 3415 139,
617 3390 654 3408 η.
1152 3378 1223 3405 cium
1235 3378 1322 3405 Catul.
1336 3384 1378 3413 87,
1391 3386 1416 3404 2.
1453 3377 1526 3412 Cous.
1544 3376 1682 3402 Censorin.
1697 3374 1729 3402 de
1741 3376 1792 3402 Die
1805 3376 1882 3402 natal.
1904 3384 1926 3402 c.
1937 3384 1974 3411 17.

93 3417 252 3442 HARPA,
288 3410 341 3436 vid.
376 3419 510 3444 HARPE.
1097 3418 1134 3443 90

93 3452 254 3474 HARPAC
267 3451 415 3487 TlCON,
433 3453 496 3486 quod
513 3454 559 3480 alii
578 3452 689 3489 legebant
1528 3449 1561 3481 H
1657 3450 1685 3481 A
1780 3449 1800 3480 S

35 3508 39 3512 ,
93 3489 114 3509 1-1
126 3490 146 3509 A
154 3488 173 3508 n
182 3489 198 3508 r
206 3489 227 3508 A
237 3488 253 3508 c
262 3487 283 3506 Τ
292 3488 301 3521 1
312 3487 331 3507 ο
343 3488 374 3513 Ν,
382 3491 398 3508 ι.
406 3493 431 3510 ιι.
446 3487 573 3521 Sulphuris
580 3489 702 3523 epitheton
710 3486 777 3522 apud
781 3486 847 3513 Plin.
857 3485 946 3519 33‚13s-
956 3491 987 3517 ςο
996 3484 1091 3511 Aufert

35 3523 82 3549 iet
95 3518 210 3545 lichenas
223 3526 237 3543 ἃ
249 3517 317 3543 facie
336 3525 395 3543 cnm
413 3521 554 3549 terebinthi
567 3523 649 3550 resina
657 3544 666 3557 ,
681 3530 706 3549 et
720 3524 812 3557 lepras.
848 3520 1024 3556 Harpaeticon
1045 3529 1091 3546 vo·
1190 3527 1210 3547 11
1222 3528 1243 3548 A
1253 3528 1265 3548 s
1274 3527 1293 3547 D
1302 3527 1322 3547 R
1330 3528 1352 3547 v
1361 3527 1377 3547 Β
1386 3525 1407 3546 Α
1415 3526 1442 3545 L.
1478 3516 1652 3554 [Ἃσδριέέξας]
1693 3517 1751 3545 Vid.
1772 3524 1794 3544 A
1803 3524 1815 3544 s
1824 3524 1841 3544 D
1850 3524 1869 3544 R
1879 3524 1900 3543 v
1911 3524 1927 3545 Β
1936 3526 1956 3545 A
1965 3525 1991 3545 L.

56 3559 129 3581 catur
149 3562 164 3580 a
183 3553 318 3579 celeritate
337 3553 481 3583 auellendi:
505 3559 583 3585 auelli
604 3559 676 3586 enim
696 3558 807 3586 subinde
825 3557 912 3584 debet.
949 3557 1048 3586 Metuo,
1063 3565 1092 3581 ne
1191 3563 1212 3582 H
1223 3564 1243 3583 A
1254 3564 1266 3584 s
1276 3564 1344 3589 TA,
1360 3564 1398 3582 ae.
1415 3555 1435 3581 f.
1471 3556 1579 3589 [3³7va
1600 3552 1672 3589 δόρυ]
1709 3553 1748 3579 Ab
1757 3553 1869 3580 Astando
1883 3554 1964 3588 dicia,
1977 3555 2151 3590 inquitVarro
2161 3555 2194 3583 de

56 3590 113 3617 haec
124 3591 214 3616 ultima
224 3588 279 3622 ⁵lint
298 3591 358 3614 male
378 3591 507 3618 snreaesta.
542 3595 649 3630 Aliquid
664 3597 757 3632 legerat
764 3594 837 3629 forte
851 3596 947 3620 Plinius
961 3591 990 3617 de
1005 3594 1032 3617 vi
1049 3591 1092 3616 illa
1107 3596 1138 3622 95
1154 3591 1185 3617 L.
1199 3592 1228 3619 L.
1244 3601 1271 3625 4,
1284 3601 1320 3626 24
1341 3601 1364 3626 p.
1380 3599 1419 3622 29,
1433 3598 1464 3624 27
1489 3590 1561 3625 qnod
1576 3590 1657 3616 astans
1671 3589 1736 3615 ferri
1751 3589 1829 3615 solet:
1851 3589 1915 3625 quod
1934 3599 1982 3616 non
1994 3594 2074 3627 magis
2088 3593 2194 3626 probari

19 3629 22 3639 ²
55 3623 322 3661 eleflricasulphuris,
343 3634 391 3659 qua
406 3625 512 3658 affriel'u
523 3629 615 3656 modico
627 3629 775 3666 calejae‘lum
793 3633 879 3664 rapit,
892 3629 991 3668 sin-cini
1004 3625 1093 3659 instar,
1149 3625 1246 3661 potest,
1259 3637 1329 3663 quam
1351 3626 1408 3653 Ifid.
1423 3631 1458 3658 18,
1471 3627 1488 3651 6
1506 3625 1538 3651 ab
1557 3626 1628 3651 Astu.
1665 3624 1744 3650 Plaut.
1760 3623 1850 3650 Bacch.
1864 3634 1885 3657 3,
1898 3634 1920 3657 3,
1933 3634 1968 3660 24
1992 3626 2034 3652 Ibi
2049 3629 2139 3661 cursu,
2155 3628 2194 3653 ιη.

29 3663 147 3696 '1⁴paleas.
182 3661 238 3686 Hoc
252 3661 343 3686 Graece
355 3662 447 3695 aliquis
457 3664 592 3696 extulerat,
607 3672 638 3691 vt
655 3665 803 3701 ἁρπακτικὸν
817 3664 858 3698 effe
874 3664 979 3701 sulphur
992 3662 1093 3692 diceret,
1154 3661 1266 3694 frando,
1286 3662 1372 3694 hasta,
1392 3662 1480 3692 disco,
1500 3661 1640 3695 pugillatu,
1660 3660 1728 3693 pila,
1750 3660 1864 3686 saliendo
1877 3661 1902 3686 se
1914 3661 2076 3689 exercebant.
2135 3662 2192 3688 Cic.

17 3726 19 3730 ,
57 3697 82 3723 b·
95 3706 114 3722 8-
134 3698 163 3722 υἱ
174 3695 290 3735 rapiffidj
304 3696 368 3721 lt'ffl'a
381 3697 522 3731 corpuscula
532 3700 679 3732 praeditum.
716 3701 781 3728 Plin.
796 3709 837 3735 37,
852 3709 866 3727 2
888 3702 916 3726 ln
930 3698 1003 3731 Syria
1018 3698 1093 3723 femi-
1153 3698 1212 3723 Fin.
1226 3707 1248 3730 2,
1261 3706 1296 3732 97
1327 3698 1411 3724 Euelli
1426 3697 1491 3723 iussit
1504 3704 1636 3729 eam,qua
1653 3701 1708 3721 erat
1721 3695 1867 3728 transfixus,
1882 3695 1988 3723 hastam.
2060 3697 2135 3723 Acies
2148 3696 2193 3735 ha.

21 3736 23 3744 ¹
53 3739 100 3758 nas
115 3730 337 3771 verticillos-inde
350 3734 395 3762 (ex
408 3731 525 3763 electro)
539 3733 638 3767 facere,
656 3741 682 3762 et
699 3745 794 3764 vocare
807 3737 936 3771 harpaga,
950 3735 1011 3769 quia
1026 3733 1094 3759 folia
1154 3732 1222 3767 stae,
1242 3734 1295 3760 vici.
1316 3740 1414 3760 Acuts.
1482 3733 1540 3770 Cic..
1552 3740 1599 3770 pro
1613 3730 1642 3756 L.
1658 3731 1727 3770 Mur:
1742 3738 1773 3764 43
1787 3740 1808 3757 c.
1824 3740 1851 3758 21
1877 3733 1991 3758 Videsne
2008 3738 2035 3758 tu
2054 3733 2128 3757 illum
2145 3737 2192 3757 tri-

57 3773 82 3794 et
95 3768 193 3807 paleas,
207 3766 372 3807 ‹Lestmmqne
386 3767 503 3793 fimbrias
517 3768 609 3801 rapiat.
1099 3774 1146 3793 100
1155 3768 1233 3801 stem,
1247 3769 1399 3794 demist’um?
1421 3768 1501 3798 iacet,
1516 3765 1627 3797 diffidit,
1641 3766 1738 3792 abiecit
1752 3766 1850 3799 hastas,
1866 3768 1945 3803 serpit
1957 3769 1999 3794 hic
2013 3768 2102 3793 timor.
2139 3767 2191 3793 Ha-

94 3808 300 3834 HARPAGO,
318 3803 386 3829 onis.
411 3811 446 3829 m.
487 3800 605 3837 [ἅρπαξ]
649 3806 733 3832 Telum
755 3811 782 3834 in
798 3807 943 3843 summitate
963 3804 1092 3835 aduncum,
1153 3804 1216 3829 stam
1236 3802 1368 3835 abiicere,
1388 3802 1421 3837 est
1440 3799 1530 3837 Causae
1551 3800 1675 3835 diffidere,
1693 3809 1717 3827 el
1735 3806 1913 3830 contentionem
1932 3806 2074 3837 relinquere.
2142 3802 2191 3826 Ac-

55 3845 102 3873 quo
127 3840 184 3872 capi
213 3844 238 3864 et
268 3840 335 3865 velut
352 3842 424 3873 rapi,
444 3838 615 3872 d1'›·ui,prout
635 3845 693 3872 opus
710 3840 757 3873 est,
776 3852 863 3873 murs,
876 3845 969 3868 muriae
984 3839 1093 3876 pofficnt.
1155 3839 1248 3869 dinis,
1284 3839 1380 3871 Acuta,
1417 3839 1569 3869 (intentata,
1605 3837 1830 3870 Centumuiralis,
1850 3839 1902 3866 uid.
1922 3839 1962 3865 hh.
1982 3848 2037 3875 υυ..
2101 3836 2190 3875 Densis

57 3874 135 3900 Hunc
152 3873 328 3907 harpagonem
350 3875 453 3901 inuenit
472 3873 624 3900 Anacharsis
642 3873 828 3909 philosophus,
854 3877 911 3910 telle
931 3877 996 3903 Plin.
1017 3884 1042 3910 7,
1063 3877 1093 3907 56
1154 3873 1244 3900 virsun
1266 3874 1460 3908 segcshorrnit
1481 3872 1557 3898 hastis
1584 3873 1657 3906 Virg.
1681 3873 1778 3908 Georg.
1798 3882 1822 3904 2,
1840 3883 1892 3907 14²·
1961 3873 2090 3898 Fraxinea
2108 3869 2189 3897 Ouid.

6 3913 25 3932 1
56 3916 121 3935 extr.
151 3909 209 3935 Vid.
223 3910 294 3935 Caes.
309 3910 337 3936 B.
353 3911 384 3937 C.
400 3920 420 3943 1,
439 3918 478 3944 37.
516 3908 708 3942 lustramentum
725 3911 757 3935 ad
776 3912 922 3939 disiicienda
943 3916 1094 3938 munimenta
1155 3911 1218 3936 Met.
1240 3917 1277 3941 12,
1296 3914 1350 3941 369·
1429 3909 1584 3938 Grannum,
1609 3909 1662 3934 vid.
1677 3909 1725 3944 fiab
1750 3915 1829 3936 GRA
1838 3915 1926 3936 ΜΕΝ.
1999 3907 2097 3932 Graues
2123 3907 2188 3932 Hor.

56 3942 89 3977 (ll
101 3944 172 3971 Caes.
186 3944 214 3970 B.
228 3945 260 3970 G.
274 3953 301 3978 7,
315 3951 364 4009 811.1
421 3946 480 3972 Liu.
495 3954 534 3978 3ο,
547 3954 576 3971 10
593 3945 692 3971 Afferes
705 3944 792 3972 ferreo
805 3956 872 3974 vnco
887 3948 998 3983 praefixi
1017 3947 1094 3981 (1111·-
1102 3953 1146 3980 105
1155 3946 1241 3973 earm.
1255 3953 1275 3978 1,
1290 3952 1324 3978 ις,
1337 3953 1395 4006 17..ς
1440 3944 1584 3971 Horrentes
1599 3944 1673 3980 Virg.
1690 3945 1754 3973 Aen.
1770 3953 1808 3977 10,
1823 3949 1874 3977 178.
1942 3941 2037 3967 Infesta
2056 3940 2190 4002 subit'vob-

207 3986 229 4006 V
239 3986 259 4007 O
267 3987 283 4007 L
291 4000 298 4007 .
369 4003 374 4008 .
1348 3988 1361 4013 5
2141 3986 2189 4002 vtus
