2479 4225
242 144 287 180 43
618 119 895 160 DEF

249 215 364 242 satietate
379 210 487 239 alicuius
499 208 538 235 rei
560 208 615 235 Cic.
635 207 666 233 de
679 207 752 233 Orat.
768 213 818 239 117.
888 205 982 242 Brutus
996 200 1196 241 IdeinEPistfiffi
1225 199 1270 239 Ne

250 249 411 282 Dcfafigere,
444 253 494 270 neu
514 243 614 269 diffidas
625 243 734 282 ¹semp-er
752 243 778 266 in
798 237 972 279 praesentibus
991 237 1066 263 malis
1087 233 1270 271 prohibendis.

251 284 318 311 Noli
330 284 356 308 in
369 279 549 306 conseruandis
569 279 644 304 bonis
655 285 720 302 viris
738 275 874 307 defatigari
904 272 960 297 Cic.
976 281 1024 305 pro
1041 271 1148 298 Marcel.
1162 279 1195 295 20
1209 278 1230 294 c.
1245 271 1270 295 6,

248 317 349 344 Iudices
361 315 503 347 defatigare
532 313 604 339 Idem
618 311 648 337 de
661 309 752 344 Legib.
766 318 788 341 3,
802 317 843 339 29.
896 306 1043 340 Des-nigor,
1063 316 1115 332 cum
1130 304 1274 340 lifinitiuo:

1721 109 2096 151 DEFJ
2316 122 2370 161 44

1333 199 1415 234 inagis
1424 219 1432 232 ,
1452 208 1530 234 quam
1543 197 1702 226 auctoritate
1714 198 1789 224 causa
1803 197 1848 224 illa
1861 199 1965 227 defensa
1979 199 2023 227 est.
2094 200 2176 227 Ouid.
2188 199 2274 227 Trist.
2288 208 2312 232 2,
2320 207 2369 232 421

1334 235 1411 261 Neue
1430 234 1574 269 peregrinis
1596 239 1698 260 tantuin
1719 233 1844 260 defendar
1861 234 1894 261 ab
1913 237 2001 263 arinis.
2073 236 2114 261 Ab
2127 236 2244 262 hostibus
2263 234 2369 260 defendi

1335 269 1473 303 paludibus
1489 276 1514 296 et
1528 269 1654 295 itinerum
1670 269 1810 303 angustiis,
1830 273 1855 294 et
1875 269 2012 298 altitudine
2024 271 2156 297 montium
2183 271 2238 297 Cic.
2254 271 2284 297 de
2299 271 2368 303 Lege

1337 306 1399 337 Agr.
1414 313 1440 337 2,
1476 324 1484 330 .
1521 324 1529 330 .
1589 304 1648 329 Sall.
1661 304 1729 330 Hist.
1743 313 1753 330 1
1773 305 1820 330 Or.
1835 304 1928 338 Lepidi
1940 316 1958 339 4
1978 307 2048 333 Nam
2062 305 2149 340 quida
2161 305 2277 338 Pyrrho,
2298 306 2369 331 Han-

250 353 303 378 Cic.
313 352 382 377 Fam.
392 358 425 380 ιε,
435 357 466 382 14
489 349 544 374 Nec
552 345 716 379 defatigabor
728 350 878 378 permanere
890 350 943 367 non
958 342 1041 368 solum
1054 342 1082 367 in
1095 340 1180 367 studio
1195 339 1274 365 liber·
1297 343 1310 369 5
1337 339 1426 366 nibale
1461 354 1506 359 —
1541 338 1677 365 defensum
1691 339 1726 365 est
1745 339 1833 371 aliud,
1854 348 1933 374 quam
1950 341 2072 373 libertas,
2092 344 2110 367 ι’.
2129 348 2216 367 contra
2234 341 2367 375 Pyrrhum.

250 387 325 416 tatis,
344 384 386 410 sed
404 384 484 410 etiam
503 383 531 408 in
543 383 633 408 labore
651 386 676 405 et
694 377 824 413 periculis.
895 377 984 403 Puella
1003 376 1143 410 defatigata
1163 375 1240 414 petiit
1259 383 1275 400 a

250 426 402 450 matertera,
426 424 455 444 vt
473 417 521 444 fibi
538 414 689 442 concederet
702 412 853 447 paullisper,
867 417 896 437 vt
911 411 940 438 in
953 412 1008 437 eius
1028 411 1089 437 sella
1103 410 1276 444 requiesceret

251 456 306 482 Cic.
320 454 436 480 Diuinat.
452 461 460 478 1
473 462 495 478 c.
509 454 552 485 46.
621 449 693 475 Idem
706 456 752 482 pro
765 447 842 472 Dom.
860 456 881 472 c.
895 456 933 480 44
961 447 1031 472 Emit
1042 446 1150 471 domum
1164 445 1277 470 licitato-

252 490 326 516 ribus
339 487 499 522 defatigatis,
522 494 603 520 prope
620 484 731 510 dimidio
747 479 846 512 carius,
872 491 950 516 quam
969 480 1127 508 aestifflabas-
1198 480 1277 506 Defa-

251 525 346 559 tigatus
359 524 386 550 in
401 521 499 556 Repub.
513 518 686 547 conseruanda
708 516 744 543 Id.
759 517 829 542 Fam.
844 525 881 548 10,
896 526 932 550 19·
1177 549 1183 557 Ι

290 566 308 585 D
318 565 333 584 E
342 565 358 585 F
366 566 388 585 Λ
395 565 416 584 Τ
425 565 433 583 1
442 564 462 583 G
471 563 491 582 A
500 561 521 580 Τ
531 562 566 581 10
574 574 581 586 ,
599 555 664 580 (mis.
683 553 701 578 f-
732 551 853 578 Verbale.
890 551 1082 585 [καταπᾶνησις,
1101 551 1276 585 σῖποιγσῳυσις]

255 595 310 621 Cic.
329 593 361 619 de
378 591 474 619 Sene&
495 597 557 616 extr.
593 590 710 622 Corpora
728 586 835 620 quidem
852 587 1072 614 exercitationum
1089 585 1278 619 defatigatione

254 629 444 656 invi-auescunt:
468 625 550 651 animi
563 630 648 650 autem
661 624 686 648 se
697 622 841 648 exercendo
854 622 983 649 leuantur.
1025 621 1184 656 Defatigatio
1196 629 1279 655 equo-

253 651 311 691 tui'n
335 663 403 689 Hirt.
423 662 451 687 Β.
464 655 498 686 G..
514 666 537 692 8,
551 668 592 693 27.
661 657 715 683 Cic.
730 656 841 691 Philipp.
854 665 877 690 5,
889 667 922 685 20
948 657 1030 684 Nulla
1041 666 1081 683 res
1093 657 1118 682 ei
1132 656 1209 682 finem
1224 664 1279 682 cae-

1343 374 1400 401 Vid.
1415 374 1437 399 A
1450 375 1491 399 vel
1506 374 1556 400 AB
1576 383 1601 399 n.
1615 376 1658 400 26.
1714 375 1761 402 Sed
1772 382 1852 401 tamen
1871 379 1944 401 etiam
1958 381 2060 410 ponitur
2072 386 2125 402 cum
2139 375 2369 411 hacpracposttione

1332 408 1515 448 st'tlfitpqffiqo·
1586 410 1642 436 Cic.
1655 418 1704 444 pro
1716 411 1812 436 Milon.
1829 420 1850 436 c.
1863 418 1894 442 2,-
1911 409 1940 435 Si
1953 419 1968 435 a
1979 418 2003 437 te
2015 412 2102 447 postea
2114 411 2248 437 defensum
2262 412 2289 437 in
2302 410 2370 445 peri-

1337 445 1398 471 culo
1411 450 1512 478 capitis,
1526 444 1645 471 adiutum
1658 445 1686 470 in
1697 446 1825 479 petitione
1838 447 1984 472 Praeturae.
2036 448 2074 474 Id.
2092 446 2123 473 de
2137 447 2198 473 Diu.
2212 456 2218 472 i
2234 455 2255 472 c.
2273 454 2285 479 ς
2304 445 2369 472 Satis

1338 480 1443 506 defensa
1454 479 1552 512 religio
1564 480 1601 506 est
1615 480 1644 506 in
1657 480 1768 506 secundo
1782 480 1853 507 libro
1864 490 1879 507 a
1893 480 2007 507 Lucilio.
2059 484 2090 509 Et
2103 492 2124 508 c,
2140 490 2166 514 33
2186 483 2256 508 Haec
2271 482 2370 516 impro-

1300 521 1331 538 >10
1338 515 1433 542 bantur
1445 523 1460 540 a
1474 515 1667 549 Peripateticis,
1684 524 1700 540 a
1714 515 1808 542 Stoicis
1820 516 2006 543 defenduntur.
2075 520 2106 544 Et
2126 519 2197 544 Fam.
2213 525 2251 549 11,
2265 524 2298 550 27
2313 514 2369 551 post

1335 551 1398 577 med.
1428 551 1473 576 Me
1491 550 1544 576 scio
1557 558 1571 576 a
1585 555 1610 576 te
1629 556 1720 577 contra
1741 551 1864 578 inimicos
1882 561 1954 579 meos
1967 551 2051 577 solere
2065 551 2177 579 defendi.
2249 552 2312 578 Arte
2326 551 2369 577 de-

1338 585 1414 612 fendi
1446 585 1532 612 Valer.
1546 586 1645 620 Argon.
1660 591 1683 618 8,
1719 605 1727 611 .
1765 606 1772 612 .
1808 605 1816 612 .
1880 587 1977 614 Libere
1993 586 2114 618 defendi,
2138 588 2190 614 vid.
2219 593 2236 613 1.
2246 594 2255 612 1
2266 594 2333 614 BER
2343 594 2369 613 E.

1340 620 1455 647 Defendi
1467 630 1514 655 per
1527 621 1683 647 aduocatum
1703 621 1768 647 Plin.
1783 621 1811 647 in
1825 622 1936 649 Praefat.
1970 643 1977 649 .
2014 641 2022 648 .
2078 622 2134 648 Cic.
2145 624 2173 650 in
2184 623 2272 649 Vatin.
2287 631 2299 654 3
2318 623 2369 648 De-

1339 656 1498 683 fendcbatur
1514 656 1622 683 testibus
1640 657 1747 690 collegis
1759 656 1825 687 suis,
1847 666 1901 684 non
1917 656 2046 684 recitandi
2068 658 2142 684 causa
2153 658 2253 693 legisse,
2273 657 2315 683 sed
2329 666 2369 683 re-

253 698 332 725 dendi
350 697 396 722 nili
418 696 576 729 Defatigatio
595 699 620 718 et
634 692 735 718 satietas
747 692 876 719 attulisset.
946 692 1142 726 Defatigatione
1162 692 1279 718 desistere
1298 699 1323 725 13
1339 692 1526 726 cognoscendi,
1543 695 1560 718 i.
1573 694 1640 718 omni
1651 691 1822 724 asseueratione
1836 693 2032 720 contendebatur.
2084 694 2124 720 Sic
2136 692 2210 719 Verr.
2224 702 2236 726 3
2248 703 2270 719 c.
2284 702 2319 726 90
2338 692 2370 724 Id

251 731 354 766 aliquid
368 732 452 757 facere
467 731 537 756 Idem
548 737 597 762 pro
611 728 707 754 Sextio.
744 748 751 753 .
788 747 794 754 .
853 728 981 755 Morbum
999 735 1116 755 metuere
1133 736 1166 753 cx
1186 727 1279 753 defati-

251 769 355 803 gatione
368 766 545 792 membrorum
562 763 599 789 Id.
612 762 644 789 de
657 763 719 789 Nat.
733 764 813 789 Deor.
826 772 850 796 2,
864 772 903 795 59.

286 806 549 831 DEFA‘risCOR‚
571 798 624 824 vid.
651 805 904 825 DEFETISCOR.
941 798 1006 825 Plin.
1025 805 1063 833 17,
1075 806 1101 825 2.

284 840 497 866 DEFECTio,
514 839 777 866 DEFECTivvs,
794 839 914 860 DEFEC
926 841 976 860 TV
988 840 1016 865 s,
1033 833 1277 860 vid.DEF1(:10.

287 878 305 897 D
316 877 331 896 E
340 877 356 895 r
364 876 379 895 Ε
389 876 410 894 N
420 876 439 895 D
448 876 467 895 o
476 889 485 901 ,
501 868 538 902 di,
550 869 617 901 sum,
634 871 685 895 ere.
723 868 842 903 [ἐμύνω]
880 870 982 904 Proprie
996 868 1029 901 est
1040 869 1155 904 depellere
1163 889 1172 901 ‚
1193 876 1221 894 ut
1237 868 1277 894 os·
1287 875 1322 894 20

248 905 355 932 fendere
371 903 404 937 est
417 905 500 945 versus
511 906 613 940 aliquem
623 905 726 939 pellere:
744 904 847 937 deinde,
865 911 959 930 mutata
977 903 1155 937 corfirut‘iiowze
1163 904 1281 930 diccbant

248 939 394 966 Defendere
404 948 510 966 moenia
524 940 556 966 ab
570 939 650 967 hoste.
694 941 760 966 Hinc
773 939 910 966 defendere
924 938 957 972 ⁶st
969 943 1042 966 tueri.
1098 942 1196 966 Prioris
1209 948 1278 975 gene-

245 979 284 1001 ris
298 975 358 1011 βμετ
371 977 477 1010 exempla
492 973 553 1008 {sl-a.-
588 976 654 1001 Hor.
668 976 756 1002 Carm.
771 984 791 1007 i,
806 983 843 1009 17,
857 984 873 1001 2
899 977 929 1001 Et
943 975 1046 1010 igneam
1059 975 1178 1001 defendit
1192 975 1277 1001 Aesta-

245 1018 300 1037 tem
317 1010 431 1044 capellis.
485 1010 633 1036 Defendere
652 1011 768 1043 Bellum,
792 1011 901 1036 inferre
918 1012 989 1037 Caes.
1004 1011 1032 1037 Β.
1048 1011 1080 1036 G.
1099 1020 1120 1043 1,
1133 1019 1179 1044 44.
1236 1011 1277 1037 Sic

1340 727 1455 753 aliorum
1473 728 1499 753 se
1522 727 1608 754 fecisse
1637 727 1775 761 exemplo,
1802 728 1950 754 contendat.
2044 728 2100 754 Cic.
2115 736 2163 762 pro
2178 729 2279 755 Cluent.
2317 748 2324 754 .
2360 747 2368 754 .

1338 763 1398 789 Hoc
1409 771 1561 797 quanquam
1580 763 1669 789 sedulo
1681 762 1810 795 faciebat,
1830 768 1918 789 tamen
1939 763 2069 790 interdum
2085 772 2138 789 non
2153 762 2305 794 defendere,
2325 762 2369 789 sed

1339 799 1516 832 praeuaricari
1528 798 1670 825 accusatori
1684 797 1833 824 videbatur.
1905 799 2055 825 Verisimile
2068 807 2272 833 nonnunquam,
2289 799 2370 826 etiam

1335 833 1356 859 si
1369 834 1455 859 minus
1469 833 1498 860 sit
1510 843 1619 866 verum,
1643 833 1799 866 defendere,
1819 833 1856 859 est
1869 834 1975 868 patroni
1998 834 2071 862 Idem
2085 834 2137 861 Off.
2152 843 2175 865 2,
2190 842 2226 866 51.

1374 876 1417 895 DE
1427 876 1443 895 r
1453 877 1469 896 E
1478 877 1499 895 N
1508 876 1526 895 D
1535 876 1550 895 E
1560 877 1579 895 N
1590 877 1603 896 s
1612 889 1621 901 ‚
1640 869 1715 895 entis.
1752 869 1844 895 Partic.
1881 869 1924 896 Ne
1943 878 1972 895 os
1984 878 2008 901 2,
2020 879 2048 902 4,
2063 879 2072 896 i
2109 870 2197 896 Nullis
2210 867 2370 896 defendenti-

1339 903 1397 930 bus.
1420 919 1464 923 —
1483 904 1581 931 Caedes
1595 904 1790 930 Defendentum
1802 904 1882 930 armis
1897 878 1983 930 adlitus
2008 906 2081 938 virg.
2094 907 2158 931 Aen.
2174 914 2207 939 11,
2220 906 2275 934 886.

1375 946 1418 966 DE
1427 947 1467 966 FE
1478 946 1500 966 N
1510 948 1523 967 s
1532 947 1551 965 V
1562 948 1590 972 s,
1609 948 1634 972 a,
1652 949 1706 967 um.
1744 940 1836 966 Partic.
1871 939 1912 966 Ab
1925 948 1958 966 eo
1974 940 2004 966 in
2017 939 2123 966 iudiciis
2137 941 2255 967 defensus
2268 939 2370 973 aliquo-

1338 974 1387 1001 ties
1402 974 1526 1002 liberatus
1540 976 1683 1002 discesserat
1716 975 1785 1010 Nep.
1804 983 1843 1007 19,
1862 983 1888 1007 2,
1906 983 1929 1007 3.
2000 975 2043 1001 Ne
2057 975 2109 1002 loci
2121 975 2227 1011 quidem
2242 975 2372 1009 religione

1338 1009 1456 1036 defensus
1468 1010 1600 1037 occiditur
1618 1012 1692 1037 Curt.
1706 1019 1744 1043 10,
1757 1020 1784 1044 9,
1797 1019 1830 1037 21.
1889 1011 1945 1037 Cic.
1960 1009 1991 1036 de
2004 1010 2062 1036 Fin.
2075 1018 2099 1044 ς,
2135 1031 2141 1038 .
2177 1031 2185 1037 .
2222 1011 2269 1037 Sex
2287 1011 2372 1044 igitur

245 1054 272 1078 2,
285 1054 328 1078 29.
370 1046 427 1072 lsz'd.
441 1046 507 1080 szpſs
524 1047 553 1072 1⁷.
568 1045 634 1071 Lusi.
649 1055 674 1078 2,
688 1054 727 1073 22.
765 1046 806 1073 Sic
819 1046 898 1072 Ouid.
912 1046 943 1072 de
954 1047 1028 1072 Rem.
1041 1047 1101 1072 Am.
1115 1052 1160 1076 228
1186 1046 1275 1071 Proxi-
1285 1053 1315 1078 25
1337 1045 1386 1072 hae
1401 1047 1457 1072 sunt
1474 1046 1602 1081 simplices
1614 1047 1646 1072 de
1664 1047 1762 1073 summa
1776 1047 1909 1077 bonorum
1926 1045 2110 1080 malorumque
2131 1047 2284 1072 sententiae:
2303 1046 2371 1072 duae

246 1090 304 1108 mus
316 1090 331 1107 a
344 1080 419 1107 tediis
430 1082 499 1114 Ignis
511 1081 660 1107 defenditur
671 1090 762 1115 aegre:
782 1081 928 1117 quodpoffis
940 1080 1057 1115 etiamflc
1070 1081 1174 1115 efferre,
1189 1081 1277 1107 'reeta

245 1116 423 1142 defenduntur
435 1116 468 1142 ab
482 1117 551 1150 igne.
605 1117 646 1143 Sic
660 1116 732 1142 Idem
743 1117 807 1143 Met.
821 1125 855 1148 13,
869 1125 912 1149 303
931 1116 1007 1143 Haud
1020 1117 1112 1148 timeo,
1131 1117 1149 1143 si
1164 1117 1218 1143 iam
1231 1126 1275 1142 ne—

245 1160 315 1186 queo
327 1151 466 1177 defendere
474 1151 581 1177 Crimen
589 1152 657 1177 C-um
670 1158 742 1178 tanto
754 1161 893 1178 commune
905 1152 975 1184 viro,
989 1155 1006 1178 i.
1022 1152 1144 1187 depellere,
1157 1159 1186 1178 vt
1194 1152 1275 1188 stupe.

244 1188 311 1214 Hor.
325 1187 374 1212 Sat.
390 1195 410 1218 ι,
423 1195 446 1218 3,
459 1196 478 1219 4
495 1187 584 1221 Toga,
598 1195 663 1220 quae
675 1187 815 1213 defendere
828 1188 929 1221 Frigus,
944 1188 1073 1221 Quamuis
1086 1189 1173 1220 crasTa,
1188 1194 1274 1222 queat.

243 1225 256 1254 (
264 1222 355 1248 Contra
370 1222 444 1255 Virg.
453 1221 503 1248 Ecl.
518 1229 543 1256 7,
560 1225 575 1248 6
592 1223 644 1248 Hic
659 1222 738 1255 mihi,
750 1222 812 1248 dum
825 1227 924 1249 teneras
936 1223 1050 1249 defendo
1063 1232 1078 1249 a
1089 1224 1191 1258 frigore
1205 1229 1312 1254 myr-30

243 1260 311 1288 tos.)
348 1257 421 1290 Virg.
430 1258 493 1283 Aen.
511 1265 548 1289 10,
564 1265 612 1289 903
633 1259 725 1290 Hunc,
745 1267 810 1290 oro,
831 1258 941 1284 defende
961 1259 1096 1285 Fui-orem.
1152 1258 1275 1293 QClau-

244 1292 302 1318 dius
312 1292 378 1326 apud
391 1292 460 1318 Gell.
472 1301 498 1324 9,
511 1300 520 1318 1
548 1293 569 1318 A
583 1293 669 1326 pinnis
682 1293 775 1319 Hostes
795 1294 968 1320 defendebant
981 1293 1117 1320 facillime.
1179 1295 1274 1321 Caesar

242 1327 271 1354 B.
287 1328 317 1353 C.
330 1336 353 1358 2,
364 1335 380 1359 9
398 1327 451 1354 Vbi
463 1333 611 1361 tegumenta
624 1329 798 1363 praependere
811 1330 907 1362 posl'ent
918 1329 950 1356 ad
962 1329 1139 1356 defendendos
1153 1329 1222 1355 Idius
1243 1338 1272 1356 ac

240 1362 412 1396 repellendos.
483 1363 540 1388 Sen.
554 1362 586 1388 de
600 1364 704 1390 Prouid.
722 1373 741 1396 1,
755 1373 773 1396 4
790 1363 905 1391 Imbrein
919 1365 1007 1391 culmo
1019 1371 1064 1391 aut
1076 1364 1171 1392 fronde
1183 1365 1273 1391 defen-

239 1396 310 1424 dere.
381 1397 463 1422 Plane.
475 1397 589 1423 Mostell.
609 1407 636 1430 4,
651 1407 677 1430 2,
691 1407 726 1425 20
756 1400 849 1432 Ecquis
867 1400 911 1426 hic
929 1400 980 1432 est,
1001 1401 1143 1427 maximam
1162 1401 1209 1434 qui
1228 1401 1270 1427 his
1279 1408 1307 1433 35

237 1431 367 1458 Iniuriam
381 1430 483 1457 foribus
497 1431 627 1457 defendat.
697 1434 770 1458 Caes.
783 1434 811 1458 Β.
825 1435 854 1459 C.
868 1444 889 1466 i,
902 1442 919 1468 7
952 1436 1008 1461 Sese
1027 1442 1130 1470 paratos
1143 1437 1205 1468 esse,
1223 1436 1271 1461 im-

240 1467 367 1502 peratoris
378 1466 434 1497 sui,
454 1466 675 1500 tribtmorumque
692 1466 775 1500 plebis
793 1468 905 1493 Iniurias
927 1469 1076 1496 defendere.
1146 1472 1201 1497 Cic.
1219 1471 1271 1497 Off.

238 1510 263 1534 3,
276 1509 313 1536 74
326 1510 347 1527 c.
362 1506 386 1530 18
419 1501 566 1528 Defendere
579 1509 608 1527 ac
617 1502 771 1536 propulsare
783 1502 920 1528 Iniuriam.
975 1503 1046 1528 Idem
1061 1513 1109 1536 pro
1121 1506 1242 1530 Muraen.
1257 1513 1270 1536 ς

240 1536 356 1564 Pericula
370 1536 478 1562 ciuium.
549 1536 624 1570 Prop.
641 1545 661 1566 ι,
673 1546 712 1569 20,
730 1545 751 1562 11
782 1537 965 1571 Nympharum
986 1538 1086 1572 semper
1104 1538 1209 1571 cupidas
1229 1539 1272 1563 de-

239 1571 318 1599 fende
331 1572 451 1605 Rapina&
520 1572 592 1605 Virg.
605 1572 655 1598 Ecl.
670 1578 696 1606 7,
711 1572 911 1611 47501ῆὶίέιιη1
925 1573 1015 1607 pecori
1033 1573 1175 1599 defendite.
1213 1574 1271 1600 Cic.
1281 1582 1317 1607 40

240 1607 273 1633 de
288 1608 344 1633 Sen.
358 1615 384 1639 53
401 1616 420 1632 c.
435 1614 460 1639 13
484 1607 553 1632 Vitis
570 1607 660 1633 vestita
674 1616 800 1641 pamplms
818 1607 915 1634 nimios
936 1608 1002 1634 Solis
1018 1608 1137 1634 defendit
1155 1608 1272 1635 ardores.

238 1643 301 1668 Vim
320 1642 459 1668 defendere
479 1640 512 1674 <sl
532 1642 611 1669 Plaut.
633 1642 700 1669 Rud.
717 1651 740 1675 3,
758 1651 785 1675 4,
805 1645 847 1676 69.
919 1644 953 1669 Vi
967 1644 1007 1670 vis
1028 1644 1098 1676 illata
1119 1644 1271 1670 defenditur

207 1710 210 1713 ι
237 1678 294 1704 Cic.
307 1686 355 1711 pro
367 1677 462 1703 Milon.
476 1685 493 1709 9
507 1686 529 1704 c.
543 1687 569 1711 4.
741 1674 761 1714 Ἴ
781 1686 794 1704 2
832 1679 946 1705 Obtinuit
960 1685 1041 1705 tamen
1052 1678 1184 1714 tyranrius,
1202 1679 1271 1714 vsus,

237 1719 267 1738 ω
273 1713 432 1748 frequentior
445 1711 483 1745 fit
495 1714 574 1738 altera
593 1715 659 1739 ratio
670 1714 783 1749 inuersa,
802 1722 850 1749 qm
858 1711 963 1750 fabium
981 1713 1027 1747 esi,
1045 1721 1073 1741 vt
1087 1714 1228 1740 defendere
1234 1713 1272 1747 fit

233 1750 301 1773 tueri
309 1766 318 1778 ‚
327 1747 429 1782 fimare
441 1747 471 1772 ab
479 1750 572 1781 impetu
585 1754 608 1773 et
621 1749 682 1773 malo
696 1757 841 1784 quocunque.
910 1749 991 1776 Plaut.
1006 1749 1075 1776 Asin.
1091 1758 1116 1782 2,
1130 1759 1156 1783 4,
1169 1758 1196 1782 ἒς
1224 1749 1269 1776 Te
1277 1754 1310 1780 43

235 1781 346 1808 obsecro
360 1781 491 1820 defende5
533 1782 628 1815 Clipeo
640 1782 782 1809 defendere
794 1785 909 1819 aliquem
931 1785 1023 1812 Claud.
1036 1786 1068 1811 de
1076 1785 1140 1811 Bell.
1155 1785 1214 1811 Get.
1233 1805 1240 1811 .
1261 1804 1271 1812 .

235 1816 366 1843 Praesidio
392 1822 417 1842 et
436 1816 555 1849 periculo
574 1817 621 1842 suo
640 1816 782 1844 defendere
799 1819 899 1853 aliquid
934 1821 989 1847 Cic.
1011 1830 1059 1855 pro
1081 1820 1179 1847 Sextio.
1217 1840 1224 1846 .
1260 1840 1268 1846 .

235 1852 309 1879 Idem
323 1860 371 1886 pro
388 1851 486 1877 Sextio.
520 1870 526 1876 .
564 1870 571 1878 .
608 1851 679 1876 Haec
699 1852 746 1885 qui
764 1861 813 1886 pro
831 1855 908 1880 virili
927 1862 1000 1889 parte
1020 1855 1180 1887 defendunt,
1202 1855 1270 1889 opti-

238 1893 319 1913 mates
339 1887 396 1912 sunt
409 1886 587 1920 cuiuscunque
606 1885 652 1912 sint
665 1887 775 1913 ordinis.
847 1890 937 1921 Quum
950 1899 1000 1923 ego
1014 1892 1044 1917 C.
1058 1891 1143 1924 Sergii
1156 1891 1270 1916 Auratae

237 1928 328 1948 contra
341 1921 408 1947 hunc
422 1921 538 1947 nostrum
546 1921 689 1946 Antonium
702 1924 802 1948 causam
812 1921 983 1950 defenderem
1004 1925 1043 1951 Id.
1052 1925 1084 1951 de
1093 1927 1166 1952 Orat.
1177 1933 1186 1950 1
1200 1934 1222 1951 c.
1230 1933 1268 1957 39.
1279 1934 1311 1959 50

237 1959 294 1984 Cic.
310 1958 381 1983 Fam.
395 1965 428 1988 ιι,
442 1964 475 1991 27
502 1956 628 1990 Equidem
643 1956 659 1981 si
674 1957 779 1990 quando
799 1958 892 1988 audio,
915 1966 967 1986 tam
987 1960 1116 1992 defendo,
1135 1969 1213 1995 quam
1226 1969 1270 1987 me

237 1994 292 2019 scio
305 2001 319 2018 a
333 1995 358 2018 te
372 1998 462 2018 contra
474 1991 596 2017 inimicos
608 1999 680 2016 meos
695 1992 778 2018 solere
792 1992 906 2018 defendi.
959 1995 1033 2022 Idem
1049 2005 1098 2030 pro
1114 1996 1185 2024 Sulla
1198 1998 1244 2021 δε.
1253 2004 1269 2021 2

238 2028 391 2054 Praesertim
409 2027 456 2061 qui
474 2026 551 2052 illum
568 2026 636 2052 solus
655 2026 688 2052 de
711 2027 808 2054 ambitu
831 2027 991 2056 defendisset.
1061 2032 1143 2060 Tunc
1162 2039 1269 2065 quoque

240 2062 391 2090 submotum
408 2061 495 2088 studio
516 2061 635 2088 defendis
654 2062 774 2088 Amicum
806 2063 887 2090 Ouid.
900 2064 988 2091 Trist.
1003 2073 1027 2097 3,
1041 2075 1070 2098 4,
1082 2074 1123 2099 41.
1197 2067 1218 2091 A
1231 2075 1270 2091 ca-

238 2099 355 2125 lamitate
375 2097 491 2132 aliquem
524 2098 579 2123 Cic.
593 2105 642 2131 pro
655 2097 723 2131 Lege
734 2099 825 2125 Manil.
846 2107 876 2133 14
895 2108 916 2125 c.
930 2102 955 2125 6.
1026 2100 1176 2128 Defendere
1183 2102 1268 2134 Caput
1278 2113 1306 2138 55

239 2140 265 2160 et
278 2134 375 2160 famam
404 2132 477 2159 Idem
492 2132 569 2158 Acad.
584 2141 612 2165 4,
624 2141 671 2158 120
683 2141 706 2158 c.
719 2140 758 2167 37.
825 2136 857 2160 Et
874 2143 923 2168 pro
940 2135 1036 2165 Milon.
1074 2156 1081 2162 .
1119 2157 1125 2162 .
1163 2136 1226 2162 Non
1240 2136 1271 2162 li-

237 2168 339 2196 bertate
352 2168 434 2194 solum
443 2188 451 2200 ‚
472 2167 515 2194 sed
529 2168 608 2194 etiam
625 2168 750 2194 omnibus
763 2169 1057 2204 praemiis-dignislimos
1071 2172 1156 2203 fuine,
1165 2172 1211 2205 qui
1224 2172 1270 2198 do-

238 2204 306 2232 mini
317 2205 404 2238 Caput
412 2202 590 2229 defendissent.
659 2203 740 2229 Ouid.
755 2213 785 2229 ex
794 2205 875 2231 Ponto
888 2214 907 2240 ι,
920 2216 948 2240 4,
961 2215 997 2238 40
1018 2206 1167 2233 ὓεΐεῃιίἐτο
1182 2216 1270 2233 meum

239 2240 348 2266 numina
363 2239 433 2265 nulla
442 2240 534 2273 Caput.
600 2236 723 2265 Abomni
730 2238 795 2265 Casu
809 2240 923 2274 aliquem
945 2241 1032 2268 Valer.
1043 2242 1142 2276 Argon.
1155 2250 1182 2276 7,
1220 2262 1226 2268 .
1262 2262 1270 2269 .

238 2276 294 2302 Cic.
308 2274 339 2300 de
353 2274 453 2300 Sene&
471 2294 477 2300 .
497 2293 506 2301 ,
526 2274 720 2307 Causarumque
731 2274 875 2301 illustrium
890 2284 1058 2310 quascunque
1071 2277 1179 2303 defendi
1191 2286 1312 2310 παυς-,60

238 2318 317 2343 quam
327 2310 441 2335 maxime
452 2308 565 2335 conficio
578 2309 720 2336 orationes.
754 2310 826 2335 Idem
842 2310 874 2336 de
888 2312 962 2337 Orat.
971 2319 1045 2345 1‚17z
1063 2312 1176 2338 Videtur
1190 2313 1270 2339 etiam

237 2345 257 2372 fi
274 2344 321 2370 hac
333 2344 442 2370 scientia
461 2345 526 2371 iuris
539 2344 635 2371 nudata
647 2344 690 2376 sit,
708 2345 776 2379 posse
795 2345 873 2371 facile
893 2346 1000 2372 caeteris
1021 2347 1101 2373 armis
1115 2347 1271 2381 prudentiae

238 2381 332 2407 Causas
350 2379 420 2405 tueri
433 2384 511 2412 atque
522 2379 672 2406 defendere.
720 2381 814 2406 Causas
825 2389 915 2408 rerum
927 2382 1033 2415 copiose
1045 2381 1201 2414 defendere,
1217 2383 1270 2409 vid.

240 2421 347 2442 COPIA.
418 2415 498 2447 Lege,
510 2420 538 2440 et
556 2415 685 2447 pracsidio
698 2415 763 2449 legis
772 2416 881 2442 Causam
902 2417 957 2443 Cic.
970 2426 1019 2451 pro
1033 2418 1137 2444 Cluent.
1174 2437 1182 2444 .
1217 2437 1225 2444 .
1263 2438 1270 2444 .

1337 1082 1397 1107 sunt
1413 1081 1466 1107 sine
1483 1088 1613 1116 patrono,
1631 1088 1745 1116 quatuor
1763 1081 1891 1108 defensae.
1974 1082 2055 1107 Causa
2074 1081 2194 1115 pluribus
2211 1081 2371 1116 argumentis

1336 1117 1440 1143 defensa
1452 1117 1569 1144 viriliter
1598 1117 1728 1151 QinCtil.
1742 1119 1767 1149 6,
1780 1126 1801 1144 1.
1870 1117 2010 1143 Prouincia
2022 1116 2054 1142 ab
2068 1116 2182 1143 hostium
2200 1117 2372 1151 populatione

1335 1151 1441 1178 defensa
1460 1152 1517 1178 Cic.
1530 1153 1709 1187 proFonteio.
1745 1172 1752 1178 .
1787 1172 1795 1179 .
1830 1153 1906 1188 Virg.
1914 1153 1980 1179 Aen.
1995 1160 2031 1184 12,
2043 1159 2095 1187 437
2114 1151 2192 1178 Nunc
2206 1158 2230 1178 te
2241 1161 2298 1178 inea
2310 1151 2371 1178 dex-

1333 1194 1389 1214 tera
1410 1187 1482 1214 bello
1517 1189 1658 1215 Defensum
1672 1187 1753 1214 dabit.
2354 1213 2359 1215 .

1372 1230 1391 1250 D
1404 1230 1420 1249 E
1435 1230 1452 1249 F
1468 1230 1483 1249 E
1501 1230 1522 1248 N
1537 1231 1550 1250 s
1566 1231 1587 1250 V
1603 1232 1612 1250 1
1628 1231 1646 1250 R
1661 1231 1688 1256 Ι,
1725 1221 1817 1256 vetuste
1829 1229 1880 1259 pro
1899 1223 2035 1260 Defenfimi
2051 1225 2097 1250 iri.
2138 1222 2229 1249 Celsus
2247 1221 2265 1249 1.
2284 1231 2293 1248 1
2312 1220 2335 1258 §.
2353 1230 2370 1254 9

1336 1259 1369 1285 D.
1382 1257 1415 1284 de
1428 1258 1482 1285 dot.
1501 1259 1614 1293 praeleg.
1651 1260 1683 1285 Et
1695 1259 1836 1287 mulierem
1855 1264 1974 1293 agentem
1995 1267 2026 1285 ex
2043 1257 2196 1284 testamento
2214 1266 2307 1284 cauere
2328 1257 2372 1282 de-

1335 1294 1398 1321 bere
1411 1293 1558 1321 defensuiri
1578 1294 1717 1321 haeredem
1735 1294 1856 1321 aduersus
1875 1295 2014 1321 maritum:
2034 1302 2097 1328 ergo
2116 1294 2226 1320 maritus
2244 1293 2315 1319 idem
2328 1292 2371 1318 de-

1335 1329 1410 1356 bebit
1423 1338 1531 1362 cauere,
1549 1330 1671 1357 aduersus
1685 1331 1824 1356 mulierem
1841 1329 2002 1362 defensuiri,
2023 1329 2041 1355 si
2056 1329 2130 1364 prior
2141 1335 2207 1363 agat.
2254 1327 2372 1363 Gothofr.

1335 1365 1442 1391 defensu
1456 1365 1501 1392 iri.
1536 1366 1644 1393 Srtlmox
1656 1366 1772 1392 Iulianus
1785 1364 1808 1402 §.
1823 1366 1951 1400 sequenti,
1959 1365 2024 1392 Non
2035 1365 2098 1391 alias
2112 1373 2172 1390 eum
2186 1364 2298 1399 legatum
2311 1372 2373 1389 con-

1333 1401 1521 1435 sequuturum,
1547 1410 1626 1436 quam
1646 1401 1663 1427 si
1678 1401 1777 1428 canerit
1794 1401 1918 1428 haeredes
1937 1400 2059 1428 aduersus
2077 1399 2217 1427 mulierem
2236 1399 2373 1426 defensum
2410 1426 2415 1429 ,

1332 1435 1377 1462 iri.
1413 1437 1453 1463 Sic
1469 1443 1535 1462 certe
1550 1437 1630 1463 editur
1643 1439 1670 1462 in
1684 1436 1847 1473 Gothosredd.

1368 1478 1386 1497 n
1396 1478 1412 1497 E
1423 1478 1438 1497 F
1447 1478 1464 1497 Ε
1472 1479 1494 1497 N
1502 1478 1514 1497 s
1523 1478 1543 1497 v
1552 1479 1571 1498 R
1580 1479 1600 1497 v
1610 1479 1622 1498 s
1630 1491 1639 1504 ,
1655 1480 1679 1504 a,
1699 1481 1753 1499 um.
1784 1473 1878 1498 Partie.
1915 1470 2166 1507 [ὑπερασπισόμενος]
2201 1470 2263 1497 Neu
2282 1469 2371 1497 defen-

1335 1506 1393 1531 sura
1406 1507 1520 1533 calorem
1535 1508 1623 1533 Aurea
1634 1508 1815 1537 summoueant
1827 1507 1930 1542 tepidos
1943 1506 2095 1540 umbracula
2108 1507 2174 1533 soles
2190 1505 2284 1533 Claud.
2293 1504 2372 1532 Cons-

1333 1540 1407 1564 Hon.
1421 1550 1449 1573 4,
1464 1549 1524 1573 340.
1579 1542 1723 1568 Defensura
1735 1551 1794 1568 reos
1806 1542 1930 1578 facundia
1948 1544 1979 1568 A.
1992 1542 2025 1568 ad
2037 1543 2165 1568 Pisonem.
2203 1559 2210 1566 .
2247 1561 2254 1567 .
2309 1541 2371 1566 Stat.

1335 1573 1426 1600 Theb.
1441 1583 1478 1606 12,
1492 1577 1543 1607 642
1558 1576 1654 1601 Mundi
1667 1576 1776 1602 foedere
1787 1586 1892 1604 mecum
1905 1578 2048 1604 Defensura
2060 1579 2163 1604 Manus.

1371 1615 1390 1634 D
1399 1615 1414 1634 E
1424 1616 1439 1635 F
1448 1617 1465 1635 E
1474 1616 1496 1635 N
1506 1617 1518 1635 s
1527 1616 1562 1642 ο,
1582 1614 1635 1637 are.
1673 1610 1844 1644 [ἐστι-ἵξομαι]
1880 1612 1962 1638 Plaut.
1975 1613 2042 1638 Rud.
2057 1622 2080 1644 3,
2094 1622 2117 1644 3,
2132 1621 2162 1644 30
2182 1611 2252 1636 Hinc
2264 1619 2314 1643 ego
2326 1609 2371 1635 de-

1332 1643 1443 1669 fensabo
1460 1644 1590 1677 praesidio
1609 1646 1728 1672 Veneris.
1799 1646 1908 1673 Moenia
1924 1646 1978 1681 ipsa
1996 1648 2048 1672 sese
2061 1645 2228 1672 defensabant
2255 1645 2314 1670 Liu.
2328 1645 2373 1676 26,

1333 1686 1367 1710 43
1375 1685 1419 1712 pr.
1479 1679 1580 1704 Sallust.
1592 1680 1712 1714 Iugurth.
1726 1689 1748 1706 c.
1764 1682 1799 1707 60
1833 1682 1914 1707 Arma
1929 1681 2057 1716 capientes
2072 1681 2104 1707 ab
2118 1679 2236 1706 hostibus
2251 1679 2373 1705 Defensa-

1333 1713 1405 1740 bant.
1459 1713 1521 1740 Stat.
1530 1714 1593 1740 Silu.
1607 1724 1636 1748 4,
1644 1719 1667 1746 8,
1675 1724 1713 1748 44
1733 1716 1771 1740 En
1783 1714 1876 1742 hilaris
1890 1716 2038 1742 circumstat
2051 1716 2128 1741 turba
2142 1721 2258 1745 tuorum,
2277 1714 2374 1739 Defen-

1333 1749 1423 1783 satque
1434 1754 1544 1783 patrem.
1580 1749 1722 1776 Defensare
1735 1751 1760 1775 se
1773 1750 1874 1776 iniuria
1894 1751 1975 1777 Plaut.
1990 1749 2110 1777 Bacchid.
2123 1758 2145 1782 3,
2158 1758 2181 1781 3,
2194 1757 2234 1781 39.
2288 1749 2371 1782 Impe-

1331 1784 1512 1811 dimentorum
1525 1793 1617 1818 agmen
1631 1780 1826 1812 defensantibus
1839 1786 1963 1820 iniquum
1983 1786 2052 1812 Tac.
2066 1787 2133 1811 Ann.
2148 1793 2171 1814 2,
2185 1792 2208 1816 ς,
2221 1792 2248 1816 4.

1368 1825 1462 1845 Di-:PE
1473 1826 1495 1844 N
1506 1827 1518 1845 s
1528 1827 1567 1851 A,
1597 1828 1636 1846 ae.
1659 1820 1679 1846 f.
1723 1821 1805 1852 Vltio,
1821 1820 1938 1857 defensio.
1980 1820 2144 1848 Tertullian.
2168 1818 2268 1845 aduers.
2287 1817 2371 1844 Marc.

1332 1863 1357 1887 2,
1372 1860 1397 1883 18
1423 1855 1446 1879 A
1460 1855 1517 1879 Deo
1532 1854 1667 1888 expediam
1681 1854 1824 1881 defensam.

1369 1895 1412 1914 DE
1422 1895 1438 1913 F
1446 1895 1463 1915 Ε
1473 1895 1494 1913 N
1505 1896 1517 1914 S
1527 1887 1540 1914 f
1549 1896 1570 1915 T
1579 1896 1597 1915 O
1607 1910 1615 1922 ‚
1635 1894 1687 1916 Ere.
1704 1888 1933 1924 [ιῖπερασπίζομαι]
1969 1890 2025 1917 Cic.
2039 1889 2117 1916 Acad.
2130 1898 2156 1922 4,
2165 1890 2199 1921 69
2211 1897 2232 1914 c.
2246 1896 2279 1914 22
2298 1887 2373 1914 Idem

1332 1922 1396 1949 haec
1414 1932 1470 1949 non
1486 1924 1571 1950 acrius
1590 1925 1721 1951 accusauit
1741 1925 1770 1950 in
1789 1925 1937 1957 seneehite,
1965 1934 2044 1960 quam
2063 1930 2138 1951 antea
2163 1923 2372 1950 defensitauerat.

1332 1958 1494 1985 Defensitare
1507 1960 1592 1985 causas
1622 1960 1678 1987 Cic.
1692 1959 1724 1986 de
1738 1960 1807 1986 Clar.
1822 1961 1896 1987 Orat.
1912 1969 1967 1987 100.
1981 1968 2004 1987 et
2017 1959 2069 1987 Off.
2086 1969 2098 1991 ι,
2110 1969 2131 1985 c.
2145 1968 2181 1991 33.
2252 1958 2373 1985 Studiose

1332 1993 1502 2021 defensitabat
1515 1996 1669 2023 sententiam
1699 1995 1771 2022 Idem
1784 1996 1863 2022 Acad.
1876 2004 1894 2028 4
1906 2005 1927 2022 c.
1940 2004 1982 2029 45.
2056 1995 2161 2021 Summa
2173 2003 2223 2029 ope
2236 1993 2372 2020 defensita-

1330 2029 1371 2055 vit
1390 2029 1459 2055 Gell.
1474 2038 1500 2061 2,
1519 2038 1555 2062 23.

1369 2070 1388 2089 D
1398 2072 1414 2090 F.
1424 2072 1464 2091 FE
1473 2073 1494 2091 N
1506 2072 1517 2092 S
1527 2073 1546 2093 Ο
1556 2073 1591 2098 R·,
1615 2066 1678 2093 oris.
1707 2076 1729 2093 c.
1773 2065 1897 2093 Verbale.
1940 2067 1951 2098 [
1964 2064 2136 2100 ὖπερασπιςῆς,
2168 2063 2346 2097 α’πολογέμινος
2357 2063 2373 2097 ]

1332 2100 1384 2134 Qu*
1394 2100 1515 2135 defendit.
1571 2102 1625 2127 Cic.
1638 2103 1714 2129 Verr.
1730 2110 1750 2134 1,
1786 2121 1793 2129 .
1830 2121 1836 2128 .
1872 2101 1920 2128 Sed
1934 2110 1983 2135 ego
1997 2099 2162 2127 defensorem
2174 2100 2203 2126 in
2214 2108 2272 2126 mea
2285 2100 2373 2134 perfo-

1332 2144 1381 2167 πα,
1400 2145 1454 2161 ιιοη
1474 2137 1650 2164 accusatorem
1670 2137 1784 2164 maxime
1803 2136 1904 2163 laudari
1923 2137 1996 2163 volo.
2068 2136 2210 2163 Causarum
2236 2135 2370 2162 Ammian-

1332 2175 1373 2202 28,
1387 2179 1406 2205 ι,
1477 2173 1607 2199 Defensor
1621 2173 1707 2205 necis,
1724 2172 1799 2208 Qafi
1806 2172 1983 2208 propulsator,
2003 2175 2045 2207 qui
2058 2179 2158 2198 mortem
2171 2177 2239 2197 arcet
2250 2176 2273 2196 et
2282 2169 2372 2205 prohi-

1331 2206 1371 2231 bet
1393 2207 1448 2233 Cic.
1462 2216 1511 2242 pro
1523 2208 1617 2234 Milon.
1632 2218 1653 2235 c.
1668 2216 1701 2234 22
1721 2209 1924 2235 Conseruatores
1939 2207 2058 2240 domini,
2078 2206 2177 2233 vltores
2191 2205 2309 2237 sceleris,
2326 2204 2370 2231 de-

1332 2241 1448 2268 fensores
1462 2243 1541 2269 necis.
1586 2244 1626 2270 Sic
1640 2244 1767 2270 Defensor
1780 2243 1892 2278 periculi
1911 2243 1983 2270 Idem
1995 2252 2044 2277 pro
2056 2240 2175 2269 Muracn.
2189 2250 2210 2268 c.
2225 2249 2250 2267 2.
2296 2239 2371 2266 Cala-

1333 2277 1456 2305 mitatum
1488 2279 1526 2305 Id.
1541 2279 1603 2305 Diu.
1618 2278 1646 2305 in
1660 2280 1735 2306 Caec.
1749 2289 1771 2305 c.
1786 2289 1813 2312 4.
1885 2279 1988 2305 Paterni
2001 2278 2068 2305 iuris
2087 2278 2225 2309 defensor,
2252 2282 2277 2302 et
2297 2274 2369 2310 quasi

1333 2313 1489 2346 patrimonii
1503 2320 1681 2350 propugnator
1696 2315 1736 2341 sui
1759 2315 1814 2341 Cic.
1828 2314 1859 2341 de
1871 2315 1945 2341 Orat.
1960 2323 1980 2347 1,
1993 2323 2056 2348 244.
2110 2313 2218 2344 Custos,
2237 2310 2371 2351 defensor—

1334 2356 1385 2381 que
1401 2349 1465 2374 iuris
1480 2357 1505 2376 et
1524 2349 1653 2376 libertatis
1685 2350 1756 2377 Idem
1771 2360 1819 2385 pro
1832 2349 1922 2377 Rabir.
1939 2358 1975 2376 12.
2047 2348 2220 2375 Defensorem
2233 2346 2273 2373 sul
2292 2355 2371 2378 iuris,

1331 2382 1446 2409 vltorem
1464 2385 1640 2418 iniuriarum,
1672 2385 1790 2412 a&orem
1809 2386 1889 2413 totius
1908 2386 1996 2412 causae
2014 2384 2139 2419 adoptare
2170 2384 2208 2410 Id.
2228 2382 2319 2408 Diuin.
2341 2382 2371 2408 in

1333 2418 1407 2443 Caec·
1424 2427 1464 2450 54-
1532 2421 1670 2447 Moenium
1698 2422 1830 2448 Aminian.
1846 2429 1882 2453 19,
1897 2429 1916 2446 1.
1942 2421 1971 2447 de
1983 2421 2112 2446 militibus.
2184 2418 2277 2445 Salutis
2290 2417 2372 2443 alicu-

240 2449 372 2477 Audafter
385 2449 429 2475 sua
436 2450 546 2475 Decreta
569 2449 640 2475 Idem
655 2449 687 2475 de
704 2450 761 2476 Fin.
775 2458 799 2476 2.
869 2452 937 2478 Hor.
955 2452 982 2478 in
996 2453 1059 2479 Arte
1074 2454 1145 2479 Po‘et.
1160 2462 1210 2485 442
1243 2454 1270 2479 Si
1293 2458 1324 2488 6,-
1334 2453 1375 2478 ius
1389 2453 1512 2480 defensor
1532 2456 1587 2480 Cic.
1602 2464 1650 2488 pro
1663 2456 1758 2481 Milon.
1796 2475 1802 2481 .
1839 2474 1845 2480 .
1881 2455 1953 2480 Idem
1967 2460 2015 2488 pro
2027 2455 2122 2480 Milon.
2135 2463 2171 2486 40
2200 2454 2226 2478 Ρ.
2242 2452 2371 2478 Lentulus

239 2484 380 2511 defendere
391 2484 524 2510 Delifitum
537 2492 615 2517 quam
634 2490 736 2511 vertere
752 2485 850 2511 malles.
887 2487 1049 2520 Dignitatem
1062 2494 1088 2514 et
1100 2488 1272 2514 existimatio-

1334 2487 1411 2514 Vltor
1424 2489 1542 2521 sceleris,
1562 2496 1741 2524 propugnator
1754 2491 1876 2521 Senatus,
1896 2489 2017 2515 defensor
2035 2489 2134 2514 vestrae
2148 2487 2306 2518 voluntatis,
2326 2495 2370 2520 pa-

239 2529 301 2547 nem
314 2518 347 2545 ab
360 2518 476 2558 inimicis
506 2519 578 2544 Caes.
592 2519 620 2556 Β
634 2519 664 2544 C.
680 2528 700 2551 1,
713 2526 738 2553 7.
808 2520 924 2547 Domum
943 2531 971 2548 ac
986 2522 1047 2548 deos
1065 2530 1168 2557 penates
1178 2524 1271 2558 aliquo
1333 2528 1427 2549 tronus
1440 2524 1511 2551 illius
1525 2525 1626 2559 publici
1638 2526 1773 2551 consensus
1782 2545 1789 2557 ,
1810 2525 1945 2552 restitutor
1959 2523 2047 2550 salutis
2062 2532 2144 2549 meae.
2217 2522 2371 2548 Acerrimus

239 2560 407 2589 oppugnante
439 2554 494 2579 Cic.
509 2562 557 2587 pro
571 2553 666 2592 Milon.
703 2572 710 2580 .
745 2572 771 2593 ,ι
789 2555 958 2583 Excusatione
977 2557 1165 2585 adolescentiae
1185 2560 1209 2585 se
1229 2560 1272 2584 dc·
1334 2557 1471 2591 defensor,
1493 2560 1545 2588 vid.
1568 2566 1676 2588 ACER.
1747 2560 1863 2586 Affiduus
1876 2560 1997 2586 defensor
2016 2565 2041 2585 et
2054 2563 2234 2593 propugnator
2251 2556 2370 2582 fortuna-

239 2589 348 2617 rendere
378 2588 450 2616 Idem
470 2597 517 2623 pro
537 2587 637 2628 Caelio.
717 2588 799 2615 Ouid.
814 2590 905 2615 Amor.
923 2600 946 2623 2,
959 2600 981 2624 ς,
995 2601 1011 2624 9
1042 2594 1116 2620 Felix
1136 2594 1183 2628 qui
1198 2594 1271 2628 quod
1334 2601 1393 2618 rum
1411 2594 1522 2621 alicuius
1552 2596 1609 2622 Cic.
1623 2596 1679 2629 post
1691 2596 1769 2622 redit.
1784 2596 1811 2621 in
1824 2596 1907 2621 Senat.
1925 2603 1956 2628 37
1971 2595 1988 2620 s.
2004 2601 2067 2620 extr.
2148 2594 2234 2619 Bonus
2248 2591 2371 2618 defensor

240 2631 327 2656 amat,
361 2624 501 2664 defendere
513 2624 628 2649 Fortiter
641 2623 727 2662 audet.
770 2658 775 2662 ἱ
801 2658 807 2663 ⁴
818 2625 905 2650 Amici
919 2626 1045 2652 Fortunas
1074 2629 1130 2654 Cic.
1144 2638 1193 2662 pro
1210 2631 1270 2655 Mu-
1286 2640 1321 2667 70
1334 2628 1465 2661 Qitnetil.
1478 2638 1500 2662 5,
1515 2639 1548 2661 13.
1619 2631 1747 2656 Defensor
1760 2630 1838 2656 vobis
1852 2629 1932 2656 adero
1957 2629 2017 2655 Liu.
2032 2630 2072 2661 36,
2086 2636 2121 2660 35.
2156 2627 2224 2655 Add.
2236 2628 2304 2653 Hor.
2318 2627 2370 2652 Sat.

239 2669 313 2688 raen.
350 2680 357 2686 .
397 2679 402 2685 .
439 2660 514 2692 Virg.
527 2658 578 2685 Ecl.
592 2666 619 2692 7,
630 2660 648 2683 6
675 2659 727 2684 Hic
741 2657 809 2684 mihi
822 2658 884 2684 dum
895 2665 996 2686 teneras
1012 2660 1126 2687 defendo
1137 2664 1271 2696 aFrigore
1332 2671 1358 2694 2,
1373 2671 1395 2695 ς,
1410 2673 1448 2695 30.
1517 2665 1685 2692 Acerrimum
1701 2664 1865 2692 defensorem
1879 2664 1989 2691 alicuius
2001 2664 2028 2689 in
2042 2672 2070 2690 re
2088 2663 2177 2698 aliqua
2194 2664 2219 2689 se
2232 2661 2369 2688 ostendere

241 2701 357 2728 myrtos,
392 2695 440 2721 Vir
453 2694 538 2729 gregis
551 2694 605 2727 ipse
620 2702 696 2727 caper
715 2693 890 2720 deerrauerat.
959 2696 1096 2722 Honorem
1110 2697 1184 2722 sumn
1216 2698 1272 2723 Cic.
1334 2698 1391 2722 Cic.
1405 2699 1475 2723 Fam.
1498 2708 1518 2730 1,
1536 2708 1554 2724 1.
1624 2701 1689 2726 Non
1704 2699 1886 2726 defensoribus
1900 2699 1955 2724 istis
1990 2698 2112 2732 Tempus
2127 2704 2185 2733 eget
2212 2697 2285 2730 Virg.
2301 2696 2368 2722 Aen.

241 2732 318 2759 Ver-r.
333 2739 361 2763 4,
397 2749 404 2755 .
441 2749 449 2755 .
501 2730 542 2756 Sic
553 2728 693 2755 defendere
700 2729 858 2755 Sententiam
871 2731 942 2755 suam
960 2730 1033 2756 Idem
1047 2731 1078 2756 de
1086 2732 1106 2757 F
1109 2731 1144 2757 in.
1157 2740 1184 2763 2,
1219 2751 1226 2757 .
1264 2751 1271 2758 .
1334 2739 1357 2761 2,
1371 2739 1422 2762 521.
1495 2733 1609 2759 Periculi
1628 2734 1684 2759 Cic.
1698 2742 1746 2766 pro
1758 2735 1877 2760 Muraen.
1894 2743 1915 2759 c.
1929 2742 1953 2759 2.
1974 2736 1992 2759 i.
2005 2733 2124 2768 depulsor.
2179 2731 2291 2758 Idoneus
2309 2731 2369 2757 suae

242 2767 274 2793 Et
285 2765 337 2792 Off.
352 2774 371 2796 1,
383 2773 412 2797 23
446 2764 501 2798 Q1i
514 2769 600 2790 autem
611 2772 658 2790 nec
673 2764 789 2790 defendit
808 2773 854 2791 nec
867 2764 980 2796 obsistit,
1001 2766 1018 2791 si
1031 2766 1128 2800 potest,
1147 2767 1272 2799 iniuriae,

1332 2766 1371 2791 rei
1386 2765 1508 2793 defensor
1542 2768 1672 2800 QiinC'dl.
1694 2778 1721 2801 4,
1742 2777 1761 2794 1.
1831 2768 1890 2802 le.
1905 2768 1934 2794 in
1947 2768 1964 2794 l.
1993 2769 2024 2794 Et
2037 2771 2123 2802 primo
2141 2767 2172 2793 D.
2191 2766 2223 2792 ad
2238 2766 2368 2793 Senatusc.

241 2807 296 2828 tam
313 2800 348 2826 est
359 2801 387 2826 in
400 2800 478 2830 vitio,
492 2809 568 2834 quam
581 2799 644 2834 qui,
664 2806 708 2825 etc.
779 2800 878 2826 Locum
896 2801 970 2827 suum
989 2800 1162 2827 honeslissime
1181 2802 1271 2828 defen·
1287 2808 1318 2835 75
1335 2801 1463 2827 Velleian.
1483 2802 1532 2830 Sed
1544 2809 1569 2828 et
1586 2802 1602 2828 si
1616 2803 1714 2829 Mulier
1727 2803 1848 2830 defensor
1860 2804 1971 2830 alicuius
1992 2803 2134 2834 exstiterit,
2154 2809 2199 2828 etc.
2271 2802 2368 2828 Defen-

243 2836 306 2862 dere
325 2835 379 2862 Cic.
393 2844 441 2870 pro
454 2835 547 2868 Qiint.
561 2844 592 2867 43
605 2844 627 2860 c.
642 2843 674 2866 13.
744 2834 824 2861 Ouid.
837 2836 929 2862 Amor.
943 2845 965 2868 2,
979 2845 1005 2869 4,
1020 2845 1029 2863 1
1059 2837 1122 2863 Non
1137 2846 1185 2871 ego
1201 2846 1270 2862 men-

243 2871 320 2897 dosos
335 2870 414 2897 ausim
429 2869 568 2897 defendere
575 2871 672 2896 Mores.
728 2869 835 2896 Adsueti
848 2870 928 2905 longo
940 2872 1032 2898 Muros
1045 2871 1186 2898 defendere
1200 2872 1271 2898 bello

243 2907 319 2940 Virg.
333 2907 395 2932 Aen.
410 2914 436 2938 9,
449 2913 495 2938 511.
566 2906 681 2940 Propert.
704 2913 723 2937 1,
742 2907 779 2937 16,
798 2914 815 2938 9
842 2906 898 2932 Nec
914 2907 1012 2940 possum
1029 2908 1136 2934 infamis
1149 2908 1271 2934 dominae

241 2941 383 2968 defendere
397 2940 503 2967 Noctes.
572 2941 640 2967 Ter.
656 2940 760 2966 Phorm.
776 2949 795 2972 1,
810 2949 837 2973 4,
850 2946 882 2974 48
901 2942 1080 2969 Meministine
1091 2943 1157 2969 olim
1171 2949 1199 2969 vt
1218 2944 1272 2969 sue-

1332 2836 1390 2867 sor,
1414 2836 1481 2871 apud
1500 2838 1706 2873 Im·1'sc0›1ficltos‚
1728 2838 1823 2872 tametsi
1834 2849 1849 2865 a
1856 2845 2019 2874 procuratore
2038 2848 2086 2864 non
2099 2846 2268 2873 usquequaque
2285 2835 2369 2869 distet,

1332 2871 1439 2902 dicitur,
1459 2875 1502 2906 qui
1520 2873 1609 2908 absque
1623 2873 1738 2900 mandato
1759 2883 1811 2899 cum
1819 2874 1874 2914 sola
1881 2873 2048 2910 satisdatione
2067 2875 2170 2900 alterum
2182 2876 2210 2898 in
2224 2872 2315 2899 iudicio
2327 2873 2368 2900 de-

1326 2906 1432 2941 fendit,
1451 2915 1523 2942 atque
1536 2915 1633 2939 turtur,
1651 2916 1681 2935 vt
1693 2907 1725 2942 esi
1737 2912 1764 2934 in
1776 2909 1794 2935 l.
1807 2919 1902 2936 minor.
1915 2918 1973 2935 cum
1988 2908 2065 2935 duab.
2078 2910 2130 2943 seq.
2148 2908 2179 2935 D.
2193 2907 2224 2934 de
2235 2914 2369 2942 procurat.

1335 2941 1490 2968 Defensores
1511 2943 1649 2970 ciuitatum
1662 2943 1715 2978 siue
1728 2944 1865 2978 locorum,
1888 2943 2056 2981 Magistratus
2074 2944 2171 2979 quidam
2191 2950 2261 2970 erant
2271 2942 2368 2977 similes

240 2978 277 3004 rit
289 2977 372 3003 vestra
384 2977 486 3008 oratio,
508 2976 537 3002 In
550 2985 578 3002 re
591 2975 741 3010 incipiunda
754 2975 785 3001 ad
799 2975 986 3003 defendendam
994 2978 1121 3005 Noxiam.
1179 2979 1211 3004 Vt
1225 2979 1272 3004 Ar.
1289 2987 1322 3012 80
1338 2977 1459 3003 Tribunis
1473 2978 1568 3012 plebis,
1584 2986 1656 3014 atque
1674 2979 1727 3005 ideo
1741 2980 1888 3007 defensores
1906 2980 1990 3015 plebis
2005 2980 2159 3015 appellantur
2182 2979 2210 3005 in
2223 2979 2240 3004 l.
2259 2988 2277 3004 i.
2290 2979 2320 3005 C.
2333 2978 2367 3005 de

241 3013 290 3038 mis
302 3013 337 3038 Ac
347 3012 447 3038 virtute
459 3011 540 3038 velint
554 3012 664 3045 patriam
678 3010 817 3037 defendere
830 3017 925 3038 terram
944 3013 1040 3040 Lucret
1048 3022 1071 3045 2,
1084 3016 1139 3047 641.
1183 3015 1274 3040 Pacem

243 3046 298 3073 Cic.
318 3047 428 3081 Philipp.
449 3052 472 3078 8,
492 3055 523 3073 11.
595 3045 742 3073 Defendere
764 3047 908 3080 perfracte,
942 3048 994 3074 vid.
1036 3056 1272 3076 PERFRINGO.

243 3081 298 3108 Cic.
313 3091 361 3116 pro
372 3081 493 3112 Fontei0;
530 3101 536 3107 .
573 3102 579 3108 .
614 3082 636 3107 A
650 3090 704 3116 quo
722 3082 842 3108 Periculo
862 3082 1011 3115 defendite,
1033 3084 1150 3116 Iudices,
1178 3085 1273 3111 Ciuem

243 3117 339 3143 fortem
354 3123 431 3152 atque
443 3118 617 3143 innocentem.
672 3116 759 3143 Pudor
772 3116 889 3144 defendit
902 3118 1017 3153 aliquem
1042 3119 1114 3145 Idem
1128 3121 1198 3146 Fam.
1217 3128 1237 3152 ς,
1253 3129 1272 3146 1.

1336 3011 1379 3038 off:
1393 3012 1473 3039 iurid.
1489 3014 1561 3040 Alex.
1618 3015 1788 3048 Defensores,
1810 3017 1908 3042 Milites
1920 3015 2019 3051 quidam
2034 3015 2197 3048 vocabantur,
2217 3017 2260 3050 qui
2273 3023 2302 3040 ex
2314 3017 2366 3040 acle

1333 3057 1455 3082 nlmiquam
1469 3049 1567 3075 exibant
1576 3069 1584 3082 ‚
1604 3059 1646 3076 mc
1658 3051 1830 3082 excuwebant,
1847 3051 1895 3088 fid
1907 3051 2004 3077 ordines
2011 3051 2107 3086 stmper
2118 3049 2261 3086 firuahant.
2302 3049 2366 3084 Vsus

1334 3081 1365 3115 esi
1379 3083 1522 3110 Mauricius
1531 3102 1539 3113 ‚
1553 3088 1596 3120 qui
1608 3085 1640 3111 de
1653 3086 1750 3112 militia
1764 3087 1881 3113 Romana
1892 3087 1982 3113 Graece
1994 3084 2212 3122 quidem-[crimin
2230 3086 2315 3110 multis
2328 3090 2367 3110 ta-

1333 3127 1385 3143 men
1399 3125 1422 3145 ct
1439 3120 1540 3145 Latinis
1553 3128 1575 3146 cc
1588 3121 1701 3148 barbaris
1718 3123 1841 3148 vocabulis
1853 3121 1981 3157 adspersis.
2000 3124 2093 3148 Annot.
2111 3120 2216 3147 Tum-b.
2269 3119 2365 3145 Defen-

243 3151 348 3178 Publice
366 3153 544 3187 priuatimque
563 3152 678 3187 aliquem
704 3152 742 3178 Id.
756 3154 830 3179 Verr.
843 3162 869 3185 2,
905 3173 911 3180 .
948 3174 954 3180 .
1007 3155 1147 3181 Rationem
1169 3156 1224 3181 Cic.
1239 3155 1317 3190 de‘85
1334 3153 1405 3179 sores
1423 3155 1576 3188 ciuitatum,
1591 3157 1691 3182 Domus
1711 3158 1850 3192 principis,
1874 3157 2057 3187 licentiarum,
2083 3157 2243 3189 Paupefflm,
2268 3154 2365 3187 Plebis»

246 3186 303 3211 Fin.
317 3196 342 3219 2,
377 3208 383 3213 .
418 3209 423 3214 .
468 3187 546 3214 Rene
560 3197 587 3214 ac
600 3188 658 3214 iure
671 3187 812 3214 defendere
824 3188 924 3223 aliquid
940 3189 1012 3215 Idem
1026 3199 1074 3224 pro
1087 3190 1182 3216 Milon.
1219 3210 1225 3216 .
1263 3211 1269 3217 .

244 3221 387 3248 Defendere
403 3223 520 3255 tedium,
541 3230 589 3258 pro
609 3225 685 3249 Tum·
705 3227 838 3258 opinionem
858 3225 885 3249 de
898 3227 1007 3255 virtute,
1031 3232 1075 3251 azct
1093 3226 1169 3261 ipfizm
1190 3229 1270 3251 virtu-

244 3262 300 3281 tem.
336 3257 399 3283 Hor.
409 3259 456 3284 Sat.
471 3266 491 3289 2,
499 3266 525 3293 7,
534 3262 565 3285 26
586 3259 636 3285 Aut
644 3258 705 3293 quia
712 3267 766 3284 non
779 3259 883 3285 firmum
891 3259 1000 3286 Redlum
1013 3259 1140 3287 defendis.
1194 3261 1268 3287 Tur-

246 3300 277 3323 pc
291 3291 358 3316 Reos
373 3298 439 3318 emta
457 3295 564 3320 miseros
577 3293 715 3321 defendere
729 3294 818 3328 lingua
846 3295 926 3321 Ouid.
941 3295 1032 3321 Amor.
1049 3305 1069 3328 1,
1083 3305 1120 3328 10,
1135 3304 1173 3328 39.
1227 3297 1266 3322 Sa-

1332 3189 1437 3227 Senatus
1446 3210 1454 3222 ,
1466 3191 1589 3226 sequioris
1602 3195 1655 3218 aeui
1666 3193 1838 3227 appellationes
1851 3200 1874 3220 ct
1886 3202 2000 3224 munera,
2020 3192 2047 3217 de
2061 3191 2146 3227 quibu-⁸·
2165 3193 2190 3215 ὑὶ
2215 3199 2244 3216 ‘²⁷⁴
2259 3193 2364 3216 omnium

1331 3222 1373 3256 effe
1382 3223 1462 3258 potest
1482 3228 1531 3252 lac.
1545 3227 1660 3262 Gothofr.
1673 3228 1706 3256 ad
1719 3228 1775 3253 Cod.
1794 3229 1911 3264 Theodos.

1368 3265 1386 3285 D
1396 3267 1412 3286 E
1422 3267 1438 3286 F
1446 3267 1462 3286 Ε
1471 3267 1492 3286 N
1503 3269 1515 3288 s
1525 3269 1561 3288 10
1569 3282 1577 3294 ‚
1597 3263 1662 3289 onis.
1683 3263 1703 3289 f.
1723 3263 1843 3291 Verbale.
1864 3263 1999 3300 [προς-καίοι
2007 3280 2015 3292 .-
2032 3260 2171 3294 ἆπῡλονῖθι]
2190 3259 2245 3286 Cic·
2255 3259 2332 3286 Afad·
2342 3268 2362 3292 4

1330 3294 1365 3320 Vt
1378 3303 1409 3321 ea
1428 3304 1484 3329 pars
1499 3296 1654 3324 defensionis
1677 3297 1850 3333 relinquatur.
1921 3296 2059 3328 Defensio,
2077 3295 2143 3330 apud
2162 3295 2362 3331 luri-rconficltos‚

248 3325 327 3350 lutem
340 3327 469 3354 sociorum
501 3330 555 3355 Cic.
569 3338 615 3363 pro
627 3331 656 3356 L.
670 3330 740 3356 Man.
753 3338 775 3355 c.
790 3331 814 3355 6.
885 3331 1059 3357 Communem
1075 3332 1188 3357 Salutem
1209 3332 1268 3358 Rei.
1285 3336 1374 3368 90pro
1396 3331 1571 3366 E.vcujati'o›1e‚
1590 3333 1608 3359 l.
1627 3333 1644 3359 si
1662 3334 1832 3369 Reipublicae
1853 3335 1885 3360 D.
1906 3333 1937 3360 de
1957 3333 2025 3360 vsur.
2082 3334 2142 3357 Jtrm
2159 3338 2208 3365 pro
2225 3332 2361 3365 exceptione

250 3359 318 3399 publ.
340 3360 409 3387 Idem
424 3371 470 3395 pro
485 3364 599 3392 Muraen.
612 3374 632 3391 c.
670 3385 676 3391 .
714 3385 721 3391 .
758 3364 906 3391 Defendere
917 3374 946 3392 ac
961 3372 1047 3401 tegere
1056 3367 1139 3393 Scelus
1169 3366 1205 3393 Id.
1221 3376 1268 3400 pro

249 3395 316 3419 bulla
329 3398 367 3424 86.
444 3396 473 3421 Se
485 3400 536 3424 acri
549 3400 637 3428 animo
655 3400 710 3427 Cic.
723 3408 771 3434 pro
785 3400 880 3426 Milon.
916 3420 922 3426 .
960 3420 967 3432 ,
1018 3402 1048 3427 Se
1059 3411 1137 3428 manu
1156 3403 1228 3428 Caes.
1240 3403 1267 3429 B.

249 3429 281 3454 G·
297 3436 318 3460 5,
330 3437 355 3462 7.
424 3431 453 3456 Se
472 3432 523 3458 telo
544 3435 596 3460 Cic.
611 3444 658 3470 pro
675 3435 769 3462 Milon.
806 3455 812 3461 .
849 3455 856 3461 .
912 3436 1051 3470 Aequitatc
1070 3444 1095 3463 et
1114 3437 1165 3463 side
1179 3438 1268 3464 Socios

248 3463 320 3489 Idem
333 3464 383 3489 Off.
400 3473 421 3495 2,
458 3485 463 3491 .
500 3485 506 3491 .
560 3469 622 3495 Plin.
637 3480 674 3503 19,
690 3478 699 3497 t
712 3471 730 3496 s.
743 3473 760 3497 6
791 3470 896 3497 Rubent
909 3471 935 3497 in
953 3473 1021 3498 cauis
1035 3472 1154 3505 aedium,
1172 3480 1196 3499 et
1211 3482 1266 3499 mu-

1331 3364 1467 3400 vficrpatur
1487 3366 1503 3393 1.
1520 3377 1528 3393 1
1543 3369 1572 3394 C.
1586 3368 1617 3394 de
1632 3369 1682 3395 iur.
1696 3376 1721 3396 et
1734 3369 1795 3396 fact.
1809 3372 1880 3404 igno.
1893 3369 1910 3395 l.
1923 3367 2047 3402 siquidem
2065 3367 2097 3392 D.
2111 3365 2142 3392 de
2156 3372 2254 3400 except.
2310 3363 2360 3390 De—

1330 3400 1412 3427 fensio
1434 3402 1508 3436 plena
1522 3404 1678 3438 accipietur,
1698 3412 1727 3431 vt
1746 3409 1783 3431 ait
1803 3406 1863 3439 le.
1878 3405 1906 3430 in
1919 3403 1970 3429 fine
1987 3403 2002 3429 l.
2029 3403 2095 3428 Item
2109 3402 2144 3428 ait
2158 3407 2260 3435 praetor
2279 3399 2309 3425 D.
2327 3407 2360 3426 ex

1329 3436 1404 3470 quib.
1420 3438 1485 3464 caus.
1501 3439 1594 3464 maior.
1615 3440 1632 3465 si
1645 3447 1671 3467 et
1684 3440 1812 3466 iudicium
1830 3449 1884 3466 non
1903 3437 2074 3465 detraetecur.
2090 3444 2115 3463 et
2134 3436 2277 3463 iudicatum
2291 3435 2360 3461 solui

1329 3471 1473 3499 satisdetur.
1546 3475 1601 3501 Cic.
1610 3476 1680 3501 Fam.
1695 3485 1715 3507 1,
1728 3484 1744 3510 7
1761 3476 1830 3502 Nam
1843 3474 1929 3501 nostra
1941 3473 2133 3507 propugnatio,
2151 3481 2180 3498 ac
2192 3470 2306 3496 defenfio
2319 3469 2358 3496 di-

247 3499 318 3524 scum
333 3507 344 3523 n
357 3499 415 3524 Sole
429 3498 577 3528 defendunt.
648 3507 701 3533 Cic.
716 3515 764 3540 pro
777 3506 846 3532 Sulla
860 3514 889 3538 50
921 3507 975 3541 Ego
987 3507 1112 3534 iacentem
1131 3515 1155 3534 et
1170 3509 1268 3542 Spolia„
1288 3518 1320 3543 95
1329 3507 1435 3540 gnitatis
1447 3514 1522 3548 tuae,
1548 3517 1655 3544 propter
1668 3511 1874 3545 magnitudinem
1892 3508 2015 3536 beneficii
2034 3509 2089 3540 tui,
2107 3506 2207 3534 fortasse
2227 3505 2360 3540 plerisque

249 3539 304 3558 tum
317 3533 427 3559 defendo
445 3541 470 3560 et
482 3542 598 3570 protego.
664 3541 750 3567 Tedia
770 3541 813 3567 sua
834 3540 990 3575 defendere,
1009 3549 1034 3568 et
1048 3543 1080 3568 ab
1101 3545 1169 3575 aris,
1189 3545 1266 3576 toris,

248 3568 348 3606 ferrum
363 3569 543 3609 flammamque
556 3572 682 3605 depellere
700 3577 755 3602 Cic.
769 3586 817 3611 pro
829 3577 926 3603 Sextio.
955 3597 961 3603 .
998 3598 1004 3603 .
1041 3579 1105 3604 Cels.
1121 3589 1147 3611 4,
1162 3587 1174 3609 ς
1196 3580 1265 3606 Nam

249 3602 317 3628 redit
332 3602 380 3642 huc
394 3604 555 3632 imbecillitas
567 3608 624 3637 sua,
645 3609 691 3634 nisi
705 3610 795 3638 iisdem
810 3611 959 3638 defenditur
973 3611 1042 3639 bona
1052 3614 1189 3645 Valetudo,
1208 3616 1265 3648 qui-

249 3637 297 3663 bus
310 3637 410 3663 reddita
422 3639 466 3665 est.
535 3642 556 3666 A
570 3642 715 3669 vastatione
734 3646 833 3673 Italiam
854 3648 937 3674 Planc.
954 3649 1009 3674 Cic.
1023 3649 1092 3674 Fam.
1109 3658 1146 3681 10,
1161 3658 1185 3679 ις
1201 3656 1264 3675 extr.

1330 3541 1413 3568 officii
1431 3552 1558 3570 maiorem
1586 3545 1768 3572 autffloritatem
1801 3545 1897 3572 habere
1921 3544 2041 3571 videatur
2055 3564 2063 3576 ‚
2097 3550 2172 3577 quam
2205 3541 2357 3567 sententiae.

1330 3577 1457 3604 Criminis
1471 3579 1585 3606 defensio
1608 3581 1679 3607 Idem
1692 3591 1740 3616 pro
1754 3580 1847 3607 Milon.
1884 3599 1891 3606 .
1928 3600 1934 3605 .
1978 3579 2143 3605 Innocentiae
2155 3575 2271 3602 defensio
2284 3577 2358 3610 saepe

1329 3613 1475 3640 multorum
1490 3615 1659 3649 improbitate
1673 3616 1811 3643 interclusa
1825 3615 1933 3649 respirat
1953 3615 1990 3641 Id.
2005 3624 2052 3650 pro
2065 3613 2166 3651 cluent.
2203 3631 2209 3637 .
2246 3631 2258 3651 ,ἡ
2288 3612 2358 3638 luris

1328 3648 1503 3675 defensionem
1518 3651 1609 3686 suscipi
1622 3653 1697 3685 posse,
1711 3652 1788 3677 etiam
1800 3651 1828 3676 in
1840 3650 1995 3677 confessione
2009 3649 2071 3676 faeti
2091 3648 2145 3673 Cic.
2160 3655 2207 3680 pro
2220 3646 2314 3672 Milon.
2324 3654 2357 3678 ις.

249 3672 336 3698 Vestes
350 3681 364 3698 a
377 3673 454 3698 tineis
467 3673 581 3701 defendit
594 3677 650 3702 hacc
660 3678 731 3704 herba
751 3680 814 3706 Plin.
828 3691 869 3713 20,
886 3691 914 3717 17
927 3684 944 3709 s.
960 3692 1000 3716 73.
1069 3685 1157 3710 Vitam
1169 3683 1202 3710 ab
1217 3685 1265 3710 ini·
1275 3696 1321 3713 100
1331 3684 1421 3710 Breuis
1445 3685 1559 3712 defensio
1590 3686 1662 3713 Ideni
1685 3695 1733 3721 pro
1747 3685 1838 3712 Caelio
1858 3695 1880 3717 9.
1952 3686 2046 3712 Facilis
2071 3688 2095 3708 et
2119 3690 2220 3715 ΡΙὈΗ1ςό
2239 3681 2356 3707 defensio

247 3707 377 3746 micorum
395 3708 498 3748 audacia
529 3711 584 3736 Cic.
599 3720 646 3743 pro
658 3712 750 3739 Milon.
766 3717 791 3740 6.
858 3719 944 3744 Vitam
963 3719 1033 3744 suam
1052 3719 1137 3745 noetis
1150 3726 1175 3746 et
1190 3720 1265 3745 fuoae

267 3741 390 3774 raesidro,
409 3751 462 3768 non
476 3744 541 3770 iuris
554 3745 763 3781 iudiciorumque
787 3749 857 3775 Idem
871 3760 918 3784 pro
931 3754 1026 3780 Sextio.
1056 3774 1062 3780 .
1088 3774 1094 3780 .
1121 3774 1127 3780 .
1182 3741 1263 3781 Ounid.

277 3783 310 3803 et.
328 3786 360 3808 13,
375 3782 417 3806 2¹8
458 3778 504 3804 Ille
518 3780 597 3812 potest
616 3781 720 3807 auGtore
740 3784 809 3809 suam
828 3783 964 3813 defendere
984 3790 1092 3815 Vocem.
1164 3790 1263 3817 Vrbem

244 3811 315 3838 bello
333 3811 423 3838 Claud.
440 3812 470 3839 dc
485 3813 548 3840 Bell.
562 3815 632 3841 Gild.
652 3837 658 3842 .
680 3835 685 3841 .
706 3836 710 3841 .
779 3818 876 3845 Vrbem
889 3830 901 3845 a
919 3823 1060 3851 vastatione
1077 3824 1201 3851 Planc.ad
1210 3827 1265 3852 Cic.

1328 3717 1366 3743 Id.
1380 3720 1411 3744 de
1424 3720 1497 3745 Orat.
1520 3729 1540 3753 1,
1557 3730 1614 3756 237.
1701 3722 1786 3747 Fortis
1810 3728 1835 3747 et
1853 3721 1953 3748 inuidia
1966 3718 2079 3750 defensio
2094 3717 2181 3743 salutis
2194 3725 2266 3743 meae
2276 3737 2284 3748 ‚
2303 3716 2355 3755 uid.

1331 3760 1368 3778 IN
1378 3760 1397 3778 v
1407 3761 1415 3779 1
1425 3762 1440 3780 c
1451 3762 1471 3780 T
1482 3761 1501 3779 v
1510 3761 1532 3781 s.
1601 3756 1724 3790 Iniquior
1735 3757 1863 3789 defensio,
1885 3758 1936 3783 vid.
1958 3763 2013 3784 1N1
2023 3760 2069 3792 QV
2079 3760 2098 3779 V
2109 3760 2130 3778 S·
2186 3752 2255 3778 Mala
2267 3758 2292 3778 et
2307 3761 2355 3776 lm-

1330 3788 1410 3821 proba
1425 3789 1556 3821 defensio,
1576 3792 1628 3817 vid.
1651 3797 1694 3817 1M
1707 3799 1721 3817 Ρ
1731 3799 1747 3817 R
1757 3799 1775 3818 o
1785 3799 1800 3818 Β
1811 3800 1861 3819 vs.
1931 3789 2068 3825 Magnifica
2084 3795 2108 3813 et
2122 3787 2252 3821 praeclara
2267 3787 2354 3813 defen-

1329 3821 1380 3853 sio,
1397 3824 1448 3849 val.
1461 3831 1483 3849 Μ
1494 3832 1515 3850 Λ
1525 3832 1544 3851 G
1554 3832 1575 3851 N
1585 3834 1604 3853 v
1614 3834 1635 3852 s.
1688 3827 1819 3855 Praeclara
1830 3828 1946 3854 defensio
1956 3824 2080 3852 facinoris
2101 3824 2156 3849 Cic.
2171 3823 2197 3848 in
2211 3822 2297 3848 Vatiu.
2319 3842 2325 3848 .
2348 3840 2355 3848 .

246 3845 314 3873 Fam.
334 3855 371 3878 ιο,
387 3855 412 3880 15
430 3855 493 3875 extr.
686 3849 706 3886 fl
727 3860 737 3881 3
773 3854 827 3879 Cic.
848 3854 879 3880 de
897 3857 999 3885 Amicit.
1039 3880 1045 3886 .
1082 3880 1089 3886 .
1125 3861 1217 3895 ltaque
1236 3859 1442 3897 re105Tiu1ida
1454 3859 1570 3887 defensio
1590 3861 1721 3894 Quind'til.
1734 3870 1759 3897 7,
1773 3872 1797 3889 2.
1869 3864 1992 3897 Accipere
2005 3860 2082 3886 vultu
2101 3858 2168 3884 truci
2180 3857 2356 3884 detentionem

2264 3893 2354 3919 Tacit.
