2479 4225
270 141 322 180 79
630 120 669 161 D
761 121 796 160 E
889 120 936 159 M

275 214 405 249 Alphenus
418 213 445 239 in
458 212 475 238 l.
494 210 549 243 Qti
561 209 670 236 insulam
684 209 712 235 in
725 208 805 242 princ.
819 208 849 233 D.
863 208 950 233 Locat.
970 204 1097 230 Dominus
1111 204 1217 235 insulae,
1232 210 1295 236 quia

275 249 392 276 aedificia
410 247 502 273 vitium
521 245 607 270 facere
627 244 741 275 diceret,
759 242 913 268 demolicrat
931 248 994 264 eam.
1030 239 1098 265 Add.
1112 239 1129 265 l.
1143 248 1170 265 12
1191 241 1295 265 Comm.

276 284 365 311 Diuid.
381 284 463 307 Varro
478 287 500 305 ct
517 280 600 306 Naeu.
614 279 679 315 apud
690 276 810 305 Diomed.
826 285 834 302 1
847 286 870 310 p.
885 282 937 307 39)·-
996 308 1001 312 .
1014 282 1016 289 ’
1073 283 1081 286 ·
1125 309 1130 313 .

311 324 385 344 DEM
398 322 416 341 Ο
429 321 444 340 L
455 316 497 341 J'T
507 320 564 346 VS,
584 324 608 344 a,
624 323 676 340 um.
712 313 803 339 Partic.
820 311 877 345 pass'.
900 343 904 348 ¹
920 308 979 341 le-
994 317 1022 333 111
1033 308 1050 334 l.
1078 307 1151 342 Qud
1166 314 1252 347 tamen
1265 307 1296 333 D.

277 352 376 386 Qubus
390 349 474 375 modis
490 349 627 376 vsusfrucl.
642 348 715 375 amit.
758 348 857 372 Verum
871 350 950 369 etiam
963 342 980 368 fi
994 343 1127 369 demolitis
1139 343 1246 370 aedibus
1262 348 1298 368 te-

276 387 355 413 stator
368 385 430 410 alias
445 393 525 410 nouas
538 383 687 411 restituerit.
741 382 840 407 Domus
854 379 869 404 l.
884 387 907 409 13
921 378 946 403 ff.
963 377 994 404 de
1009 380 1117 413 Vsucap.

312 427 330 446 1)
339 427 355 446 ιε
363 427 388 445 Μ
398 426 416 445 o
425 427 441 445 L
450 427 459 446 1
468 425 489 444 Τ
500 427 509 445 1
519 426 537 445 ο
546 439 554 451 ,
572 419 637 444 onis.
657 418 676 443 f.
712 415 832 442 Verbale.
867 413 880 446 [
887 412 1056 446 κατάβλησις,
1074 411 1222 447 καταβολὴ]
1254 413 1299 445 Vt,

903 448 1015 475 Tollere
1030 449 1203 475 demolitione
1216 447 1302 474 aditus

276 454 423 483 Demolitio
437 454 574 480 statuarum
593 453 648 478 Cic.
661 452 736 477 Verr.
745 459 760 476 2
773 459 793 475 c.
808 451 850 482 67.
1241 483 1246 487 .
1263 483 1268 488 ι

922 485 1089 510 Ferramenta
1102 483 1134 510 ad
1147 483 1301 509 demolitio-

275 490 431 524 templorum
456 488 528 515 Idem
539 487 594 523 post
608 486 684 513 redit.
697 486 726 512 in
738 485 820 511 Senat.
833 491 867 515 31,

275 534 334 586 mni]¹
343 526 421 587 lvano
430 532 566 588 ici‘ipoR,
585 555 648 582 aris.
670 564 704 580 m.
741 553 807 578 Vitr.
823 561 861 585 ιο,
876 561 904 587 19
924 555 1028 580 Coruus
1039 553 1198 585 demolitor,
1220 561 1300 587 quem

274 604 328 622 non
341 594 407 620 nulli
420 602 509 628 gruem
523 590 664 625 appellant:
681 586 881 621 instrumentum,
898 589 962 624 quod
974 599 1028 615 cum
1045 592 1122 615 ariete
1134 592 1303 624 cognationem

272 630 358 661 habet,
375 629 422 665 fid
437 632 464 655 in
477 636 502 653 eo
520 626 618 653 videtur
631 625 657 651 ds
680 632 747 655 erre,
766 623 831 658 quod
844 624 886 651 hic
897 625 1001 661 impulsu
1017 627 1142 660 imprimis
1159 631 1241 655 nocet,
1260 623 1301 650 ille

271 662 391 692 retractu.

310 707 328 726 D
336 706 353 726 Ε
362 706 386 725 Μ
396 705 414 724 Ο
425 704 445 723 N
455 703 467 723 S
477 703 497 723 Τ
506 703 525 722 R
535 702 553 722 0
561 715 569 727 ,
585 698 636 721 ire.
672 693 685 725 [
695 691 785 718 damam
792 712 801 725 ‚
827 691 979 728 οἷποδεῖκνυμι
987 715 995 728 ,
1017 692 1160 728 ἕπιὸεἶκνυμι
1167 715 1175 728 ,
1195 693 1300 728 oin-owed-
1319 707 1345 734 ¹5

273 746 300 761 μω
307 754 315 766 ‚
335 731 472 766 ἕμφαγίζω]
505 732 533 757 A
547 736 596 756 erte
609 735 632 754 et
637 730 723 762 palam
734 725 869 761 monstrare
877 749 886 761 ‚
904 740 950 756 non
963 731 1044 766 digito
1057 731 1125 757 modo
1138 739 1248 762 manuue,
1254 729 1302 765 sed

272 772 393 798 oratione,
417 774 487 802 atque
498 776 512 791 a
531 774 555 790 eo
568 764 665 794 docere,
691 762 772 790 dicere
792 770 838 790 etc.
873 765 941 791 Ter.
956 767 1050 792 Heaut.
1065 775 1094 798 4,
1107 775 1135 799 4,
1148 774 1160 798 ς
1181 765 1298 792 Audistn’

271 805 352 832 homo
367 802 414 828 iste
432 800 510 827 modo
524 806 600 832 quam
623 797 715 824 villam
728 798 933 827 demonstrauit?
978 801 1052 828 Idem
1066 801 1172 828 Phorm.
1194 810 1215 833 1,
1229 809 1251 833 ς,
1264 802 1300 836 76

269 838 412 865 Hominem
425 833 651 862 commonstrarier
669 833 737 860 mihi
749 834 828 860 istum
846 835 927 868 volo,
946 842 990 863 aut
1009 837 1055 863 vbi
1070 836 1171 863 habitet
1192 836 1299 863 demon—

267 873 379 900 strarier.

267 904 531 938 consuetudinemque
545 912 665 930 omnium
678 913 810 932 annorum
823 905 1008 934 demonstrent.
1064 907 1137 934 Idem
1144 909 1214 935 Fam.
1228 916 1254 940 9,
1262 916 1298 941 24

266 942 391 976 Spurinna
410 939 534 973 quidem,
555 949 636 974 quum
656 940 682 966 ei
695 949 753 966 rem
773 941 1004 975 Demonstrass'em,
1025 948 1050 969 et
1068 943 1153 970 vitam
1173 950 1243 970 tuam
1257 944 1297 969 su-

264 977 396 1012 periorem
417 975 608 1008 Exposuiffen1;
625 984 748 1009 inagnum
762 977 908 1010 periculum
927 978 1042 1004 summae
1057 979 1169 1014 Reipub.
1189 979 1297 1005 demon-

263 1011 367 1038 strabat.
402 1010 469 1037 Add.
483 1010 516 1036 ib.
529 1018 552 1042 3,
565 1019 592 1043 4.
664 1011 719 1037 Cic.
733 1012 786 1038 Att.
800 1020 820 1044 1,
835 1021 844 1038 1
869 1013 1054 1040 Demonstraui
1069 1014 1131 1041 haec
1145 1015 1253 1045 Caelio,
1272 1020 1297 1040 et

263 1046 330 1074 illud
338 1045 461 1077 Ostendi,
480 1045 497 1071 fi
518 1045 572 1079 ipse
585 1054 650 1071 vnus
663 1055 723 1072 cum
736 1046 786 1073 illo
803 1047 987 1081 contenderet,
1004 1058 1047 1076 me
1066 1051 1091 1076 ei
1104 1050 1297 1077 satisfad‘mrum
1314 1055 1346 1081 25

262 1082 347 1109 fuisse.
372 1107 375 1111 .
399 1081 456 1115 le.
470 1081 498 1106 in
510 1080 528 1106 l.
548 1080 596 1106 Sed
609 1081 653 1107 etfi
668 1090 852 1117 quemcunque
864 1084 896 1109 D.
911 1084 942 1110 ad
955 1085 1005 1118 leg.
1020 1086 1109 1120 Aquil.
1122 1086 1199 1112 Sutor
1213 1094 1296 1120 puero

262 1117 386 1147 discenti,
405 1125 496 1150 parum
510 1116 576 1142 bene
589 1116 698 1143 facienti
711 1118 783 1152 quod
804 1119 1009 1146 demonstratum
1023 1127 1095 1154 erat,
1116 1121 1203 1148 forma
1218 1121 1299 1148 calcei

264 1153 391 1180 ceruicem
404 1153 440 1177 ita
452 1151 577 1185 perculsu,
594 1158 623 1178 vt
635 1152 727 1179 oculus
743 1162 826 1187 puero
839 1155 1050 1189 perfunderetur.
1106 1157 1162 1183 Cic.
1176 1157 1207 1182 de
1221 1157 1296 1183 Orat.

263 1197 283 1221 1,
298 1196 339 1221 ¹43
358 1186 442 1213 Etiam
456 1186 501 1212 illa
516 1195 658 1221 cognoram
672 1194 698 1214 et
710 1197 875 1229 acceperam,
899 1197 1039 1226 antequam
1059 1192 1091 1218 de
1108 1201 1137 1218 re
1150 1192 1297 1219 diceremus

261 1223 340 1250 initio
352 1221 530 1248 conciliandos
550 1231 645 1249 eorum
663 1224 711 1250 else
724 1226 898 1260 animos‚qui
917 1227 1054 1259 audirent,
1078 1227 1172 1254 deinde
1185 1237 1241 1254 rem
1254 1228 1296 1254 de·
1309 1235 1341 1259 30

259 1257 468 1289 monstrandam,
483 1258 570 1292 postea
585 1259 791 1288 controuersiam
803 1261 1021 1295 constituendam,
1037 1269 1094 1289 tum
1109 1263 1146 1295 id,
1161 1264 1232 1297 quod
1247 1273 1295 1290 nos

259 1292 451 1320 intenderemus
464 1293 689 1326 confirmandum,
706 1301 752 1322 etc.
823 1297 885 1329 on
899 1297 1047 1324 distinc'tius
1065 1298 1239 1325 demonstrari
1253 1308 1295 1326 co-

258 1329 397 1363 gnoscique
410 1329 508 1362 possent
528 1329 596 1355 Suet.
611 1330 677 1364 Aug.
692 1339 713 1356 c.
726 1339 752 1364 9.

257 1365 285 1390 in
298 1372 416 1398 prooem.
431 1372 450 1390 1.
522 1364 552 1390 Sc
565 1365 724 1392 demonstrat
736 1366 897 1394 incolumem
918 1370 966 1395 effe
978 1378 1032 1396 non
1049 1371 1117 1404 poss'e
1146 1370 1167 1396 C
1170 1371 1202 1396 ic.
1217 1372 1293 1397 Verr.

257 1408 278 1432 ι,
297 1419 303 1425 .
322 1419 328 1425 .
350 1419 357 1425 .
411 1399 504 1433 Digito
524 1399 703 1427 demonstrare
731 1402 804 1428 Idem
817 1403 845 1428 in
858 1404 946 1430 Somn.
961 1406 1027 1440 Scip.
1048 1415 1069 1432 c.
1084 1411 1105 1435 8.

254 1435 333 1462 strare
346 1435 397 1460 iter
414 1434 459 1473 Id.¹
467 1435 495 1460 in
509 1435 586 1460 Catil.
600 1435 665 1461 Plin.
680 1441 704 1468 8,
718 1445 746 1469 4.
816 1438 911 1465 Caesar
928 1441 972 1467 boc
991 1441 1064 1467 verbo
1080 1441 1223 1477 frequenter
1236 1441 1296 1477 fere

250 1469 414 1507 profimplici
426 1470 520 1495 Dicere
533 1472 615 1508 vritur
624 1479 632 1493 :
649 1479 674 1508 υἶ
687 1479 713 1505 g.
736 1471 764 1496 Β.
778 1473 808 1497 C.
824 1481 843 1504 1,
859 1478 871 1502 8
884 1477 914 1500 it.
927 1478 969 1501 26.
1025 1476 1127 1512 Impers.
1150 1477 1205 1503 Cic.
1214 1479 1293 1504 Verr.

256 1515 280 1538 2,
316 1525 322 1531 .
358 1524 364 1531 .
418 1504 525 1530 Tamen
543 1503 620 1530 vobis
640 1504 693 1530 alio
711 1504 787 1536 loco,
813 1513 842 1532 vt
860 1509 885 1533 se
899 1514 955 1535 tota
971 1519 1012 1536 res
1031 1510 1143 1543 habeat,
1167 1512 1240 1545 quod
1260 1513 1292 1539 ad

256 1549 314 1567 eam
334 1539 468 1566 ciuitatem
487 1539 596 1571 attinet,
613 1538 843 1567 demonstrabitur.

292 1576 633 1606 DEMONSTRATVS,
651 1583 676 1607 a,
697 1584 751 1602 um.
788 1576 881 1603 Partic.

255 1610 347 1639 stratus
359 1610 432 1636 locus
451 1610 505 1637 Cic.
520 1610 552 1636 de
565 1610 655 1636 Diuin.
669 1619 688 1641 1,
708 1630 714 1636 .
735 1630 741 1637 .
776 1611 815 1638 Re
828 1612 1003 1639 demonstrata
1022 1614 1094 1639 Caes.
1109 1615 1137 1640 B.
1152 1615 1183 1640 G.
1198 1622 1221 1647 ς,
1231 1620 1267 1647 38.

291 1652 366 1673 tii-:M
375 1651 394 1672 o
404 1652 426 1672 N
435 1652 448 1672 s
457 1652 478 1672 T
487 1653 505 1672 R
517 1652 538 1671 Α
550 1652 590 1671 Τ]
601 1652 619 1671 0
628 1666 635 1677 ‚
663 1646 730 1672 onis.
763 1646 783 1672 f.
820 1647 943 1674 verbale.
980 1647 1121 1682 [ἀπόδειξις
1133 1650 1146 1683 ]
1183 1651 1238 1677 Cic.
1258 1650 1291 1677 de

255 1682 303 1708 Or.
316 1690 339 1714 3,
354 1689 405 1714 209
419 1690 440 1707 c.
456 1688 482 1714 55
500 1681 547 1707 Sed
562 1687 647 1707 tamen
665 1680 743 1707 huius
757 1683 859 1716 generis
874 1683 1062 1711 demonstratio
1080 1686 1115 1711 est
1129 1691 1155 1711 et
1168 1685 1292 1712 doctrina

252 1717 308 1751 ipsa
320 1717 451 1750 vulgaris:
477 1716 536 1742 vsus
549 1722 635 1743 autem
650 1717 820 1750 grauiffimus.
891 1720 1086 1747 Demonstratio
1105 1719 1209 1754 ἒπιὲἲηξις
1228 1721 1292 1748 Rhe-

237 1776 240 1777 .
250 1752 348 1778 toribus
359 1750 407 1784 (st,
428 1753 508 1778 Genus
520 1751 603 1787 causae
616 1752 649 1778 ad
658 1752 809 1779 laudandum
828 1760 872 1780 aut
883 1756 1081 1790 vituperandum.

251 1792 322 1813 vent.
339 1795 359 1818 1,
374 1795 401 1813 12
433 1786 460 1812 Si
472 1786 628 1813 deliberatio
644 1794 670 1814 et
681 1788 870 1816 demonstratio
885 1799 979 1825 genera
992 1792 1052 1818 sunt
1066 1789 1218 1824 causarum,
1236 1801 1291 1818 non

250 1822 351 1856 possunt
364 1821 434 1848 reeh:
450 1828 534 1855 partes
544 1822 656 1849 alicuius
669 1825 771 1857 generis
785 1826 875 1852 causae
889 1826 985 1860 putari.
1055 1827 1102 1854 Sea
1114 1829 1189 1854 aliter
1208 1828 1240 1854 A.
1256 1827 1290 1854 ad

250 1858 317 1884 Her.
332 1867 350 1896 34
364 1865 385 1882 c.
400 1865 426 1889 53
439 1857 634 1885 Demonstratio
646 1859 692 1891 est,
712 1869 772 1886 cum
785 1860 822 1887 ita
836 1870 878 1887 res
891 1862 981 1889 verbis
997 1863 1172 1896 exprimitur,
1191 1869 1221 1890 vt
1231 1863 1290 1898 geri

249 1897 404 1926 negotium,
422 1897 447 1918 et
462 1901 502 1918 res
515 1899 573 1919 ante
587 1894 678 1920 oeulos
693 1895 741 1921 esse
755 1895 887 1922 videatur.
938 1898 995 1924 Cic.
1011 1898 1042 1924 de
1050 1899 1124 1925 Orat.
1139 1907 1161 1930 3,
1176 1904 1219 1928 218
1227 1907 1248 1925 c.
1258 1907 1292 1932 54

824 1332 946 1359 Breuiter
957 1334 1135 1361 demonstrare
1162 1334 1292 1368 Qiinffil.

1322 347 1336 374 5

1741 114 2045 157 DEM
2351 124 2403 163 80

1363 202 1445 236 potiri
1459 208 1585 238 nequeat,
1604 202 1732 229 studiosos
1746 211 1801 228 non
1812 201 1953 231 demorari.
2021 204 2096 239 Virg.
2109 205 2173 232 Aen.
2192 213 2229 237 ιο,
2249 214 2280 239 30
2311 207 2341 233 Et
2355 211 2401 233 tua

1364 238 1502 271 progenies
1515 239 1637 265 mortalia
1656 240 1787 265 Demoror
1806 246 1886 265 arma.
1921 243 1939 267 i.
1953 240 2095 273 Exspecto,
2115 241 2237 268 sustineo.
2285 242 2400 268 Seruius.

1365 272 1421 299 Cic.
1437 274 1506 299 Fam.
1524 282 1560 305 12,
1577 281 1601 306 15
1634 274 1780 301 Nonnullis
1794 273 1873 299 etiam
1888 275 1933 308 ipsi
1952 276 2115 309 magistratus
2128 277 2268 304 veniebant
2281 278 2309 304 in
2322 277 2401 311 suspi-

1367 308 1472 333 cionem
1486 328 1494 340 ,
1518 309 1653 335 detinuisse
1671 319 1734 342 nos,
1755 315 1780 335 et
1802 308 1950 336 demoratos
1973 312 2036 343 effe,
2072 311 2135 337 dum
2153 312 2231 338 classis
2247 312 2401 339 Dolabellae

1367 342 1466 368 certior
1484 343 1558 370 fieret
1576 344 1608 370 de
1621 344 1736 372 aduentu
1754 344 1852 371 nostro.
1922 345 1965 372 Ne
1977 346 2077 373 diutius
2095 356 2143 373 vos
2156 347 2278 374 demorer
2298 348 2354 374 Cic.
2368 347 2401 373 de

1367 378 1440 403 Orat.
1464 386 1551 417 ²⁵.235
1571 389 1593 406 c.
1611 385 1648 412 58.
1720 380 1793 414 Quid
1811 380 1882 406 enim
1896 384 1921 405 te
1940 380 2063 409 demoror
2082 391 2172 416 aeger,
2193 383 2320 414 Lentule,
2340 391 2402 409 con-

1368 412 1458 446 questu
1479 413 1524 439 Sil.
1541 423 1577 445 10,
1589 420 1647 448 289.
1702 416 1763 442 Neu
1775 424 1822 442 vos
1841 415 1918 449 longe
1933 416 2049 444 sermone
2070 419 2153 452 petito
2167 418 2289 445 demorer
2308 417 2400 444 Claud.

1368 447 1401 473 de
1417 448 1444 474 B.
1459 448 1516 473 Get.
1529 454 1580 481 385.
1641 451 1689 477 Pro
1703 452 1820 483 Manere,
1838 452 1878 477 vel
1889 451 2050 478 Commorari:
2088 453 2147 487 le.
2163 453 2191 479 in
2206 453 2222 479 l.
2235 462 2251 480 2
2271 452 2294 490 §.
2309 462 2400 480 omnes

1369 484 1401 509 D.
1415 482 1446 508 de
1460 482 1539 509 iudic.
1557 485 1675 519 Exceptis
1689 486 1781 520 legatis
1791 506 1800 520 ,
1820 486 1868 521 qui
1880 486 1942 512 licet
1954 485 1995 512 ibi
2008 489 2200 520 contraxerint,
2220 497 2274 514 non
2287 489 2400 523 compel-

1318 530 1347 548 10
1367 518 1459 544 luntur
1472 519 1497 544 se
1511 518 1610 546 Romae
1625 520 1777 554 defendere,
1790 522 1917 558 quamdiu
1933 521 2069 555 legationis
2082 525 2155 551 causa
2167 524 2208 550 ibi
2221 523 2400 550 demorantur.

1178 1407 1294 1432 Demon-
1310 1408 1338 1434 35

917 1575 1142 1612 [οἷπσδεδειγμένος]
1176 1580 1291 1606 Demon-
1299 1587 1338 1611 40

1135 1757 1191 1783 Cic.
1206 1757 1238 1783 de
1250 1758 1292 1783 In·
1298 1764 1333 1791 45

252 1927 409 1953 Vniuersam
421 1935 478 1953 rem
495 1933 521 1952 et
533 1928 686 1956 sententiam
707 1939 762 1956 non
780 1931 1017 1965 demonstratione,
1040 1933 1082 1959 sed
1100 1933 1290 1968 significatione
1298 1941 1331 1967 50

252 1961 393 1989 declarans.
464 1961 536 1987 Idem
549 1963 626 1988 Verr.
640 1972 667 1996 4,
681 1972 720 1995 ¹32
750 1967 857 2000 Hi‚qui
871 1967 987 2002 hospites
1000 1968 1031 1994 ad
1046 1977 1085 1999 ea,
1100 1977 1167 2003 quae
1180 1969 1289 1995 visenda

253 1998 312 2025 sunt
320 2017 329 2030 ,
347 1997 442 2023 ducere
449 1996 548 2029 solent,
560 2002 591 2036 'et
604 1999 804 2034 vnumquidque
816 2002 969 2036 ostendere,
989 2013 1055 2038 quos
1069 2004 1111 2030 ilii
1125 2004 1289 2038 mystagogos

252 2038 365 2065 vocant,
385 2032 545 2059 Conuersam
559 2039 612 2059 lam
623 2032 720 2059 habent
732 2034 981 2064 demonstrationem
995 2040 1076 2066 suam.
1147 2042 1178 2065 Ee
1193 2040 1223 2065 de
1232 2033 1252 2065 ff?
1252 2041 1289 2065 in.

251 2078 282 2102 4,
299 2076 313 2102 ς
345 2069 432 2101 Qiam
443 2067 558 2099 multae,
582 2076 714 2103 quamque
725 2068 757 2096 de
771 2070 848 2097 rebus
866 2073 948 2098 variis
963 2080 988 2099 et
1001 2075 1100 2106 causae,
1114 2084 1160 2100 cur
1173 2075 1289 2108 quidque

251 2104 313 2136 fiat,
330 2109 356 2130 et
368 2102 615 2135 demonstrationes,
633 2104 853 2138 quemadmodum
871 2116 991 2142 quaeque
1013 2108 1084 2135 fiant.

245 2140 354 2175 phorum
371 2138 415 2165 illa
426 2145 449 2164 et
461 2139 685 2165 mathematicorum
703 2140 924 2169 demonstratione
953 2144 1030 2177 Apul.
1045 2144 1076 2169 de
1091 2143 1150 2170 hab.
1166 2144 1288 2171 Doflrin.

250 2174 350 2202 Platon.
365 2183 390 2208 p.
404 2175 446 2206 651
473 2175 538 2214 Flor5
569 2175 605 2200 Ex
619 2174 703 2215 hisnin
714 2177 798 2210 prima
818 2177 902 2212 figura
918 2179 1004 2205 modis
1022 2188 1119 2205 nouem
1134 2180 1215 2214 primi
1228 2189 1290 2214 qua·

249 2216 313 2238 tuor
331 2208 575 2236 indemonstrabiles
597 2217 782 2244 nominantur,
800 2222 853 2239 non
874 2213 945 2248 quod
958 2214 1131 2241 demonstrari
1150 2222 1289 2249 nequeant,

250 2259 296 2266 —
331 2245 374 2272 sed
389 2244 462 2279 quod
496 2259 542 2265 -—-
576 2243 796 2273 demonstratione
810 2257 862 2274 non
875 2255 974 2284 egeant.
1016 2251 1212 2277 Demonstratio
1224 2251 1291 2287 apud

1129 2111 1165 2135 Dc
1181 2110 1289 2145 philoso-
1305 2117 1333 2143 55

250 2280 384 2317 luris-cons.
400 2281 540 2316 plerumque
557 2289 607 2306 rem
619 2278 737 2316 fastam,
769 2284 896 2311 Conditio
909 2285 1029 2321 futuram
1054 2284 1158 2319 ostmzdit
1179 2287 1196 2313 l.
1218 2296 1236 2313 1.
1257 2287 1288 2313 D.
1297 2290 1332 2315 60

250 2315 284 2342 de
307 2315 395 2342 donat.

287 2357 306 2376 n
315 2358 332 2377 E
340 2357 365 2376 M
375 2357 394 2377 0
402 2358 424 2376 N
433 2358 446 2377 s
455 2357 476 2377 T
485 2357 504 2377 R
512 2357 534 2377 A
542 2358 564 2377 N
572 2357 593 2378 'r
603 2358 656 2383 iA,
677 2361 716 2379 ae.
735 2352 755 2379 f.
791 2353 858 2380 Idem
872 2360 943 2389 atque
954 2353 1143 2387 Dcmovfiratio.

249 2385 422 2413 monstrantia
435 2394 509 2412 rarae
523 2385 709 2422 degefierisque
723 2387 818 2415 herbae
838 2389 902 2415 Plin.
919 2398 955 2424 17,
963 2398 984 2422 ς.

250 2421 352 2456 Salmas.
369 2421 454 2446 Exerc-
490 2420 555 2446 Plin.
571 2430 595 2454 p.
610 2427 644 2451 81.
679 2423 726 2449 Sed
736 2425 788 2450 alia
802 2428 881 2450 omnia
897 2425 978 2451 Hard.

287 2461 394 2484 DEMo
408 2461 429 2480 N
440 2460 644 2488 STRATOR,
664 2458 729 2484 oris.
746 2468 782 2485 m.
810 2459 933 2486 Vei-bale.

1191 2359 1224 2382 Vt
1238 2358 1289 2384 De-

1019 2391 1061 2418 Sic
1073 2398 1137 2417 certe
1149 2392 1198 2427 legi
1210 2394 1290 2418 voluit

252 2500 278 2524 3,
293 2500 321 2518 ιο
340 2492 430 2524 Itaque
443 2489 522 2516 huius
535 2490 646 2516 rationis
658 2492 900 2521 Demonstratorem
919 2496 1001 2529 magis
1017 2498 1065 2522 else
1078 2506 1120 2522 me
1129 2517 1136 2528 ,
1155 2506 1234 2530 quam
1249 2505 1288 2523 in-

252 2532 391 2554 ventorem
409 2525 520 2551 libenter
539 2525 673 2560 profiteor.
746 2527 802 2553 Cic.
815 2528 848 2554 de
860 2530 933 2555 Orat.
952 2539 977 2562 2,
994 2539 1036 2562 353
1052 2541 1073 2556 c.
1089 2535 1120 2561 86
1139 2532 1287 2559 Simonides

253 2562 352 2589 dicitur
364 2569 396 2587 ex
408 2569 450 2593 eo,
464 2560 535 2595 quod
549 2561 714 2593 meminisset,
731 2571 786 2596 quo
799 2571 892 2589 eorum
905 2565 964 2590 loco
972 2566 1083 2599 quisque
1098 2566 1237 2600 cubuisset,
1247 2568 1289 2594 de-

252 2597 410 2625 monstrator
422 2596 499 2622 vnius
513 2597 639 2631 cuiusque
654 2597 795 2631 sepeliendi
809 2599 892 2625 fuiffe.
945 2600 1029 2626 Esaias
1044 2601 1162 2635 Virginis
1182 2603 1288 2629 demon-

251 2633 346 2660 strator
362 2632 475 2668 Hieron.
487 2632 545 2658 adu.
560 2641 611 2658 err.
624 2633 663 2658 Io.
678 2633 783 2660 Hieros.
797 2635 842 2668 Ep.
856 2637 883 2660 61
898 2644 920 2660 c.
934 2645 961 2668 4.

290 2675 335 2695 DE
346 2675 369 2694 M
382 2674 432 2695 οΝ
442 2670 650 2694 STRATsvv
661 2674 674 2694 s
684 2688 692 2700 ‚
713 2677 736 2700 a,
755 2677 808 2695 um.
836 2669 896 2696 Adi.
932 2668 1119 2706 [imam-mes]
1162 2673 1212 2703 Vt,
1239 2674 1289 2699 De-

253 2703 453 2730 monstratiuum
467 2711 555 2737 genus.
610 2702 666 2729 Cic.
680 2703 712 2730 de
726 2705 827 2730 Inuent.
843 2713 862 2736 1,
878 2712 894 2739 7
909 2714 930 2731 c.
948 2714 960 2737 5
987 2706 1228 2733 Demonstratiuum
1242 2709 1288 2741 est,

253 2738 326 2774 quod
345 2738 473 2765 tribuitur
492 2738 520 2764 in
539 2738 650 2765 alicuius
668 2745 753 2766 certae
772 2740 897 2774 personae
918 2740 1038 2773 laudem,
1052 2746 1096 2767 aut
1115 2742 1288 2775 vituperatio-

253 2783 322 2801 nem.
358 2773 580 2800 Deinonss-ratiuus
594 2774 700 2808 digitus,
730 2778 757 2801 ui
774 2777 840 2802 alias
859 2776 936 2802 Index
957 2776 1125 2803 Cael.Aurel.
1139 2777 1225 2803 Tard.
1240 2786 1288 2809 ς,1.

291 2815 564 2836 DEMONSTRAT
576 2816 585 2835 1
597 2816 651 2836 vr.
688 2811 709 2836 A
730 2820 755 2837 u.

253 2843 343 2872 locum
365 2844 568 2871 demonstratiue
586 2850 682 2871 terram
695 2846 791 2873 dicens.

291 2886 309 2906 D
318 2886 335 2906 Ε
343 2887 366 2906 Μ
375 2886 394 2906 0
402 2887 423 2906 N
431 2887 444 2907 s
452 2887 473 2906 T
482 2887 501 2906 R
509 2881 532 2906 Ᾱ
541 2887 556 2906 Β
567 2877 656 2913 i'L1s,
669 2890 690 2907 e.
706 2882 765 2908 Adi.
793 2882 870 2917 Apul.
880 2881 911 2908 de
918 2881 1040 2909 habitud.
1049 2882 1132 2909 doetr.
1141 2883 1203 2909 Plat.
1213 2892 1237 2917 p.
1246 2886 1288 2916 651

254 2916 321 2942 flor.
348 2915 508 2942 Vniuerfitas
527 2916 606 2942 maris
620 2915 829 2945 demonstrabilis
842 2927 896 2944 non
909 2919 960 2952 est,
978 2923 1003 2944 et
1017 2918 1110 2944 circuli
1123 2919 1290 2953 quadratura.

290 2957 308 2977 D
317 2957 334 2976 Ε
343 2957 367 2976 Μ
377 2957 395 2977 O
405 2958 419 2977 Ρ
428 2957 449 2976 H
459 2957 479 2978 Ο
487 2957 520 2981 Ν,
538 2952 578 2977 vel
595 2958 809 2985 DEMoPHOON‚
821 2954 901 2980 ontis.
923 2964 957 2980 m.
986 2955 1064 2980 Filius
1076 2955 1164 2989 Thesei
1176 2961 1199 2980 et
1213 2955 1289 2982 Phae-

251 2985 327 3017 drae,
351 2985 383 3011 ad
397 2987 500 3013 Troiam
508 2984 657 3022 profeHus,
680 2991 723 3023 qui
736 2988 793 3015 inde
811 2989 924 3022 rediens,
944 2987 1082 3025 tempestate
1100 2989 1196 3016 delatus
1214 2988 1249 3023 est
1261 2993 1289 3016 in
1309 2994 1340 3020 80

258 3020 408 3048 Thraciam:
434 3028 457 3047 et
469 3031 484 3047 a
503 3021 631 3056 Phyllide,
650 3025 699 3049 loci
711 3028 813 3060 regina,
839 3024 945 3060 hospitio
965 3032 1094 3060 exceptus,
1113 3035 1183 3061 quam
1202 3025 1287 3052 deinde

252 3056 360 3092 deserens
372 3056 444 3092 causa
456 3058 496 3083 illi
506 3061 594 3084 mortis
602 3058 672 3093 fuit.
714 3060 772 3086 Vid.
786 3059 912 3092 Phyllidis
929 3060 962 3087 ad
980 3061 1287 3096 Demophoontein‘Epi-

254 3091 318 3118 stola
330 3091 522 3118 Ouidianarum
537 3101 561 3119 2.
599 3094 672 3129 Conf.
686 3094 759 3130 Virg.
772 3096 836 3121 Aen.
850 3105 881 3128 11,
894 3096 952 3130 675.

293 3132 310 3152 D
318 3133 333 3152 E
343 3133 367 3152 M
379 3132 399 3153 o
410 3133 428 3153 R
440 3133 458 3152 D
467 3133 483 3153 E
492 3134 511 3154 o
519 3147 527 3160 ‚
547 3127 585 3160 di,
598 3129 663 3162 sum,
684 3133 735 3156 e‘re.
756 3131 769 3164 [
775 3129 916 3164 ἐποδάκνω]
932 3131 1020 3167 Morfic
1033 3132 1166 3167 decerpere.
1203 3132 1285 3159 Plaut.

254 3162 334 3201 Merc.
348 3171 376 3194 4,
388 3170 411 3195 ς,
425 3171 441 3188 2
467 3163 520 3189 Aut
535 3172 618 3198 angue
630 3165 748 3192 demorsa
761 3166 864 3193 ceffauit
877 3167 989 3201 turgida.

256 3196 277 3221 li
313 3205 329 3222 o
343 3197 446 3232 fulgure
457 3197 531 3238 icto,
549 3199 655 3226 reiectis
668 3201 724 3235 post
736 3206 808 3236 terga
823 3201 944 3228 manibus
957 3202 1108 3230 demorderi
1123 3203 1242 3238 aliquid,
1260 3210 1286 3231 et

259 3239 274 3256 a
305 3232 404 3259 dentem
418 3242 465 3268 qui
478 3233 564 3260 doleat
578 3234 730 3268 admoueri,
747 3237 867 3264 remedio
886 3239 934 3264 esse
948 3238 1071 3273 produnt.

295 3271 440 3295 DEMORS
451 3275 471 3294 v
482 3276 512 3301 s,
538 3278 561 3301 a,
587 3279 640 3297 um.
676 3272 768 3299 Partic.
804 3274 871 3300 Pers.
887 3282 907 3306 1,
922 3276 968 3300 106
987 3274 1043 3301 Nec
1057 3274 1175 3308 pluteum
1191 3273 1285 3307 caedit,

258 3308 305 3326 nec
317 3299 446 3328 demorsos
460 3304 524 3338 sapit
538 3314 645 3339 vngues.

295 3341 312 3360 Ι)
322 3342 423 3362 EMOR
433 3346 444 3363 s
455 3337 465 3363 i
475 3345 491 3364 c
501 3346 537 3372 o,
557 3344 609 3367 are.
645 3342 784 3377 Frequent.
810 3344 897 3380 Morsu
911 3344 1044 3380 decerpere.
1065 3346 1142 3379 Apul.
1156 3346 1220 3372 Met.
1230 3354 1245 3372 2
1259 3355 1284 3380 p.
1300 3348 1335 3373 90

262 3377 315 3401 ¹242
324 3377 348 3401 ¹5
371 3370 424 3396 Vbi
437 3373 505 3406 sagae
519 3376 642 3403 mulieres
660 3386 707 3404 ora
721 3384 887 3405 mortuorum
900 3380 986 3414 paffim
1000 3380 1179 3407 demorficant.

294 3410 609 3449 DEMORSICA'rvs‚
632 3420 655 3444 a,
683 3422 737 3439 um.
773 3415 840 3441 Part.
877 3416 954 3450 Apul.
975 3417 1038 3442 Met.
1056 3425 1069 3448 3
1089 3425 1113 3450 p.
1136 3425 1184 3448 140
1213 3415 1285 3442 R0fi³

261 3442 360 3465 tantum
377 3439 547 3470 demorsscans
563 3447 647 3473 exibis
662 3448 770 3475 asinum.

299 3478 316 3497 D
327 3480 341 3498 Ε
351 3480 372 3498 M
383 3482 401 3500 0
411 3482 428 3501 R
442 3481 449 3500 ¹
462 3481 481 3499 0
492 3483 508 3501 R
519 3497 525 3508 2
546 3481 603 3513 3158,
627 3484 667 3509 vel
684 3484 746 3516 eris,
766 3483 819 3510 ori.
854 3484 1027 3518 [ἐπσθγῆσκω]
1064 3486 1195 3512 Paullatim
1214 3489 1284 3513 mori.

1296 2643 1332 2671 70

792 2811 912 2839 Μαι-τοὶ).
924 2812 953 2838 in
961 2812 1048 2838 Somn.
1057 2812 1124 2846 Scip.
1137 2814 1194 2845 1,16
1211 2813 1288 2839 Hunc
1301 2818 1333 2845 75

1040 3168 1104 3193 Plin.
1126 3173 1166 3200 28,
1185 3178 1204 3202 4
1229 3169 1259 3195 Et
1272 3177 1289 3194 e
1303 3170 1331 3199 85

262 3507 390 3547 Cf’lkssm'l·
405 3518 416 3541 5
448 3510 508 3536 Siue
522 3514 590 3540 enim
609 3524 683 3552 caput
701 3519 869 3546 demortuum
887 3520 939 3552 est,
965 3520 1018 3546 duo
1037 3520 1178 3548 induantur
1200 3522 1285 3548 statim
1297 3529 1328 3555 95

366 3563 371 3568 .
440 3545 591 3572 Dcmoritnr
609 3559 636 3577 ea
653 3560 677 3579 tc

262 3577 345 3604 Milit.
360 3586 385 3609 4,
399 3587 418 3610 ι,
431 3587 468 3609 23.
503 3581 570 3607 AM.
583 3591 609 3615 4,
621 3593 645 3616 2,
658 3574 699 3619 49³,

302 3618 321 3637 D
332 3619 348 3638 Ε
357 3619 379 3638 Μ
389 3621 407 3639 t)
416 3619 434 3638 R
444 3620 465 3639 Τ
474 3621 492 3640 V
502 3622 520 3640 V
530 3623 541 3641 s
551 3635 558 3646 ,
590 3626 614 3649 a,
641 3628 692 3647 um.
728 3625 819 3652 Pal-tic,
856 3625 1049 3659 [αἰηοτιρνηκώς]
1085 3627 1140 3653 Cic.
1161 3628 1236 3653 Verr.
1258 3636 1283 3660 2,

265 3654 312 3679 124
326 3656 346 3672 c.
362 3655 391 3678 30
422 3648 492 3674 Nam
504 3659 584 3683 quum
598 3653 655 3679 ess'et
674 3664 702 3681 ex
723 3667 841 3687 veterum
862 3671 974 3688 numero
990 3661 1097 3695 quidam
1118 3663 1225 3687 Senator
1243 3662 1285 3688 de-

262 3688 395 3722 mortuus.
415 3688 525 3724 et-cum,
544 3693 588 3711 etc.

260 3717 331 3777 Ibsstjt·
346 3725 373 3742 11¹
386 3718 456 3743 cass-
471 3727 491 3743 C·
506 3727 543 3758 43,
556 3727 581 3754 ’7-
650 3724 804 3754 Demortuae
818 3733 963 3763 potationes
977 3738 1002 3758 ct
1016 3740 1125 3764 coenae,
1142 3739 1189 3766 prr
1202 3739 1286 3758 trans-

272 3758 375 3777 anonem
397 3752 482 3791 uPlaut.
495 3754 574 3794 Stich.
590 3764 609 3786 1,
624 3765 645 3788 3,
659 3764 699 3790 48.

297 3792 315 3827 9
326 3793 341 3812 F,
353 3793 376 3811 M
388 3794 433 3828 0·R
443 3794 461 3812 O
472 3795 488 3813 R
498 3807 506 3819 ,
526 3793 587 3820 Lssris,
606 3795 660 3830 ntus
676 3794 737 3826 sum,
750 3796 795 3822 firi.
811 3798 873 3831 Dep,

257 3830 312 3846 rari
325 3828 347 3847 et
361 3821 474 3848 denucre.
508 3823 588 3850 Plaut.
603 3826 675 3860 Epid.
689 3837 711 3860 3,

724 3556 761 3582 Te
778 3555 889 3591 depcrit,
919 3563 941 3581 ct
958 3556 1030 3582 ardet
1047 3566 1126 3583 amore
1140 3560 1178 3583 tui
1201 3558 1283 3584 Plaut.

895 3800 1045 3833 [διοιμέλλω
1057 3801 1210 3835 σῖυλίζομαι]
1230 3803 1284 3828 ΜΟ-

724 3838 745 3861 2,
759 3841 794 3864 40
815 3833 867 3857 Diu
881 3843 922 3860 me
935 3838 992 3862 cstis
1004 3837 1142 3864 demorati.
1178 3838 1283 3864 Colum.

259 3863 282 3887 3,-
304 3865 319 3882 2
345 3855 480 3883 Prudessffl
498 3859 614 3892 magistri
633 3861 686 3893 est,
709 3864 825 3893 eiusdem
843 3873 1059 3900 nomenclationis
1081 3873 1208 3907 aucupio,
1227 3880 1330 3908 quo¹05

1403 560 1421 579 D
1431 561 1447 580 E
1458 560 1482 580 M
1494 560 1512 581 ο
1521 561 1569 580 RA
1579 561 1600 580 'r
1609 561 1629 580 v
1638 562 1650 581 s
1660 576 1669 588 ,
1686 566 1710 589 a,
1730 566 1785 583 um.
1826 559 1920 592 Depon.
1957 555 2046 583 Plaud.
2063 558 2128 586 Rud.
2144 569 2169 592 2,
2182 570 2210 593 4,
2224 567 2255 594 27
2277 559 2350 591 Quid
2364 560 2400 585 sa-

1368 588 1468 615 cerdoti
1482 597 1554 615 meae
1572 588 1673 623 dicam,
1694 592 1735 618 hic
1751 592 1915 619 demoratam
1927 592 2046 619 tamdiu?
2116 596 2162 622 Sed
2174 593 2238 631 paſjl
2255 594 2322 621 Gell.
2332 600 2374 626 19,
2386 599 2400 625 8

1366 624 1469 659 Hisque
1488 624 1557 658 ipfis,
1575 633 1642 659 quae
1660 627 1714 654 iam
1734 627 1806 660 dixi,
1830 628 1979 655 demoratos
1999 636 2047 655 vos
2065 627 2159 663 video,
2175 630 2271 662 alicui,
2292 629 2399 665 opinor,

1365 660 1474 694 negotio
1490 660 1640 686 destinatos.

1402 701 1421 721 D
1431 703 1447 722 E
1456 703 1508 722 Mo
1517 703 1536 722 R
1544 703 1565 722 A
1575 703 1596 723 T
1605 703 1615 722 1
1624 702 1643 722 o
1651 715 1660 728 ,
1688 697 1756 724 onis.
1775 697 1795 724 f.
1816 698 1883 734 apud
1899 698 2057 731 Hieronym.
2096 717 2103 724 .
2140 717 2148 724 .

1400 737 1419 757 D
1430 738 1446 757 Ε
1456 738 1480 757 Μ
1489 737 1508 757 O
1516 738 1534 757 R
1544 738 1566 757 Α
1574 738 1595 758 Τ
1605 737 1623 757 O
1633 737 1669 762 R,
1693 733 1755 765 oris.
1774 742 1809 759 m.
1826 733 1893 769 apud
1904 735 2028 761 Martian.
2040 733 2139 768 Capell.
2153 741 2173 759 1.
2188 757 2190 759 .

1401 772 1420 792 D
1429 773 1446 793 Ε
1454 773 1477 791 Μ
1488 773 1506 793 0
1516 774 1529 793 s
1538 773 1559 792 T
1568 773 1589 793 H
1598 764 1614 793 ἔ
1623 774 1644 793 Ν
1652 773 1668 792 Ε
1677 773 1702 800 s,
1716 768 1747 794 is.
1766 777 1801 794 m.
1823 769 1987 803 [Δημοᾶένης]
2007 767 2172 803 Ατῆεηίεηβῐ,
2182 769 2327 797 Graecorum
2335 770 2399 796 Ora-

1363 807 1444 828 torum
1458 803 1527 838 longe
1534 805 1670 838 princeps,
1678 806 1747 829 cuius
1758 806 1896 830 imitationi
1909 805 2042 837 Ciceronis,
2058 805 2103 831 hoc
2115 802 2158 837 est,
2170 805 2278 831 Romana
2291 807 2400 840 eloquen-

1363 839 1402 863 tia
1412 837 1520 864 debetur.
1576 839 1662 874 Elogia
1673 840 1724 863 eius
1734 845 1809 874 prope
1820 838 1922 874 infinita
1947 844 2075 872 unt,inter
2087 849 2146 876 quae
2159 837 2223 865 Ιεξῖιι
2236 839 2400 880 dignrffimum

447 869 502 894 Cic.
517 869 592 895 Verr.
605 877 628 909 ²2
644 877 690 903 134
710 869 821 904 Legatos
829 871 947 903 mittunt,
961 872 1010 906 qui
1022 881 1083 899 eum
1097 873 1166 907 leges
1173 873 1300 904 Doceant,
1317 878 1352 897 πο
1364 872 1496 905 Qlinc'til.
1509 882 1547 905 io,
1557 876 1618 908 x,76
1638 874 1783 900 Oratorum
1816 889 1862 894 -—
1896 875 1930 902 At
1950 876 2006 902 enis
2040 891 2086 895 —
2121 875 2199 909 longe
2215 883 2333 910 princeps
2348 876 2399 902 De-

1363 907 1525 941 mosthenes,
1545 917 1573 934 ac
1586 917 1668 942 paene
1688 909 1728 935 lex
1742 909 1837 936 orandi
1855 909 1917 937 fuit.
1972 911 2062 938 Tanta
2080 912 2121 937 vis
2139 911 2167 937 in
2185 919 2233 942 eo,
2252 917 2305 937 tam
2322 912 2399 938 densa

1363 943 1470 975 omnia,
1490 944 1526 970 ita
1539 944 1698 978 quibusdam
1709 945 1799 971 neruis
1818 945 1919 972 intenta
1931 947 2005 978 sunt,
2029 953 2080 973 tam
2095 946 2163 973 nihil
2175 946 2290 972 otiosum
2299 966 2306 977 ‚
2326 946 2347 972 is
2360 947 2399 973 di-

1364 978 1441 1005 cendi
1453 980 1545 1006 modus
1554 1000 1562 1012 ,
1582 986 1610 1006 vt
1623 989 1671 1006 nec
1685 980 1756 1015 quod
1769 979 1833 1006 defit
1848 981 1877 1007 in
1890 990 1938 1014 eo,
1963 990 2011 1008 nec
2022 982 2095 1016 quod
2107 981 2252 1014 redundet,
2270 982 2399 1008 inuenias:

1363 1014 1431 1041 Add.
1447 1014 1504 1041 Cic.
1524 1015 1556 1041 de
1569 1016 1643 1042 Orat.
1658 1024 1678 1048 1,
1691 1018 1743 1042 260
1762 1025 1784 1042 c.
1800 1018 1829 1042 61
1851 1016 1894 1042 vbi
1905 1015 2090 1050 illiusstudium
2102 1021 2129 1043 in
2136 1017 2286 1053 superandis
2297 1016 2400 1052 impedi-

1362 1053 1452 1076 mentis
1471 1060 1486 1076 ιι
1503 1058 1595 1077 ηατιινα
1616 1048 1718 1077 obieth's
1730 1051 1857 1087 facultati
1875 1051 1981 1078 dicendi.
2051 1052 2194 1087 Eloquium
2214 1061 2242 1079 ac
2262 1052 2331 1079 fama
2349 1053 2401 1078 De·

1363 1084 1506 1112 mosthenis
1526 1087 1644 1113 quenal.
1659 1096 1696 1119 10,
1708 1096 1760 1119 130.
1832 1087 2018 1114 Demosthenes
2029 1097 2097 1114 vnus
2110 1088 2208 1115 eminet
2227 1089 2295 1114 inter
2309 1095 2401 1114 omnes

1363 1121 1392 1147 in
1405 1121 1480 1147 omni
1494 1130 1589 1156 genere
1602 1122 1707 1149 dicendi
1738 1122 1793 1149 Cic.
1808 1123 1837 1148 in
1850 1123 1923 1149 Orat.
1939 1126 1989 1149 110.
2060 1124 2090 1149 Et
2105 1124 2188 1158 ipsum
2201 1124 2336 1150 Platonem
2350 1123 2399 1149 stu-

1363 1156 1435 1183 diose
1448 1156 1601 1184 lectitauifse
1615 1164 1640 1184 et
1654 1158 1780 1184 audiuisse
1793 1157 1893 1186 dicitur
1915 1158 1988 1185 Idem
2001 1158 2032 1184 de
2046 1159 2115 1185 Clar.
2130 1160 2203 1185 Orat.
2218 1168 2264 1185 121.

1399 1198 1418 1217 D
1427 1199 1444 1219 E
1454 1199 1478 1219 M
1487 1191 1506 1218 6
1518 1199 1538 1218 ν
1549 1200 1565 1219 E
1575 1199 1595 1220 ο
1605 1213 1614 1226 ,
1636 1194 1698 1226 oui,
1718 1199 1801 1226 ctum,
1820 1198 1872 1220 ere.
1909 1196 1947 1221 De
1959 1195 2010 1220 loco
2022 1203 2115 1220 mouere
2133 1195 2202 1221 Ter.
2215 1194 2288 1220 Adel.
2303 1203 2328 1226 2,
2343 1202 2363 1225 1,
2373 1195 2400 1220 16

1363 1227 1434 1253 Caue
1447 1237 1515 1254 nunc
1528 1229 1581 1255 iam
1592 1229 1683 1255 oculos
1696 1238 1710 1256 a
1730 1229 1796 1256 meis
1807 1229 1890 1256 oculis
1905 1238 2039 1265 quoquam
2053 1229 2191 1256 demoueas
2204 1236 2272 1256 tuos.
2342 1229 2399 1255 Cic.

1361 1272 1410 1297 pro
1423 1264 1493 1290 Sulla
1508 1266 1541 1290 62
1566 1266 1605 1292 Ita
1623 1273 1696 1292 carus
1710 1266 1828 1300 Vtrisque
1848 1265 1900 1298 est,
1919 1272 1996 1300 atque
2015 1265 2158 1297 iucundus,
2183 1272 2211 1292 vt
2229 1274 2283 1291 non
2303 1265 2400 1291 altero·

1362 1298 1522 1332 demouiffe,
1540 1300 1583 1326 sed
1604 1306 1731 1335 vtrosque
1745 1301 1902 1327 constituisse
1916 1301 2047 1328 videatur.
2120 1300 2244 1332 Nomen,
2263 1306 2289 1326 et
2302 1299 2400 1334 effigies

1360 1334 1471 1369 priuatis
1488 1344 1516 1361 ac
1533 1335 1647 1370 publicis
1665 1336 1731 1362 locis
1756 1336 1931 1363 demouendas
1950 1335 2070 1362 censebat
2109 1336 2201 1362 Tacit.
2221 1337 2289 1362 Ann.
2309 1344 2344 1367 11,
2364 1339 2401 1366 38.

1361 1371 1488 1396 Demotus
1501 1380 1597 1403 manu,
1618 1377 1643 1398 et
1655 1371 1727 1398 aenis
1742 1380 1863 1406 praeceps
1883 1372 1939 1399 Cic.
1955 1381 2003 1407 pro
2017 1371 2122 1399 Caecin.
2136 1380 2181 1404 49.
2236 1371 2328 1397 Tacit.
2337 1379 2357 1403 1,
2366 1376 2402 1404 79

1361 1406 1404 1433 Ne
1416 1405 1506 1433 Clanis
1519 1406 1598 1433 solito
1611 1407 1695 1433 Alueo
1710 1407 1831 1434 demotus
1843 1408 1871 1434 in
1888 1416 1992 1434 amnem
2005 1408 2106 1434 Arnum
2119 1407 2313 1433 transferretur.
2367 1406 2401 1431 In

1361 1441 1456 1468 insulas
1476 1442 1620 1469 interdieto
1640 1443 1695 1477 igni
1715 1449 1740 1469 et
1759 1451 1842 1478 aqua,
1871 1442 1974 1470 demoti
1991 1444 2050 1469 sunt
2077 1442 2168 1469 Tacit.
2188 1443 2253 1468 Ann.
2274 1444 2300 1474 6,
2319 1449 2360 1473 30,
2379 1449 2400 1466 1.

1361 1477 1506 1504 Demoueri
1519 1483 1544 1504 et
1557 1478 1652 1513 depelli
1666 1478 1698 1504 de
1712 1478 1772 1504 loco
1792 1479 1848 1505 Cic.
1857 1487 1905 1513 pro
1914 1480 1988 1506 Caec.
1998 1488 2020 1505 c.
2032 1486 2067 1512 17.
2121 1477 2202 1504 Plaut.
2218 1478 2285 1504 Pers.
2298 1485 2318 1508 3,
2332 1485 2350 1506 1,
2363 1477 2401 1508 46

1361 1512 1437 1538 Dicat
1463 1512 1536 1547 quod
1563 1515 1675 1548 quisque
1694 1514 1768 1547 vult,
1787 1522 1837 1548 ego
1857 1514 1888 1540 de
1910 1513 1957 1540 hac
1976 1514 2103 1540 sententia
2141 1513 2206 1540 Non
2225 1506 2400 1539 demouebor.

1359 1547 1417 1572 Nec
1436 1553 1548 1580 terrore,
1561 1555 1606 1574 aut
1625 1549 1752 1582 promiffis
1772 1549 1947 1576 demouentur
1974 1548 2066 1576 Tacit.
2083 1549 2150 1575 Hist.
2170 1558 2204 1582 4,
2220 1554 2257 1582 58.
2329 1548 2400 1573 Cura

1357 1589 1449 1606 rerum
1469 1582 1610 1609 Pallantem
1630 1583 1754 1610 demouet
1773 1584 1844 1611 Idem
1858 1585 1925 1611 Hist.
1942 1594 1962 1618 1,
1999 1604 2007 1611 .
2044 1603 2051 1611 .
2123 1584 2268 1611 Demoueri
2281 1592 2311 1609 ex
2325 1582 2400 1613 recto

1359 1616 1416 1655 Cic.
1431 1615 1462 1641 de
1477 1616 1534 1642 Fin.
1548 1626 1576 1649 4,
1613 1637 1620 1643 .
1658 1637 1665 1644 .
1735 1619 1796 1644 Liu.
1817 1621 1844 1651 6,
1863 1628 1894 1651 32
1920 1621 2108 1654 Quantumque
2121 1620 2238 1646 Romana
2255 1620 2279 1645 se
2297 1618 2399 1644 inuexit

1358 1659 1442 1681 acies,
1461 1657 1563 1678 tantum
1575 1651 1661 1678 hostes
1675 1652 1757 1686 gradu
1771 1653 1880 1680 demoti.
1950 1654 1999 1681 Sed
2011 1655 2144 1680 Tiberius
2158 1654 2311 1680 demoucrat
2325 1653 2400 1684 Syria

1358 1686 1494 1712 Creticum
1507 1687 1641 1714 Sullanum
1654 1687 1745 1714 Tacit.
1759 1688 1826 1714 Ann.
1842 1697 1864 1721 2,
1877 1696 1918 1721 43.
1987 1689 2096 1715 Seueros
2116 1690 2237 1715 tribunos
2256 1689 2400 1713 demouere

1356 1721 1431 1747 Idem
1445 1729 1471 1753 2,
1510 1739 1516 1746 .
1555 1741 1561 1748 .
1632 1723 1659 1749 Si
1673 1723 1792 1757 priorem
1811 1729 1911 1757 aetate,
1924 1723 2005 1751 etiam
2023 1723 2184 1751 labefaehun
2196 1723 2349 1749 demouiffet
2361 1720 2400 1748 ld.

1356 1757 1424 1783 Ann.
1438 1765 1466 1789 4,
1480 1758 1523 1782 60.

1392 1797 1597 1823 DEMPTVS,
1626 1791 1680 1818 vid.
1712 1799 1828 1819 nrMo.

1392 1834 1411 1855 D
1420 1834 1437 1853 E
1446 1834 1471 1853 M
1482 1829 1504 1853 87
1513 1833 1533 1854 G
1542 1835 1551 1853 1
1561 1834 1580 1854 0
1589 1847 1597 1859 ,
1613 1827 1669 1859 fui,
1686 1829 1734 1854 ire.
1772 1828 1785 1861 [
1792 1826 1947 1861 μυχοίομαι]
1983 1829 2086 1864 Mugitu
2099 1828 2206 1863 implere.
2232 1826 2314 1853 Ouid.
2333 1827 2398 1853 Met.

1354 1871 1381 1923 l11
1385 1882 1401 1923 ἆ
1414 1870 1459 1897 375
1498 1863 1628 1897 Sanguine
1652 1862 1715 1889 litus
1751 1862 1881 1898 Vndaque
1906 1863 1992 1899 prima
2011 1863 2104 1895 rubet,
2135 1862 2338 1896 demugitaeque
2356 1869 2400 1895 pa-

1366 1907 1382 1923 u
1403 1906 1437 1923 es.
1561 1922 1562 1925 ,

1392 1939 1411 1958 D
1419 1939 1435 1958 E
1444 1938 1469 1957 M
1478 1939 1499 1958 V
1510 1938 1526 1957 L
1536 1938 1553 1958 C
1561 1938 1577 1958 E
1588 1939 1607 1959 O
1616 1952 1625 1964 ,
1648 1932 1666 1959 fi
1675 1951 1683 1964 ,
1710 1932 1766 1957 sum
1774 1952 1783 1964 ,
1807 1935 1859 1958 ὅτε.
1904 1932 2037 1965 [μειλίσσω
2045 1952 2053 1964 ,
2076 1932 2281 1965 καταμειλίσσιν]
2322 1929 2400 1956 Valde

1355 1973 1380 1992 et
1394 1965 1505 2002 studiose
1524 1968 1642 1994 mulcere:
1663 1973 1692 1993 vt
1709 1966 1774 2002 Jblet
1786 1966 1850 2002 fieri
1872 1969 1968 1993 catellis
1990 1977 2064 2003 quum
2085 1967 2198 1995 manibus
2219 1964 2399 1992 atti-effantur.

1357 2002 1414 2029 Ideo
1433 2009 1457 2028 et
1469 2010 1517 2037 pro
1530 2004 1644 2029 Dclinire
1654 2005 1768 2038 ponitur.
1804 2002 1872 2029 Ter.
1887 2003 1982 2029 Heaut.
1996 2013 2024 2037 4,
2043 2011 2070 2035 4,
2086 2011 2116 2036 ¹4
2144 2002 2208 2028 Non
2222 2002 2321 2035 possum
2334 2001 2400 2036 pati,

1356 2038 1422 2072 quin
1435 2037 1488 2066 tibi
1498 2044 1574 2072 caput
1592 2038 1762 2065 demulceam.
1788 2038 1845 2063 Vid.
1866 2038 1903 2064 ibi
1915 2038 2103 2072 Eugraphium.
2139 2038 2198 2063 Liu.
2213 2046 2239 2069 9,
2251 2040 2279 2063 16
2299 2038 2401 2071 Papirii

1355 2082 1404 2099 vox
1423 2073 1458 2098 ad
1475 2077 1568 2108 equites
1584 2075 1668 2101 laxari
1680 2072 1732 2107 fibi
1748 2073 1784 2099 ali
1801 2073 1847 2099 uid
1862 2073 1955 2099 laboris
1968 2080 2096 2108 petentes,
2117 2072 2161 2099 Ne
2179 2072 2246 2098 nihil
2265 2072 2400 2099 remiffiim

1355 2107 1466 2140 dicatis,
1480 2109 1604 2140 remitte,
1618 2118 1651 2134 ne
1669 2108 1761 2143 vtique
1797 2108 1886 2134 orsum
1906 2107 2091 2140 demulceatis,
2106 2117 2187 2141 quum
2207 2116 2238 2134 ex
2259 2108 2334 2142 equis
2353 2107 2397 2133 de-

1355 2144 1489 2170 scendetis.
1545 2143 1661 2171 Lafiant.
1676 2143 1707 2171 de
1720 2145 1762 2170 Ira
1775 2144 1825 2170 Dei
1838 2153 1860 2170 c.
1874 2151 1891 2178 7
1931 2144 1962 2170 Et
1975 2148 2064 2170 tamen
2075 2143 2196 2169 videmus
2215 2144 2243 2170 in
2261 2143 2322 2169 aliis
2343 2143 2399 2169 ani*-

1354 2179 1488 2206 mantibus
1501 2179 1630 2214 quaedam
1643 2179 1713 2214 signa
1727 2179 1843 2207 laetitiae
1852 2199 1860 2211 ,
1878 2188 1959 2214 quum
1974 2179 2006 2205 ad
2020 2179 2105 2205 lusum
2125 2179 2251 2213 gestiunt,
2266 2187 2340 2205 aures
2353 2177 2398 2204 de-

1354 2214 1485 2246 mulcent,
1503 2215 1603 2242 rictum
1622 2214 1795 2247 contrahunt,
1815 2215 1933 2241 frontem
1951 2215 2085 2247 serenant,
2105 2214 2196 2241 oculos
2216 2215 2244 2240 in
2262 2214 2398 2240 lasciuiam

1354 2251 1500 2278 resoluunt.
1530 2251 1588 2277 Vici.
1601 2250 1707 2278 Turneb.
1720 2250 1787 2278 Adu.
1802 2259 1837 2282 21,
1849 2259 1892 2277 22.
2012 2263 2013 2266 ¹

1389 2292 1408 2312 D
1418 2292 1434 2312 E
1443 2293 1467 2312 M
1478 2293 1497 2312 v
1506 2293 1522 2313 1.
1531 2293 1548 2313 c
1557 2294 1578 2313 T
1587 2294 1608 2313 v
1617 2293 1629 2313 s
1637 2306 1646 2319 ,
1662 2295 1677 2313 a
1685 2306 1694 2319 ,
1714 2295 1768 2313 um.
1804 2287 1872 2313 Part.
1908 2286 1996 2321 Atque
2017 2285 2054 2312 ita
2066 2289 2154 2312 motus
2172 2290 2198 2311 et
2211 2283 2359 2312 demulctus
2371 2290 2397 2312 et

1354 2328 1442 2356 captus
1462 2321 1498 2348 est
1515 2322 1583 2348 Gell.
1595 2332 1618 2355 3,
1631 2330 1665 2354 ¹3-

1390 2364 1407 2383 D
1417 2364 1433 2383 Ε
1442 2364 1467 2383 Μ
1476 2364 1497 2383 V
1507 2365 1523 2383 L
1532 2364 1548 2384 c
1557 2364 1575 2384 0
1583 2378 1592 2389 ,
1608 2357 1634 2393 s
1654 2364 1673 2384 D
1681 2364 1698 2384 Ε
1706 2364 1730 2383 Μ
1741 2363 1763 2383 V
1771 2363 1786 2383 L
1797 2362 1814 2383 C
1825 2363 1846 2383 T
1856 2363 1875 2383 O
1883 2376 1891 2389 ,
1914 2359 1967 2383 dre.
2009 2355 2150 2383 Tristibus
2169 2355 2319 2390 asperisque
2336 2363 2398 2382 ver-

1354 2392 1464 2419 beribus
1478 2392 1594 2427 aliquem
1607 2392 1768 2421 demidEtare
1782 2393 1861 2419 Mart.
1877 2391 1975 2426 Capell.
1988 2396 2001 2422 8
2021 2400 2046 2425 p.
2059 2399 2116 2426 272.

1390 2433 1542 2454 DEMVM.
1575 2428 1643 2455 Adu.
1678 2428 1725 2462 [τό
1745 2429 1830 2460 τέλος,
1847 2427 1877 2453 τὸ
1897 2428 2053 2462 τελευταῖον]
2089 2427 2122 2454 Id
2141 2424 2182 2459 est,
2205 2426 2337 2457 Tandem,
2351 2425 2396 2453 Ad

971 2458 1145 2496 [οἱπιιδείκτης]
1181 2462 1287 2502 Colunt.
1301 2461 1333 2492 6)·
1351 2459 1511 2500 postremum,
1526 2465 1566 2489 ml
1577 2465 1629 2497 (vt
1638 2467 1675 2490 ait
1688 2464 1796 2495 Festus)
1811 2463 1876 2489 Post.
1889 2463 1956 2489 Ter.
1970 2462 2044 2488 Adel.
2059 2469 2082 2495 ς,
2095 2468 2117 2495 8,
2132 2471 2155 2494 ¹5
2181 2463 2235 2496 Ego
2249 2470 2333 2488 nouus
2341 2470 2396 2487 ma-

1353 2503 1436 2529 ritus,
1452 2506 1520 2523 anno
1534 2498 1641 2524 demum
1653 2499 1749 2532 quinto
1765 2504 1791 2524 et
1804 2497 1961 2532 sexagesimo
1986 2498 2077 2528 Fiam,
2091 2504 2169 2530 atque
2181 2506 2260 2523 anum
2280 2497 2397 2531 decrepi-

1355 2536 1408 2558 tam
1423 2531 1532 2559 ducam?
1586 2532 1660 2559 Idem
1676 2534 1739 2559 Hec.
1755 2541 1774 2563 1,
1787 2541 1810 2564 2,
1825 2540 1851 2565 53
1881 2532 1924 2558 Ibi
1943 2531 2049 2557 deinum
2069 2532 2106 2557 ita
2126 2540 2203 2565 aegre
2215 2532 2287 2561 tulit,
2299 2537 2337 2562 vt,
2350 2539 2396 2556 etc.

1354 2567 1433 2593 Nunc
1458 2567 1581 2600 demum,
1605 2568 1723 2595 Modone
1741 2567 1862 2598 demum,
1887 2567 1965 2601 Signa
1989 2566 2135 2597 tarditatis,
2162 2569 2247 2601 inquit
2267 2566 2393 2591 Donatus.

1354 2602 1424 2628 Ter.
1438 2604 1534 2629 Heaut.
1547 2612 1570 2635 2,
1583 2612 1605 2635 3,
1619 2612 1645 2629 η
1673 2603 1746 2634 Vah,
1759 2612 1828 2629 nunc
1849 2602 1955 2629 demum
1971 2602 2103 2635 intelligo.
2150 2601 2223 2627 Idem
2242 2601 2323 2626 Andr.
2338 2607 2359 2632 ς,
2373 2607 2396 2632 3,

1356 2645 1379 2663 11
1404 2638 1448 2663 Me
1461 2638 1596 2664 miserum.
1615 2645 1636 2665 S.
1652 2639 1767 2664 modone
1781 2638 1808 2664 id
1827 2638 1933 2664 demum
1947 2636 2022 2664 sensti
2037 2635 2188 2669 Pamphile?
2260 2636 2338 2662 Nunc
2352 2633 2395 2660 de-

1354 2680 1427 2698 mum
1443 2672 1527 2699 literis
1548 2673 1600 2699 tuis
1614 2673 1741 2705 rescribo,
1755 2682 1818 2706 quas
1832 2672 1864 2698 ad
1877 2681 1919 2698 me
1935 2671 2025 2697 misisti
2038 2671 2093 2697 Cic.
2107 2673 2159 2696 Att.
2176 2672 2213 2702 16,
2228 2678 2248 2702 3.
2313 2670 2395 2696 Plaut-

1356 2706 1425 2733 Asin.
1440 2716 1461 2740 ς,
1474 2716 1500 2740 2,
1513 2709 1542 2738 65
1580 2709 1614 2734 At
1632 2708 1732 2734 interea
1746 2714 1774 2734 vt
1794 2706 1979 2733 decumbamus
2001 2706 2129 2739 suadebo,
2145 2705 2173 2732 hi
2194 2706 2256 2732 dum
2276 2706 2394 2738 litigant:

1354 2742 1414 2768 Post
1432 2743 1538 2768 demum
1557 2742 1608 2769 huc
1627 2752 1681 2770 cras
1703 2743 1829 2769 adducam
1850 2742 1882 2768 ad
1900 2743 2002 2772 lenam,
2022 2748 2051 2767 vt
2071 2742 2168 2776 viginti
2194 2740 2321 2766 minas-ci
2341 2739 2393 2765 det.

1355 2774 1375 2811 q
1397 2784 1414 2802 2
1456 2778 1512 2803 Vim
1525 2780 1718 2813 interrogationi
1729 2784 1753 2803 et
1766 2774 1823 2806 ’ἦθος
1835 2777 1954 2811 quoddam
1964 2776 2052 2802 addit:
2072 2778 2127 2803 Cic.
2140 2777 2220 2803 Tusc.
2235 2783 2255 2808 ς.
2274 2783 2319 2809 ¹07
2333 2784 2354 2800 c.
2362 2782 2394 2809 37

1353 2812 1409 2837 Iam
1424 2819 1489 2837 vero
1501 2812 1625 2844 exilium,
1650 2811 1668 2837 si
1681 2820 1770 2838 reruni
1784 2817 1981 2843 natm-ammon
1996 2812 2169 2845 ignominiam
2185 2811 2301 2836 nominis
2315 2819 2394 2845 quae-

1354 2846 1454 2879 rimus,
1474 2852 1600 2881 quantum
1619 2846 1726 2873 demum
1744 2855 1759 2872 a
1777 2853 1900 2881 perpetua
1922 2848 2132 2881 peregrinatione
2152 2845 2256 2877 differt,
2270 2853 2315 2872 etc.
2352 2846 2394 2872 Sic

1355 2888 1378 2907 et
1397 2883 1457 2908 aliis
1467 2882 1585 2917 partibus
1602 2880 1717 2908 adit-fia:
1737 2882 1820 2908 Plaut.
1834 2882 1916 2909 Milit.
1932 2891 1961 2915 4,
1975 2887 1997 2914 8,
2015 2890 2041 2914 ς,-
2069 2883 2123 2916 Ego
2144 2882 2215 2907 enim
2234 2881 2320 2908 dicam
2341 2881 2395 2909 tibi

1354 2923 1411 2943 tum
1430 2916 1552 2950 demum,
1575 2918 1680 2952 quando
1700 2918 1757 2944 vsus
1780 2918 1875 2952 poscet.
1928 2918 2013 2952 Igitur
2033 2917 2138 2943 demum
2153 2924 2201 2952 pro
2220 2924 2271 2943 tum
2292 2917 2394 2943 demum.

1354 2953 1482 2979 Miserum
1503 2953 1539 2979 est
1553 2962 1569 2979 o
1589 2962 1633 2985 us,
1649 2953 1732 2988 igitur
1751 2952 1857 2979 demum
1872 2952 1965 2980 fodere
1987 2958 2094 2987 puteum
2105 2973 2111 2983 ,
2126 2952 2173 2979 vbi
2187 2952 2240 2979 fitis
2255 2953 2342 2979 fauces
2355 2958 2392 2979 te-

1353 2994 1397 3014 net
1417 2989 1498 3015 Plaut.
1519 2989 1565 3015 Mo
1590 3009 1596 3015 .
1610 2997 1670 3021 2,1,
1686 2997 1722 3021 32.
1759 2988 1827 3015 Add.
1842 2988 1880 3015 Id.
1898 2988 1966 3015 Rud.
1985 2999 2012 3022 4,
2034 2997 2059 3021 z,
2074 2997 2110 3021 ες.
2125 2996 2147 3014 et
2161 2988 2231 3014 alibi.
2267 2987 2338 3014 Vi&
2358 2987 2391 3014 de

1353 3024 1426 3050 Viris
1441 3024 1538 3051 Illustr.
1552 3034 1572 3050 c.
1588 3027 1625 3058 46
1655 3025 1684 3051 Et
1703 3034 1785 3059 qumn
1804 3025 1909 3052 moueri
1928 3024 2007 3050 nullis
2027 3024 2130 3051 viribus
2143 3025 2239 3058 posset,
2264 3033 2297 3050 ex
2315 3023 2392 3050 libris

1353 3059 1488 3094 cognitum
1502 3060 1552 3091 est,
1570 3059 1717 3086 castiffimae
1730 3059 1834 3086 demum
1848 3059 1963 3087 feminae
1983 3069 2061 3086 manu
2074 3061 2180 3086 moueri
2194 3060 2271 3094 posse.
2308 3059 2391 3086 Plaut.

1353 3096 1425 3129 Capt.
1440 3104 1462 3128 ς,
1475 3105 1503 3129 4,
1519 3104 1531 3128 3
1551 3095 1609 3122 Illic
1624 3096 1663 3122 ibi
1678 3096 1784 3123 demum
1798 3096 1833 3123 cst
1848 3096 1918 3122 locus
1928 3116 1935 3128 ,
1954 3095 2003 3122 vbi
2015 3095 2107 3122 labore
2123 3095 2240 3121 laffitudo
2253 3095 2340 3121 omnis
2353 3094 2390 3120 est

1353 3130 1483 3166 exigunda
1501 3140 1532 3157 ex
1552 3140 1672 3166 corpore.
1743 3132 1798 3158 Cic.
1814 3133 1841 3158 in
1856 3131 1956 3158 Sallust.
1993 3150 2000 3157 .
2038 3151 2045 3158 .
2083 3151 2089 3157 .
2124 3132 2158 3157 Ea
2177 3130 2283 3157 demum
2296 3138 2390 3163 magna

1351 3167 1472 3202 voluptas
1491 3167 1543 3199 est,
1556 3167 1648 3201 Crispe
1663 3166 1781 3200 Sallusti,
1794 3168 1929 3202 aequalem
1947 3176 1977 3194 ac
1991 3175 2079 3201 parem
2099 3166 2187 3192 verbis
2201 3166 2285 3191 vitam
2303 3173 2388 3198 agere.

1353 3203 1484 3236 Qiintffil.
1501 3211 1520 3235 1,
1534 3212 1552 3236 4
1579 3204 1681 3229 Possunt
1694 3209 1781 3229 autem
1794 3203 1821 3230 id
1835 3203 1950 3235 demum,
1959 3202 2030 3238 quod
2045 3202 2072 3228 in
2085 3201 2208 3235 proximo
2222 3200 2265 3226 est.
2304 3236 2308 3240 ι
2321 3201 2388 3240 Plin.

1353 3246 1378 3272 7,
1392 3246 1409 3273 ’.7
1436 3240 1459 3264 Is
1478 3238 1584 3264 demum
1603 3238 1724 3273 profec'to
1737 3239 1819 3265 vitam
1833 3248 1916 3273 aequa
1930 3239 2002 3265 lance
2014 3237 2160 3272 penfitabit,
2174 3242 2218 3262 etc.
2255 3236 2388 3269 Quinctil.

1352 3283 1380 3306 4,
1395 3282 1416 3306 ς,
1431 3281 1447 3308 7
1468 3273 1548 3308 Qtod
1570 3279 1656 3300 tamen
1674 3283 1763 3301 rarum
1783 3275 1830 3301 esse
1848 3274 1925 3301 debet
1943 3279 1968 3300 et
1986 3282 2018 3300 ex
2035 3271 2177 3299 neccffitate
2195 3271 2310 3297 demum.
2346 3272 2387 3298 Sic

1352 3310 1424 3336 enim
1438 3310 1522 3336 sentio
1534 3309 1562 3336 id
1581 3310 1686 3336 demum
1699 3316 1744 3336 aut
1764 3310 1850 3344 potius
1871 3310 1898 3336 id
1910 3309 1994 3336 solum
2007 3308 2055 3334 else
2066 3307 2190 3333 miserum
2200 3327 2207 3338 ‚
2221 3307 2293 3341 quod
2311 3312 2388 3340 turpe

1351 3344 1381 3371 sit
1397 3345 1454 3371 Cic.
1469 3346 1522 3371 Att.
1538 3351 1561 3377 8,
1574 3350 1596 3377 8,
1604 3352 1646 3381 pr.
1718 3345 1847 3378 Qunffll.
1862 3345 1976 3372 Declam.
1992 3352 2019 3370 to
2048 3344 2087 3369 Ita
2105 3342 2173 3368 mihi
2192 3342 2297 3369 deinum
2315 3342 2386 3381 satis„

1351 3380 1446 3412 facies,
1460 3380 1477 3406 si
1492 3380 1559 3415 apud
1579 3388 1679 3414 patrem
1690 3381 1774 3407 fuisti.
1971 3376 1991 3416 ff
2013 3387 2025 3410 3
2061 3380 2174 3404 Demum
2184 3399 2192 3411 ,
2205 3378 2278 3413 quod
2292 3376 2386 3410 fignifi-

1350 3421 1390 3442 cat
1403 3416 1475 3449 Post,
1487 3416 1555 3450 apud
1574 3417 1682 3443 Liuium
1698 3416 1912 3450 (Andronicum)
1930 3415 2026 3441 Demus
2048 3414 2152 3447 legitur.
2191 3414 2246 3440 Alii
2259 3413 2384 3444 Demum,

1350 3460 1399 3485 pro
1412 3452 1543 3478 Duntaxat
1563 3453 1704 3486 posuerunt
1723 3452 1818 3479 Festus.
1855 3452 1948 3477 Pacuu.
1969 3450 2042 3482 Qtid
2062 3449 2152 3476 demus
2172 3449 2253 3483 magis
2267 3456 2384 3474 commo-

1352 3486 1414 3512 dum
1430 3486 1479 3517 est,
1498 3496 1577 3521 quam
1590 3497 1623 3514 ne
1638 3494 1721 3515 tutum
1733 3487 1843 3522 perduas
1855 3486 1980 3512 iniuriam
1993 3485 2064 3518 pati?

1386 3529 1404 3549 n
1415 3529 1431 3548 E
1441 3529 1465 3548 M
1475 3529 1495 3548 v
1505 3529 1523 3548 R
1533 3530 1556 3548 M
1567 3529 1587 3547 v
1598 3529 1616 3548 R
1626 3532 1659 3555 o,
1680 3528 1731 3550 are.
1766 3523 1826 3549 Ter
1846 3521 1938 3548 nouies
1959 3529 2063 3547 carmen
2081 3520 2183 3555 magico
2202 3517 2385 3545 demurmurat

1349 3566 1396 3584 ore
1412 3556 1493 3583 Ouid.
1509 3559 1573 3584 Met.
1588 3567 1626 3591 14,
1640 3563 1676 3591 58.

1389 3598 1408 3619 D
1420 3599 1436 3618 E
1445 3599 1497 3619 MV
1507 3600 1525 3618 R
1535 3599 1558 3618 M
1568 3600 1588 3618 v
1598 3600 1616 3619 R
1625 3601 1645 3620 Λ
1655 3600 1693 3619 'ri
1704 3599 1722 3619 o
1731 3612 1739 3625 ‚
1760 3592 1827 3619 onis.
1848 3592 1867 3618 f.
1905 3590 2041 3624 Augustin.
2243 3622 2248 3627 ι

1387 3634 1406 3654 1)
1418 3634 1626 3654 ΕΜνεςΑΤΑ
1655 3627 1823 3654 Contumelia
1846 3626 2042 3661 [μεμυςήμένη]
2070 3623 2136 3660 apud
2156 3622 2296 3656 Apuleium
2317 3624 2380 3649 Met.

1349 3672 1362 3695 3
1382 3672 1405 3698 p.
1422 3672 1479 3696 140,
1499 3666 1532 3689 26
1552 3664 1660 3698 legitur,
1682 3671 1729 3698 pro
1749 3662 1922 3697 Diffimulata,
1939 3669 1961 3688 et
1981 3672 2034 3688 cum
2047 3660 2147 3695 silentio
2165 3658 2384 3694 indignationeque

641 3689 670 3713 In
685 3691 878 3722 demortuorum
899 3698 985 3723 locuni
999 3696 1213 3722 subsortitionem
1226 3697 1285 3723 fieri
1293 3708 1340 3726 100
1349 3698 1497 3734 transrmffiz.
1534 3699 1651 3724 Iniuriae
1664 3699 1794 3724 Ammian.
1807 3706 1847 3729 3ο,
1863 3706 1880 3723 1.

1388 3740 1407 3759 D
1417 3741 1433 3759 Ε
1443 3740 1466 3759 Μ
1476 3740 1494 3758 ν
1505 3741 1526 3759 T
1538 3732 1571 3759 ῖ1,
1581 3740 1599 3759 O
1608 3753 1616 3765 ,
1636 3737 1687 3759 are.
1722 3733 1899 3767 [aarunnfo'w]
1936 3733 2001 3759 Idem
2014 3729 2078 3768 quod
2087 3729 2217 3768 Mutilarf‘.
2253 3727 2382 3754 Coluinel.

1351 3767 1383 3794 de
1398 3768 1493 3794 Arbor.
1507 3777 1528 3793 11
1549 3769 1691 3795 Cacumina
1701 3769 1851 3802 virgarum,
1863 3778 1895 3794 nc
1909 3768 2089 3796 luxurientur,
2102 3763 2265 3789 demutilato.
2334 3798 2338 3803 .
2356 3798 2361 3803 ·

1386 3810 1406 3829 D
1416 3810 1432 3829 E
1440 3810 1464 3829 M
1474 3803 1493 3826 V*
1501 3810 1521 3828 T
1531 3810 1549 3828 O
1558 3822 1565 3833 ‚
1585 3808 1636 3829 are.
1672 3802 1868 3838 [μιταέοέλλω]
1906 3804 1971 3830 Idem
1989 3801 2050 3838 quod
2060 3801 2169 3826 hinnire.
2207 3800 2287 3825 Plaut.
2301 3798 2383 3824 Mlllt.

1351 3846 1380 3870 4,
1393 3845 1415 3869 3,
1429 3845 1460 3872 37
1479 3837 1619 3873 Numquid
1636 3839 1742 3864 videtur
1761 3838 1913 3867 demutare?
1949 3839 2026 3865 Plaut.
2046 3836 2174 3861 Trinum.
2197 3843 2216 3866 1,
2236 3843 2264 3866 2,
2277 3837 2304 3865 36
2330 3835 2383 3860 Aut

1351 3872 1369 3898 fi
1385 3872 1519 3900 demutant
1531 3882 1618 3900 mores
1643 3875 1781 3909 Ingenium
1794 3881 1868 3902 tuum
1877 3895 1885 3908 ,
1898 3881 1982 3908 neque
1994 3879 2038 3898 eos
2052 3871 2174 3905 antiquos
2188 3870 2278 3896 seruas.
2333 3870 2382 3895 De-

2281 3911 2382 3931 mutare
