2479 4225
277 174 354 225 267
654 166 939 210 noR
1768 159 2051 200 DoR
2206 134 2439 203 ‘268¹

281 267 322 294 28,
336 267 348 291 8
366 259 489 288 Dorcadis
503 259 570 294 pelle
585 258 653 285 collo
672 257 797 291 suspensa.
833 255 880 282 Sed
889 263 904 279 a
917 254 1002 291 Dorx,
1028 248 1085 285 δᾶρξ
1098 249 1188 285 δορκδς,
1208 248 1307 275 videtur
1367 254 1439 291 gunt.
1487 248 1576 283 Vsque
1591 248 1622 275 ad
1638 247 1708 275 diem
1724 247 1898 288 dormitionis¹
1908 249 1966 275 suae
1996 248 2108 275 Hieron.
2123 246 2242 289 Epitaph.
2254 246 2326 290 Paul..
2340 255 2361 272 c.
2376 253 2402 280 7.

274 297 403 333 jor-matur
418 295 459 328 effe·
472 295 559 330 Aecus.
571 296 638 330 plur.
654 295 765 325 Dorcas,
784 290 943 322 Pauidosque
957 291 1030 312 iuuat
1043 286 1200 320 compellere
1217 284 1308 310 dorcas
1378 285 1399 310 Γ
1401 284 1489 325 ertull.
1510 285 1542 310 de
1556 285 1665 318 Monog.
1687 293 1707 309 c.
1723 292 1758 309 ιο.
1792 283 1926 322 Augustin.
1938 285 2018 326 Cons.
2037 292 2062 316 9,
2081 292 2105 315 9.
2183 282 2241 309 Vid.
2260 282 2401 327 (Tollimur-lo.

282 333 353 358 Grat.
367 332 462 365 Cyneg.
476 333 526 356 260
547 330 589 356 vbi
601 329 653 355 vid.
672 330 733 355 l'lit.
1369 320 1440 354 Eprg-
1456 328 1493 352 14.
1669 317 1689 357 ff
1710 327 1725 345 2
1761 318 1888 344 Salutatio
1901 327 1930 344 ve
1940 326 2040 353 porcina
2059 319 2157 344 <Icarum
2170 318 2214 344 hoc
2225 327 2319 344 nomine
2332 315 2404 342 dufla

317 373 334 392 D
344 373 361 392 0
371 373 389 392 R
400 372 416 392 C
428 373 450 392 A
459 365 525 392 1510
534 372 555 391 N
597 365 616 390 i.
636 374 661 390 ῃ,
698 360 779 388 Herba
792 358 878 389 cadem,
892 365 951 392 quae
959 358 1101 384 Dracontea
1113 352 1307 381 velDtHamnus
1369 353 1468 380 videtur
1485 354 1585 381 Arnob.
1599 362 1616 388 7
1630 364 1653 389 p.
1670 363 1716 388 237
1730 360 1793 380 extr.
1819 352 1891 386 Quid
1905 353 1922 378 fi
1944 355 1952 379 i
1964 354 2058 380 volunt
2073 353 2246 379 Excitationes
2261 352 2322 378 illae
2357 365 2402 386 —ss

281 401 358 435 Apul*
375 400 407 427 de
421 400 504 427 Hel-b·
520 410 543 426 c·
557 385 587 433 1³4
603 406 626 425 a
637 401 678 424 62·
1331 392 1347 419 5
1371 388 1443 421 Qxid
1460 389 1640 416 Dormitiones
1654 390 1731 422 illae,
1751 388 1848 424 quibus
1868 388 1934 415 bene
1947 394 1976 415 vt
1989 389 2091 416 valeant
2104 388 2259 423 auspicabili
2270 386 2403 414 salutatio·

317 443 336 462 D
346 441 365 461 o
375 442 559 467 Rciniozxss
579 436 596 460 i.
618 443 643 459 n.
680 432 801 466 Pulcgium
820 426 897 461 Apul.
915 426 946 453 de
960 427 1042 454 Herb.
1056 436 1077 453 c.
1092 435 1133 459 92.
1368 432 1402 449 ne
1421 423 1563 451 mandatis?

317 477 336 497 D
347 477 365 497 ο
375 478 394 497 R
404 478 419 497 E
428 479 441 498 s
478 470 529 497 vid.
544 479 597 495 mox
617 474 634 493 D
645 473 663 492 ο
672 474 690 492 R
701 473 709 491 1
719 473 741 491 s.
1408 464 1427 484 D
1437 466 1456 485 0
1466 466 1483 485 R
1496 466 1519 484 M
1530 460 1572 486 iT
1581 466 1617 492 ο,
1641 463 1693 486 are.
1729 461 1742 494 [
1754 459 1865 486 ὑπνώττω
1877 460 1889 493 ]
1925 458 2023 486 Leniter
2040 459 2143 486 dormio.
2179 458 2235 484 Cic.
2250 458 2303 485 Att.
2325 466 2355 490 2,
2374 459 2404 483 16

317 512 336 531 D
345 513 364 532 o
373 513 392 532 R
402 514 411 533 1
422 513 438 533 C
447 491 468 532 ᾎ
502 505 553 532 vid.
578 510 596 528 D
606 510 623 528 ο
636 509 653 527 R
662 509 670 527 1
680 508 702 527 s.
1371 494 1489 520 Coenato
1502 494 1569 521 mihi
1582 501 1606 521 et
1621 495 1672 521 iam
1685 494 1841 522 dormitanti
1864 494 1949 529 pridie
1962 494 2068 522 Calend.
2082 496 2166 521 Maias
2185 493 2294 527 epistola
2307 493 2353 519 illa
2366 492 2403 518 est

316 547 390 568 DOR
399 549 408 567 1
418 549 433 568 1.
442 548 463 568 A
472 525 487 567 ἐ
497 548 515 566 1,
533 537 683 572 [Δαμιλοιῖοι]
704 531 830 566 Phrygiae
841 532 947 566 populi,
967 532 997 558 in
1010 535 1138 559 conuentu
1152 529 1199 564 qui
1215 538 1229 556 a
1244 529 1306 561 Syn·
1357 547 1359 549 >
1371 529 1472 556 reddita
1494 531 1560 556 Hor.
1574 530 1603 556 in
1616 532 1679 557 Arte
1692 531 1764 557 Poet.
1777 539 1831 563 359.
1903 529 2046 562 Indignor,
2071 531 2228 564 quandoque
2241 528 2327 554 bonus
2341 527 2405 554 dor-

282 576 348 602 nada
359 577 452 611 accipit
466 582 572 603 nomen,
593 578 622 597 vt
630 570 721 606 scribit
738 568 803 594 Plin.
817 575 840 599 5,
854 576 895 600 29.
1324 571 1353 589 ιο
1371 565 1446 592 mitat
1464 566 1613 596 Homerus,
1637 566 1661 591 h.
1676 575 1694 592 e.
1717 568 1879 602 Negligcntcr
1894 565 1994 600 scribit.
2064 564 2267 591 Dormitandum
2285 564 2337 590 tibi
2350 571 2406 588 non

319 618 338 637 ι)
348 618 366 638 0
376 619 393 638 R
404 619 440 638 10
450 619 486 642 N,
500 610 528 635 ii.
544 617 568 633 n.
604 606 705 641 [Δάριον]
742 602 879 629 Meffeniae‘
892 603 1001 635 ciuitas,
1022 605 1092 629 cuius
1112 603 1222 627 meminit
1241 599 1306 626 Plin.
1336 606 1343 613 ”
1370 600 1421 626 est:
1448 601 1473 627 h.
1486 610 1505 626 e.
1524 601 1582 626 Non
1594 598 1743 633 cessandum,
1768 611 1816 627 non
1833 602 1985 636 negligenter
1997 599 2128 626 curandum
2143 607 2166 627 et
2178 601 2296 636 agendum
2321 598 2405 625 Plaut.

283 655 301 680 4
324 654 346 680 ς,
360 653 383 672 et
405 654 415 661 -
441 654 478 677 29,
1370 636 1447 670 Epid.
1463 644 1484 668 1,
1500 644 1522 667 2,
1537 643 1576 668 59.
1647 635 1765 662 Oscitans
1778 642 1803 662 et
1815 636 1960 662 dormitans
1973 634 2100 668 sapientia
2117 635 2171 662 Cic.
2185 638 2216 662 de
2229 635 2302 661 Orat.
2316 643 2342 666 2,
2355 641 2405 666 144

303 666 311 680 ³
322 688 342 708 D
351 688 370 707 O
380 663 443 708 Ri'o
453 687 483 709 N,
498 678 527 703 ii.
542 686 567 702 n.
590 674 708 710 [Δώριον]
728 672 851 707 Oppidum
864 671 896 706 ‹st
910 671 1071 708 Peloponnesi,
1085 675 1156 699 iuxta
1168 670 1232 707 quod
1241 669 1308 696 Tha·
1372 680 1393 697 c.
1408 680 1443 703 33.
1515 670 1665 697 Dormitare
1678 671 1776 698 videtur
1784 678 1832 707 pro
1848 673 1965 698 Dormire
1976 673 2071 704 accipi:
2102 669 2173 699 Idem
2185 671 2217 697 de
2230 670 2322 696 Diuin.
2341 677 2361 700 1,
2373 676 2405 700 59

283 726 367 752 myras
377 713 525 742 citharoedus
539 712 624 746 Musas
637 709 670 735 ad
688 714 775 734 cantus
787 715 907 734 certamen
915 711 1070 743 prouocauit.
1106 708 1222 734 Meminit
1236 706 1308 732 huius
1372 716 1393 732 c.
1412 712 1439 736 28
1470 706 1510 732 Ad
1526 706 1611 732 lucem
1627 705 1741 740 denique
1754 707 1826 733 arete
1838 712 1863 733 et
1877 707 1994 740 grauiter
2009 704 2153 731 dormitare
2164 706 2281 740 coepisse.
2351 703 2405 730 Sub

283 751 367 787 oppidi
384 750 446 776 Plin.
461 757 488 781 4,
502 754 522 779 ς.
577 748 642 772 Item
655 745 749 769 Lucan.
764 745 789 775 6,
800 750 840 775 353
860 744 963 769 Pteolos
977 749 1001 770 ct
1015 743 1118 770 Dorion
1131 743 1170 769 ira
1207 740 1307 768 Nobile
1325 749 1351 775 15
1370 751 1467 768 aurora
1478 742 1530 768 iam
1542 741 1700 767 dormitante
1712 741 1817 768 lucerna
1834 741 1916 768 Ouid.
1931 741 2042 768 Heroid.
2056 749 2093 772 19,
2112 747 2163 772 195.
2178 743 2196 766 ι’.
2209 740 2342 777 deficiente.

284 785 421 813 Pieridum.
490 780 530 811 Est
544 788 567 807 et
579 779 682 806 eiusdem
694 781 800 804 nominis
814 778 948 812 Oppidum
961 779 989 804 in
1003 778 1144 813 Magnesia,
1156 777 1222 812 apud
1241 776 1306 802 Plin.
1405 784 1451 804 Do
1461 784 1480 804 R
1489 784 1513 803 M
1522 785 1531 803 1
1540 785 1552 803 s
1562 782 1579 803 C
1591 783 1624 806 Ο,
1645 778 1698 802 ere.
1731 776 1871 811 [νυς-οίζαν]
1908 777 1975 803 Idem
1989 775 2053 812 quod
2065 777 2180 802 Dormire
2196 779 2301 811 incipere
2321 774 2406 800 Plaut-

282 831 309 854 4,
324 829 358 846 10.
432 811 542 844 Tertium
557 818 616 842 item
633 815 662 841 in
681 814 771 846 Ionia,
799 814 912 840 minoris
929 813 1002 840 Asiae
1019 815 1144 848 regione,
1170 812 1235 848 apud
1253 821 1307 838 eun·
1371 814 1448 839 Curc.
1467 822 1489 845 2,
1511 821 1533 844 3,
1551 817 1576 842 81
1602 812 1686 845 Caput
1698 810 1818 845 deponit:
1837 821 1919 846 quum
1933 812 2086 843 dormiscit,
2105 811 2130 837 ei
2142 810 2257 837 subduco
2268 810 2405 838 annulum.

282 856 332 882 dem
350 861 372 886 5,
391 861 432 885 29.
1369 848 1470 883 Sedpro
1484 850 1574 881 Qium
1590 846 1743 879 dormiscit,
1767 847 1963 874 Condormiscit
1975 849 2036 878 alii,
2056 846 2120 882 quod
2128 846 2220 881 finias.

317 895 334 914 D
343 896 361 915 o
371 895 387 914 R
398 896 405 913 1
415 895 443 918 s,
461 885 519 912 fdis.
539 886 558 911 f.
596 883 705 920 [Δωρὶς]
731 885 807 920 Regio
822 882 855 916 est
865 885 980 910 Graeciae
993 886 1064 909 iuxta
1071 885 1207 910 Maliacum
1213 881 1306 916 finum,
1407 890 1425 910 D
1435 890 1454 909 0
1463 890 1482 910 R
1492 890 1514 909 M
1526 885 1537 909 i
1547 890 1567 909 Τ
1576 889 1594 909 0
1603 889 1620 908 R
1630 902 1639 914 ,
1658 882 1722 908 oris.
1741 891 1776 909 m.
1812 882 1928 910 Martial.
1944 891 1982 915 10,
1995 891 2014 916 4
2031 882 2105 915 Quid
2118 882 2169 908 tibi
2183 880 2315 908 dormitor
2327 879 2407 916 prod·

279 926 345 951 cuius
357 932 372 949 a
384 930 451 957 tergo
464 931 531 947 mons
544 919 576 954 egl?
593 922 669 952 Oeta,
694 929 710 946 α
728 929 775 955 qua
790 920 868 945 Dorii
874 918 927 953 siue
939 919 1091 950 Dorienses,
1108 919 1164 952 stuc
1186 926 1204 945 D
1213 925 1231 944 ο
1240 925 1258 944 R
1268 924 1282 943 E
1292 925 1304 944 s
1317 929 1353 947 20
1369 918 1420 945 erit
1433 919 1599 951 Endymion?

277 958 398 993 appellati.
434 957 487 983 cic.
504 965 551 990 pro
565 957 647 982 Flacc.
663 957 698 989 64
711 964 733 981 c.
747 962 779 990 27
796 955 867 981 Tria
881 963 975 989 genera
990 955 1151 981 Graecorum
1165 954 1221 980 sunt
1236 962 1307 984 vere,
1406 960 1618 981 DORMITATio
1628 973 1636 985 ,
1649 953 1717 979 onis.
1738 953 1757 979 f.
1785 952 1880 987 Apulei
1894 951 1936 986 effe
1949 953 2053 980 dicitur.
2076 951 2172 979 floridi
2184 950 2257 977 index
2269 960 2317 977 non
2327 951 2408 977 habet.

278 1002 390 1028 quorum
408 992 455 1018 vni
476 993 534 1017 sunt
552 991 736 1023 Athenienses,
758 999 824 1025 quae
843 999 905 1024 gens
917 991 1011 1016 Ionum
1025 989 1188 1022 habebatur,
1213 988 1306 1015 Aeoles
1406 996 1559 1016 DORMIT
1569 991 1645 1015 ᾹΤΟ
1655 996 1690 1021 R,
1721 989 1785 1014 oris.
1818 998 1854 1014 m.
1890 988 1902 1021 [
1914 987 2036 1014 ὑπνώττων
2050 990 2062 1023 ]
2100 990 2152 1024 Qci
2162 987 2227 1023 Jblct
2244 986 2364 1016 dormire,
2384 991 2409 1011 et

276 1028 368 1059 alteri,
384 1028 466 1053 Dores
481 1027 554 1053 tertii
573 1026 785 1053 nominabantur.
856 1026 913 1052 Sen.
928 1026 1008 1051 Herc.
1028 1026 1081 1051 fur.
1098 1031 1123 1055 81
1152 1025 1247 1051 Tellus
1267 1024 1306 1058 gi·
1370 1027 1452 1051 omnia
1468 1027 1632 1061 negligentius
1654 1033 1734 1060 agere.
1771 1023 1818 1050 Sed
1830 1024 1912 1050 Plaut.
1927 1024 2009 1050 Trin.
2023 1033 2052 1056 4,
2064 1033 2086 1057 2,
2098 1033 2129 1050 20
2165 1022 2262 1058 dejure
2279 1020 2409 1048 Turnebus·

276 1070 350 1098 gante
364 1062 441 1089 Doris
455 1063 557 1089 excusso
570 1069 683 1089 tremens
698 1060 731 1094 est
743 1062 846 1093 Sicilia,
865 1071 880 1087 a
891 1062 994 1087 coloniis
1008 1062 1117 1092 Graecis,
1134 1062 1228 1087 Dorum
1234 1066 1309 1095 prae·
1369 1063 1565 1095 interpretatur,
1586 1069 1653 1095 quenz
1675 1058 1824 1095 ἡμερόκοιτον
1850 1065 1924 1086 vocat
1942 1058 2075 1093 Htfiodus,
2101 1062 2143 1095 qui
2162 1057 2272 1085 interdiu
2291 1056 2410 1087 dormiat,

270 1100 359 1136 firtim
374 1095 451 1124 difla.
653 1094 673 1134 ff
695 1105 708 1122 2
744 1097 824 1123 Doris
851 1097 967 1132 Nympha
982 1097 1074 1122 Oceani
1087 1103 1110 1122 et
1122 1096 1230 1130 Tethyos
1237 1095 1308 1130 filia,
1320 1101 1352 1126 25
1368 1102 1397 1121 vt
1409 1097 1515 1132 vigilare
1527 1095 1600 1121 noHu
1608 1094 1691 1130 poffit.

276 1143 347 1170 quam
363 1135 440 1159 Nereo
474 1135 542 1159 ratri
552 1141 651 1158 vxorem
670 1131 751 1162 dedit,
771 1139 794 1157 et
809 1141 837 1158 cx
851 1141 897 1168 qua
908 1141 1011 1168 magnus
1022 1132 1182 1166 nympharum
1195 1140 1308 1156 numerus
1406 1137 1425 1156 D
1434 1137 1453 1156 o
1464 1137 1482 1156 R
1492 1137 1516 1157 M
1525 1139 1535 1157 1
1544 1137 1565 1157 'r
1574 1138 1592 1158 ο
1601 1138 1620 1157 R
1630 1138 1639 1156 1
1649 1138 1667 1157 V
1678 1136 1690 1156 s
1700 1149 1708 1162 ,
1725 1139 1750 1162 a,
1769 1139 1822 1156 um.
1850 1130 1911 1156 Adi.
1947 1129 2121 1163 [κοιμητικᾶς]
2164 1130 2198 1156 Vt
2209 1126 2410 1155 Dormitorium

271 1175 417 1205 procreatus
428 1177 439 1193 e
463 1187 469 1193 .
505 1169 572 1202 Qae
585 1170 699 1202 quoniam
713 1170 790 1193 maris
802 1167 845 1193 dea
857 1166 904 1200 est,
923 1167 1055 1202 aliquando
1063 1174 1112 1201 pro
1125 1169 1189 1193 mari
1201 1168 1308 1192 aPoa'tis
1369 1166 1536 1197 cubiculum,
1559 1166 1602 1192 vbi
1621 1166 1752 1192 dormitur.
1806 1165 1872 1192 Plin.
1887 1165 1964 1199 Epist.
1978 1173 2002 1197 2,
2020 1174 2027 1190 1
2075 1165 2205 1192 Adhaeret
2218 1162 2411 1201 dormitorium

275 1205 416 1240 usurpatur.
452 1202 656 1236 Virg.ficl.10,5
676 1203 755 1228 Doris
767 1211 854 1228 amara
867 1203 938 1229 suam
951 1211 1005 1228 non
1017 1202 1191 1228 intermisceat
1201 1201 1305 1228 vndam.
1370 1202 1519 1228 membrum
1538 1201 1645 1228 transitu
1667 1201 1846 1227 interiacente.
1891 1201 1964 1228 Idem
1978 1201 2025 1235 Epi
2051 1220 2056 1226 .
2070 1209 2093 1233 5,
2106 1203 2130 1227 6.
2181 1201 2295 1226 Carruca
2309 1197 2411 1224 dormi-

277 1240 412 1273 Spumosae
426 1237 540 1264 Doridos
553 1244 627 1264 antra
641 1237 726 1264 vitrea
757 1238 818 1264 Stat.
833 1238 895 1264 Silu.
910 1246 932 1270 3,
945 1246 970 1270 2,
985 1239 1021 1264 16.
1092 1237 1202 1264 Caerula
1223 1236 1304 1263 Ouid.
1369 1237 1438 1264 toria
1448 1257 1457 1270 ,
1474 1237 1528 1263 vid.
1548 1238 1679 1268 Carruca,
1699 1240 1726 1263 in
1751 1243 1912 1264 CARRVS.
1949 1238 2018 1262 Hinc

275 1276 339 1302 Met.
356 1282 387 1306 13,
400 1281 461 1309 742.
532 1273 657 1299 Formosa
683 1274 798 1307 Propert.
814 1282 834 1305 1,
848 1281 885 1308 17,
899 1281 936 1306 25.
1005 1272 1103 1299 Glauca
1123 1273 1183 1299 Stat.
1200 1272 1263 1298 Silu.
1279 1281 1307 1304 4,
1320 1279 1352 1303 30
1408 1279 1426 1298 D
1438 1279 1457 1300 ο
1468 1279 1487 1299 R
1497 1279 1521 1299 M
1534 1279 1675 1299 1'r0R1v
1686 1279 1726 1303 M,
1740 1272 1770 1298 ii.
1784 1281 1811 1298 n.
1842 1272 2016 1307 [κοιμητήριον]
2044 1272 2179 1311 ζοεᾳι,.ι”η
2200 1278 2246 1305 quo
2267 1269 2411 1296 dormimus.

277 1319 300 1341 2,
313 1315 351 1339 28.
525 1306 545 1345 q
565 1316 578 1341 3
614 1308 694 1335 Doris
707 1308 839 1335 Locrensis
848 1328 855 1339 ,
867 1318 935 1335 vxor
949 1308 1068 1340 Dionysii
1081 1308 1231 1340 Syracusani
1251 1308 1306 1333 Cic.
1370 1308 1437 1335 Plin.
1444 1310 1509 1340 30,6
1516 1308 1573 1334 Post
1581 1307 1642 1334 haec
1650 1307 1742 1334 iubent
1750 1317 1810 1333 eum
1819 1307 1845 1334 in
1853 1308 1952 1342 pariete
1960 1307 2115 1333 dormitorii
2123 1314 2179 1332 eius
2187 1303 2411 1332 teetoueincludi.

276 1345 358 1371 Tusc.
374 1352 394 1377 ς,
409 1351 439 1377 59
451 1353 471 1370 e.
486 1352 525 1370 20.
700 1342 721 1380 ff
746 1352 766 1377 4
799 1345 877 1370 Doris
891 1343 982 1371 Herba
994 1343 1122 1370 anchusae
1137 1343 1245 1374 similis,
1262 1349 1308 1369 etc.
1406 1350 1425 1370 D
1435 1350 1513 1370 ORM
1523 1351 1561 1370 1T
1571 1349 1590 1368 v
1602 1350 1620 1369 R
1630 1350 1638 1368 1
1648 1350 1681 1373 ο,
1702 1343 1816 1377 Apuleio
1830 1343 1958 1369 tribuitur.
1995 1342 2091 1368 Floridi
2105 1341 2182 1368 Index
2195 1350 2243 1366 non
2255 1341 2376 1377 agnojeit.
2403 1373 2411 1379 -

275 1380 340 1408 Plin.
362 1389 410 1411 20,
429 1388 472 1405 20.
1407 1385 1426 1405 n
1436 1385 1554 1410 oRON,
1569 1378 1621 1405 i.n.
1643 1377 1735 1413 [δῶρον]
1757 1380 1866 1404 Palmum
1872 1377 2013 1414 fignificat,
2022 1384 2045 1403 et
2057 1377 2298 1408 munu5Plin.35,14
2317 1376 2421 1402 Graeci⁴

312 1414 410 1442 DORi‘
418 1421 502 1445 CVS,
528 1423 552 1446 a,
576 1422 631 1440 um.
667 1413 726 1440 Adi.
763 1413 900 1449 [Δωρικδς]
936 1416 985 1442 Pro
1004 1416 1097 1441 Graeca
1119 1417 1254 1450 generatim
1263 1420 1309 1449 po·
1372 1415 1478 1449 antiqui
1497 1414 1583 1440 doron
1603 1414 1715 1448 palmam
1734 1414 1878 1444 vocabant3
1903 1420 1929 1439 et
1942 1413 2003 1439 ideo
2022 1412 2087 1439 dora
2099 1420 2224 1438 munera:
2249 1412 2313 1446 quia
2331 1417 2413 1437 manu

275 1454 360 1482 nitur,
382 1457 411 1475 vt
423 1450 520 1476 Dorica
533 1449 612 1475 castra
640 1449 713 1483 Virg.
728 1450 791 1475 Aen.
810 1458 834 1479 2,
847 1457 889 1484 27.
962 1450 1049 1476 Genus
1081 1450 1138 1476 Sen.
1154 1451 1307 1484 Agamemn.
1325 1459 1354 1486 35
1371 1449 1504 1476 darentur.
1575 1447 1595 1485 q
1617 1458 1629 1475 2
1649 1450 1743 1477 Doton
1763 1449 1878 1484 [Δωρόν]
1898 1449 2008 1475 Ciliciae
2022 1447 2158 1483 oppidum,
2172 1446 2238 1482 apud
2249 1447 2315 1473 Plin.
2326 1455 2355 1479 4,
2367 1446 2424 1480 27.'

276 1493 329 1520 523.
384 1486 445 1512 ΝΟΧ
466 1484 524 1511 νᾶῙ·
539 1484 620 1511 ΠΜ·
635 1485 732 1518 Argon·
751 1493 776 1515 2,
790 1492 844 1518 573·
1371 1484 1413 1518 Es}
1425 1489 1484 1512 item
1494 1485 1608 1511 Flumen
1620 1484 1777 1517 Phoenices,
1793 1483 1893 1510 afflare
1904 1484 1983 1510 eodem
2008 1484 2073 1510 Plin.
2087 1493 2109 1516 5,
2125 1491 2161 1516 ¹9·

313 1525 474 1551 D0R1SCV9‚
487 1520 505 1546 i·
519 1528 553 1545 m.
574 1519 713 1554 [Δωρίσκσς]
742 1519 865 1544 Thraciae
877 1519 944 1545 locus
956 1517 998 1551 est·
1017 1520 1083 1546 Plin.
1098 1529 1127 1553 4,
1141 1528 1163 1546 11
1177 1521 1195 1545 s·
1211 1525 1235 1549 18
1255 1521 1308 1546 Do·
1410 1528 1429 1548 n
1439 1527 1458 1547 0
1469 1525 1666 1551 ROTHEVS‚
1693 1520 1711 1545 i.
1730 1528 1767 1545 m.
1802 1519 1950 1554 [Δορόθεος]
1986 1519 2076 1545 Pictor
2091 1518 2196 1552 insignis
2210 1517 2277 1547 fuit,
2293 1515 2413 1543 Neroni·

276 1556 357 1584 riscus
377 1563 396 1582 x
415 1555 528 1581 millium
542 1554 681 1580 hominum
693 1562 771 1588 capax
778 1573 786 1586 ‚
806 1555 843 1580 Ita
856 1554 952 1580 Xerxes
965 1553 1006 1580 ibi
1019 1554 1198 1580 dinumerauit
1211 1555 1309 1581 exerci-
1372 1556 1539 1590 principatu,
1563 1555 1609 1588 qui
1632 1554 1856 1586 Anadyomenen,
1885 1563 1965 1588 quam
1984 1554 2099 1580 tabulam
2120 1553 2249 1587 Augustus
2269 1552 2414 1583 dicauerat‚

277 1597 342 1617 mm.
380 1591 470 1624 Nempe
483 1593 506 1614 is
520 1591 584 1615 Iocus
595 1595 642 1623 pro
651 1590 760 1624 menstra
770 1592 844 1615 unius
857 1588 980 1626 myriadis
986 1589 1054 1624 fuit.
1090 1590 1132 1616 Sic
1145 1589 1226 1615 Hard.
1262 1589 1310 1616 Sed
1373 1591 1442 1616 carie
1462 1590 1703 1621 consenescentem,
1721 1590 1881 1621 renouauit,
1900 1595 1945 1616 aut
1967 1590 2055 1623 potius
2067 1589 2147 1616 aliam
2163 1596 2213 1624 pro
2228 1595 2259 1614 ea
2273 1588 2318 1613 sua
2330 1594 2412 1613 manu

277 1625 429 1653 Herodotus
442 1632 467 1658 7,
481 1632 510 1656 59
518 1624 559 1659 sq.
579 1626 668 1655 aliter,
688 1631 710 1650 et
724 1627 808 1649 uariat
820 1622 892 1650 uaso
904 1624 969 1658 apud
981 1626 1098 1650 Plinium.
1316 1635 1355 1660 40
1373 1625 1520 1657 substituit,
1539 1631 1568 1650 vt
1581 1624 1662 1660 refert
1681 1624 1748 1650 Plin.
1762 1632 1800 1657 35,
1817 1633 1854 1650 ιο,

317 1667 335 1686 D
344 1667 363 1686 o
372 1667 409 1686 Ri
418 1666 437 1685 V
447 1666 459 1686 s
468 1678 475 1689 ,
492 1668 516 1690 a,
536 1668 590 1685 um.
627 1658 686 1684 Adi.
721 1658 841 1693 [Δώριος]
878 1657 917 1691 fist
932 1659 997 1685 modi
1008 1659 1091 1693 mufici
1102 1668 1200 1691 nomen,
1218 1661 1258 1685 cui
1271 1668 1309 1685 co·
1410 1667 1429 1687 D
1441 1667 1460 1687 o
1473 1666 1492 1686 R
1501 1668 1513 1686 s
1522 1666 1543 1685 V
1552 1666 1576 1685 Μ
1585 1679 1594 1692 ,
1613 1660 1632 1685 i.
1647 1668 1673 1685 n.
1695 1666 1719 1685 et
1740 1665 1758 1684 D
1770 1665 1789 1685 0
1799 1666 1817 1685 R
1826 1667 1839 1686 s
1849 1665 1871 1684 v
1881 1666 1894 1686 s
1903 1678 1911 1691 ‚
1930 1659 1950 1686 i.
1966 1668 2001 1686 m.
2021 1660 2121 1693 [νῶι-ον,
2136 1659 2299 1694 μετάφρενον,
2311 1656 2409 1690 jazar]

297 1698 351 1721 nati
363 1693 533 1729 Hypodorius
546 1699 570 1719 et
584 1693 766 1727 Hyperdorius
778 1693 843 1728 apud
850 1693 971 1721 Martian.
986 1695 1047 1729 Cap.
1061 1704 1076 1727 9
1090 1705 1114 1729 p.
1129 1702 1181 1728 317.
1237 1693 1308 1720 Cael.
1373 1696 1479 1722 Dicitur
1492 1701 1546 1721 tota
1561 1695 1693 1730 posterior
1704 1695 1824 1729 corporis
1836 1703 1895 1728 pars
1904 1715 1912 1727 ‚
1933 1695 2005 1729 quod
2018 1704 2048 1721 ea
2066 1695 2165 1721 deuexa
2179 1694 2209 1720 fit
2224 1692 2360 1722 deorsum,
2376 1696 2409 1729 pt

303 1730 367 1757 uvel.
377 1730 474 1756 Chron.
489 1738 507 1760 1,
522 1737 534 1761 5
552 1730 667 1755 Vtuntur
680 1728 903 1754 decantationibus
916 1728 1042 1756 tibiarum
1051 1750 1059 1763 ,
1076 1739 1189 1765 quarum
1202 1728 1310 1755 alteram
1373 1734 1456 1765 inquit
1468 1730 1564 1756 Festus.
1635 1730 1716 1756 Plaut.
1728 1730 1788 1756 Mil.
1805 1739 1830 1762 2,
1841 1739 1870 1762 4,
1882 1740 1920 1763 44
1938 1731 2042 1756 Timeo
2056 1729 2120 1765 quid
2133 1738 2222 1755 rerum
2235 1726 2364 1762 gesserim,
2374 1728 2414 1751 lta
2437 1758 2442 1762 .

277 1765 421 1799 Phrygium
438 1770 547 1796 vocant,
565 1772 631 1798 quae
651 1763 681 1789 fit
698 1763 824 1796 iucunda,
849 1770 926 1798 atque
945 1765 1107 1795 excitabilis;
1131 1765 1243 1790 alterum
1257 1763 1310 1788 Do·
1374 1764 1466 1791 dorsus
1482 1770 1552 1790 totus
1571 1764 1666 1798 prurit.
1736 1765 1853 1790 Pandum
1870 1765 1978 1791 dorsum
1990 1767 2114 1800 Delphina
2127 1765 2218 1791 tribuit
2243 1764 2302 1789 Sen.
2320 1761 2414 1795 Agant.

277 1801 359 1831 rium,
374 1808 441 1833 quae
453 1804 575 1831 occupata
593 1805 681 1824 mente
699 1798 826 1833 pudorem
847 1799 965 1832 suadeat,
984 1807 1030 1827 etc.
1113 1799 1189 1832 Apul.
1204 1799 1267 1824 Met.
1283 1806 1311 1823 10
1324 1804 1357 1830 45
1374 1807 1433 1832 450.
1504 1799 1598 1826 Subire
1612 1807 1677 1824 onus
1690 1798 1768 1824 dorso
1801 1800 1869 1824 Hor.
1883 1799 1964 1824 Serm.
1979 1808 1999 1830 1,
2014 1808 2040 1831 9,
2054 1808 2090 1825 21.
2264 1796 2285 1833 ff
2305 1805 2318 1822 2
2356 1795 2417 1821 Fre-

276 1844 301 1869 p.
316 1842 369 1866 254,
384 1841 410 1865 23
431 1832 547 1858 Tibicen
560 1833 672 1859 Dorium
687 1833 793 1860 canebat
806 1833 975 1867 bellicosum,
995 1841 1021 1861 et
1034 1835 1190 1869 permiscens
1206 1831 1311 1858 bombis
1373 1837 1457 1871 quenti
1475 1834 1623 1869 Metaphora
1642 1837 1700 1869 iuga
1719 1836 1836 1859 montium
1856 1833 1931 1860 Dorli
1950 1837 2046 1859 nomine
2067 1833 2238 1868 appellantur,
2257 1838 2281 1857 et
2311 1828 2419 1865 uidquid

276 1868 402 1904 grauibus
421 1867 530 1894 tinnitus
549 1872 646 1897 acutos,
667 1868 695 1892 in
709 1869 818 1894 modum
832 1869 924 1902 tubae,
944 1870 1089 1897 saltationis
1101 1869 1176 1903 agilis
1190 1869 1312 1902 vigorem
1373 1870 1466 1896 editius
1472 1868 1548 1903 fimul
1563 1876 1586 1894 et
1601 1867 1773 1903 protraftionc
1788 1868 1892 1904 quadam
1906 1872 2074 1895 continuatum
2085 1866 2128 1901 est.
2163 1868 2205 1894 Sic
2218 1866 2272 1892 Edu
2302 1874 2319 1891 o
2331 1863 2418 1897 surgit

276 1903 422 1931 suscitabat.
480 1901 517 1928 Id.
533 1901 629 1927 Florid.
644 1909 696 1933 ι,,4
710 1911 733 1935 p.
747 1910 806 1934 342,
823 1912 850 1935 19
872 1905 988 1931 Dorium
1000 1905 1088 1931 ibidem
1101 1903 1255 1930 bellicosum
1269 1911 1312 1937 ap·
1375 1906 1402 1930 in
1415 1907 1475 1930 a’e'ra
1488 1905 1565 1929 dorso
1595 1904 1693 1929 Lucan.
1715 1909 1816 1936 2‚·428.
1841 1903 1870 1930 de
1887 1906 2018 1938 Apennino
2037 1911 2124 1929 monte.
2196 1903 2317 1928 Recurua
2338 1899 2417 1925 dorsa
2440 1916 2443 1917 ν

276 1940 365 1975 pellat.
420 1937 492 1972 Conf.
505 1938 564 1962 Vet.
577 1935 661 1963 Schol.
675 1935 706 1961 ad
719 1937 785 1962 Hor.
800 1937 880 1969 Epod.
896 1946 924 1968 9,
936 1941 961 1963 6.
1376 1939 1461 1972 campi
1486 1938 1577 1964 Claud.
1590 1937 1621 1964 de
1635 1939 1722 1972 Aponi
1734 1939 1835 1964 balneis
1849 1946 1890 1970 54.
1946 1938 2064 1972 Crepido
2077 1938 2150 1972 longi
2163 1936 2231 1963 dorfi
2254 1937 2315 1962 Stat.
2328 1934 2418 1961 Achil.
2445 1945 2450 1950 ·

314 1982 333 2001 D
345 1980 363 2000 Ο
374 1981 392 2000 R
402 1981 412 2000 1
424 1980 442 1998 x
454 1980 504 1998 AN
514 1979 522 1997 1
532 1978 552 1996 v
562 1979 601 2003 M,
631 1972 648 1997 i.
675 1980 700 1997 n.
737 1971 845 1997 Flumen
865 1972 955 1996 Indiae
971 1981 1065 1998 aurum
1079 1972 1177 1998 vehens
1198 1971 1273 1996 Curt.
1287 1975 1311 2002 8,
1325 1977 1358 2004 50
1377 1981 1398 2005 1,
1409 1977 1471 2005 448.
1546 1972 1592 1999 Sed
1604 1980 1626 1998 et
1647 1973 1754 2006 Duplici
1766 1973 1881 1998 dentalia
1894 1973 1972 1998 dorso
1995 1973 2069 2006 Virg.
2083 1974 2154 1998 Geor
2174 1990 2179 1995 .
2192 1981 2212 2003 1,
2226 1978 2278 2004 172.
2348 1970 2417 1997 Dot-

278 2018 305 2043 9,
318 2014 351 2039 ¹8·
423 2009 538 2042 ΡΥΟΡΕΠ-
552 2017 580 2040 4,
594 2014 616 2039 32
629 2015 657 2032 21
686 2006 712 2031 Si
725 2012 750 2032 te
763 2007 831 2038 an,
853 2006 1046 2040 ΒΟΓίΧᾶηὶυῐΠ,
1065 2007 1139 2033 iuuat
1153 2014 1232 2032 aurea
1245 2005 1310 2040 rip-'²-
1375 2009 1432 2035 sum
1446 2011 1472 2033 in
1484 2011 1557 2034 mari.
1576 2007 1650 2034 Idem
1659 2009 1722 2033 Aen.
1738 2016 1807 2040 1,114
1826 2007 1940 2033 Dorsum
1953 2008 2067 2034 immane
2075 2007 2143 2033 mari
2156 1980 2268 2032 summo.
2303 2007 2335 2033 Et
2348 2006 2416 2032 Aen.

281 2044 394 2072 Turnebo
407 2050 430 2069 et
442 2042 563 2070 Brouckh.
573 2043 655 2077 placet
668 2041 858 2068 Doroxanium.
1378 2053 1416 2076 10,
1430 2052 1474 2076 303
1504 2043 1628 2077 Namque
1643 2042 1743 2069 inflicta
1755 2043 1845 2075 vadis,
1864 2041 1942 2069 dorso
1956 2042 2018 2069 dum
2036 2042 2131 2077 pendet
2147 2042 2251 2076 iniquo.
2329 2040 2417 2075 Signi-

315 2086 419 2106 DORM
430 2085 483 2110 10,
509 2078 558 2109 sui,
580 2080 656 2109 itum,
684 2079 731 2103 ire.
767 2074 860 2110 [eslim
878 2076 1003 2109 καθεύδω,
1021 2077 1174 2110 notuimus]
1211 2076 1266 2103 Cic·
1279 2076 1311 2102 de
1374 2079 1435 2105 ficat
1449 2079 1585 2105 duriorem
1603 2087 1725 2110 arenam,
1750 2084 1778 2103 vt
1791 2080 1829 2104 ait
1848 2078 1953 2104 Seruius
1967 2078 2001 2104 ad
2012 2079 2077 2104 Aen.
2095 2087 2133 2110 10,
2147 2085 2192 2109 303
2215 2084 2282 2111 quae
2296 2084 2416 2103 remean-

277 2115 371 2142 Diuin.
383 2122 408 2145 2,
422 2122 460 2146 119
480 2112 608 2139 Contrahi
622 2118 708 2138 autem
722 2112 838 2138 animum
851 2114 922 2139 Zeno
937 2119 962 2139 et
976 2112 1045 2146 quafi
1060 2112 1114 2139 labi
1129 2118 1217 2147 putat,
1233 2118 1311 2145 atque
1375 2114 1447 2141 tibus
1466 2113 1590 2140 fluetibus
1603 2119 1629 2140 et
1651 2113 1774 2140 euntibus
1797 2113 1932 2144 densatur,
1956 2118 1983 2139 et
2002 2113 2030 2139 in
2052 2113 2161 2139 modum
2182 2113 2237 2139 saxi
2258 2110 2418 2139 indurescit:
2447 2135 2450 2137 Α

278 2150 431 2182 concidere,
451 2154 476 2174 et
490 2149 574 2182 ipsum
587 2148 635 2173 esse
648 2146 774 2174 dormire.
845 2147 925 2174 Plaut.
940 2149 1022 2174 Trin.
1036 2156 1058 2180 3,
1072 2156 1095 2180 2,
1109 2157 1156 2174 100
1180 2147 1312 2173 Dormibo
1329 2152 1358 2178 55
1376 2150 1446 2184 quod
1466 2158 1480 2175 a
1493 2149 1578 2175 nautis
1593 2150 1719 2183 puluinus
1731 2148 1837 2175 dicitur.
1884 2148 1956 2184 Conf.
1970 2149 2093 2175 Nonium
2106 2151 2133 2181 6,
2147 2150 2183 2175 61.
2238 2148 2321 2174 Aliter
2338 2146 2416 2174 dorsa
2448 2157 2451 2159 ·

279 2185 380 2221 placide
399 2185 427 2210 in
439 2183 614 2211 tabernaculo.
660 2184 775 2209 Futurum
788 2185 929 2218 antiquum,
951 2183 1015 2219 quod
1025 2190 1049 2209 et
1062 2183 1127 2219 apud
1138 2185 1267 2209 Catonem
1281 2185 1313 2208 le·
1375 2185 1486 2219 gurgitis
1499 2184 1609 2210 Paullin.
1625 2184 1705 2210 lamb.
1718 2183 1750 2211 ad
1763 2184 1869 2216 Cythcr.
1884 2186 1926 2217 69.
1954 2191 1977 2210 et
1996 2184 2090 2210 Auien.
2105 2184 2206 2217 Perieg.
2224 2190 2269 2217 217
2297 2182 2418 2218 Obliqua

297 2224 348 2247 itur
361 2230 382 2246 c.
397 2228 409 2253 5
430 2221 460 2246 Et
473 2218 570 2245 valebit
584 2218 698 2250 rectius,
722 2224 747 2244 et
759 2218 887 2245 dormibit
899 2219 1034 2245 libentius.
1106 2219 1161 2251 Qii
1176 2218 1313 2244 dormiunt
1374 2221 1454 2246 maris
1468 2220 1552 2246 dorsa.
1608 2220 1754 2256 Intelligunt
1768 2223 1831 2245 enim
1839 2218 1993 2255 superficiem
2012 2223 2091 2246 maris
2102 2218 2156 2254 flue
2169 2219 2269 2244 summa
2286 2218 2418 2254 fludiuum

278 2231 401 2287 fibenter,
415 2254 466 2281 {ine
479 2255 551 2280 lucro
563 2260 588 2280 et
602 2263 660 2279 cum
675 2254 745 2280 malo
758 2254 893 2288 quiescunt
912 2254 994 2281 Plaut.
1008 2254 1076 2280 Rud.
1091 2264 1119 2287 4,
1134 2263 1157 2286 2,
1170 2259 1203 2283 18.
1245 2254 1312 2280 Dor·
1376 2263 1405 2282 vt
1418 2255 1539 2282 Prudent.
1555 2262 1636 2282 vocat.
1696 2255 1791 2291 Rursus
1802 2255 1916 2281 Dorsum
1929 2256 2125 2282 Promontorium
2148 2255 2213 2281 Plin.
2227 2253 2305 2288 Epist.
2318 2262 2343 2287 9,
2355 2255 2382 2288 7,
2394 2261 2416 2287 4

281 2292 349 2318 mire
363 2291 414 2316 fine
426 2290 500 2317 omni
513 2299 573 2316 cura
603 2289 675 2315 Idem
688 2289 769 2315 Trin.
788 2298 810 2321 3,
827 2298 845 2320 1,
861 2298 900 2316 20.
970 2290 1060 2316 Altum
1076 2289 1194 2316 dormire
1219 2289 1312 2315 quen.
1376 2293 1447 2318 Haec
1470 2291 1527 2317 lacu
1548 2291 1669 2325 propiuS,
1700 2290 1745 2316 illa
1766 2290 1844 2316 latius
1862 2291 1962 2322 vtitur,
1983 2290 2046 2317 haec
2067 2299 2149 2316 vnum
2167 2290 2251 2316 smum
2265 2289 2341 2316 molli
2357 2288 2420 2316 cnr-'

280 2328 330 2354 Sat.
345 2336 365 2359 1,
379 2334 414 2360 17.
450 2326 486 2351 Ex
500 2324 642 2351 laffitudine
656 2324 752 2350 arffius
764 2323 882 2351 dormire
902 2325 1109 2351 Cic.de1nuent.
1124 2333 1196 2358 2‚14.
1233 2324 1313 2350 Ar6‘te
1321 2332 1356 2356 60
1376 2328 1482 2353 vamine
1490 2326 1671 2361 amplectitur:
1686 2325 1732 2352 illa
1744 2325 1884 2352 editiffimo
1897 2326 1975 2352 dorso
1984 2326 2049 2352 duos
2064 2325 2177 2352 dirimit.
2199 2325 2303 2356 Dorso,
2321 2327 2340 2351 i.
2355 2326 2417 2351 Ρνατ-
2460 2355 2463 2358 ,

281 2368 307 2389 et
320 2363 434 2396 grauiter
455 2360 527 2387 Idem
543 2359 575 2386 de
588 2360 678 2386 Diuin.
692 2368 712 2391 1,
729 2367 767 2392 59.
821 2361 951 2394 Exiguum
964 2359 1082 2394 dormire
1103 2361 1170 2386 Plin.
1186 2369 1214 2386 10
1229 2369 1249 2386 c.
1264 2360 1312 2386 vlt.
1375 2365 1495 2388 montorio
1510 2365 1536 2387 in
1549 2363 1627 2388 lacum
1636 2364 1801 2396 promincnte.
1848 2362 1958 2388 Saxeum
1977 2361 2015 2388 Id.
2036 2363 2062 2393 6,
2082 2369 2116 2393 31.
2161 2360 2294 2395 Apennini
2307 2359 2417 2387 dorsum

281 2398 405 2425 Dormire
419 2396 446 2422 in
460 2396 591 2423 dexteram
606 2404 696 2422 aurem
705 2414 711 2426 ‚
732 2395 825 2422 fiducia
837 2395 948 2421 alterius
957 2414 965 2426 ,
983 2393 1015 2428 est
1029 2396 1140 2421 Securum
1156 2401 1179 2420 et
1191 2398 1313 2420 incurium
1377 2398 1445 2424 Suet.
1461 2398 1532 2424 Caes.
1550 2406 1572 2423 c.
1589 2406 1635 2430 44.
1663 2399 1700 2423 De
1714 2397 1836 2423 montibus
1848 2397 1982 2432 usurpatur
2005 2398 2079 2423 Curt.
2101 2405 2121 2428 3,
2133 2404 2161 2429 4,
2175 2403 2201 2431 7.
2220 2403 2244 2422 et
2261 2403 2282 2429 5,
2295 2404 2324 2428 4,
2336 2404 2356 2429 4
2369 2401 2416 2423 etc·

279 2432 322 2466 effe
342 2432 407 2459 Plin.
420 2431 497 2466 Epist.
509 2440 538 2465 4,
550 2440 585 2464 21,
598 2440 617 2458 1.
686 2430 811 2458 Dormire
822 2431 906 2456 otiose
919 2430 947 2456 in
958 2430 1086 2456 vti-amuis
1098 2438 1198 2461 aurem,
1212 2429 1315 2461 eJlAni-
1377 2433 1489 2458 Dorsum
1497 2433 1612 2459 nemoris
1624 2433 1690 2458 Hor.
1698 2432 1747 2458 Sat.
1756 2441 1776 2463 2,
1784 2434 1855 2465 6‚91.
1881 2432 1994 2458 Dorsum
2002 2431 2075 2458 vrbis
2087 2433 2205 2464 Liu.1‚3.
2277 2429 2298 2466 ff
2318 2439 2331 2463 3
2350 2431 2416 2458 Dos-

279 2478 318 2494 mo
338 2467 429 2502 otioso,
443 2467 543 2502 securo,
568 2475 689 2502 vacuoque
703 2465 752 2499 effi:
807 2466 876 2492 Ter.
896 2467 991 2491 Heaut.
1012 2475 1034 2498 2,
1055 2474 1083 2497 3,
1103 2473 1143 2491 101
1171 2464 1312 2490 Ademtum
1378 2468 1432 2493 sum
1445 2471 1543 2502 antiqui
1556 2467 1679 2499 dicebant,
1687 2467 1751 2502 quod
1758 2467 2053 2502 nuncDorsumdicimus.
2073 2466 2277 2494 IndsDossuaria
2289 2467 2417 2493 iumenta.

280 2503 332 2529 tibi
352 2503 403 2528 iam
416 2503 476 2528 faxo
489 2511 594 2528 omnem
607 2508 705 2528 metum
714 2521 722 2533 ‚
740 2502 770 2528 in
784 2510 874 2529 aurem
889 2501 1017 2528 vtramuis
1036 2500 1120 2527 otiose
1141 2505 1169 2526 vt
1189 2499 1313 2526 dormias.
1327 2500 1359 2531 65
1412 2508 1431 2528 D
1440 2509 1458 2528 0
1468 2509 1486 2528 R
1495 2509 1507 2528 s
1520 2508 1539 2526 v
1552 2504 1575 2528 Ᾱ
1584 2509 1601 2527 L
1611 2509 1620 2527 i
1629 2510 1642 2528 s
1651 2522 1659 2534 ,
1677 2511 1699 2527 e.
1735 2502 1796 2528 Adi.
1831 2503 1907 2536 Apul.
1921 2503 1985 2528 Met.
2000 2511 2021 2527 11
2035 2512 2059 2536 p.
2073 2505 2122 2528 266
2142 2503 2202 2528 Elm.
2223 2502 2295 2528 Nota
2309 2501 2418 2529 dorsua·
2447 2509 2460 2532 ,’

281 2537 371 2564 Viduo
390 2537 471 2562 cubili
490 2537 605 2564 dormire
633 2537 712 2564 Ouid.
728 2539 819 2564 Amor.
834 2546 856 2569 2,
871 2545 909 2568 10,
925 2544 962 2571 17.
1034 2537 1090 2562 Cic.
1106 2537 1158 2562 Att.
1172 2544 1194 2567 ς,
1208 2544 1217 2561 1
1234 2538 1314 2570 queri·
1378 2537 1417 2563 lis.
1474 2537 1556 2562 Solin.
1571 2546 1592 2562 c.
1609 2544 1642 2563 22.
1663 2536 1789 2570 Delphini
1804 2537 1896 2570 Spinae
1910 2537 2052 2563 dorsuales.
2122 2537 2254 2562 Ammian.
2267 2545 2312 2568 22,
2325 2544 2351 2568 15
2369 2537 2418 2563 Fe·
2462 2537 2465 2542 ’

282 2578 325 2598 eur
349 2573 381 2605 Q
397 2572 478 2596 Cicero
490 2571 518 2596 de
530 2571 577 2606 sua
590 2581 679 2602 vxore,
705 2573 763 2598 Nec
776 2574 860 2599 secum
873 2572 946 2598 illam
959 2571 1076 2599 dormire
1092 2571 1212 2597 voluisse.
1283 2571 1314 2597 In
1376 2581 1465 2599 rarum
1479 2572 1612 2599 dorsuales
1625 2571 1731 2597 crustae.
1806 2571 1878 2598 Idem
1892 2580 1929 2604 19,
1943 2576 1956 2601 8
1978 2578 2003 2597 et
2023 2571 2096 2607 absol.
2124 2571 2253 2597 Dorsuale
2266 2571 2299 2597 sc.
2314 2570 2418 2596 iumen-

284 2606 385 2633 medios
404 2605 519 2631 dormire
533 2606 586 2631 dies
618 2607 684 2632 Hor.
697 2608 775 2640 Epist.
791 2616 811 2639 1,
826 2616 849 2639 2,
861 2616 900 2639 30.
980 2607 1035 2634 Cic.
1050 2608 1103 2633 Att.
1119 2615 1155 2639 10,
1171 2614 1194 2638 ις
1224 2606 1313 2632 Puella
1375 2614 1441 2634 tum.
1590 2604 1611 2642 ἢ
1638 2615 1654 2633 2
1690 2607 1828 2633 Dorsualia
1862 2607 1874 2639 [
1887 2606 1995 2632 ἓπιγώτιοι
2009 2608 2022 2641 ]
2070 2607 2237 2642 Tegumenta,
2261 2605 2349 2639 quibm
2361 2606 2419 2640 equi

286 2642 342 2668 eius
354 2649 428 2666 mane
443 2640 557 2674 primum
576 2639 674 2665 dormit
691 2641 723 2666 ad
735 2641 812 2667 horas
825 2648 885 2668 tres.
955 2642 995 2669 Ad
1009 2643 1094 2668 lucem
1107 2642 1224 2668 dormire
1234 2661 1240 2672 ,
1259 2641 1313 2667 vid.
1376 2650 1399 2669 et
1413 2643 1482 2669 boue's
1501 2648 1626 2677 teguntur.
1677 2641 1764 2668 Treb.
1777 2641 1846 2672 Poll.v
1865 2642 1893 2667 in
1908 2642 2020 2667 Gallien.
2035 2651 2056 2667 c.
2073 2646 2086 2670 8
2115 2641 2293 2666 Processerunt
2312 2639 2421 2670 centeni
2427 2639 2445 2668 j

284 2683 334 2704 AD
348 2674 556 2711 praepolitionem.
613 2675 642 2699 In
656 2674 737 2700 lucem
752 2675 868 2702 dormire
888 2677 955 2703 Hor.
970 2677 1046 2710 Epist.
1065 2687 1083 2708 1,
1098 2685 1135 2709 19,
1148 2686 1190 2710 34.
1246 2678 1313 2703 Dor·
1321 2682 1357 2709 70
1374 2678 1431 2705 albi
1445 2677 1542 2709 boues,
1569 2675 1693 2703 cornibus
1707 2684 1772 2702 auro
1786 2676 1896 2710 iugatis,
1924 2682 1950 2701 et
1962 2675 2127 2702 dorsualibus
2140 2675 2228 2702 sericis
2242 2674 2418 2701 discoloribus
2440 2683 2442 2686 ·

284 2712 354 2739 mire
367 2718 450 2737 totum
465 2718 555 2742 mane,
584 2708 636 2734 vid.
663 2716 686 2734 M
697 2716 718 2734 Α
727 2716 781 2735 NE.
853 2710 909 2748 Cic.
922 2711 953 2736 de
966 2712 1055 2737 Diuin.
1069 2721 1095 2743 2,
1109 2721 1155 2744 140
1190 2713 1246 2738 Nee
1259 2719 1312 2738 tam
1376 2713 1577 2748 praefulgentes.
1635 2711 1692 2739 Vid.
1706 2711 1808 2747 Salmas.
1820 2711 1851 2738 in
1862 2711 2005 2745 Capitolia.
2019 2711 2084 2738 Ver.
2105 2719 2127 2737 c.
2139 2719 2164 2743 9.
2210 2711 2278 2747 Ηυξ.
2293 2709 2322 2736 de
2333 2711 2417 2738 Milit-
2432 2729 2435 2733 ‹

284 2746 400 2773 multum
413 2745 544 2771 dormiens
561 2744 616 2770 vllo
627 2745 718 2770 somno
738 2744 792 2769 sum
807 2743 954 2769 admonitus
972 2747 1048 2771 tantis
1065 2748 1216 2779 praesertim
1229 2747 1260 2772 de
1274 2756 1313 2773 re·
1377 2747 1485 2784 Eque-sir.
1506 2757 1528 2778 1,
1547 2756 1574 2780 4.

286 2781 344 2809 bus.
415 2779 515 2806 Noctes
531 2780 618 2813 longas
631 2779 748 2805 dormire
768 2779 833 2804 Hor.
842 2779 928 2804 Carni.
943 2787 960 2807 ι,
975 2787 1011 2810 23,
1023 2787 1048 2813 7.
1117 2781 1179 2805 Nox
1194 2790 1243 2806 vna
1256 2790 1314 2813 per·
1416 2777 1464 2808 no
1474 2789 1486 2807 s
1496 2790 1508 2808 s
1518 2790 1537 2808 v
1547 2790 1566 2808 Α
1576 2788 1595 2807 R
1605 2789 1614 2807 1
1623 2788 1644 2806 ν
1653 2789 1666 2808 s
1675 2801 1681 2812 ‚
1701 2791 1725 2813 a,
1738 2790 1792 2807 um.
1809 2787 1858 2815 pro
1867 2780 2035 2813 Dorsuarius,
2048 2780 2114 2816 quast
2127 2778 2182 2813 effl’e
2193 2776 2333 2811 aborsum,
2355 2777 2418 2806 Adi..

286 2825 363 2852 petua
383 2815 536 2841 dormienda
567 2814 653 2840 Catul.
673 2822 695 2845 ς,
709 2816 733 2839 6.
805 2815 834 2839 In
854 2814 985 2839 vtrumuis
1005 2813 1121 2839 dormire
1142 2815 1248 2840 oculum
1263 2815 1314 2840 dici
1377 2816 1541 2850 [νωτοφόρον]
1584 2817 1627 2846 Vt,
1643 2816 1778 2841 Doss'uaria
1792 2816 1926 2847 animalia,
1941 2825 1999 2851 quac
2011 2816 2081 2851 dorso
2094 2813 2312 2850 aliquidportant.
2337 2814 2416 2841 Varr.
2462 2840 2463 2843 ,

281 2851 360 2888 pQffi,
373 2850 461 2886 suadet
475 2849 536 2875 :llud
558 2848 637 2874 Plaut.
652 2848 740 2874 Pseud.
755 2857 775 2880 1,
790 2856 809 2881 1,
825 2857 863 2874 121
890 2849 927 2874 De
942 2848 1001 2874 istac
1016 2857 1044 2874 re
1058 2849 1085 2873 in
1097 2849 1201 2873 oculum
1216 2856 1315 2875 vtrum-
1328 2854 1360 2882 ’ῖς
1378 2852 1409 2876 de
1423 2852 1453 2876 R.
1467 2851 1497 2875 R.
1510 2859 1537 2882 2,
1551 2851 1567 2875 6
1587 2852 1614 2874 in
1622 2850 1690 2884 fine,
1710 2851 1809 2882 Greges
1823 2849 1888 2876 fiunt
1902 2851 1959 2877 fere
1971 2857 2163 2880 mercatorum,
2182 2855 2210 2874 vt
2224 2857 2327 2881 eorum,
2341 2849 2388 2884 qui
2399 2857 2417 2876 e

285 2888 326 2914 vis
340 2885 526 2920 conquiescito.
563 2884 686 2910 Dormire
701 2884 728 2909 in
741 2884 865 2909 vtramuis
880 2892 977 2910 aurem.
1015 2883 1079 2910 Non
1094 2882 1212 2909 dormire
1225 2884 1316 2915 alicui,
1378 2883 1534 2911 Brundisino
1555 2890 1599 2909 aut
1620 2885 1715 2918 Apulia
1734 2884 1818 2910 asellis
1837 2886 1973 2913 dossuariis
1992 2889 2157 2919 comportant
2174 2883 2206 2910 ad
2226 2892 2298 2910 maro
2315 2884 2416 2918 oleum,
2446 2892 2448 2897 ’

285 2923 379 2949 dicitur
392 2924 473 2955 i1,q111'
485 2929 532 2946 non
545 2919 648 2954 inseruit
662 2922 697 2950 ei,
719 2927 792 2953 neque
810 2926 853 2952 per
867 2921 946 2944 omnia
963 2922 1028 2954 gerit
1040 2928 1137 2944 morem.
1174 2919 1230 2944 Cic.
1245 2919 1315 2944 Fam.
1379 2927 1422 2945 aut
1435 2920 1526 2945 vinum
1536 2939 1544 2951 ,
1563 2919 1680 2953 itemque
1693 2920 1856 2947 frumentum
1865 2941 1873 2953 ,
1892 2927 1936 2948 aut
1949 2920 2015 2955 quid
2030 2919 2113 2946 aliud.
2184 2919 2303 2946 Iumenta
2315 2918 2417 2947 doffua-
2443 2939 2449 2946 2

287 2965 315 2992 7,
327 2965 361 2990 24
394 2956 489 2990 Capitis
509 2955 629 2988 (opinor)
649 2954 730 2984 olim,
755 2954 818 2979 Non
831 2954 953 2980 omnibus
973 2954 1091 2980 dormio:
1118 2954 1158 2979 Sic
1172 2962 1236 2987 ego,
1253 2953 1316 2979 Non
1379 2955 1419 2981 ria
1436 2954 1540 2989 appellat
1555 2954 1590 2980 id.
1605 2963 1630 2985 2,
1645 2964 1682 2987 10,
1702 2963 1723 2987 5.

286 2991 419 3023 omnibus,
439 2991 476 3016 mi
490 2989 573 3022 Galle,
595 2989 690 3015 seruio.
737 2989 884 3015 Plutarchus
898 2992 924 3014 in
937 2989 1009 3021 libra,
1022 2992 1061 3015 cui
1074 2990 1173 3015 titulum
1183 2989 1251 3024 fecit
1265 2989 1315 3022 ἔρω-
1417 2995 1434 3015 D
1447 2996 1465 3014 o
1478 2996 1515 3016 Rs
1525 2997 1545 3015 v
1555 2991 1594 3016 68
1606 2996 1624 3015 v
1636 2998 1666 3021 s,
1694 2999 1718 3023 a,
1746 2999 1800 3017 um.
1836 2990 1895 3018 Adi.
1932 2991 2018 3017 Maris
2037 2989 2158 3024 epitheton
2179 2989 2261 3016 Solin.
2280 2999 2301 3016 c.
2313 2998 2351 3024 40
2374 2991 2416 3017 Ita

285 3030 344 3060 τικῴ
353 3047 361 3059 ,
374 3027 488 3062 fabulam
496 3025 571 3060 super
583 3025 628 3050 hac
642 3034 668 3050 re
680 3033 727 3050 non
741 3023 862 3058 illepidam
879 3031 976 3049 narrat.
1013 3026 1091 3059 Quum
1107 3025 1182 3050 Galba
1195 3027 1317 3059 quispiam
1329 3028 1361 3054 80
1380 3025 1485 3051 incertis
1506 3024 1622 3050 motibus
1641 3034 1708 3052 nunc
1735 3026 1763 3052 in
1777 3026 1869 3052 breuia
1887 3025 2044 3053 rescinditur
2059 3023 2198 3057 dorsuosa,
2219 3034 2286 3051 nunc
2300 3024 2415 3052 aestibus

285 3064 360 3097 (aliis
374 3061 464 3087 (hubas
473 3080 480 3093 ,
501 3062 558 3086 aliis
571 3059 657 3086 Calbas
669 3060 786 3093 uocatur)
806 3062 915 3084 conuiuio
929 3061 1094 3085 lliuccenatem
1107 3059 1247 3094 excepilliw,
1261 3060 1318 3095 fin-
1381 3060 1521 3087 inundatur
1540 3060 1674 3095 inquietis.
1707 3067 1731 3087 et
1744 3062 1876 3088 Ammian.
1888 3069 1929 3094 22,
1941 3069 1974 3087 20
2006 3061 2102 3087 Pontus
2121 3061 2254 3096 consurgit
2273 3061 2302 3087 in
2320 3061 2415 3089 breui·

285 3101 391 3132 tirctquc
410 3100 457 3128 iam
476 3105 487 3121 c
501 3095 598 3120 nutibus
610 3095 726 3121 hominem
741 3094 916 3130 inflammatum
935 3098 961 3119 in
976 3103 1072 3120 uxorem
1079 3093 1163 3128 suam,
1177 3094 1266 3130 stnfim
1279 3094 1318 3120 de·-
1381 3095 1513 3122 dorsuosa.
2385 3113 2387 3115 -

287 3132 352 3165 miJit
368 3139 456 3166 caput,
469 3130 570 3165 perinde
584 3129 650 3166 quasi
662 3130 787 3156 dormiret.
822 3130 860 3155 At
877 3138 947 3164 quum
964 3132 1056 3155 interea
1070 3131 1183 3164 jamulus
1198 3133 1318 3165 quispiam
1417 3137 1462 3156 Do
1472 3138 1489 3157 R
1499 3138 1512 3157 s
1523 3129 1532 3156 ἷ
1542 3137 1583 3158 1213
1594 3137 1626 3164 R,
1643 3140 1666 3162 a,
1685 3140 1739 3159 uua.
1777 3132 1837 3158 Adi.
1875 3132 1992 3159 Occurrit
2004 3130 2033 3157 de
2045 3131 2111 3158 mula
2125 3129 2218 3158 ditium
2235 3131 2302 3167 apud
2313 3132 2416 3161 Ferret,

288 3168 321 3195 ad
334 3168 436 3202 mensum
450 3166 579 3197 accedens,
600 3168 683 3190 uinum
697 3166 758 3190 clam
772 3163 880 3196 tolleret,
904 3164 939 3189 ibi
953 3168 1000 3190 iam
1015 3167 1079 3199 vigil
1098 3172 1120 3190 et
1132 3167 1256 3191 oculatus:
1278 3167 1318 3191 In-
1381 3166 1448 3192 Mus.
1464 3166 1555 3200 Lapid.
1578 3176 1602 3201 p.
1624 3176 1682 3199 344.

282 3203 368 3238 felix,
386 3204 484 3236 inquit,
502 3210 532 3226 an
548 3200 664 3239 nes-richar
676 3209 711 3225 me
718 3200 769 3235 soli
783 3200 923 3226 martenam·
936 3198 1062 3225 dormire?
1113 3200 1169 3226 isid.
1184 3202 1277 3226 Erasm.
1291 3203 1318 3225 in
1334 3206 1363 3234 85
1416 3208 1462 3228 Do
1472 3208 1490 3228 R
1501 3208 1556 3233 so,
1586 3202 1773 3238 Cognomcntum
1791 3205 1873 3238 gentis
1890 3201 2000 3233 Fabiae,
2018 3208 2047 3227 vt
2060 3202 2151 3234 Labeo,
2171 3203 2266 3228 Mento.
2306 3202 2363 3229 Vid.
2376 3202 2415 3229 Si-

287 3237 403 3265 Proucrb.
439 3236 501 3262 Non
515 3235 636 3261 omnibus
648 3235 762 3261 dormio.
781 3236 843 3260 Cael.
859 3234 937 3261 Rhod.
952 3243 988 3267 η,
1002 3237 1038 3260 16.
1069 3235 1126 3260 isid.
1141 3239 1212 3261 etiam
1233 3242 1248 3261 Ρ
1258 3242 1277 3261 Α
1288 3242 1317 3261 R·
1380 3246 1435 3272 gon.
1450 3236 1478 3262 de·
1490 3238 1642 3272 Cog›1.Rom.
1658 3246 1679 3262 c.
1695 3245 1715 3269 5.
1754 3239 1791 3263 Dc
1799 3239 1828 3263 C.
1843 3236 1926 3263 Fabio
1941 3237 2068 3269 Dorsone,
2081 3237 2126 3271 qui
2141 3244 2213 3272 capta
2225 3246 2240 3263 a
2253 3237 2335 3264 &allis
2347 3237 2415 3264 vrbe

291 3280 313 3299 Λ
328 3279 345 3298 R
362 3279 377 3298 E
393 3278 413 3297 N
429 3278 445 3297 c
462 3278 479 3295 Η
496 3277 524 3296 0.
594 3270 699 3296 Dormit
718 3270 759 3296 Sol
774 3271 877 3305 fitutia}
897 3272 964 3295 iocur
995 3270 1076 3296 Plaut.
1090 3270 1184 3303 Amph.
1199 3279 1218 3303 1,
1234 3279 1253 3302 1,
1270 3273 1317 3296 11¹6.
1381 3280 1426 3305 per
1439 3272 1538 3297 medios
1554 3272 1638 3298 hostes
1652 3273 1679 3297 in
1694 3272 1788 3297 collem
1802 3272 1968 3305 erinalcm
1984 3273 2037 3298 ritu
2052 3273 2156 3299 Gabino
2177 3272 2307 3299 aecin&us
2321 3272 2353 3299 ad
2367 3272 2416 3299 sta·
2457 3296 2460 3301 .

290 3306 420 3333 Proficisci
441 3305 472 3331 ad
492 3305 675 3332 dormiendum
703 3307 756 3331 Cic.
777 3306 808 3331 dc
827 3305 917 3331 Diuin.
940 3315 967 3338 2,
988 3313 1039 3331 122.
1110 3306 1151 3331 Ire
1172 3306 1317 3331 dormitum
1381 3314 1436 3332 tum
1451 3307 1607 3333 sacrificium
1622 3307 1704 3341 gentis
1728 3308 1787 3333 suae
1800 3307 1895 3333 acceffit
1909 3307 2066 3340 incolumis,
2093 3314 2118 3334 et
2131 3308 2192 3335 inde
2205 3309 2235 3334 in
2248 3308 2414 3344 Capitolium
2454 3305 2458 3315 ¹

290 3343 358 3368 Hor.
372 3342 451 3367 Serm.
473 3350 492 3372 1,
511 3344 536 3373 6,
557 3349 603 3372 119.
674 3343 734 3367 Item
752 3340 876 3376 Otiosum,
894 3344 998 3375 quietum
1016 3337 1070 3373 ‹sti-z
1097 3341 1211 3366 Martial.
1232 3350 1267 3367 ιφ.
1280 3343 1318 3366 62.
1381 3343 1499 3368 reuersus
1513 3342 1563 3374 est,
1588 3343 1640 3368 vid.
1656 3343 1714 3368 Liu.
1729 3351 1751 3374 ς,
1764 3344 1799 3375 46
1810 3349 1851 3377 pr.

291 3377 373 3403 Plaut.
390 3375 457 3402 Asin.
473 3385 493 3405 2,
506 3385 533 3408 4,
549 3385 579 3409 24
611 3376 680 3402 Dum
698 3376 827 3410 reperiam
848 3376 895 3409 qui
914 3376 1062 3410 quaeritent
1081 3383 1214 3410 argentum
1236 3376 1262 3401 in
1283 3376 1319 3402 fe·
1327 3382 1363 3406 90
1420 3383 1531 3408 bonvs,
1551 3378 1568 3403 i.
1586 3387 1621 3403 m.
1642 3378 1761 3411 Neptuni
1776 3377 1861 3410 filius,
1874 3377 1922 3411 qui
1935 3379 2054 3412 regnauit
2068 3379 2096 3405 in
2108 3384 2180 3414 parte
2188 3378 2345 3411 Graeciae‚a
2358 3386 2414 3412 quo

291 3421 338 3438 nus
348 3431 354 3442 ,
372 3411 414 3438 hic
426 3420 473 3436 vos
487 3411 606 3437 dormitis
620 3412 718 3438 interea
732 3410 813 3436 domi.
868 3411 935 3437 Ter.
951 3412 1043 3437 Heaut.
1057 3420 1084 3443 4,
1096 3420 1124 3443 4,
1138 3417 1150 3441 8
1168 3411 1320 3443 Dormiunt,
1383 3413 1449 3439 Dori
1463 3412 1542 3443 dicti,
1561 3411 1660 3438 austere
1674 3413 1766 3439 Seruio
1778 3413 1843 3447 apud
1867 3414 1940 3445 Virg.
1955 3415 2018 3441 Aen.
2031 3423 2055 3445 2,
2069 3423 2084 3441 2
2106 3435 2111 3440 .
2181 3415 2299 3441 Meminit
2309 3419 2333 3439 et
2344 3413 2414 3440 Dori

290 3447 334 3481 pol
351 3455 400 3480 ego
413 3446 473 3472 istos
492 3447 674 3472 commonebo.
747 3445 880 3473 Noe'tibus
898 3446 1008 3473 illorum
1025 3446 1139 3472 dormiet
1159 3447 1213 3482 ipsa
1232 3448 1318 3473 Venus
1381 3447 1507 3473 cuiusdam
1523 3447 1594 3473 Diod.
1608 3451 1626 3473 6
1644 3457 1658 3473 a
1671 3457 1715 3483 quo
1723 3448 1862 3474 Dorienses
1871 3443 1951 3474 ditias
1963 3453 2007 3475 ait.
2076 3422 2126 3511 ᾖα,
2150 3450 2237 3480 Dorus
2251 3451 2307 3475 item
2321 3449 2414 3483 gentile

291 3483 409 3515 Propert.
426 3489 448 3513 3,
463 3489 490 3512 4,
505 3489 542 3513 34.
564 3482 603 3506 ehi
618 3482 668 3507 uni.
684 3481 813 3508 Gebhardi.
1378 3490 1426 3518 pro
1436 3484 1550 3508 Doricus.
1572 3483 1689 3516 Propert.
1702 3492 1724 3514 3,
1732 3491 1758 3517 7,
1772 3494 1809 3517 44
1827 3485 1858 3510 Et
1865 3485 1980 3510 cecinisse
1987 3485 2080 3517 modis,
2114 3493 2161 3511 ore
2168 3486 2256 3516 Poeta,
2263 3483 2322 3509 tuis.
2337 3484 2413 3511 MSS.
2456 3511 2457 3515 Ἰ

330 3524 374 3542 no
384 3524 400 3541 R
412 3523 433 3540 Μ
446 3522 508 3541 11=2N
521 3523 549 3547 s,
569 3517 642 3542 entis.
672 3517 762 3543 Partic.
799 3514 885 3548 [εὕδων
897 3517 909 3550 ]
946 3517 997 3552 Qu·
1009 3516 1106 3543 dormit.
1143 3517 1210 3543 Iacet
1226 3526 1319 3551 corpus
1382 3519 1461 3544 Dure.
1478 3518 1565 3552 Sciilig.
1579 3519 1651 3543 Pure.
1667 3518 1777 3544 Beroald.
1796 3520 1851 3545 Co'e
1865 3517 2133 3554 JuleituitAErouckh.
2147 3527 2226 3547 tamen
2239 3519 2359 3545 Scriuerii
2370 3527 2414 3545 au.

294 3551 450 3578 dormientis
464 3557 491 3576 vt
504 3551 601 3588 mortui
620 3552 673 3578 Cic.
688 3552 718 3578 de
727 3553 787 3578 Diu.
804 3561 812 3577 1
829 3561 849 3577 c.
862 3560 900 3583 3ο.
1096 3549 1116 3589 ff
1138 3560 1152 3577 2
1189 3553 1319 3588 &gnificat
1334 3559 1365 3585 95
1381 3552 1497 3579 &oritate
1510 3559 1587 3578 nrotus
1601 3553 1671 3578 Dore
1685 3554 1891 3589 rethicrijumict.

293 3590 366 3613 etiam
380 3584 566 3624 Gfl'mmnsauc
580 3585 728 3624 Cnfllimrem.
783 3587 851 3613 Ter.
865 3585 938 3613 Adel.
956 3594 982 3619 4,
997 3593 1020 3618 5,
1034 3594 1064 3619 59
1095 3587 1167 3621 Qud
1181 3587 1319 3614 credebas?
1419 3595 1436 3614 D
1446 3595 1490 3614 OR
1501 3594 1560 3614 YCI
1577 3595 1595 3612 v
1605 3596 1629 3619 s,
1649 3588 1666 3613 i.
1681 3597 1715 3613 m.
1737 3588 1882 3624 [Δόρυκλος]
1906 3590 1983 3616 filius
1994 3591 2084 3617 nothus
2098 3592 2205 3620 Priami,
2225 3596 2292 3623 quem
2305 3589 2374 3615 Aiax
2384 3591 2413 3615 in

293 3621 439 3648 dormienti
455 3620 515 3646 haec
537 3620 586 3645 tibi
602 3621 764 3648 const-&uros
776 3622 856 3648 deos?
926 3622 1108 3654 Dormientes,
1133 3630 1181 3657 pro
1195 3623 1322 3655 Gestatori-
1383 3623 1440 3650 bello
1456 3625 1565 3649 Troiano
1578 3623 1716 3657 interficit,
1730 3625 1856 3659 vtscribit
1873 3627 1968 3651 Homer.
1984 3636 2006 3651 11
2026 3626 2099 3653 Iliad.
2136 3623 2261 3655 Doryclus
2272 3625 2345 3656 alter,
2352 3624 2414 3660 fra·
2456 3626 2457 3632 ¹

293 3657 352 3687 bus,
371 3658 490 3686 incuriis,
518 3662 539 3680 ct
554 3656 713 3694 nrgligcjitius
721 3658 767 3692 sua
781 3657 916 3693 agentibus.
954 3658 1022 3682 Hmc
1040 3658 1164 3692 uulgatum
1178 3659 1254 3690 illud,
1277 3658 1321 3684 Vi·
1383 3666 1421 3685 ην
1436 3659 1522 3684 Phinei
1533 3661 1600 3694 regis
1616 3659 1754 3690 Thraciae,
1774 3659 1802 3684 dr
1815 3669 1860 3695 quo
1883 3661 1954 3697 Virg.
1968 3662 2031 3687 Aen.
2046 3669 2069 3695 5,
2082 3664 2132 3688 620
2157 3659 2199 3685 Fit
2212 3659 2295 3685 Beroe
2309 3660 2412 3686 Ismarii

292 3691 386 3727 gilanti
400 3697 424 3717 ct
445 3699 498 3716 non
512 3689 655 3715 dormienti
671 3700 710 3716 ius
725 3692 801 3718 ciuile
815 3693 937 3726 scriptum
959 3692 994 3718 est
1007 3692 1023 3718 l.
1039 3693 1151 3726 pupillus
1161 3713 1168 3724 ,
1188 3694 1214 3718 in
1232 3693 1275 3719 lin.
1289 3694 1321 3719 D.
1385 3695 1479 3720 coniux
1494 3694 1618 3727 longaeua
1633 3693 1749 3724 Dorycli.

294 3735 362 3762 quae
378 3727 405 3751 in
425 3724 509 3751 fraud.
528 3724 618 3750 credit.
659 3726 797 3760 Vigilantcs
813 3735 890 3753 auum
909 3731 1056 3763 accipimus,
1077 3731 1118 3763 qui
1126 3728 1228 3763 suarum
1242 3738 1322 3754 rerum
1330 3738 1376 3755 100
1422 3735 1493 3755 DOR
1504 3736 1546 3755 γε
1557 3736 1576 3755 N
1588 3735 1596 3754 1
1607 3736 1626 3754 v
1636 3735 1670 3760 M,
1693 3730 1721 3753 ii.
1742 3738 1767 3754 n.
1789 3727 1922 3766 [δορύκνιον]
1959 3731 2078 3766 strychni
2088 3738 2164 3766 genus
2174 3727 2356 3764 Theophrasto,
2372 3737 2413 3755 ra-

288 3764 424 3800 satagunt.
582 3796 593 3800 -
619 3794 625 3798 Ι
1386 3764 1437 3789 dice
1452 3763 1566 3795 canania,
1586 3765 1624 3790 lon
1636 3772 1668 3794 ta,
1683 3764 1791 3795 cubitali,
1810 3775 1929 3801 cautique,
1941 3767 2009 3802 folio
2022 3774 2104 3793 erucae
2117 3765 2262 3798 maiulbulo,
2280 3771 2326 3790 etc.
2360 3764 2414 3790 Do-

295 3807 304 3810 ’
332 3804 350 3824 n
362 3803 462 3835 ‘'R.M.¹
474 3800 560 3834 ‘fsto’
581 3794 683 3833 on1s3f.
718 3795 802 3835 Varro
814 3797 900 3830 Sexag.
918 3799 942 3824 O
954 3798 1029 3824 stulta
1041 3798 1122 3824 nostri
1138 3797 1251 3832 pectoris
1265 3799 1324 3824 dor·
1386 3799 1505 3831 rycnium
1526 3806 1604 3824 autem
1622 3773 1714 3824 limium
1730 3807 1849 3834 putatur,
1875 3802 1938 3837 quod
1955 3804 2092 3829 lancearum
2109 3798 2219 3833 cuspides
2238 3802 2265 3825 in
2279 3800 2377 3834 praelio
2388 3807 2414 3825 ce

296 3832 379 3859 mitio
394 3829 548 3865 Vigilabilis.
582 3829 613 3868 Et
625 3829 679 3855 alio
694 3829 752 3855 loco
767 3831 834 3856 1dem
844 3851 851 3862 ,
873 3833 943 3864 Quid
959 3834 1025 3859 mihi
1038 3842 1096 3859 cum
1110 3834 1216 3861 somno.
1233 3833 1249 3859 li
1266 3833 1324 3859 dor·
1386 3837 1549 3869 tingerentur.
1586 3834 1702 3860 Meminit
1717 3842 1738 3860 ct
1753 3835 1815 3861 Plin.
1829 3845 1870 3869 22,
1882 3845 1917 3869 31.
1954 3836 2070 3863 Scribon.
2084 3841 2133 3866 191.
2376 3856 2382 3861 .

295 3868 378 3894 mitio
391 3866 514 3893 tollitur?
541 3865 646 3891 Nouius
660 3873 682 3896 2,
697 3873 755 3904 ²392
801 3866 873 3900 Conf.
890 3869 1021 3900 Augustin.
1042 3870 1086 3903 Ep.
1108 3878 1142 3901 151
1168 3868 1198 3894 ad
1213 3869 1325 3895 Nebrid.
1423 3875 1440 3894 D
1451 3867 1530 3894 0RY⁴
1539 3875 1553 3893 1.
1564 3875 1617 3900 AS,
1631 3877 1668 3895 ae.
1688 3878 1721 3894 m.
1758 3871 1895 3907 [Ave-saus]
1931 3874 2036 3900 Ponitur
2049 3869 2078 3895 ab
2100 3867 2180 3894 Ouid.
2195 3869 2258 3895 Met.
2278 3877 2300 3902 5,
2316 3877 2361 3901 129
2376 3867 2416 3895 di·

295 3902 355 3937 post
370 3902 406 3929 in.
446 3902 554 3929 Vtuntur
566 3900 615 3941 bag,
626 3900 778 3935 vocepaffim
792 3902 846 3928 Pati
855 3910 894 3934 es,
917 3908 940 3927 ct
947 3903 1015 3938 saepi
1037 3913 1080 3931 rme
1095 3904 1124 3931 dc
1139 3906 1223 3932 Morte
1236 3905 1378 3939 intelli-105
1388 3904 1494 3929 tiffimus
1507 3903 1611 3937 agrestis
1624 3905 1780 3938 opulentiae.
1934 3906 1956 3944 q
1975 3914 1989 3932 2
2021 3902 2063 3937 Est
2077 3906 2150 3931 etiam
2162 3904 2281 3938 Dorylas,
2298 3905 2416 3931 Centauri

1385 3948 1469 3965 noman
1486 3938 1552 3975 apud
1568 3939 1649 3966 Ouid.
1662 3940 1725 3967 Met.
1739 3950 1758 3974 1,
1775 3946 1829 3973 380·
2321 3945 2427 3965 nomm
