2479 4225
97 206 142 248 {35
467 198 505 238 Ι)
587 197 621 237 13
708 199 747 239 ‘td

98 287 147 315 bus
161 287 307 314 orientibus
318 287 385 314 male
399 287 503 314 habent.
573 288 716 314 Pert'ricare
734 286 823 312 dentes
852 284 932 311 Ouid.
947 284 979 310 de
991 285 1054 310 Arte
1065 286 1125 312 Am.

96 332 119 356 3,
133 325 183 349 216.
239 324 327 350 Petere
340 323 430 354 dente,
456 323 480 349 h.
499 332 518 348 e.
542 324 674 355 limam-e,
698 322 840 347 urz-ferire
870 320 936 346 Hor.
951 320 1000 346 Sat.
1018 328 1039 349 2,
1055 328 1075 353 1,
1088 329 1123 350 52.

95 359 185 385 Petere
198 358 313 393 aliquem
326 365 383 385 atro
398 359 473 384 deute
493 357 652 393 Idemlipod.
666 358 692 388 6,
707 363 739 387 ¹5-
759 356 784 381 h.
799 364 819 380 e.
834 354 956 381 Mulciiico
969 362 992 380 et
1005 354 1123 382 ostrava-

95 395 160 420 torio
170 393 285 427 sermone.
357 394 497 420 Praeconia
517 394 642 420 virtutum
662 398 766 417 tuarum
785 390 867 424 presso
888 389 964 416 dente
977 391 1123 424 perstringo

96 428 239 459 symmach.
254 430 298 464 Ep.
313 438 352 461 10,
368 437 385 455 1.
422 430 568 455 Pi‘actercre
581 428 668 454 dentes
683 425 747 451 Plin.
763 434 795 457 11,
809 432 848 465 373
885 425 988 451 Prodest
1002 425 1122 452 dentibus
1148 430 1161 456 ς

95 463 161 490 Plin.
174 472 218 495 20,
232 473 257 497 9.
327 464 461 490 Puiuicare
475 466 561 490 dentes
574 468 650 495 atque
663 461 755 487 russam
775 461 910 495 gingiuam
922 460 1014 487 Catullo
1033 462 1123 488 tribuit

95 498 172 532 Apul.
188 500 264 534 Apol.
284 500 524 561 &277bip3bScd-
533 497 575 558 11Ιέ-
586 498 653 557 Ιιοςζι·
664 494 778 556 {voulq'efic
793 496 876 522 editur
882 495 937 529 fine
950 499 1084 528 varietate,

319 543 367 560 unc
403 541 447 561 eti
469 544 497 562 er
516 542 543 560 in
577 540 622 557 eti
643 540 696 557 erm
723 539 781 557 erra

287 569 367 603 Quod
381 571 491 605 quisque
503 566 606 598 minxit,
618 566 668 592 hoc
682 566 748 592 solet
761 565 810 592 sibi
823 574 898 592 mane

288 606 398 631 Dentem
412 613 488 640 atque
499 603 590 629 ruffam
607 602 735 628 defricare
752 601 898 636 gingiuam,

286 641 321 666 Vt
336 650 388 675 quo
401 641 446 666 iste
460 637 541 665 vester
554 637 698 671 expolitior
712 637 773 663 dens
786 637 838 669 cst,

287 676 345 702 Hoc
361 682 386 702 te
398 674 504 708 amplius
518 671 610 698 bibiffe
624 672 755 706 praedicet
769 672 828 698 lotI.

91 708 196 735 Into-lm
214 710 359 737 Pumicatns
379 710 464 737 dentes
483 717 511 734 ex
525 707 691 740 Hieronymo
710 707 794 734 laudat
813 707 847 734 ad
858 706 934 741 Apul.
956 706 973 733 l.
987 716 1008 733 c.
1029 707 1120 733 Elmcn-

91 740 205 776 horstius.
246 746 393 772 Putrcscnnt
402 744 488 770 dentes
503 743 569 769 Plin.
583 752 616 775 31,
630 752 654 775 9.
692 743 846 769 Rccrescunt
858 742 945 769 dentes
975 743 1012 768 Id.
1027 751 1059 774 11,
1078 751 1108 777 37

1569 197 1607 236 Ι)
1696 199 1729 239 ΙΞ
1815 202 1858 241 td·
2170 211 2216 253 {36

1222 292 1265 313 DE
1274 293 1296 313 N
1306 293 1368 314 Til*
1378 293 1396 313 R
1407 293 1439 314 1C
1450 293 1458 312 1
1468 294 1488 314 v
1499 295 1523 313 M
1532 307 1540 319 ,
1566 287 1595 314 ii.
1627 297 1652 315 11.
1688 287 1902 326 [ἐδοντᾶτριμμοι]
1943 295 2161 327 Medicamentum,
2175 302 2220 330 quo

1188 320 1270 347 denter
1277 322 1426 358 fricantur,
1447 330 1474 348 vt
1481 323 1550 357 fiant
1562 324 1670 349 candidi.
1706 325 1772 350 Ptin.
1786 331 1824 354 28.
1839 335 1859 352 ΙΙ
1882 329 1910 353 cle
1925 331 1974 355 talo
1987 331 2081 362 bibulo,
2096 329 2219 356 Eiusdem

1188 357 1255 382 ciuis
1269 367 1328 383 cum
1341 357 1446 389 myrrha
1460 358 1640 385 dentifricium
1655 358 1699 386 cst.
1751 360 1866 387 Martial.
1883 371 1920 394 14,
1934 367 1964 395 56
1996 367 2090 391 Lemma
2103 363 2135 398 1st
2150 366 2218 391 Den-

1189 392 1306 419 tiu-icum
1317 413 1324 424 ‚
1339 391 1402 419 illud
1412 392 1543 427 alloquitur
1556 394 1717 430 auumfaisos
1729 393 1812 421 dentes
1823 396 1964 430 habentem,
1982 400 2054 433 (Qud
2067 409 2168 426 mecum
2181 400 2217 426 est

1188 425 1255 453 tibi?
1276 437 1317 454 ine
1329 427 1415 462 puella
1427 428 1525 460 sumat,
1540 430 1627 455 Emtos
1641 439 1694 456 non
1707 429 1778 456 soleo
1792 431 1876 465 polire
1889 431 1985 464 dentes,
2020 437 2096 461 Locus
2109 435 2218 470 ela—fficio<

1188 460 1220 493 1st
1248 464 1324 496 Apul.
1337 463 1413 497 Apol.
1427 472 1451 496 p.
1467 466 1524 497 276,
1539 473 1568 496 39
1596 465 1638 491 vbi
1657 463 1690 498 cst
1707 465 1856 499 epistolium
1871 467 1903 494 dc
1915 468 2070 496 dentifricio
2105 486 2149 491 —-
2185 470 2217 497 ad

1188 497 1320 531 quendam
1332 498 1539 532 Calpurnianum
1574 515 1618 519 —-
1651 502 1807 535 quipeticrat
1819 502 1922 536 aliquid
1936 507 2015 531 tersui
2029 505 2147 532 dentium

1376 533 1452 564 Misi,
1473 539 1501 559 vt
1519 534 1612 567 petisti,
1629 535 1792 562 mundicinas
1811 537 1930 565 dentium

1376 569 1480 595 Nitelas
1503 569 1558 595 oris
1576 578 1606 595 ex
1627 570 1746 597 Arabicis
1765 572 1884 606 frugibus

1375 604 1510 636 Tenum,
1524 604 1687 636 canditieum,
1700 605 1816 633 nobilem
1831 608 2021 644 puluisculum,

1375 639 1607 673 complanatorem
1625 641 1767 668 tumidulae
1787 643 1954 678 gingiuulae,

1373 674 1593 701 conuerritorem
1614 676 1748 709 pridianae
1766 678 1910 713 reliquiae;

1373 708 1417 735 Ne
1435 719 1485 744 qua
1508 710 1606 737 visatur
1624 717 1690 737 tetra
1711 712 1779 738 labes
1798 713 1932 748 sordium,

1374 743 1509 772 Restri&is
1527 746 1596 772 forte
1614 746 1632 773 si
1654 746 1754 773 labellis
1774 749 1871 776 riseris.

50 781 52 783 '
92 778 247 807 Remedium
264 780 379 808 dentium
392 779 442 812 ests,
456 778 559 804 corticis
573 779 670 813 platani
682 779 710 805 in
724 785 797 805 aceto
809 777 946 807 decoctum
959 778 1023 804 Plin.
1038 787 1081 812 24,
1095 784 1116 808 ε.
1139 788 1165 814 ¹3
1184 776 1251 804 Add.
1266 778 1384 805 Scribon.
1401 788 1439 812 59.
1476 781 1596 807 Keuchcn.
1612 782 1646 808 ad
1658 782 1814 821 Sanunouie.
1829 793 1884 817 239.

90 813 218 841 Remedio
232 816 351 844 dentibus
358 817 426 845 sunt,
437 822 563 848 panacum
576 814 650 840 radix
659 820 719 847 ,eta
732 813 805 840 Idem
819 821 859 846 25,
873 821 906 845 13.
944 813 1118 847 Rem-ingere,

89 849 141 874 vid.
152 851 189 877 Sc.
198 853 287 879 Gentil.
298 851 333 878 ad
341 850 414 884 Apul.
423 848 501 883 Apol.
510 858 533 884 p.
543 858 578 882 5¹·
596 855 620 875 et
633 850 721 876 Barth.
729 849 762 876 ad
774 849 865 875 Claud.
880 857 904 882 p.
916 850 964 875 161.
1000 849 1116 875 Retinere

90 883 177 911 dentes
191 887 257 913 Cels.
271 889 296 918 6,
307 893 340 918 15.
376 885 555 911 Renascuntur
567 884 655 911 dentes
669 885 734 911 Plin.
744 892 825 918 11‚=37.
866 883 963 910 Ridere
975 883 1043 910 albis
1057 884 1117 910 den-

90 919 159 945 tibus
176 922 255 948 Plaut.
268 920 340 955 Epid.
353 928 375 952 3,
390 929 412 953 3,
425 925 466 952 48.
513 919 586 953 Qtid
600 919 703 946 dentem
719 920 794 946 dente
808 919 911 948 iuuabit
924 919 1042 951 Rodere,
1063 929 1116 946 car-

87 964 119 980 ne
138 965 201 989 opus
219 957 268 990 est,
287 955 304 982 si
323 956 393 982 satur
412 957 460 982 effe
472 955 538 982 velis
567 956 682 982 Martial.
699 964 734 988 13,
754 964 777 981 2.

88 990 175 1017 dentes
203 992 266 1018 Plin.
283 999 313 1020 11,
330 998 370 1025 37.
441 990 514 1018 Idem
536 998 576 1023 ις,
600 1000 623 1022 13
657 991 740 1017 Radix
757 991 786 1016 in
799 990 892 1016 dolore
905 991 1116 1018 commanducata

86 1025 198 1059 diutius,
216 1026 321 1060 Rumpit
330 1026 426 1052 dentes.
480 1026 611 1053 Salierunt
624 1026 714 1052 excuili
728 1025 831 1060 cuspide
846 1025 934 1052 dentes
953 1026 1014 1054 Stat.
1022 1026 1113 1053 Theb.

247 1061 322 1087 Sanat
340 1061 427 1088 dentes
445 1061 518 1088 radix
538 1070 681 1087 anemonae
701 1061 914 1087 commanducata
946 1061 1009 1087 Plin.
1024 1070 1059 1094 21,
1073 1070 1113 1094 23.

86 1069 199 1130 {ialssssie
215 1095 302 1122 dentes
315 1105 397 1131 penna
410 1097 522 1123 vulturis
553 1097 626 1123 Idem
642 1105 682 1128 30,
696 1105 722 1129 4.
794 1096 943 1123 Scarificare
962 1096 1050 1123 dentes
1075 1097 1113 1123 Id.

84 1136 123 1161 28,
138 1139 169 1158 11.
222 1132 330 1158 Seruare
354 1132 474 1165 dentem,
495 1140 541 1159 etc.

83 1175 160 1193 mere.
211 1166 323 1193 Sti-idere
337 1166 458 1194 dentibus
465 1169 532 1195 Cels.
547 1177 568 1198 2.
582 1169 607 1195 6.
645 1168 762 1202 Stupere,
775 1168 827 1194 vid.
841 1168 945 1202 Stupeo.
992 1168 1113 1202 Triplici

82 1200 146 1228 stant
158 1200 251 1228 ordine
267 1202 354 1229 dentes
372 1203 453 1230 Ouid.
467 1204 530 1230 Met.
545 1212 568 1235 3,
580 1212 620 1237 34.
632 1203 661 1229 de
669 1204 784 1240 serpente
791 1202 916 1229 Cadmeo.
952 1203 1026 1229 Subit
1039 1204 1112 1235 deus,

81 1237 132 1262 vid.
143 1235 267 1263 Duriores
274 1239 324 1264 offe
335 1238 425 1265 dentes
437 1240 502 1265 sunt.
523 1240 590 1265 Hor.
599 1240 649 1265 Sat.
664 1248 687 1271 2,
702 1241 728 1271 6,
741 1243 775 1273 87
794 1238 907 1273 Cupiens
921 1239 994 1265 varia
1008 1239 1112 1265 fastidia

82 1280 160 1298 coena
180 1273 291 1299 Vincere
304 1275 431 1308 tangentis
444 1274 512 1301 male
525 1274 623 1308 singula
637 1274 714 1300 dente
727 1273 848 1308 superbo:
885 1274 1033 1300 eandorem
1041 1275 1112 1300 Tra-

79 1306 144 1333 hunt
156 1307 243 1334 dentes
262 1308 375 1343 quodam
394 1309 568 1336 medicamine
599 1310 665 1336 Pliu.
684 1317 708 1345 7,
729 1311 767 1336 16.

78 1348 115 1369 tes
123 1351 193 1394 aurp
203 1344 269 1371 Cels.
278 1352 304 1378 7,
313 1353 349 1371 12.
452 1342 472 1378 q
485 1353 509 1379 ¹4
529 1345 688 1380 Metaphoras
700 1345 772 1371 habet
785 1347 882 1377 varias,
896 1347 989 1380 quoties
1001 1348 1027 1371 in
1040 1350 1111 1371 vario

77 1377 235 1411 instrumento
251 1380 348 1415 aliquid
367 1380 446 1407 dicere
464 1382 565 1413 volunt,
586 1380 650 1415 quod
662 1380 817 1415 prehendat,
835 1387 930 1412 teneat,
950 1380 976 1406 di
988 1383 1110 1407 criminer.

74 1414 117 1440 Sic
129 1413 157 1440 <le
168 1413 265 1449 peHine
286 1416 420 1442 Claudian.
433 1416 465 1442 de
476 1422 550 1451 nupt.
565 1416 637 1442 Hon.
650 1425 693 1443 102
720 1417 791 1443 Haec
805 1417 893 1443 morsu
905 1415 1035 1442 numerosi
1049 1416 1110 1442 den-

74 1449 108 1474 tis
125 1449 225 1476 eburno
238 1450 399 1477 Multifidum
415 1451 555 1478 discrimen
569 1457 631 1478 arat.
693 1452 751 1478 Vni.
767 1453 852 1478 Burm.
872 1451 908 1477 ad
919 1453 1017 1478 petron.
1031 1461 1054 1485 p.
1069 1455 1108 1478 62.

74 1485 112 1511 De
119 1484 192 1518 serra
212 1486 291 1512 Ouid.
304 1487 367 1513 Met.
388 1492 409 1518 8,
424 1494 474 1520 243
498 1488 634 1522 Ferroque
653 1486 748 1514 incidit
766 1492 843 1514 acuto
855 1488 996 1522 Perpetuos
1010 1487 1109 1519 dentes,

69 1525 100 1548 ‚et
112 1520 196 1547 serrae
214 1522 313 1555 reperit
331 1523 421 1555 vsum,
448 1523 476 1549 de
498 1522 598 1549 Perdice
610 1529 697 1558 puero.
785 1524 854 1550 Dens
869 1530 919 1558 pro
941 1524 1027 1555 Claui,
1045 1523 1109 1557 quoti

71 1557 99 1581 in
111 1556 220 1582 clunibus
226 1557 286 1592 fere
310 1564 387 1592 emper
401 1557 478 1592 irfint
489 1559 557 1584 velut
568 1558 650 1584 dentes
669 1557 798 1585 Tibullus
812 1567 833 1591 1,
847 1567 873 1590 2,
888 1564 912 1588 18
949 1559 998 1584 Seu
1010 1559 1108 1585 reserat

72 1590 126 1617 fixo
141 1590 217 1618 dente
230 1593 289 1627 puel
302 1602 315 1619 a
331 1594 409 1620 fores.
452 1593 501 1620 Vbi
513 1592 648 1628 Brouklrusl
719 1594 890 1621 Germanicus
903 1594 931 1619 in
944 1594 1041 1619 Arateo
1055 1602 1109 1619 car.

72 1626 157 1657 mine,
192 1628 284 1660 Qualis
297 1629 396 1655 ferrato
410 1628 532 1663 subigens
548 1628 674 1654 clauicula
689 1628 764 1655 dente
804 1629 934 1659 Succutit,
958 1634 983 1654 et
1001 1628 1106 1654 foribus

70 1661 191 1689 redducit
205 1663 309 1690 vincula
328 1664 438 1690 claustri.
491 1663 563 1698 Conf.
578 1663 678 1699 Salmas.
699 1665 782 1690 Exere.
796 1665 863 1690 Plin.
878 1670 908 1699 p.
921 1668 976 1696 928.

72 1697 136 1722 Aen.
149 1699 175 1728 6,
187 1706 199 1729 3
235 1699 311 1725 Tum
325 1699 402 1725 dente
416 1699 500 1725 tenaci
535 1699 640 1724 Ancora
652 1697 778 1724 fundabat
791 1707 880 1725 naues.
921 1698 978 1724 Vid.
991 1699 1063 1725 Non.
1078 1700 1105 1730 6,

71 1737 115 1766 77.
150 1732 320 1759 Vertebratus
338 1734 401 1760 Plin.
416 1742 456 1766 34,
468 1739 481 1763 8
495 1734 514 1759 s.
528 1742 562 1765 19.
583 1733 611 1758 de
627 1735 731 1758 articulo
743 1735 771 1758 in
778 1733 840 1767 pede
852 1735 919 1758 cerui
931 1735 1006 1757 aenei.
1053 1733 1104 1758 Co-

71 1765 161 1793 lumel.
173 1776 199 1798 2,
213 1776 232 1800 4
251 1768 321 1794 Nam
336 1770 377 1795 vel
391 1769 523 1802 respuitur
535 1767 633 1792 duritia
647 1767 694 1792 soli
708 1766 769 1792 dens
783 1767 880 1793 Aratri.
922 1766 1002 1792 Ouid.
1012 1767 1103 1792 Amor.

68 1808 92 1831 3,
107 1809 144 1829 10,
158 1809 177 1832 4
202 1803 234 1826 Et
246 1807 363 1828 veterem
376 1804 467 1827 Curuo
486 1801 563 1826 dente
576 1800 680 1826 reuellit
693 1800 812 1826 humum.
884 1800 970 1826 Durus
983 1800 1045 1826 dens
1057 1810 1105 1827 vo-

68 1835 148 1860 meris
169 1835 243 1868 Virg.
266 1836 362 1869 Georg.
384 1844 403 1866 1,
416 1837 473 1860 262.
510 1836 594 1866 Dens,
617 1837 636 1859 i.
657 1835 782 1860 Acumen.
819 1834 933 1861 Seruius.

67 1876 94 1904 7,
107 1874 152 1902 859
172 1869 300 1904 Pluraque
312 1869 435 1895 ruricolis
449 1868 582 1895 feriuntur
594 1868 716 1895 dentibus
730 1870 791 1895 ossa.
840 1870 927 1895 Vncus
948 1869 1027 1903 dens,
1041 1873 1103 1908 Ligo

65 1908 182 1931 incnruus
211 1905 287 1939 Virg.
301 1906 397 1939 Georg.
412 1913 467 1938 423.
539 1905 650 1930 Dentem
663 1905 768 1930 Saturni
776 1912 825 1940 pro
842 1906 911 1931 Falce
924 1905 1008 1940 postcit
1028 1906 1103 1934 Idem

68 1941 166 1974 Georg.
184 1948 212 1974 2,
231 1941 287 1974 406
323 1940 354 1967 Et
372 1949 455 1966 curuo
473 1940 577 1967 Saturni
596 1939 672 1966 dente
684 1939 805 1967 relidam
841 1941 1007 1974 Persequitur
1019 1942 1103 1969 vitem

22 1972 25 1981 ¹
66 1976 219 2010 attondens,
237 1976 366 2012 fingitque
380 1975 505 2018 putando.

100 2019 176 2039 DEN
187 2013 335 2046 thV'Lv
345 2021 375 2045 s,
406 2021 425 2039 1.
456 2021 493 2039 m.
529 2012 630 2039 Dimin.
668 2010 746 2045 Apul.
759 2011 835 2045 Apol.
849 2020 874 2045 p.
892 2016 946 2045 278,
961 2021 989 2038 10
1015 2014 1100 2046 Quae,
1117 2020 1149 2047 50
1170 2018 1205 2042 12,
1220 2018 1278 2045 247.

64 2049 177 2078 malum,
195 2049 265 2075 ratio
278 2048 328 2080 est,
347 2049 463 2083 linguam
478 2047 601 2074 mundam
615 2052 640 2073 et
651 2046 731 2073 lotam
741 2067 750 2079 ,
768 2056 862 2073 vocem
879 2053 968 2074 contra
980 2049 1099 2081 spurcam

62 2089 88 2110 et
102 2089 196 2110 tetram
217 2083 357 2119 poffidcrez
386 2084 492 2118 viperae
511 2083 580 2114 ritu,
605 2083 686 2109 niueo
705 2082 839 2109 denticulo
861 2089 946 2108 atrum
966 2092 1099 2110 venenum

63 2119 207 2153 inspirare?
380 2116 400 2181 Ἦ
422 2128 438 2145 2
473 2119 585 2153 Metaph.
599 2121 626 2143 in
638 2118 813 2145 archudium.
850 2118 876 2143 Si
889 2118 993 2144 Doricis
1006 2119 1099 2153 episty-

61 2154 107 2181 liis
119 2155 148 2180 in
161 2154 265 2181 coronis
279 2153 384 2181 denticu
398 2156 407 2181 i
419 2154 567 2188 sculpentur
585 2154 653 2180 Vitr.
668 2162 687 2186 1,
701 2163 725 2180 2.
762 2153 830 2180 Add.
846 2152 883 2179 Id.
898 2162 920 2185 3,
933 2162 954 2185 3.
967 2161 990 2179 et
1002 2163 1029 2187 4,
1042 2156 1067 2180 6.

94 2196 269 2223 *DENT10,
297 2193 344 2216 ire.
365 2190 484 2216 Verbum
497 2195 584 2216 neutr.
621 2187 782 2224 [durmaig
802 2187 945 2223 ἅδοντωέζω]
982 2191 1099 2216 Emittcre
1118 2194 1147 2222 ςς
1166 2186 1236 2212 Loca
1254 2186 1414 2214 filuestribus
1426 2188 1530 2222 sepibus
1551 2188 1627 2216 densa
1658 2190 1712 2216 Cic.
1732 2189 1764 2216 de
1777 2191 1813 2217 N.
1828 2191 1860 2217 D.
1873 2200 1893 2222 1,
1918 2212 1925 2219 .

61 2225 153 2251 dentes.
187 2225 254 2252 Plin.
265 2233 306 2258 30,
320 2234 332 2258 3
353 2226 427 2253 Ciuis
441 2234 533 2252 eorum
548 2233 642 2259 pueros
661 2224 733 2251 tarde
753 2224 897 2251 dentientes
916 2224 1024 2251 adiuuat
1038 2234 1098 2252 cum

61 2260 149 2287 melle.
186 2261 218 2287 Et
229 2269 264 2294 21,
278 2269 321 2287 zo.
389 2261 520 2295 Gingiuae
533 2260 676 2287 dentientes
696 2260 762 2287 Cels.
778 2269 800 2293 2,
816 2269 835 2286 1.
908 2260 1018 2287 Dentire
1036 2261 1098 2288 den-

61 2300 98 2322 tes
110 2296 226 2323 dicuntur
245 2306 262 2322 α
273 2296 363 2324 Plauto
385 2297 454 2324 Mill.
468 2305 488 2329 1,
502 2305 523 2329 1,
538 2304 579 2329 34.
607 2305 678 2332 quum
693 2299 796 2323 inuicem
814 2301 956 2323 atteruntur
975 2303 999 2322 et
1012 2306 1097 2324 concu-

58 2335 155 2359 tiuntur
161 2331 241 2366 fame.
300 2333 334 2358 Vt
344 2335 407 2358 enim
420 2332 495 2367 pueri
508 2332 625 2358 dicuntur
639 2331 756 2364 dentire,
782 2341 835 2358 cum
847 2335 882 2357 cix
891 2334 1000 2366 primum
1014 2336 1097 2358 oriun-

58 2373 115 2394 tur:
134 2366 177 2401 fic
186 2366 271 2403 quibus
288 2367 377 2400 ceffznt
396 2378 410 2395 a
422 2367 522 2395 terendo
542 2367 611 2399 cibo,
630 2370 746 2403 quianon
763 2367 923 2398 deteruntur,
939 2368 1097 2403 grundffiere
1117 2369 1151 2394 60
1166 2366 1210 2397 26,
1246 2384 1253 2391 ·
1290 2384 1297 2391 -

57 2402 191 2435 videntur,
206 2409 278 2438 atque
290 2403 394 2430 dentire
402 2405 521 2439 populari
533 2406 584 2429 ioco
598 2403 730 2430 dicuntur:
755 2406 794 2429 ita
810 2403 919 2430 Turncb.
971 2403 1019 2429 scd
1030 2404 1095 2431 scal.

49 2436 310 2471 stridorem-dentium
330 2442 524 2474 ὺιιενρνειαίαν,
544 2445 568 2464 ct
580 2438 626 2464 huc
645 2439 726 2465 trahit
739 2440 815 2464 Iocum
828 2438 955 2464 Varronis
969 2438 1095 2464 laudatum

59 2474 132 2500 Non.
145 2482 170 2505 2,
185 2478 212 2503 28
248 2483 299 2499 uem
313 2476 349 2499 ita
362 2474 485 2505 emendat,
507 2474 597 2508 Teges
611 2474 686 2500 ruina
694 2494 702 2507 ,
723 2482 755 2501 ne
769 2474 897 2500 iacentem
908 2473 956 2500 sub
971 2473 1020 2500 deo
1034 2475 1095 2501 Am-

60 2508 138 2535 besset
149 2508 220 2542 algus
252 2509 394 2536 entientem
407 2509 517 2544 frigore.

94 2549 267 2570 DENTITI
279 2550 317 2577 o,
339 2545 404 2571 finis.
425 2545 444 2571 f.
465 2543 641 2578 [ὅδοντοφυήι]
678 2543 903 2579 Dentiumemzffio.
940 2544 1005 2570 Plin.
1019 2550 1057 2577 28,
1068 2554 1095 2577 19
1114 2551 1144 2584 55
1161 2542 1253 2568 tricata
1270 2551 1346 2569 cerua
1375 2544 1442 2570 Hor.
1456 2544 1506 2573 Od-
1521 2552 1543 2576 3,
1558 2552 1580 2576 5,
1594 2552 1628 2575 31·

55 2579 202 2605 infantibus
213 2578 282 2605 nihil
295 2579 390 2612 butyro
403 2580 496 2607 vtilius
505 2589 552 2615 per
565 2581 590 2606 se
603 2587 628 2606 et
640 2589 699 2606 cum
713 2580 800 2612 melle,
814 2580 940 2614 priuatim
955 2587 980 2606 et
993 2581 1020 2606 in
1034 2581 1094 2606 den-

56 2615 168 2646 titione,
186 2619 212 2640 et
224 2614 256 2640 ad
270 2615 405 2649 gingiuas,
424 2615 494 2642 etad
505 2616 559 2642 oris
574 2616 668 2643 v-lccra.
714 2612 793 2642 'idem
804 2624 845 2648 3ο,
859 2623 884 2649 15
914 2615 954 2642 Ad
969 2616 1094 2642 dentitio-

57 2655 118 2674 nem
131 2649 267 2675 cerebrum
282 2651 384 2683 pecoris
396 2651 560 2676 Vtilissimum
572 2651 616 2676 est.

92 2690 111 2709 D
121 2690 136 2709 E
144 2691 166 2710 N
174 2690 195 2710 T
204 2690 226 2709 A
235 2690 256 2709 T
264 2690 285 2707 V
295 2691 308 2709 S
316 2703 325 2715 ,
355 2693 379 2715 a,
415 2693 469 2710 um.
505 2685 565 2711 Adi.
602 2687 614 2718 [
839 2686 889 2719 Qui
908 2685 980 2712 habet
1000 2685 1092 2711 denus.

629 2683 779 2718 ὄδυντωμένσς
792 2688 803 2718 ]

56 2719 172 2745 Martial.
188 2727 208 2751 1,
222 2725 253 2752 73
281 2718 321 2743 Sic
335 2718 438 2744 dentata
450 2718 499 2744 sibi
511 2719 619 2745 videtur
632 2719 710 2751 Aegle
746 2719 827 2745 Emtis
840 2719 932 2745 ouibus
946 2719 1090 2753 Indicoque
1108 2729 1143 2757 70
1159 2722 1232 2748 tum,
1252 2726 1299 2743 nec
1312 2718 1421 2743 eandem
1433 2717 1626 2749 educationem,
1638 2718 1771 2745 cultumue
1782 2727 1920 2754 quaerunt.
1956 2724 1996 2750 Sic
2010 2731 2036 2759 7,
2054 2733 2079 2757 9.

219 2755 325 2780 Cornua
338 2753 443 2779 bisulcis
455 2754 559 2780 dentata
573 2754 720 2788 forcipibus
746 2754 810 2780 Ptin.
825 2762 855 2786 11,
870 2759 909 2783 28.
937 2754 964 2780 dc
975 2756 1091 2790 grandio-

517 2791 596 2815 Dcntc
616 2791 727 2823 politus,
747 2789 903 2824 Iaeuigatus:
939 2791 981 2816 Sic
993 2790 1040 2815 Cic
1054 2792 1093 2822 Q

55 2762 147 2779 cornu.

52 2798 107 2816 rum
120 2788 307 2824 fiarabaeorum
327 2789 448 2815 cornibus.

54 2824 138 2852 Fratr.
157 2832 180 2855 2,
198 2831 222 2855 15
243 2822 374 2856 dentatam
395 2824 510 2850 chartam
528 2823 612 2854 dixit,
638 2830 668 2849 vt
685 2823 946 2857 red-'rejimerpm-tatur
958 2825 1090 2850 Manutius

52 2859 94 2892 est.
148 2859 217 2886 Male
235 2861 297 2884 enim
316 2860 345 2884 de
359 2860 445 2886 acerba
464 2865 488 2884 ec
499 2858 610 2885 mordace
622 2858 753 2894 scriptura
772 2859 886 2894 Erasinus
899 2860 1088 2893 interpretatur.

52 2896 219 2924 Petron.c.18
239 2894 360 2928 Capillos,
370 2895 403 2920 ab
417 2903 480 2920 aure
493 2893 672 2920 descendentes
681 2895 790 2920 Dentata
803 2893 977 2920 manuduxit.
996 2897 1014 2920 i.
1030 2895 1088 2921 Ma-
1109 2895 1141 2923 ’ἴς
1156 2893 1185 2919 in
1204 2892 1261 2919 Asia
1281 2898 1305 2919 et
1322 2893 1404 2925 Mysia
1439 2894 1569 2921 Columel.
1582 2896 1691 2930 praefat.
1706 2905 1726 2929 1,
1765 2916 1772 2922 .
1807 2917 1813 2924 .

52 2940 87 2957 nu
99 2930 188 2966 digit-is
202 2931 332 2964 explicata,
351 2937 380 2955 vt
386 2930 516 2965 formaret
522 2928 653 2964 lieffinem.
707 2929 778 2956 Male
790 2929 893 2956 dentata
905 2929 991 2963 puella
1007 2930 1088 2957 Ouid.

51 2966 85 2992 de
97 2967 172 2993 Rem.
187 2966 244 2992 Am.
259 2974 278 2997 1,
291 2974 349 2999 340.
421 2966 472 3000 ‚Qi
484 2974 585 3001 magnos
595 2965 666 2991 habet
679 2965 769 2992 dentes.
806 2965 888 2992 Plaut.
899 2964 988 2991 Pseud.
1003 2974 1031 2998 4,
1039 2974 1086 2998 4‚3

52 3002 116 3029 Non
130 3009 179 3035 ego
193 3006 219 3027 te
233 3001 264 3026 ad
278 3000 356 3028 illum
373 3000 441 3026 duco
455 3001 596 3027 Dentatum
610 3001 708 3027 virum.
780 3002 848 3027 Hinc
866 3000 1020 3033 Edentatus,
1042 3002 1088 3028 Cui

52 3037 133 3064 dentes
141 3038 204 3072 sunt
216 3035 295 3070 enulfi.
351 3036 469 3063 Macrob.
482 3037 582 3063 Saturn.
601 3044 628 3070 7,
648 3044 684 3072 13⁴v
700 3036 839 3063 Edentatae
857 3035 959 3062 belluae
977 3037 1087 3063 morsus.

50 3073 172 3100 Similiter
185 3072 326 3099 Edentulus
334 3091 343 3104 ,
364 3073 414 3106 Qei
427 3071 539 3097 denaba:
551 3078 627 3098 ear-ac.

52 3109 206 3142 Cognomen
225 3108 263 3134 M'
281 3107 377 3140 Curii,
402 3114 432 3134 vt
438 3107 532 3143 scribit
565 3107 631 3134 Plin.
644 3114 669 3142 7,
684 3109 713 3133 16
740 3107 819 3140 Qiod
833 3116 893 3134 cum
907 3106 1030 3134 dentibus
1042 3117 1086 3134 na-

51 3149 91 3170 tus
111 3144 200 3170 fuerit.
760 3161 763 3167 ,

86 3184 104 3205 D
115 3186 131 3206 E
140 3187 162 3206 N
172 3186 192 3205 T
202 3186 213 3205 1
221 3185 266 3206 CV
275 3185 291 3205 L
301 3180 354 3206 ᾹΤ
362 3185 383 3205 V
392 3186 404 3206 s
412 3198 421 3211 ,
442 3187 466 3211 a,
484 3187 538 3204 um.
574 3177 636 3204 Adi.
671 3175 832 3212 [difflui-0¹5]
868 3180 899 3205 In
906 3178 1018 3213 formam
1030 3178 1086 3205 den-

52 3216 110 3240 tium
119 3212 217 3249 fabius.
252 3214 318 3241 Plin.
331 3224 356 3247 9,
365 3223 388 3247 31
407 3215 543 3241 Praeterea
556 3213 620 3240 bina
632 3213 740 3240 brachia
752 3213 917 3241 denticulatis
925 3213 1084 3248 forcipibus.

847 954 997 981 Rubescunt
1016 956 1115 982 seneffia
1126 962 1161 980 20

1129 1496 1157 1523 35
1178 1488 1233 1516 834·

1032 1664 1106 1697 Virg.
1116 1672 1154 1696 40
1174 1658 1256 1685 Ouid.
1271 1660 1334 1686 Fast.
1346 1669 1374 1693 4,
1387 1666 1429 1695 87.

1005 1835 1104 1863 Lucan,
1121 1846 1155 1872 45
1172 1833 1303 1860 Cohortes
1322 1834 1413 1861 Claud.
1422 1837 1513 1871 Paneg.
1528 1845 1546 1867 1,
1563 1838 1602 1866 86.

856 3070 877 3108 Ἴ
897 3080 913 3098 2
950 3073 1087 3105 Dentatus,
1100 3075 1132 3101 80
1152 3072 1216 3098 tices
1248 3071 1320 3097 Idem
1335 3071 1398 3100 Fast,
1411 3074 1438 3105 6,
1452 3080 1509 3105 502.

1220 819 1237 838 D
1247 820 1263 839 E
1273 821 1293 839 Ν
1303 821 1340 840 Ti
1351 822 1391 841 111³
1401 822 1422 841 Α
1430 823 1452 841 Ν
1460 822 1481 842 G
1491 824 1500 842 1
1510 823 1524 842 B
1535 815 1579 842 171,
1590 824 1608 842 ν
1617 824 1640 843 Μ
1650 837 1658 850 ,
1688 825 1707 842 1.
1738 827 1764 843 11.
1805 820 1818 853 [
1832 818 2024 855 ὀδαντὸκλαςης]
2059 824 2113 858 Quo
2130 824 2214 852 denter

1176 847 1346 884 franguntur.
1400 851 1481 877 Plaut.
1496 852 1615 878 Bacchid.
1629 862 1657 886 4,
1670 861 1697 884 2,
1713 861 1742 885 14
1774 853 1813 879 Ita
1830 854 2052 891 dentifrangibula
2069 858 2131 885 haee
2149 862 2215 888 meis

1184 883 1304 910 manibus
1317 884 1438 918 gestiunt.
1493 887 1533 913 Sic
1546 895 1616 914 vocat
1624 895 1725 924 pugnos
1730 887 1799 923 filos.
1852 892 1915 916 Mox
1928 892 1961 917 ad
1972 892 2037 919 hunc
2049 895 2112 921 atter
2150 897 2167 922 s.
2183 905 2213 930 23

1181 918 1245 944 Vale
1266 918 1497 956 dentit‘rangibule.
2120 915 2130 928 ²

1218 960 1236 979 D
1246 961 1262 980 E
1270 961 1291 979 N
1300 961 1321 980 T
1331 963 1339 982 1
1349 963 1364 981 L
1373 963 1388 982 E
1398 963 1417 983 G
1429 965 1468 983 vs
1477 977 1486 990 ,
1509 957 1527 983 i.
1547 968 1582 984 m.
1624 957 1682 984 Vid.
1695 957 1879 992 Dentiloquus.

1195 1023 1199 1028 Ι
1218 995 1260 1015 nu
1270 997 1291 1015 N
1302 997 1364 1017 TIL
1374 990 1449 1028 &qv
1458 1000 1514 1023 vs,
1529 993 1547 1019 i.
1560 1003 1596 1018 m.
1616 991 1803 1027 [ἐδυντολόγας]
1840 995 2002 1030 Plaut.Capt.
2016 1007 2043 1030 4,
2058 1008 2083 1031 2,
2095 1005 2120 1030 18
2144 1001 2212 1028 Den.

1180 1023 1298 1059 tiloquos
1311 1035 1401 1053 omnes
1413 1028 1534 1054 mortales
1547 1028 1659 1060 faciam,
1676 1037 1808 1063 quemque
1821 1028 1963 1056 offendero.
1983 1035 2000 1056 ι’.
2014 1036 2105 1060 Dentis
2117 1037 2214 1072 loq-uen-

1181 1065 1218 1085 tes
1229 1061 1345 1094 jacium,
1369 1062 1413 1088 hoc
1428 1061 1476 1096 est,
1503 1072 1532 1089 ex
1550 1072 1589 1090 ore
1610 1067 1761 1096 emittentes,
1782 1064 1910 1090 verborum
1929 1067 1995 1091 Ioco*
2016 1072 2072 1102 quia
2091 1071 2142 1095 suis
2154 1072 2213 1098 adeo

1179 1094 1264 1120 dentes
1275 1100 1426 1129 concutiam,
1444 1105 1472 1124 et
1480 1099 1536 1133 filis
1544 1098 1645 1134 sedibus
1658 1097 1746 1124 eustos
1761 1098 1887 1135 exspuunt.
1921 1101 2010 1136 Aliqui
2022 1103 2114 1130 codices
2125 1106 2214 1133 habent

595 1132 702 1159 soluere
716 1131 817 1158 dentem
827 1151 834 1162 ,
859 1131 911 1158 vid,
938 1133 1047 1158 ’nentem
1061 1133 1114 1158 exi·
1132 1143 1163 1169 25
1180 1130 1347 1165 Dcnfflegos,
1366 1135 1384 1158 i.
1397 1135 1488 1159 Dentes
1501 1135 1621 1169 legentem·
1642 1140 1670 1160 vt
1682 1135 1833 1169 Sacrilegos‚
1852 1136 1928 1161 Sacra
1942 1137 2055 1172 legentes.

1217 1172 1235 1192 D
1244 1172 1260 1191 E
1269 1174 1339 1205 NjTJ
1350 1174 1362 1193 S
1372 1175 1389 1194 C
1399 1175 1419 1194 Λ
1428 1176 1444 1194 L
1453 1176 1466 1194 P
1477 1176 1484 1194 1
1494 1176 1512 1195 V
1522 1176 1563 1201 M,
1590 1169 1620 1195 ii.
1648 1167 1873 1208 11..[ο’δοντοξὲς”ης
1885 1190 1894 1204 ,
1920 1168 2127 1208 ὅδόντυγλυφεῗον]
2158 1176 2213 1209 Quo

1179 1199 1262 1240 deute?-
1270 1203 1417 1237 scalpuntur
1430 1211 1452 1229 et
1465 1204 1615 1231 mundantur
1631 1204 1747 1231 Martial.
1762 1213 1801 1238 14,
1812 1214 1853 1234 22·
1893 1206 1981 1233 sidem
1993 1214 2019 1241 7,
2032 1215 2062 1240 52
2099 1210 2214 1237 Bitsenos

1167 1236 1297 1269 triplices
1308 1257 1316 1269 ‚
1336 1244 1361 1264 et
1374 1237 1541 1274 dentiscalpia
1554 1240 1660 1274 septem.

1216 1277 1379 1305 DENSVS,
1396 1282 1420 1306 a,
1439 1283 1492 1300 uni.
1514 1274 1573 1300 Adi.
1609 1274 1729 1310 [ἐῢ-ρέος,
1748 1273 1832 1309 δαρὸς,
1851 1275 1948 1307 πνκνδς,
1967 1277 2073 1313 σνχνᾶς]
2110 1279 2214 1315 Spiffiu,

822 1309 965 1336 vinciendi
980 1311 1037 1336 sunt
1050 1311 1111 1336 den.
1131 1305 1199 1343 30fi
1211 1307 1323 1333 audimus
1342 1309 1453 1335 Varron.
1473 1310 1504 1335 de
1519 1310 1548 1336 L.
1562 1310 1592 1336 L.
1607 1319 1635 1343 4,
1648 1319 1677 1342 23
1690 1319 1714 1344 p.
1729 1319 1772 1343 29,
1788 1319 1815 1345 17
1838 1320 1852 1337 a
1870 1312 1991 1349 dentibus
2010 1314 2137 1347 pectinis,
2155 1317 2212 1350 qui-

1182 1342 1228 1367 bus
1241 1343 1338 1369 seritur
1352 1343 1527 1377 vistimentum.
1564 1345 1629 1371 Plin.
1646 1354 1684 1377 10,
1699 1349 1732 1379 69
1756 1346 1896 1381 Liquidius
1909 1347 2020 1375 audiunt
2034 1350 2117 1384 talpae
2132 1351 2213 1377 obru—

1178 1382 1219 1403 tae
1232 1383 1315 1411 terra,
1340 1384 1391 1405 tarn
1405 1381 1485 1406 denso
1505 1386 1583 1414 atque
1596 1380 1674 1406 surdo
1693 1387 1799 1408 naturae
1813 1382 1950 1409 elemento,
2023 1385 2096 1419 Virg.
2114 1387 2211 1421 Georg-

1176 1421 1202 1444 2,
1216 1421 1267 1447 227
1287 1415 1371 1440 Densa
1385 1416 1467 1449 magis
1483 1416 1585 1448 Cereri,
1599 1415 1722 1443 rarissima
1735 1426 1853 1451 quaeque
1866 1417 1962 1450 Lyaeo.
1980 1419 2097 1455 szcbimd.
2112 1421 2210 1449 Terra.

1178 1449 1230 1474 Aer
1244 1449 1335 1475 densus
1350 1451 1416 1477 Hor.
1430 1450 1481 1477 Od.
1497 1460 1520 1483 2,
1534 1459 1560 1486 7,
1574 1460 1612 1484 ¹4-
1683 1452 1783 1486 Agmen
1797 1453 1903 1479 densum
1917 1463 1993 1488 agere
2018 1455 2092 1489 Virg.
2108 1457 2174 1483 Aen.
2187 1466 2211 1490 ς,

1286 1486 1409 1517 Amores,
1429 1486 1456 1512 id
1471 1486 1506 1512 est
1516 1507 1525 1519 ,
1546 1487 1641 1513 Crebri
1658 1486 1731 1513 Idem
1745 1488 1841 1522 Georg.
1855 1498 1881 1521 4,
1895 1497 1953 1523 347.
1987 1490 2101 1517 Seruius.
2148 1494 2210 1519 Am-

1176 1519 1266 1553 plexus
1296 1521 1385 1547 Valer.
1405 1523 1503 1556 Argon.
1522 1532 1550 1556 4,
1571 1530 1623 1554 325.
1693 1523 1793 1556 Aquilo
1814 1524 1903 1549 densus
1923 1525 2032 1557 dicitur,
2057 1527 2121 1561 quod
2139 1529 2212 1555 >iubes

1174 1554 1302 1590 condensa
1322 1557 1399 1590 Virg.
1412 1557 1508 1590 Georg.
1525 1565 1548 1588 3,
1563 1559 1609 1588 196
1644 1557 1738 1589 Qtalis
1753 1559 1931 1592 Hyperboreis
1943 1560 2043 1594 Aquilo
2056 1571 2137 1595 quum
2148 1563 2211 1589 cien-

1175 1590 1216 1615 sus
1230 1589 1262 1615 ab
1275 1591 1330 1616 oris
1365 1591 1495 1617 Incubuit.
1568 1591 1656 1617 Armis
1668 1591 1750 1618 densis
1763 1593 1941 1619 circumfundi
1954 1596 2026 1620 Idem
2039 1597 2104 1622 Aen.
2119 1605 2143 1629 2,
2157 1603 2210 1629 383.

1176 1624 1264 1649 Armis
1284 1624 1367 1650 densis
1387 1625 1522 1653 incurrere
1548 1625 1586 1652 Id.
1606 1627 1671 1652 Aen.
1692 1635 1715 1658 2,
1735 1635 1798 1659 409.
1867 1628 1996 1661 Asperitas
2011 1629 2087 1656 densi
2099 1631 2210 1665 frigoris

1485 1660 1585 1687 Austris
1597 1660 1678 1687 densis
1692 1661 1849 1695 nigerrimus
1861 1662 1948 1690 imber
1963 1664 2035 1698 Virg.
2044 1666 2109 1691 Aen.
2118 1675 2140 1699 ς,
2148 1669 2210 1699 696.

1174 1693 1256 1720 Ouid.
1265 1694 1296 1720 de
1304 1696 1366 1721 Arte
1374 1696 1432 1721 Am.
1445 1698 1522 1728 3,691
1548 1695 1605 1722 Nec
1620 1695 1727 1721 densum
1740 1696 1813 1722 foliis
1826 1697 1938 1731 Buxum,
1957 1699 2116 1734 fragilesque
2128 1697 2210 1735 myri-

1176 1737 1234 1759 cae,
1268 1729 1326 1756 Nee
1339 1736 1429 1758 tenues
1443 1730 1531 1763 cytifi,
1555 1731 1677 1765 cultaque
1692 1731 1769 1764 pinus
1780 1731 1859 1759 abest.
1930 1734 2025 1768 Caligo
2039 1735 2115 1762 densa
2132 1739 2208 1772 Virg.

1173 1764 1239 1789 Aen.
1256 1772 1292 1796 12,
1305 1768 1368 1797 466.
1422 1766 1506 1800 Caput
1519 1766 1626 1792 densum
1638 1766 1751 1792 caesarie
1775 1767 1857 1793 Ouid.
1873 1768 1964 1796 Amor.
1978 1779 2000 1803 3,
2016 1779 2035 1803 1,
2048 1780 2087 1803 32..
2144 1774 2209 1800 Cae-

1172 1797 1244 1830 lum,
1263 1802 1281 1825 i.
1295 1803 1338 1825 ae'r
1351 1800 1443 1833 craſjiu
1456 1808 1480 1827 et
1492 1801 1616 1835 nebulosus
1624 1801 1690 1827 Cels.
1705 1802 1786 1836 praef.
1803 1811 1822 1829 1.
1876 1803 1962 1831 Chaos
1980 1806 2122 1834 Sen.Herc.
2137 1809 2154 1834 s.
2170 1818 2208 1836 10.

1564 1870 1567 1872 .
1674 1837 1794 1872 Corpora
1809 1838 1949 1866 denfiffima
1963 1839 2035 1866 duris
2049 1843 2106 1868 sctis
2126 1844 2208 1871 Ouid.

1172 1869 1237 1895 Met.
1252 1878 1285 1902 13,
1301 1872 1361 1904 846.
1380 1870 1408 1896 de
1421 1872 1573 1906 Polyphemo.
1609 1871 1686 1898 Ficus
1699 1872 1838 1900 denfissima
1851 1875 1939 1908 pomis
1956 1875 2028 1901 Idem
2041 1877 2105 1904 Fast.
2122 1886 2147 1910 2,
2155 1887 2208 1912 233.

1170 1903 1238 1931 Plin.
1253 1914 1287 1937 12,
1301 1913 1319 1940 7
1350 1906 1433 1933 Foliis
1448 1907 1552 1941 paruiS,
1578 1906 1715 1942 dentisque
1732 1909 1820 1942 cyperi
1835 1909 1924 1936 inodo.
1996 1911 2113 1938 Fremitu
2127 1913 2207 1941 denso

1170 1939 1337 1967 circumstare
1351 1942 1469 1978 aliquem
1489 1943 1563 1976 Virg.
1578 1943 1672 1976 Georg.
1686 1951 1713 1974 4,
1728 1945 1783 1969 216.
1838 1944 1955 1970 Frondes
1972 1946 2048 1980 Virg.
2063 1948 2115 1974 Ecl.
2128 1957 2155 1981 9,
2167 1951 2207 1976 61.

1170 1975 1287 2002 Frutices
1306 1977 1386 2004 Ouid.
1401 1980 1466 2005 Mer.
1480 1986 1501 2009 1,
1515 1986 1568 2004 122.
1634 1978 1731 2004 Funale
1743 1978 1851 2004 densum
1863 1979 2027 2013 lampadibus
2055 1982 2127 2009 Idem
2139 1985 2206 2011 Met.

1332 2013 1421 2039 Hostis
1440 2012 1479 2040 Id.
1495 2022 1526 2039 ex
1541 2014 1624 2041 Ponto
1639 2021 1661 2045 3,
1674 2021 1702 2046 9,
1716 2023 1743 2047 4.
1778 2014 1809 2039 In
1822 2013 1908 2039 hostes
1920 2014 2013 2041 densos
2027 2016 2113 2045 fertur
2131 2020 2206 2055 Virg.

1170 2046 1234 2071 Aen.
1250 2055 1271 2078 2,
1280 2054 1326 2079 311.
1360 2048 1459 2076 letibus
1473 2048 1555 2081 densis
1586 2048 1670 2074 ulfare
1683 2048 1800 2082 aliquem
1820 2047 1893 2074 Idem
1910 2050 1974 2076 Aen.
1989 2058 2010 2083 ς,
2025 2061 2083 2086 459.
2153 2055 2206 2082 Im-

1167 2080 1215 2106 ber
1233 2081 1271 2111 Id.
1288 2083 1384 2117 Georg.
1399 2093 1417 2114 1,
1430 2093 1486 2116 334.
1538 2085 1568 2109 Iu
1589 2091 1604 2109 a
1623 2082 1700 2109 densa
1721 2083 1759 2110 Id.
1773 2083 1811 2110 ib.
1824 2092 1847 2116 3,
1861 2086 1900 2113 86.
1955 2085 2044 2113 Labor
2057 2087 2166 2122 densus,
2184 2094 2204 2117 i.

1168 2117 1318 2150 Perpetuus,
1337 2122 1467 2145 continuus
1480 2119 1567 2144 Valer.
1581 2119 1680 2152 Argon.
1689 2126 1716 2152 5,
1731 2121 1783 2150 168.
1818 2119 1900 2146 Lacus
1919 2119 2010 2148 densus
2022 2123 2092 2150 nube
2108 2126 2203 2152 Claud.

1166 2150 1194 2175 de
1207 2153 1292 2186 Aponi
1305 2152 1397 2178 balneis
1415 2162 1467 2186 49,
1484 2161 1519 2185 31.
1567 2154 1637 2180 Loca
1648 2153 1725 2181 densa
1738 2155 1856 2181 nemoris
1887 2155 1944 2183 Sen.
1959 2158 2069 2193 Hippot.
2089 2169 2116 2194 4,
2152 2181 2158 2187 .
2195 2182 2204 2188 .

2020 2195 2105 2222 Lucus
2119 2196 2205 2224 iuncis

1474 2225 1548 2250 Luna
1562 2224 1693 2252 imbribus
1708 2225 1909 2261 Vater.‚Argon.
1927 2236 1953 2261 2,
1967 2231 2026 2264 367.
2069 2232 2205 2259 Malorum

1813 2263 1889 2297 Virg.
1909 2264 1974 2291 Aen.
1989 2274 2027 2298 10,
2042 2271 2094 2301 178.
2124 2268 2206 2294 Millo

1166 2221 1246 2248 Ouid.
1254 2222 1319 2248 Fast.
1333 2226 1358 2255 6,
1371 2232 1424 2256 411.

1164 2257 1304 2284 densorum
1321 2258 1398 2285 turba
1429 2259 1509 2286 Ouid.
1523 2260 1608 2287 Trist.
1626 2268 1649 2293 5,
1662 2262 1689 2293 6,
1701 2269 1741 2294 41.

1162 2294 1233 2354 §rapit
1248 2293 1338 2334 densos
1351 2294 1415 2346 acie.
1488 2295 1582 2335 Rapit,
1599 2295 1691 2336 idest,
1715 2297 1822 2331 Raptim
1841 2298 1914 2340 ducit
1931 2300 2009 2328 Mille
2029 2301 2120 2329 densos
2132 2304 2204 2344 acie,

1183 2337 1215 2355 oc
1228 2329 1277 2362 est,
1302 2338 1330 2355 1n
1342 2331 1565 2392 {SixpigonMsterpdffs
1585 2337 1610 2357 et
1628 2332 1792 2394 coniffiietfftos.
1809 2333 1971 2397 tsfflbms'ld
2017 2336 2122 2364 Nebula
2140 2340 2203 2366 Liu-

1163 2400 1259 2427 Nimbi
1286 2400 1359 2426 Ideni
1378 2385 1444 2427 ibid.
1465 2410 1486 2434 1,
1501 2385 1566 2434 ⁴263.
1578 2386 1586 2393 ·
1615 2386 1622 2393 1
1642 2402 1705 2429 Nox
1726 2377 1848 2431 Idiuibildii
1867 2373 2203 2438 i;?s31.emMOedid⁴.blei6e{:

1161 2436 1896 2502 {2¹3ss?OE{ififississitfi'i'Nubii’551353001iq‘LTi‘3'
1912 2443 1998 2502 ..2⁸¹³
2018 2444 2083 2492 ²³²¹}
2105 2446 2201 2505 ⁶'13⁹²’

1162 2515 1211 2540 gue
1230 2507 1303 2541 Virg.
1319 2492 1416 2542 Georg.
1431 2481 1662 2543 3,·152'4.7³.Pingue
1669 2495 1849 2548 Substamiuum
1862 2485 1910 2542 est?
1941 2484 2138 2545 §Piig‘i’sdensis
2155 2488 2200 2542 3¹¹1:

1161 2577 1263 2603 densior
1275 2578 1405 2611 gestorum
1424 2579 1516 2604 Claud.
1530 2580 1620 2611 Pancg.
1634 2586 1654 2609 ι,
1669 2544 1871 2613 138S.emesKyii⁴rgg.·
1877 2545 2067 2615 ἒέἒιὶἔᾎῗξζε
2086 2549 2199 2613 Diffi&

1160 2612 1222 2638 hine
1237 2612 1345 2638 Soboles
1354 2632 1363 2644 ,
1381 2613 1444 2638 hinc
1457 2613 1524 2652 largi
1537 2613 1613 2646 copia
1625 2612 1710 2640 ladiis.
1781 2614 1861 2640 Binos
1874 2616 1944 2641 enim
1953 2636 1961 2648 ,
1985 2620 2067 2652 inquit
2079 2619 2198 2655 Seruius,

1159 2648 1271 2681 capellae
1284 2647 1438 2681 plerumque
1453 2653 1565 2682 pariunt.
1619 2648 1680 2674 Sues
1695 2648 1804 2681 densae,
1823 2651 1898 2682 Qiae
1912 2650 1999 2678 densas
2014 2653 2077 2680 setas
2091 2654 2187 2683 habent

1159 2682 1291 2708 Columel.
1306 2682 1416 2716 praefat.
1431 2691 1450 2709 1.
1506 2683 1563 2709 Nec
1579 2682 1692 2709 eundem
1707 2683 1811 2717 glabrae
1825 2686 1889 2718 sues,
1908 2685 2053 2723 densaeque
2067 2691 2134 2717 caeli
2148 2678 2197 2719 sta:

1779 2757 1835 2788 Sic,
1855 2755 2011 2785 denfiffimae
2026 2760 2094 2794 sepes
2120 2727 2196 2789 (sliri-ii?

1487 2823 1584 2850 Tellus
1597 2823 1699 2852 densior
1711 2828 1771 2852 aere
1795 2827 1876 2854 Ouid.
1891 2794 2193 2863 Μειῖεὲἒάεῃῂῦῖωᾶ

1541 2879 1547 2886 .
1583 2860 1634 2886 vid.
1653 2861 1760 2887 Vmbra.

1159 2752 1235 2778 densa
1254 2758 1279 2778 et
1299 2753 1388 2786 aspera
1418 2752 1474 2778 Cic.
1490 2754 1543 2778 Att.
1560 2761 1595 2785 12,
1609 2755 1646 2786 16,
1660 2756 1719 2786 (13).

1158 2788 1186 2813 B.
1199 2788 1231 2812 G.
1246 2795 1269 2818 2,
1281 2795 1320 2813 22.
1376 2787 1463 2814 Siluae
1480 2787 1611 2814 densiores
1639 2789 1712 2816 Idem
1727 2790 1754 2816 B.
1768 2791 1800 2817 G.
1814 2800 1834 2823 3,
1849 2800 1890 2824 29.

1155 2822 1231 2856 Virg.
1246 2823 1312 2848 Aen.
1325 2831 1351 2855 9,
1365 2830 1416 2856 ςςς.

1156 2856 1219 2883 brae
1231 2857 1323 2883 densae
1349 2858 1395 2884 Sil.
1419 2866 1458 2891 12,
1495 2879 1503 2885 .

2102 2834 2192 2860 Tene-

1830 2863 1913 2890 Densa
1934 2871 1959 2891 et
1976 2865 2107 2900 glutinosa
2123 2875 2192 2896 terra

1884 2900 1972 2926 Densis
1986 2903 2132 2930 terroribus
2147 2914 2192 2931 au-

1155 2928 1208 2954 lam
1244 2929 1320 2955 Fama
1336 2929 1420 2963 quatit
1453 2930 1546 2956 Claud.
1561 2930 1589 2957 in
1612 2931 1720 2966 Eutrop.
1734 2941 1760 2964 2,
1774 2936 1832 2965 462.
1887 2935 2026 2963 Trabibus
2038 2938 2118 2965 densis
2133 2950 2190 2969 vm-

1155 2964 1233 2990 brosa
1245 2964 1340 2998 templa
1366 2964 1447 2992 Ouid.
1459 2967 1524 2992 Met.
1545 2975 1578 2999 11,
1591 2968 1649 2998 360.
1720 2967 1817 2995 Turba
1846 2969 1902 2996 Sen.
1923 2972 2000 2998 Herc.
2017 2981 2042 3005 9.
2113 2977 2187 3010 Virg.

1155 3000 1252 3034 Georg.
1267 3009 1287 3031 1,
1300 3008 1344 3032 332
1361 3001 1513 3036 Densaeque
1527 3002 1556 3028 in
1568 3002 1703 3029 montibus
1715 3003 1838 3031 Vmbrae.
1909 3007 1980 3039 Qiia
1992 3027 2001 3040 ,
2030 3011 2114 3044 inquit
2132 3011 2188 3038 Ser-

1152 3036 1230 3067 vius,
1250 3035 1357 3062 arbores
1370 3042 1431 3062 tune
1444 3036 1573 3071 incipiunt
1586 3038 1752 3065 frondescere
1778 3039 1859 3066 Ouid.
1875 3050 1907 3067 ex
1920 3043 2002 3069 Ponto
2017 3052 2036 3075 1,
2049 3053 2075 3076 9.
2120 3047 2186 3072 Vor-

1581 3073 1744 3106 ConuiCtor,
1764 3074 1895 3110 densoque
1908 3077 2063 3105 domesticus
2080 3082 2125 3107 vsu
2145 3081 2184 3107 Id.

1154 3116 1185 3133 ex
1199 3108 1282 3132 Ponto
1289 3115 1317 3139 4,
1332 3115 1355 3139 3,
1368 3114 1402 3140 15.
1450 3109 1550 3143 Vulgus
1569 3108 1677 3135 densum
1692 3108 1822 3141 humeris,
1841 3114 1860 3137 i.
1872 3110 1952 3138 Ανέῖε
1968 3112 2140 3148 εονῃῖνίἑῖιιηι,
2161 3123 2185 3142 et

1151 3140 1264 3169 coaffum
1277 3142 1304 3168 ob
1316 3151 1428 3178 magnam
1436 3143 1607 3179 frequentiam
1618 3146 1684 3171 Hor.
1699 3144 1749 3171 Od.
1762 3155 1785 3178 2,
1800 3154 1833 3177 13.

1186 3184 1204 3204 D
1213 3185 1229 3204 Ε
1238 3185 1260 3204 Ν
1269 3184 1318 3204 so.
1354 3177 1420 3204 Adu.
1456 3180 1580 3213 [πυκνῶς]
1623 3182 1695 3206 Forte
1708 3180 1825 3207 dixerunt
1839 3187 1941 3209 veteres.
1975 3184 2043 3210 Certe
2054 3185 2183 3220 Compara—

1150 3217 1204 3241 tiuo
1218 3213 1276 3249 vsus
1299 3213 1354 3239 Cic.
1366 3214 1440 3240 Orat.
1451 3222 1468 3249 7
1482 3224 1503 3241 c.
1520 3224 1533 3241 2
1563 3216 1626 3242 Non
1639 3216 1712 3241 enim
1726 3225 1841 3250 quaer0,
1866 3219 1926 3252 quis
1940 3218 2037 3251 fuerit,
2061 3219 2104 3246 sed
2117 3222 2182 3255 quid

54 3248 227 3276 Denticulatae
259 3251 404 3285 asperitatis
426 3255 519 3276 venter
553 3249 719 3276 terrestribus
742 3248 902 3284 quibusdam
924 3249 1084 3276 animalibus
1105 3251 1134 3281 85
1152 3249 1181 3275 sit
1194 3248 1275 3279 illud,
1300 3258 1353 3283 quo
1367 3249 1436 3275 nihil
1455 3250 1528 3284 possit
1547 3251 1595 3276 esse
1616 3251 1801 3285 praestantius:
1818 3253 1889 3286 quod
1902 3254 1930 3279 in
1951 3255 2123 3288 perpetuitate
2141 3256 2182 3283 di-

54 3282 119 3309 Plin.
139 3289 170 3315 n,
187 3292 226 3320 37.
297 3285 478 3312 Denticulata'e
500 3284 578 3311 falces
606 3285 736 3311 Columel.
756 3293 782 3317 2,
802 3293 838 3312 21.
907 3285 974 3311 Plin.
995 3287 1039 3317 26,
1059 3292 1085 3319 ις

53 3320 120 3345 Item
134 3319 225 3352 ophrys
238 3320 334 3353 herba,
354 3321 515 3347 denticulato
529 3321 604 3347 Oleri
619 3320 720 3347 fimili's.

90 3357 303 3389 ΒΕΝΤὸενε,
323 3366 355 3389 a,
373 3366 428 3383 um.
465 3356 524 3382 Adi.
561 3357 636 3383 Idem.
673 3355 753 3382 Ouid.
769 3355 836 3382 fast.
851 3357 876 3387 6,
890 3363 941 3389 229
968 3356 1082 3384 Dentosa

53 3389 152 3415 crinem
172 3387 302 3423 depe&ere
315 3392 403 3425 buxo,
428 3395 445 3418 i.
462 3390 561 3427 pec‘tine
571 3392 653 3418 buxeo.

1149 3284 1224 3311 cendi
1236 3293 1290 3310 non
1303 3285 1392 3319 saepe,
1411 3292 1489 3320 atque
1501 3285 1569 3312 haud
1584 3287 1636 3312 scio
1655 3295 1687 3313 an
1699 3296 1833 3322 nunquam
1842 3307 1850 3318 ,
1870 3298 1898 3314 in
1911 3289 1997 3323 aliqua
2009 3296 2096 3316 autem
2110 3298 2183 3325 parte

1148 3320 1248 3347 eluceat
1261 3320 1419 3354 aliquando,
1439 3321 1508 3347 idem
1522 3321 1590 3355 apud
1604 3322 1669 3348 alios
1682 3322 1792 3355 densius,
1812 3324 1879 3358 apud
1891 3324 1956 3350 alios
1968 3324 2071 3351 fortasse
2088 3328 2183 3355 rarius.

1146 3357 1175 3384 Si
1182 3359 1237 3391 quis
1244 3355 1540 3383 tamenmalitAdie-fliua
1548 3356 1599 3390 este,
1612 3367 1660 3384 non
1666 3358 1748 3393 facile
1754 3359 1839 3393 fuerit
1851 3359 1917 3384 illum
1925 3362 2017 3385 erroris
2028 3365 2181 3390 conuincere.

1184 3397 1202 3418 D
1210 3398 1227 3418 E
1234 3398 1256 3417 Ν
1264 3399 1277 3418 S
1285 3398 1301 3418 E
1310 3398 1328 3418 O
1337 3411 1343 3421 ,
1367 3395 1420 3418 ἐκ.
1439 3398 1463 3419 et
1482 3398 1500 3417 D
1509 3399 1525 3418 E
1534 3399 1555 3418 N
1565 3399 1577 3419 S
1587 3399 1606 3418 O
1614 3412 1622 3423 ‚
1641 3397 1694 3419 Ere.
1729 3393 1837 3426 [mmm'w
1847 3413 1855 3426 ‚
1872 3394 2026 3421 xoermvnuo'w
2033 3415 2041 3427 ‚
2060 3397 2180 3434 πνκιέξω]

87 3430 105 3450 D
115 3428 282 3458 ENTALE,
302 3428 342 3454 lis.
360 3437 385 3455 n.
423 3428 517 3462 [γύης]
551 3428 674 3462 Lignum,
688 3427 721 3453 ad
734 3426 805 3462 quod
818 3435 912 3453 vomer
926 3427 1081 3460 includitur,
1103 3438 1139 3463 90
1147 3428 1255 3462 Densum
1273 3437 1302 3452 ac
1315 3426 1418 3462 spiſjum
1430 3427 1526 3464 facere.
1549 3428 1661 3454 Densare
1675 3438 1705 3454 ac
1717 3429 1838 3460 Dcnstre,
1855 3426 1964 3462 Ateium,
1975 3430 2064 3465 paffim
2083 3441 2181 3460 monent

52 3462 135 3495 inquit
153 3458 269 3486 Seruius:
285 3463 355 3496 quod
368 3469 394 3490 et
406 3462 468 3489 dens
481 3472 495 3489 a
512 3464 632 3490 Varrone
649 3463 753 3489 dicitur.
806 3462 880 3496 Virg.
894 3463 990 3497 Georg.
1007 3471 1081 3496 ¹:¹72

51 3496 218 3535 Binaeaures
229 3493 323 3534 duplici
340 3504 462 3533 aptantur
480 3498 595 3525 dentalia
609 3498 696 3526 dorse.
765 3497 897 3524 columel.
912 3507 960 3528 2‚2
989 3499 1082 3524 Censet

51 3531 153 3565 exiguis
173 3529 329 3558 vomeribus
343 3540 368 3560 et
386 3534 534 3561 dentalibus
554 3540 653 3561 terram
672 3533 809 3569 subigere,
833 3542 887 3568 quo
899 3534 1012 3561 minoris
1026 3533 1081 3560 for-

51 3575 108 3594 mae
122 3565 207 3592 bubus
220 3564 392 3595 administrari
403 3569 431 3595 id
444 3569 525 3604 poffit.

87 3607 338 3632 DENTARIVS,
361 3612 384 3635 a,
412 3614 465 3631 um,
501 3605 560 3632 Adi,

50 3637 175 3664 dentaria.
210 3635 301 3662 Herba
315 3635 428 3665 dentaria
452 3640 530 3674 Apul.
545 3641 576 3667 de
589 3641 672 3667 Herb.
686 3651 707 3667 c.
721 3651 739 3675 4
755 3647 778 3666 et
792 3645 814 3670 8.

88 3679 105 3699 D
116 3680 132 3700 Ε
142 3679 164 3698 N
174 3678 194 3696 T
203 3679 224 3698 Α
233 3678 251 3697 R
260 3679 275 3697 Ρ
284 3678 304 3697 Α
313 3678 334 3698 G
342 3677 363 3697 Α
371 3679 384 3698 S
393 3692 401 3704 ‚
426 3676 496 3708 Quas
510 3677 605 3703 Graeci
625 3674 766 3710 ὅδαντοέγρας
782 3680 893 3708 vocant,
919 3675 1013 3701 Latine
1032 3684 1080 3702 vo-

49 3708 100 3735 luit
114 3707 239 3770 appellari
261 3708 344 3733 Varro
363 3707 588 3744 Qiinquan-ibus,
613 3712 665 3739 Hic
684 3711 810 3746 bipensile
833 3711 964 3744 forcipem
977 3710 1079 3737 dentat-

48 3753 112 3779 page
161 3751 237 3769 onius
250 3751 275 3773 2,
289 3750 341 3777 237.

598 3605 678 3632 Gloss'.
691 3606 737 3632 Gr.
751 3605 809 3632 Lat.
826 3603 969 3640 ὅδωντοὶγρα,
990 3604 1079 3631 forfex
1096 3612 1129 3639 95
1145 3606 1248 3632 Funera
1266 3604 1413 3631 densentur.

1149 3469 1241 3488 veteres
1255 3464 1426 3489 Grammatici.
1462 3462 1563 3490 Charis.
1577 3472 1589 3495 3
1604 3473 1627 3498 p.
1637 3472 1679 3495 233
1690 3470 1732 3498 pr.
1751 3464 1860 3494 Densco‚
1876 3462 1952 3490 Densi
1972 3466 2015 3500 (in
2024 3468 2180 3503 Praeterito)

1149 3498 1272 3525 Priscian.
1292 3503 1305 3528 8
1325 3507 1350 3532 p.
1364 3497 1467 3534 837fin.
1514 3499 1599 3525 Denso
1612 3500 1721 3529 Densas,
1739 3505 1764 3524 et
1783 3499 1895 3530 Denseo,
1915 3500 2026 3533 Denses,
2044 3509 2089 3529 etc.
2133 3504 2182 3531 Sed

1146 3544 1200 3560 cum
1209 3537 1361 3569 perprimo:
1379 3533 1485 3560 editores
1501 3534 1618 3560 librorum
1636 3537 1789 3568 antiquorum
1802 3533 1861 3568 fere
1872 3535 1984 3570 periistbt
2000 3538 2098 3564 verbum
2110 3540 2180 3566 Den-

1146 3571 1206 3601 seo,
1223 3572 1337 3596 certatim
1351 3568 1414 3595 illud
1423 3567 1582 3602 restituerunt
1595 3572 1649 3595 viri
1660 3567 1728 3594 doeh*
1742 3569 1873 3595 Lambinus
1884 3570 1917 3596 acl
1929 3572 1995 3599 Hor.
2009 3571 2060 3600 Od.
2077 3583 2095 3607 1,
2105 3580 2142 3606 28,
2152 3584 2180 3608 19

1466 3605 1572 3640 Giphan.
1586 3607 1612 3630 in
1625 3602 1753 3630 ColleHan.
1773 3604 1808 3629 ad
1817 3605 1915 3631 Luci-et.
1935 3614 1959 3632 et
1976 3616 2035 3642 quos
2048 3615 2179 3642 praeterea

1144 3640 1230 3666 laudat
1244 3639 1368 3666 Drakenb.
1390 3639 1424 3666 ad
1443 3640 1487 3667 Sil.
1508 3650 1534 3673 4,
1552 3648 1601 3671 ¹59-
1656 3638 1704 3665 Sed
1716 3638 1780 3674 quod
1793 3638 1930 3674 Giphanius
1943 3648 1967 3667 et
1980 3644 2094 3677 Heinsius
2102 3647 2177 3679 plane

1144 3676 1258 3702 Densare
1276 3676 1426 3702 eliminatum
1441 3675 1558 3701 videntur
1577 3673 1651 3705 velle,
1670 3676 1746 3700 nimis
1764 3675 1843 3701 calide
1855 3678 1969 3710 ¹finiunt.
2024 3680 2178 3716 Qcamquam

1138 3710 1216 3746 fauet
1237 3711 1309 3737 Seru.
1322 3711 1353 3737 ad
1368 3712 1432 3737 Aen.
1446 3719 1472 3744 7,
1486 3718 1539 3746 794
1557 3709 1672 3741 Denseo,
1690 3711 1820 3746 inquiens,
1840 3711 1934 3738 Denses
1948 3713 2078 3748 dicimus,
2097 3716 2176 3742 aliter

1144 3755 1207 3773 non.
1265 3748 1319 3772 Nos
1331 3749 1379 3772 iam
1394 3753 1509 3780 ponemus
1526 3745 1649 3778 exempla,
1674 3751 1703 3770 vt
1715 3748 1742 3770 in
1761 3749 1861 3780 optimis
1879 3747 2010 3783 quibusque
2028 3749 2175 3777 editionibus

85 3786 103 3805 D
112 3786 128 3805 E
138 3787 158 3805 N
169 3786 190 3805 T
198 3786 208 3804 1
218 3784 236 3803 D
245 3779 266 3804 &7
275 3785 291 3805 C
299 3785 319 3804 v
330 3785 352 3809 s,
366 3787 389 3808 a,
402 3787 457 3805 um.
471 3780 530 3807 Adi.
547 3783 618 3809 Cael.
632 3782 721 3809 Aurel.
732 3781 816 3809 Tard.
833 3790 854 3814 2,
862 3785 929 3814 4,48
946 3780 1078 3807 Erasistra·
1088 3789 1135 3808 100
1143 3782 1212 3809 hodie
1224 3783 1347 3818 leguntur.
1384 3781 1456 3814 Virg.
1466 3781 1561 3813 Georg.
1576 3788 1596 3812 1,
1609 3788 1656 3813 4¹9
1665 3780 1708 3806 :Et
1720 3779 1821 3815 Iupiter
1833 3781 1957 3808 humidus
1970 3784 2071 3811 Austris
2105 3787 2173 3812 Den.

48 3819 88 3840 tus
103 3813 270 3848 plumbeum,
290 3814 394 3847 inquit,
414 3813 543 3849 odontago
561 3827 621 3850 um,
644 3818 716 3853 quod
734 3827 783 3844 nos
799 3816 970 3843 dentiducum
990 3816 1078 3842 dicere

49 3855 208 3883 poterimus,
229 3848 298 3883 apud
311 3849 425 3883 Delphos
444 3849 472 3875 in
484 3826 612 3884 Apofiinis
623 3853 722 3888 templo
735 3852 917 3880 ostentationis
932 3853 1005 3878 causa
1018 3861 1077 3886 pro-

49 3884 174 3918 positum,
207 3893 260 3919 quo
278 3884 485 3917 demonstratur,
504 3893 548 3911 eos
565 3887 658 3914 Dentes
676 3895 799 3923 oportere
821 3888 938 3920 auferri,
960 3888 1007 3922 qui
1029 3887 1077 3914 fint

48 3919 148 3950 faciles,
164 3920 207 3946 vel
220 3920 370 3947 mobilitate
384 3921 480 3954 laxati,
499 3920 543 3947 vel
557 3922 651 3955 quibus
667 3923 777 3952 sufficiat
790 3923 909 3960 plumbei
922 3924 1077 3952 ferramenti

47 3963 174 3983 conamen
184 3954 216 3983 ad
229 3955 368 3985 summum.
910 3958 914 3960 ”

1088 3964 1134 3991 105
1140 3959 1247 3987 nubilum
1252 3958 1297 3994 fit.

1143 3819 1196 3850 sat,
1216 3823 1289 3844 erant
1302 3825 1369 3852 quae
1381 3825 1437 3842 rara
1449 3814 1540 3846 mode,
1551 3820 1575 3840 et
1588 3824 1655 3849 quae
1668 3814 1744 3842 densa
1756 3816 1864 3844 relaxat.
1901 3820 1951 3844 Hic
1964 3820 2030 3846 nihil
2041 3823 2173 3847 varietatis

1141 3853 1251 3888 obseruat
1264 3855 1368 3879 Pierius.
1421 3850 1523 3877 Lucret.
1536 3853 1613 3882 1,396
1631 3850 1688 3877 Nec
1701 3851 1747 3878 tali
1759 3853 1861 3879 ratione
1875 3854 1957 3887 potest
1970 3853 2101 3882 denserier
2110 3857 2171 3882 Aer.

1141 3889 1183 3916 Sic
1196 3891 1284 3923 optimi
1297 3890 1383 3922 quique
1402 3885 1469 3912 libri.
1541 3887 1593 3912 Aer
1607 3886 1723 3913 densatus
1739 3893 1763 3913 et
1777 3887 1875 3914 laxatus
1893 3886 2032 3922 'Qunfflt
2046 3898 2067 3923 ς,
2086 3899 2113 3924 9,
2131 3892 2169 3916 16.

1143 3934 1171 3950 ex
1179 3925 1252 3957 Virg.
1266 3933 1288 3949 c.
1305 3923 1321 3948 l.
1347 3921 1456 3948 Caelum
1469 3920 1590 3948 densetur
1604 3928 1705 3948 cantato
1717 3923 1832 3949 carmine
1852 3923 1931 3950 Ouid.
1946 3924 2009 3949 Met.
2023 3932 2062 3959 14.
2073 3928 2131 3959 369.
2151 3929 2170 3951 τ’.

1368 3956 1495 3985 Examina
1507 3957 1604 3985 sociata
1621 3956 1831 3996 densent-milites
1854 3956 1906 3994 Sil.
1924 3968 1950 3991 4,
1966 3966 2018 3991 ¹59·
2090 3960 2169 3994 Figu-

1292 3992 1366 4019 La
2127 4003 2169 4023 rat
