2479 4225
57 221 128 260 777
430 207 463 248 F
551 206 587 246 V
678 206 711 246 R
1503 211 1535 251 F
1623 211 1661 252 V
1754 215 1780 254 S
2114 231 2187 274 778

34 270 36 275 .
1321 257 1324 274 ι

2 321 3 325 ¹
51 296 117 324 dicat
130 294 255 335 Furiafiam
266 297 356 331 ignetn.
393 295 517 332 Intelligit
530 298 593 322 enim
607 295 730 322 Amorem.
772 292 887 321 Terreri
900 290 982 319 taedis
996 291 1086 321 arden·
1149 296 1265 323 Caesaris
1276 297 1348 323 enim
1362 296 1527 326 incredibilis
1541 309 1570 327 ac
1584 299 1674 327 diuina
1689 301 1789 335 virtus,
1809 302 1918 332 latronis
1933 307 2044 342 impetus
2065 311 2184 338 crudeles

0 341 2 365 ζ
51 331 120 360 tibus
142 331 274 357 furiarum
303 330 359 356 Cic.
374 330 402 356 in
414 331 501 358 Pison.
515 333 551 364 46
564 340 585 357 c.
602 339 644 357 20.
750 329 874 356 Tollitur
893 327 1037 355 horrendas
1059 329 1086 355 in
1147 340 1176 358 ac
1190 332 1348 359 furibundos
1361 333 1514 360 retardauit.
1557 335 1632 372 Conf.
1649 337 1724 371 Virg.
1740 338 1804 364 Aen.
1819 347 1847 371 4,
1863 342 1925 372 646.
1961 351 1983 368 ct
1997 346 2078 372 Mani}
2106 356 2114 373 ¹
2154 355 2173 372 H

0 371 2 398 ζ
51 367 130 394 furias
147 366 207 392 Stat.
222 365 313 391 Theb.
330 373 352 398 5,
366 374 409 397 90·
476 366 568 393 Claud.
584 366 615 392 de
629 370 687 393 tei-t.
703 365 779 391 Cous.
794 365 897 390 Honor.
910 366 946 396 46
964 364 1087 390 Tranare
1147 367 1226 394 Canis
1247 369 1313 394 Hor.
1330 368 1406 402 Epist.
1423 377 1442 399 1,
1456 378 1495 401 ιο,
1510 378 1547 404 17.
1655 372 1819 407 Magistratui
1833 374 1980 403 furibundo
2003 366 2093 407 ceder}
2118 357 2184 408 ’ἄρ’

0 403 2 413 .
50 403 152 430 sonoras
164 401 332 427 Torrentuui
345 401 444 434 furias,
462 404 482 428 i.
496 401 724 437 torretitcsfieriose
737 402 871 430 incitator,
887 405 911 424 et
931 408 984 424 cum
999 409 1085 435 magno
1146 408 1232 437 anteq.
1246 403 1296 430 iret
1312 404 1338 429 iu
1351 404 1411 429 exil.
1426 412 1466 438 27.
1550 406 1624 432 Mens
1643 407 1698 434 Cic.
1715 409 1775 435 Diu.
1790 418 1799 435 1
1814 418 1835 436 c.
1849 417 1879 442 50
1906 412 2027 444 Qioruui
2041 415 2131 443 furibu
2153 402 2183 443 d.

0 441 5 468 ἱ,
44 438 104 475 sono
122 436 150 473 fi
167 439 377 496 [praecipitantes.
447 438 532 464 Multa
550 437 672 463 deFuriis
686 436 806 466 Seruius,
826 443 885 469 quae
893 433 1086 470 stippeditabunt
1107 436 1121 462 5
1147 439 1221 464 Mens
1235 439 1307 464 videt
1321 446 1379 465 ante
1392 439 1493 471 multe,
1513 448 1579 473 quae
1593 444 1651 469 suut
1665 443 1761 471 futura.
1832 446 2025 474 Praedictiones
2039 457 2127 478 vatum
2135 426 2185 480 nsuff

6 488 7 491 ,
43 473 123 511 facile
135 473 164 498 In'
183 474 232 497 iccs
245 472 387 506 Maffi1‘c,et
402 473 518 499 Burman.
611 470 728 498 Pic‘luras
751 471 880 496 Poe-‘tarum
890 472 1003 504 porticus
1016 470 1084 496 dabit
1145 474 1273 500 ribundae
1299 475 1363 500 Cic:
1378 473 1410 500 de
1434 475 1524 500 Dium.
1550 485 1567 507 i,
1595 487 1612 510 4
1633 487 1654 503 c.
1674 488 1698 505 2.
1768 480 1877 508 Taurus
1909 482 1989 509 Ouid.
2004 485 2058 510 Met
2082 495 2105 518 13
2131 493 2143 518 ε
2165 498 2173 515 1

0 511 1 518 ¹
49 506 167 536 Brouckh.
179 506 214 532 ad
226 506 324 533 Tibul.
341 516 361 539 1,
374 516 397 540 3,
410 511 452 541 96.
496 509 534 534 De
545 506 719 542 Lampadibus
733 505 872 531 Furiarum
884 504 1084 541 gestamine,uid.
1144 509 1298 536 Furibunda
1311 510 1365 536 ruit
1385 509 1466 536 Ouid.
1481 509 1512 535 ad
1527 511 1583 537 Liu.
1600 520 1652 546 373.
1759 535 1762 538 .
2061 506 2067 511 ’
2108 506 2115 518 ’
2147 496 2162 522 7
2177 508 2183 515 ⁴

5 552 9 564 ι
48 541 170 572 Drakenb.
185 542 219 568 ad
230 543 276 568 Sil.
291 551 314 573 2,
328 545 384 569 610.
1180 551 1197 571 F
1206 551 1226 568 v
1236 552 1254 571 R
1265 552 1271 570 1
1283 552 1305 571 N
1314 551 1333 571 Α
1341 564 1350 577 ,
1371 553 1409 571 ae.
1429 545 1448 571 f.
1485 546 1538 573 vid.
1546 547 1625 581 Jiipra
1636 555 1693 574 ante
1713 556 1728 575 r
1738 557 1757 576 V
1767 557 1786 577 R
1795 556 1817 577 Τ
1828 557 1849 577 ν
1860 558 1894 578 Μ.

84 583 101 604 F
112 584 158 604 VR
169 579 210 604 ιΑ·
219 585 234 604 L
244 585 285 609 is,
304 586 326 604 e.
352 578 411 605 Adi.
447 577 609 613 [Ἐριννωιός]
644 574 722 616 Quod·
721 574 868 611 furentibus
881 581 905 601 et
917 575 1013 611 insanis
1023 583 1085 611 pro·
1180 585 1196 605 F
1207 587 1227 606 v
1237 586 1254 605 R
1266 587 1274 605 1
1286 587 1324 607 PP
1337 586 1358 606 v
1372 586 1385 606 s
1396 602 1404 614 ‚
1424 580 1442 606 i.
1470 588 1505 606 m.
1541 581 1605 607 Ibid.

0 600 5 643 f
39 612 126 650 ‘prium
139 611 260 648 effisolct.
316 614 375 640 Liu.
389 622 415 648 7,
430 621 458 648 17
479 613 543 640 lncle
556 619 642 652 terror
655 620 785 637 maxumis
799 611 867 651 fuit,
885 611 1083 653 quod-sacerdo:
1099 621 1129 640 ιο
1180 621 1196 641 F
1205 623 1224 643 v
1234 623 1252 642 R
1262 622 1283 642 T
1292 623 1301 642 1
1310 622 1333 641 M
1342 635 1352 649 ,
1389 621 1407 642 F
1418 621 1438 641 V
1448 622 1467 642 R
1480 621 1502 643 'r
1513 623 1522 642 1
1532 623 1552 643 V
1563 624 1582 643 V
1591 623 1620 649 s,
1659 624 1675 644 F
1684 624 1705 645 V
1714 626 1733 645 R
1745 625 1766 646 Τ
1778 625 1799 646 V
1809 626 1834 647 M
1849 640 1857 652 ‚
1897 628 1914 648 F
1923 627 1943 648 V
1954 628 1973 648 R
1985 630 2004 650 V
2013 630 2060 651 Nc
2074 630 2095 652 v
2106 632 2122 652 L
2133 633 2153 652 V
2162 633 2183 654 s.

47 654 85 676 tes
104 656 197 674 eorum
216 648 330 676 fascibus
348 649 516 680 ardentibus,
537 646 717 682 anguibusque
729 647 865 682 praelatis,
884 649 978 673 inceflu
992 647 1085 674 furiali
1143 650 1196 676 vid.
1215 657 1230 676 F
1243 658 1299 677 VR.

46 683 159 711 militem
174 684 322 711 Romanum
336 685 435 711 insueta
448 684 621 712 turbauerunt
633 682 726 717 specie.
820 683 899 708 Arina
924 682 1005 708 Ouid.
1021 684 1084 710 Met.
1181 692 1197 712 F
1209 694 1229 712 ν
1239 692 1323 717 RVS,
1343 684 1361 710 i.
1381 694 1416 712 in.
1454 686 1539 713 Varro
1553 685 1586 713 de
1600 687 1629 713 L.
1644 687 1675 714 L.
1690 697 1714 721 9,
1728 698 1746 722 4
1759 698 1784 723 p.
1798 698 1856 723 141,
1870 693 1887 718 6
1910 695 1977 719 inter
1996 700 2084 722 vetera
2102 695 2184 732 refert

47 721 73 752 6,
85 726 137 752 591-
230 720 298 746 Ausa
333 721 406 747 [dem
417 719 483 747 ibid,
498 728 530 752 11,
544 727 577 745 ιι,
682 717 780 745 Caedes
814 717 896 745 Ouid.
909 718 973 743 Me't.
987 720 1013 750 6,
1028 720 1085 753 657.
1144 721 1237 748 Caseus
1250 722 1338 751 surus,
1357 721 1422 747 casci
1436 721 1498 748 furi.
1533 724 1576 749 An
1586 730 1635 758 pro
1648 723 1706 750 fure
1721 728 1795 752 etiam
1809 726 1899 754 furum
1915 727 2006 756 dixere
2020 731 2029 756 3
2064 731 2184 769 Scal.legi

47 755 131 789 Caput
146 755 214 781 Hor.
228 755 315 781 Carm.
330 764 353 788 3,
367 765 399 788 11,
412 763 447 790 ¹7·
544 755 604 780 Liu.
618 761 654 785 10,
665 762 696 787 41
714 754 744 780 Et
758 754 815 780 dira
828 753 962 780 execratio
975 761 1005 779 ac
1019 754 1084 780 furi-
1142 759 1197 783 vult
1211 758 1298 783 surum
1312 755 1418 790 vndestt
1431 756 1577 784 deminutum
1596 759 1721 785 surculus.

45 789 86 817 ale
100 798 204 816 carmen
218 790 380 817 detestandae
394 789 509 817 familiae
522 789 650 824 stirpique
670 789 851 824 compositum.
955 789 1046 823 Ignes,
1065 792 1083 816 i.
1103 796 1126 822 ις
1179 799 1196 818 F
1210 799 1230 818 v
1243 799 1261 818 R
1273 797 1359 824 VVS,
1377 801 1407 825 a,
1428 802 1481 818 uui.
1510 793 1571 819 Adi.
1606 794 1725 830 [μέλας]
1761 795 1878 830 Nigrum
1900 798 1943 824 vel
1967 804 2052 826 atrum
2076 799 2174 830 dicitur

45 826 148 853 Amores
163 826 260 861 nefarii
280 826 361 853 Ouid.
374 826 438 853 Fast.
446 834 471 858 2,
479 827 535 860 761.
571 826 615 853 Al.
630 825 741 852 Furiati.
813 824 923 852 Inceffiis
939 824 999 851 Liu.
1011 832 1082 859 7,17.
1141 825 1240 854 autore
1254 827 1338 854 Festo.
1409 829 1489 854 Antra
1500 828 1577 855 fui-ua
1593 830 1673 857 Ouid.
1689 832 1753 857 Met.
1769 838 1791 863 5,
1805 840 1856 865 541.
1963 835 2045 862 Color
2066 837 2147 865 Solin.
2162 823 2185 866 τ’.

44 860 146 888 Malum
162 861 258 888 furiale
272 862 396 897 serpentis
415 860 489 895 Virg.
505 861 569 888 Aen.
582 868 609 896 7,
623 868 678 894 375.
748 860 831 887 Vestis
851 860 906 886 Cic.
920 859 1001 886 Tusc.
1011 868 1032 892 2,
1041 869 1082 886 20.
1143 871 1169 895 33
1181 870 1223 898 pr.
1236 863 1290 897 (al.
1305 863 1370 897 46).
1441 864 1524 898 Culpa
1544 865 1666 892 Prudent.
1680 866 1799 893 Cathem.
1814 876 1834 899 1,
1848 875 1893 902 74.
1964 871 2072 897 Hostiae
2092 874 2184 901 Valet„

43 897 81 924 Ex
95 897 216 932 Sophocle.
273 898 376 924 Vestem
393 896 528 932 intelligit,
548 905 596 932 qua
609 896 712 922 indutus
725 897 844 922 Hercules
858 894 944 930 verfits
957 894 990 928 est
1002 898 1029 921 in
1035 896 1083 931 fu-
1142 899 1213 925 Max,
1228 907 1252 929 2,
1265 907 1294 931 4,
1308 905 1329 930 5.
1432 900 1541 926 Hostiae
1553 901 1656 934 nigrae,
1672 902 1818 936 antiquitus
1830 903 1932 930 Fui-uae
1943 904 2099 934 dicebamur
2118 908 2185 936 ibid·

42 939 132 958 rorem.
205 933 286 960 Virus
307 932 397 959 Claud.
410 932 439 958 in
453 932 559 965 Eutrop.
574 940 598 962 2,
614 936 662 961 188.
728 932 788 958 Vox
815 930 871 957 Cic.
890 939 938 965 pro
953 931 1036 957 Plane.
1052 934 1083 962 86
1141 935 1179 960 De
1190 936 1370 969 permutatione
1383 933 1454 960 huius
1466 940 1533 961 uocis
1546 943 1570 962 et
1584 936 1699 969 Fuluus,
1716 940 1819 973 itemque
1833 939 1938 966 Curuus
1947 960 1955 972 ‚
1969 941 2022 968 vid.
2036 943 2105 970 modo
2118 945 2184 971 indi.

44 976 67 994 e.
81 975 118 1000 35.
189 969 293 996 Furiale
307 969 422 995 minatur
442 967 503 993 Stat.
519 966 611 993 Theb.
627 969 652 998 6,
664 975 726 1000 429.
809 966 976 1001 Tacitusque
990 976 1035 1002 per
1048 968 1082 994 al·
1097 975 1129 994 20
1140 976 1210 996 catas
1232 978 1309 996 voces.
1894 984 1897 986 >

42 1008 81 1030 tas
93 1002 195 1030 Incedit
205 1005 301 1030 furiale
314 1004 390 1030 niues
412 1003 504 1030 Claud.
519 1003 551 1029 de
565 1003 593 1029 B.
608 1003 666 1029 Get.
680 1003 732 1034 326.
1179 1010 1195 1030 F
1207 1011 1253 1031 VR
1264 1011 1283 1029 V
1294 1011 1330 1030 ΕΞ
1340 1010 1356 1031 C
1365 1010 1399 1036 ο,
1418 1006 1470 1033 ἕπε.
1506 1006 1586 1034 Mart.
1601 1005 1701 1040 Capell.
1716 1014 1726 1032 1
1740 1015 1766 1041 p.
1780 1015 1816 1033 20
1835 1007 1982 1037 Tartareae
1993 1011 2079 1040 noctis
2092 1013 2184 1042 obscu-

80 1044 97 1064 Ρ
108 1046 154 1065 VR
164 1046 226 1066 iAL
237 1038 250 1066 1⁹
258 1046 279 1066 'r
288 1045 304 1065 ε
313 1046 341 1066 R.
360 1038 427 1064 Adu.
463 1038 614 1074 [ἒρινννκῶς]
649 1037 731 1065 Ouid.
746 1036 812 1064 Fast.
825 1045 849 1069 3,
863 1039 913 1072 637
931 1037 996 1064 Non
1003 1037 1081 1065 habet
1139 1040 1218 1067 ritate
1232 1040 1387 1067 feruescens.

42 1073 164 1101 exafihun
180 1074 245 1110 quid
258 1080 332 1109 agat,
348 1073 481 1101 furialiter
493 1073 559 1100 odit.

79 1112 283 1142 FVRiosVs,
303 1119 334 1142 a,
358 1119 413 1136 uni.
454 1109 514 1135 Adi.
552 1105 702 1141 [μανιῶὸης,
719 1107 838 1142 numnis]
874 1108 896 1134 A
929 1117 982 1143 quo
1004 1109 1080 1136 fui-or
1557 1112 1582 1144 F
1661 1113 1690 1145 V
1761 1114 1782 1145 S
1806 1132 1809 1135 ι

40 1153 176 1180 nunquam
190 1145 303 1177 recedit,
322 1148 405 1181 inquit
417 1145 522 1171 Seruius
537 1144 571 1170 ad
583 1144 657 1178 Virg.
671 1144 735 1169 Aen.
752 1152 763 1168 2
772 1163 779 1175 ,
792 1151 857 1178 407.
928 1145 983 1170 Cic.
998 1145 1080 1172 Tusc.
1094 1150 1126 1178 25

39 1188 64 1212 3,
79 1189 100 1206 11
121 1181 213 1215 Itaque
226 1190 278 1207 non
290 1180 327 1207 est
340 1181 463 1216 scriptum
473 1200 480 1212 ,
502 1180 528 1206 Si
541 1179 661 1211 insanus,
681 1177 723 1205 sed
737 1179 764 1205 Si
778 1179 894 1205 furiosus
908 1181 955 1206 effe
976 1180 1079 1215 incipit.
1180 1187 1198 1208 F
1207 1188 1229 1209 v
1238 1188 1251 1209 s
1260 1182 1325 1209 ci'N
1334 1189 1356 1209 Α
1365 1201 1372 1213 ,
1388 1191 1425 1209 ae.
1445 1181 1465 1209 f.
1502 1179 1635 1218 [Mnemon
1654 1184 1766 1219 τρίαινα]
1806 1185 1892 1211 Telum
1911 1185 2007 1213 tridens
2027 1187 2078 1221 siue
2098 1191 2184 1227 trifid.

37 1214 113 1241 Idem
127 1225 175 1249 pro
188 1216 289 1243 Cluent.
305 1221 353 1246 182.
424 1215 525 1243 Mulier
539 1215 592 1241 iam
608 1223 662 1240 non
675 1214 789 1247 morbo,
808 1214 851 1241 sed
863 1215 958 1242 scelere
972 1216 1080 1243 furiosa.
1140 1226 1194 1244 cum
1204 1217 1381 1254 piscatorium,
1400 1218 1464 1254 quod
1470 1218 1555 1254 fundo
1568 1223 1684 1245 natantia
1698 1220 1934 1255 capiuntferiendo.
1983 1223 2040 1250 Cic.
2053 1224 2085 1251 de
2099 1226 2134 1252 Ν,
2148 1228 2183 1253 D,

38 1250 153 1283 Vetere,
175 1250 288 1278 furiosus
298 1271 305 1283 ,
321 1257 408 1278 mente
421 1256 509 1285 captus
529 1250 585 1277 Cic.
598 1250 626 1276 in
641 1250 724 1276 Pison.
738 1259 781 1283 47.
875 1252 988 1277 Vesanus
1002 1258 1026 1278 et
1040 1252 1081 1278 fu·
1141 1261 1162 1286 1,
1177 1261 1218 1279 102
1232 1263 1252 1280 c.
1265 1254 1296 1286 '36
1316 1253 1384 1280 Dant
1398 1254 1477 1280 etiam
1490 1254 1540 1280 deo
1554 1263 1656 1285 arcum,
1680 1255 1799 1289 sagittas,
1819 1255 1930 1288 hastam,
1949 1257 2080 1293 clipeum,
2105 1261 2183 1289 fusci-

39 1284 124 1313 riosus
137 1286 219 1313 homo
238 1288 294 1314 Cic.
309 1296 358 1322 pro
371 1288 458 1314 Domo
473 1295 493 1318 3.
596 1285 669 1312 Idem
684 1287 723 1320 Q
733 1287 815 1312 Fratr.
825 1294 868 1317 2‚2
884 1287 964 1321 Spero
977 1296 1038 1314 euin
1054 1288 1081 1313 in
1140 1297 1215 1320 nam,
1234 1289 1343 1315 fulmen.
1381 1291 1492 1324 Neptuni
1504 1289 1607 1316 tridens.
1643 1291 1736 1316 Accius
1750 1291 1778 1316 in
1790 1292 1889 1326 Argon.
1901 1293 1968 1327 apud
1985 1295 2041 1321 Cic.
2054 1295 2086 1322 de
2098 1297 2133 1323 Ν,
2148 1299 2183 1325 Β,

7 1330 9 1346 a
40 1318 128 1348 officio
141 1321 201 1347 fore
215 1333 221 1348 :
256 1322 300 1349 sed
313 1323 403 1348 omnia
417 1323 475 1348 sunt
486 1320 618 1352 tardiora,
638 1329 745 1356 propter
757 1322 872 1348 furiosae
885 1323 1026 1348 aedilitatis
1039 1332 1082 1349 ex·
1096 1330 1129 1355 30
1141 1333 1163 1354 2,
1175 1329 1206 1356 89
1221 1333 1242 1350 c.
1258 1332 1284 1357 35
1303 1326 1355 1351 Aut
1374 1325 1444 1351 forte
1465 1325 1568 1351 Triton
1589 1326 1689 1352 fuscina
1714 1335 1819 1353 verrens
1845 1328 1941 1361 specus.
2013 1332 2054 1357 Sic
2067 1332 2183 1360 Martial,

56 1385 59 1389 Ι
73 1355 224 1383 dationem.
314 1359 398 1384 Amor
410 1356 537 1384 furiosior
569 1357 650 1384 Ouid.
665 1358 729 1384 Met.
741 1365 772 1390 9,
786 1360 843 1391 736.
932 1359 1080 1385 Concioncs
1141 1359 1224 1394 Spe&
1239 1362 1272 1386 26
1291 1360 1400 1387 Fuscina
1413 1359 1490 1386 dente
1504 1361 1608 1392 minax,
1628 1368 1673 1388 etc.
1779 1363 1888 1389 Fuscina
1902 1363 2032 1392 utebantur
2044 1370 2145 1394 retiarii
2155 1372 2184 1394 in

3 1407 5 1410 .
85 1391 217 1418 iosissimae
236 1392 293 1419 Cic.
307 1393 359 1419 Att.
373 1402 402 1426 4,
417 1402 436 1424 3.
507 1392 612 1426 Cupido
626 1401 708 1427 opum
722 1393 823 1420 furiosa
841 1392 1080 1425 Ouid.Fast.1‚211.
1139 1394 1300 1431 gladiatoriis
1311 1395 1387 1422 ludis.
1423 1397 1515 1423 quen.
1530 1397 1579 1423 Sat.
1595 1405 1619 1429 2,
1634 1405 1678 1431 143
1708 1396 1780 1424 Vicit
1796 1404 1822 1424 et
1842 1398 1893 1425 hoc
1911 1401 2057 1428 monstrum
2072 1405 2183 1431 tunicati

0 1448 4 1461 1,
45 1421 172 1461 Otipiditas
187 1426 298 1453 alicuius
314 1428 437 1455 effrenata
455 1433 480 1454 et
493 1428 592 1454 furiosa
622 1429 678 1455 Cic.
693 1429 720 1454 in
734 1429 814 1455 Catil.
827 1437 845 1459 1,
857 1437 887 1461 25
900 1438 921 1455 c.
938 1437 974 1455 10.
1029 1431 1081 1455 Iin-
1139 1430 1239 1457 fuscina
1255 1430 1377 1458 Gracchi.

37 1462 111 1500 'petus
129 1463 186 1489 Sen.
203 1463 313 1497 Hippoi.
326 1464 344 1490 s.
358 1472 380 1490 2.
451 1463 552 1490 Libido
572 1464 652 1490 Ouid.
667 1463 699 1489 de
711 1465 775 1490 Arte
789 1464 847 1490 Am.
863 1473 880 1494 ι,
894 1470 946 1494 281.
1022 1465 1081 1491 Pec-
1177 1472 1193 1491 F
1207 1472 1227 1492 V
1239 1473 1325 1493 sciN
1336 1473 1429 1500 VLA,
1446 1476 1485 1494 ae.
1513 1467 1532 1494 f.
1564 1467 1666 1494 Dimin.
1702 1468 1785 1495 Parua
1809 1468 1924 1505 sustine.
1961 1471 2038 1507 Vulg.
2068 1473 2182 1510 Interpr.

40 1500 122 1524 catum
163 1499 229 1525 Hor.
244 1499 325 1525 Serm.
341 1508 360 1530 i,
372 1507 395 1531 3,
408 1503 445 1530 83.
553 1499 601 1524 Vis
620 1499 719 1525 furiosa
733 1499 857 1532 Tribuni
871 1500 950 1526 facile
962 1501 1080 1535 ssiperari
1096 1501 1125 1527 35
1140 1501 1221 1528 Exod.
1234 1509 1275 1536 27,
1288 1510 1311 1534 3.

38 1531 176 1568 frangique
189 1534 272 1569 potest
289 1534 344 1561 Cic.
358 1543 407 1567 pro
414 1534 493 1559 Dom.
508 1540 544 1565 55.
616 1533 710 1559 Vultus
724 1534 839 1560 furiosus
852 1541 877 1560 et
891 1544 950 1562 acer
973 1536 1079 1563 Lucret.
1175 1544 1219 1563 FV
1229 1544 1267 1564 sc
1277 1544 1296 1562 V
1307 1544 1337 1571 S,
1356 1546 1386 1570 a,
1405 1547 1459 1564 uin.
1477 1537 1536 1565 Adi.
1573 1537 1681 1572 [φαιός]
1718 1538 1792 1573 Qcod
1806 1537 2010 1576 qslfiebnigrum:
2046 1545 2184 1571 cuiusmodi

37 1569 64 1599 6,
78 1575 139 1598 1182.
211 1569 334 1604 Aliquem
348 1568 543 1595 furiofiffimum
557 1568 750 1596 iudicarecu.
765 1578 813 1604 pro
826 1570 915 1596 Deiot.
924 1580 944 1597 c.
953 1578 975 1603 5.
1030 1572 1080 1598 Fu·
1139 1570 1172 1604 est
1184 1574 1248 1599 color
1264 1573 1380 1599 Indorum
1393 1573 1596 1600 Meridionalium
1610 1579 1634 1599 et
1646 1573 1802 1608 Aethiopum.
1855 1576 1985 1602 Columel.
1998 1579 2025 1609 6,
2040 1587 2047 1603 1
2084 1579 2184 1607 Colore

35 1603 136 1630 riosum
150 1605 326 1641 Iurisconsulti
338 1604 460 1639 appeliant
469 1624 477 1636 ,
496 1605 547 1639 Qii
558 1607 646 1630 mentis
659 1604 693 1630 ad
705 1608 785 1631 omnia
796 1606 900 1637 lumine,
920 1606 949 1631 id
968 1604 1001 1639 cst
1007 1607 1081 1643 finfit
1139 1608 1222 1634 rubro
1236 1608 1277 1634 vel
1289 1608 1369 1635 fusco.
1439 1609 1555 1643 Nigrum
1580 1617 1603 1634 et
1621 1609 1730 1634 Fuscum
1750 1613 1787 1635 ita
1808 1609 1946 1642 differunt,
1966 1618 1994 1637 vt
2006 1613 2051 1638 hoc
2057 1613 2095 1645 fit
2108 1616 2184 1641 multo

34 1643 155 1666 communi
173 1647 240 1666 caret
254 1650 262 1665 .·
298 1642 382 1675 quales
399 1649 447 1665 non
467 1640 536 1665 modo
555 1640 748 1671 Athamantem,
765 1641 950 1673 Alcmaeonem,
968 1643 1080 1675 Aiacem,
1138 1643 1240 1669 dilutius
1256 1651 1279 1670 et
1292 1646 1368 1671 oculis
1379 1645 1540 1671 tolerabilius.
1583 1643 1665 1670 Ouid.
1681 1644 1737 1669 Art.
1754 1645 1813 1670 Am.
1825 1652 1851 1676 2,
1865 1648 1915 1678 657
1937 1646 2102 1673 Nominibus
2117 1650 2185 1676 mol-

37 1672 145 1707 Orestem
157 1674 262 1709 fabulae
279 1681 428 1707 memorant,
446 1683 539 1701 verum
561 1678 633 1701 ctiam
648 1676 801 1712 Margztem,
818 1676 974 1709 MelitJ'dcm‚
994 1677 1123 1713 Corae-40
1140 1678 1189 1704 lire
1203 1679 1263 1705 licet
1276 1679 1343 1705 mala
1359 1689 1365 1704 τ
1401 1679 1471 1705 fusca
1485 1684 1611 1710 vocetur,
1633 1678 1748 1710 Nigrior
1761 1679 1868 1709 Illyrica
1884 1680 1926 1704 cui
1940 1680 1996 1713 pice
2009 1682 2111 1716 sanguis
2123 1685 2184 1712 erit,

35 1709 105 1740 bum,
125 1710 281 1744 Motya-hum.
351 1710 507 1737 Dementem
519 1719 591 1742 vero,
610 1711 661 1746 Qu
672 1721 720 1737 non
733 1720 910 1772 v5g¹⁶q¹.‘³qu‘'’
921 1712 970 1747 fid
980 1720 1079 1747 expar-
1139 1713 1187 1739 Sed
1207 1720 1295 1740 contra
1319 1722 1346 1739 ea
1369 1713 1400 1739 de
1423 1715 1497 1739 Rem.
1513 1715 1570 1739 Ani.
1587 1721 1630 1743 327
1652 1713 1739 1744 Quam
1752 1719 1839 1746 potes,
1858 1714 1885 1738 in
1899 1716 1972 1747 peius
1987 1715 2060 1743 dotes
2074 1717 2184 1746 deflecte

0 1742 1 1745 ’
34 1750 59 1770 te
72 1751 167 1770 tantum
181 1748 269 1770 mentis
281 1754 364 1772 errore
375 1745 490 1777 ducitur,
509 1747 588 1775 veluti
599 1749 639 1778 is,
659 1746 744 1782 dequo
789 1768 795 1773 .
809 1748 871 1772 Pius
887 1748 996 1781 loquitur
1016 1748 1045 1772 in
1060 1747 1078 1772 l.
1138 1748 1240 1780 puellae
1276 1762 1322 1767 -—
1357 1748 1498 1780 Turgida,
1519 1747 1536 1773 fi
1566 1747 1641 1780 plena
1673 1747 1729 1776 est3
1767 1747 1784 1773 Γι
1817 1747 1888 1774 fusca
1911 1749 1947 1775 est
1968 1751 2042 1785 nigra
2066 1761 2183 1785 vocetur.

34 1779 60 1805 Is
76 1779 122 1812 qui
136 1780 167 1805 D.
181 1779 212 1805 de
227 1786 275 1806 tut.
290 1786 316 1806 et
329 1786 410 1807 curat.
426 1781 478 1806 dat.
1138 1781 1258 1807 Amiffiffis
1279 1781 1377 1806 Tibul·
1393 1790 1411 1811 ,ἓν
1423 1791 1450 1813 4,
1465 1790 1501 1813 53-
1578 1782 1688 1806 Animae
1701 1782 1827 1808 fuscim‘es
1848 1784 1926 1818 Apul.
1941 1786 2035 1820 Dogm.
2048 1789 2110 1816 Plat.
2130 1799 2142 1819 2
2155 1800 2182 1825 p.

73 1818 90 1838 F
101 1820 121 1837 v
133 1820 151 1839 R
163 1821 170 1838 1
182 1816 222 1840 68
232 1820 261 1840 Ε.
281 1815 348 1840 Adu.
384 1815 524 1847 [μανικῶς]
561 1814 617 1840 Cic.
630 1813 741 1847 Philipp.
754 1821 781 1846 7,
795 1821 808 1845 5
825 1814 910 1839 Partes
924 1814 1025 1839 furiose
1039 1814 1078 1839 di-
1138 1823 1175 1846 19.
1245 1816 1332 1841 Fuscis
1344 1815 1446 1842 Auibus
1460 1817 1584 1842 Lariffam
1597 1815 1685 1842 acceffi
1706 1818 1783 1851 Apul.
1798 1819 1863 1845 Met.
1877 1828 1892 1848 2
1905 1830 1929 1854 p.
1945 1830 2001 1854 124,
2016 1825 2041 1849 6.
2064 1827 2083 1850 i.
2096 1825 2183 1862 infeli.

34 1854 130 1874 eunmr
143 1848 171 1873 in
184 1848 260 1879 foro,
278 1849 306 1873 in
320 1849 401 1874 cui-ia.
494 1849 568 1873 Idem
581 1849 634 1873 Att.
648 1853 671 1879 8,
684 1856 697 1880 5
709 1848 787 1880 :Solet
800 1856 878 1879 eum,
899 1856 959 1873 cum
973 1848 1077 1883 aliquid
1089 1854 1122 1880 45
1137 1853 1162 1875 ci
1176 1853 1262 1876 omine.
1344 1851 1439 1885 Caligo
1461 1852 1574 1878 Martial.
1590 1857 1611 1882 8,
1625 1860 1657 1883 51.
1753 1853 1827 1879 Cella
1846 1854 1918 1880 Idem
1933 1865 1954 1887 3,
1967 1865 2007 1888 3ο.
2098 1861 2182 1888 Color

33 1882 131 1910 furiose
145 1883 215 1911 fecit,
231 1883 374 1916 poenitere.
479 1882 591 1918 Compar.
626 1882 755 1917 Spartian.
770 1883 853 1909 Hadr.
867 1892 888 1909 c.
905 1891 929 1909 12
947 1883 1032 1910 Seruo
1049 1885 1078 1910 in
1139 1885 1219 1912 Ouid.
1253 1886 1344 1912 Amor.
1377 1895 1401 1917 2,
1422 1897 1450 1920 4,
1477 1895 1521 1920 40.
1594 1887 1696 1913 Cornix
1716 1888 1771 1914 Cic.
1785 1888 1816 1914 de
1829 1889 1921 1915 Diuin.
1935 1899 1955 1922 1,
1969 1900 2005 1924 14.
2041 1894 2078 1920 Ex
2095 1896 2180 1925 Poeta.

33 1919 60 1946 se
72 1927 130 1944 cum
145 1918 233 1952 gladio
245 1917 368 1944 furiosius
383 1918 509 1945 irruente.
1139 1922 1211 1947 Cura
1233 1921 1333 1947 fuscior
1361 1922 1437 1955 Apul.
1464 1921 1495 1947 de
1519 1922 1620 1948 Mundo
1645 1931 1669 1955 p.
1695 1924 1738 1954 69.
1810 1924 1898 1958 Equus
1917 1926 1998 1952 Ouid.
2013 1928 2078 1955 Fast.
2091 1939 2104 1955 2
2125 1940 2180 1965 314.

70 1960 142 1981 FVR
152 1959 189 1985 0,
208 1955 221 1979 ἔ
255 1973 261 1979 .
296 1954 451 1988 [μαίνομαι]
487 1954 532 1979 Ira
545 1953 586 1979 uel
597 1953 648 1979 alia
656 1952 845 1988 perturbatione
858 1960 945 1980 contra
957 1956 1078 1981 rationem
1138 1956 1278 1981 Falernum
1299 1956 1413 1982 Martial.
1427 1965 1452 1989 2,
1465 1966 1510 1989 40.
1601 1956 1672 1982 Idem
1688 1966 1726 1990 14,
1742 1960 1775 1984 62
1795 1959 1898 1986 Cornea
1912 1961 1929 1986 ii
1945 1971 1998 1988 non
2014 1964 2068 1989 sum
2104 1950 2181 1993 iiiim-

34 1991 136 2026 agitari.
189 1962 277 2015 caffre
299 1990 454 2021 Praeterito,
472 1995 496 2014 et
503 1988 577 2024 forte
588 1992 661 2014 ctiam
671 1991 755 2023 prima
762 1989 868 2023 persona
881 1989 952 2016 Furo
971 1989 1076 2016 dicitur.
1138 1990 1203 2024 quid
1216 1991 1272 2016 suui
1286 1991 1385 2018 fuscior
1398 1992 1406 2017 3
1499 1990 1601 2018 Nubila
1626 1992 1707 2018 Ouid.
1722 1994 1784 2019 Met.
1798 2002 1819 2026 5,
1833 1998 1889 2024 286-
1995 1999 2054 2025 Pars
2066 1984 2181 2030 iiiferior

41 2024 95 2052 Vid.
109 2024 233 2052 Diomed.
249 2033 267 2051 i.
288 2024 407 2050 Sedulius
419 2031 499 2051 tamen
512 2034 533 2056 1,
548 2027 596 2058 196
609 2023 637 2050 dt·
644 2025 747 2059 Daniele
760 2033 813 2050 cum
825 2024 948 2056 leonibus,
972 2039 1018 2045 —-
1036 2025 1076 2051 fu-
1093 2031 1124 2058 50
1140 2025 1266 2060 Delphini
1280 2026 1352 2052 fusca
1365 2026 1471 2053 videtur
1489 2027 1545 2055 Cic.
1559 2027 1587 2053 iu
1600 2028 1672 2053 Arat.
1683 2036 1726 2060 99.
1796 2030 1867 2056 Pilus
1885 2030 1950 2058 Plin.
1966 2037 1989 2065 8,
2005 2042 2039 2060 21.
2095 2037 2188 2064 Vestis*

36 2066 142 2089 ruerunt
158 2061 219 2087 iussa
232 2060 366 2092 Tyranni.
457 2059 522 2085 Plin.
538 2069 570 2091 33,
586 2068 606 2085 11
621 2060 638 2085 s.
650 2067 676 2091 53
697 2059 753 2086 Nec
767 2059 843 2094 copia
857 2066 957 2086 tantum
973 2062 1076 2094 argenti
1135 2062 1236 2088 fuscior
1253 2062 1367 2088 Hieron.
1380 2063 1424 2096 Ep.
1438 2070 1467 2094 23
1487 2062 1519 2088 ad
1533 2063 1694 2089 Marcellam.
1764 2064 1859 2091 Violae
1879 2066 1969 2093 Claud.
1985 2069 2016 2095 de
2030 2070 2104 2105 Rapt.
2118 2073 2180 2100 Pro.

38 2095 119 2123 fliruit
139 2096 209 2126 vita,
230 2096 272 2122 sed
287 2095 400 2122 validius
416 2103 497 2129 paene
510 2094 684 2129 manipretiis.
754 2096 796 2121 Sic
818 2095 945 2121 Harduin.
959 2105 987 2122 ex
1000 2097 1074 2123 MSS.
1136 2097 1202 2130 serp.
1218 2105 1242 2126 2,
1257 2103 1306 2125 ¹28.
1410 2098 1506 2123 Fuscae
1528 2099 1619 2124 Vndae
1640 2098 1722 2124 fontis
1744 2100 1795 2127 atri
1829 2101 1908 2135 Apul.
1928 2103 1992 2130 Met.
2005 2107 2021 2130 6
2034 2115 2058 2139 p.
2076 2113 2126 2141 ¹78,
2140 2117 2181 2140 30,

0 2128 4 2158 ’ς
35 2129 80 2167 fro
90 2132 199 2168 vulgato,
216 2131 298 2158 fuerit
311 2131 392 2164 vitae,
409 2130 453 2157 sed
466 2130 516 2157 val.
531 2140 556 2166 p.
571 2131 775 2170 manupretium.
812 2130 911 2166 Ecsane
923 2133 979 2171 agit
992 2131 1020 2157 de
1027 2131 1076 2166 fu·
1135 2132 1190 2158 Cic.
1205 2131 1238 2157 de
1251 2132 1312 2158 Nat.
1329 2132 1408 2158 Deor.
1422 2141 1444 2164 2,
1460 2135 1507 2165 146
1528 2134 1558 2159 Et
1570 2133 1649 2159 Vocis
1663 2143 1757 2168 genera
1770 2138 1906 2169 permulta,
1921 2147 2056 2174 canorum,
2064 2142 2180 2171 fuscum:

41 2165 188 2206 riofirpaene
202 2167 353 2195 emtionibus,
422 2167 500 2200 Apul.
538 2186 545 2192 .
585 2185 591 2192 .
628 2186 634 2192 .
671 2167 757 2197 Furit,
774 2166 862 2192 ensem
876 2171 1004 2199 corripit,
1024 2167 1076 2192 fer·
1137 2167 1211 2197 lene,
1229 2167 1348 2200 asperum
1363 2177 1368 2192 :
1402 2176 1499 2201 graue,
1516 2174 1633 2195 acutum:
1669 2170 1802 2204 flexibile,
1823 2172 1929 2199 durum.

43 2207 84 2228 tui·
99 2210 126 2228 m
144 2211 203 2228 eum
223 2211 359 2237 praeceps,
377 2201 445 2229 nihil
469 2202 519 2228 tale
539 2202 677 2229 timentem
695 2200 857 2235 aggreditur.
935 2201 993 2227 Vid.
1018 2201 1074 2228 Cic.
1092 2202 1120 2229 55
1172 2208 1266 2229 Fvsc
1277 2209 1285 2228 1
1296 2209 1348 2228 TA
1359 2210 1371 2228 S
1381 2222 1389 2235 ,
1406 2204 1464 2229 atis.
1485 2204 1505 2230 f.
1541 2204 1582 2231 Ab
1596 2206 1671 2231 omni
1682 2206 1801 2233 suscitate
1811 2216 1840 2234 ac
1852 2208 2051 2242 perturbatione
2063 2211 2179 2241 liberum

41 2237 115 2264 Tusa.
128 2246 148 2268 3.
162 2247 182 2264 ιι
202 2247 269 2273 quem
282 2238 368 2264 damus
381 2240 408 2263 in
429 2243 537 2264 FVROR
552 2245 596 2273 pr.
700 2237 757 2263 Cic.
771 2236 822 2263 Off.
839 2245 857 2266 1,
872 2241 915 2267 108
932 2237 1075 2264 Versutuin
1135 2238 1235 2264 caeluni
1254 2237 1333 2273 Apul.
1347 2239 1440 2273 Dogui.
1455 2239 1518 2267 Plat.
1532 2249 1548 2266 2
1560 2240 1609 2276 fich
1617 2240 1668 2275 fin.

39 2272 180 2300 etcalidum
196 2273 294 2300 facium
308 2273 428 2304 Solonis,
444 2273 502 2307 qui,
515 2281 568 2307 quo
582 2272 667 2299 tutior
680 2273 735 2299 vita
750 2273 807 2299 eius
822 2273 897 2304 effet,
916 2278 942 2299 et
957 2272 1013 2307 plus
1027 2273 1074 2300 ali-
1175 2279 1192 2300 F
1207 2279 1227 2299 V
1240 2280 1277 2301 SC
1287 2281 1322 2305 O,
1356 2279 1407 2301 are.
1441 2275 1596 2312 [ίμαυρόω]
1635 2275 1735 2312 Fuscum
1760 2277 1857 2313 facere.
1894 2279 2037 2308 Fuscentur
2065 2292 2178 2319 corpora

37 2314 131 2342 quanto
142 2309 264 2344 Reipubl.
279 2308 421 2343 prodesset,
442 2309 532 2335 furere
545 2309 569 2335 se
582 2308 722 2335 simulauit.
808 2308 883 2334 Ideni
897 2308 924 2334 in
937 2309 1023 2335 Pison.
1036 2317 1074 2344 47
1133 2318 1226 2344 campo
1247 2309 1328 2336 Ouid.
1344 2309 1376 2337 de
1389 2312 1453 2337 Arte
1465 2311 1526 2339 Am.
1539 2321 1556 2342 1,
1570 2320 1620 2344 513.
1692 2313 1770 2339 Diem
1783 2314 1884 2341 fuscare
1902 2316 2093 2346 Ouid.Trist.1
2111 2329 2135 2352 9,
2146 2330 2177 2350 ις.

14 2357 15 2362 =
37 2343 106 2385 Qid
123 2344 159 2370 est
178 2344 249 2370 aliud
267 2345 371 2376 furere,
389 2344 437 2371 nisi
456 2353 511 2371 non
526 2345 681 2379 cognoscere
694 2343 833 2376 homines,
851 2353 906 2370 non
918 2346 1074 2379 cognoscere
1133 2346 1224 2372 Fuscat
1236 2346 1307 2372 nube
1320 2345 1390 2372 diem
1411 2346 1498 2373 Valer.
1513 2348 1613 2381 Argon.
1625 2356 1644 2379 1,
1659 2350 1716 2380 396.
1817 2350 1953 2385 Laniigine
1972 2352 2085 2380 fuscante
2096 2340 2177 2382 ’malas

0 2387 15 2414 ,l
34 2377 117 2413 legeS,
140 2389 195 2407 non
208 2381 348 2412 Senatum,
366 2390 420 2406 non
434 2380 586 2407 ciuitatem?
657 2380 730 2414 saepe
743 2379 772 2404 de
782 2379 851 2405 breui
862 2387 959 2406 tantum
973 2390 1072 2407 commo-
1080 2385 1115 2410 60
1134 2382 1230 2407 Lucan.
1246 2390 1283 2412 10,
1298 2389 1343 2413 135.
1414 2382 1518 2409 Fuscati
1531 2383 1632 2409 lumina
1646 2383 1713 2409 Solis
1733 2384 1788 2410 Alc.
1802 2386 1874 2412 Auit.
1886 2396 1914 2419 4,
1923 2396 1979 2419 430.
2050 2390 2178 2418 Fuscandi

0 2434 1 2438 ,
31 2417 96 2441 tione
108 2420 241 2451 accipitur.
276 2415 401 2443 Bacchari
413 2421 439 2441 et
450 2416 540 2441 furere
560 2415 616 2441 Cic.
625 2413 656 2440 de
665 2414 839 2449 Arusp.Resp.
847 2423 887 2448 39.
922 2415 994 2452 Conf.
1004 2418 1071 2443 Hor.
1134 2426 1196 2444 cura
1208 2417 1307 2443 coloris
1327 2416 1408 2444 Ouid.
1425 2418 1511 2444 Trist.
1525 2426 1550 2451 2,
1563 2423 1620 2451 487.
1656 2420 1698 2445 Al.
1715 2420 1838 2446 Fucandi.
1920 2424 2005 2455 Quem
2021 2425 2092 2451 nulla
2106 2427 2177 2452 achi.

2 2458 15 2473 a<
33 2450 119 2477 Carni.
134 2460 159 2484 2,
171 2459 188 2486 7
203 2459 267 2478 extr.
300 2452 364 2478 Non
384 2459 433 2484 ego
453 2450 538 2476 sanius
552 2447 702 2476 Bac-chabor
714 2450 811 2476 Edonis
826 2461 833 2481 3
870 2457 976 2485 recepto
990 2452 1073 2479 Dulce
1131 2462 1176 2479 um
1189 2452 1263 2487 culpa
1277 2452 1401 2484 fuscanit,
1421 2454 1462 2480 sed
1476 2454 1599 2481 fortunae
1613 2454 1720 2481 licentia
1734 2456 1866 2482 interdum
1878 2458 1994 2491 optimos
2013 2459 2176 2494 decolorans,

12 2485 15 2511 .’
30 2485 98 2512 inihi
111 2487 202 2513 furere
215 2487 251 2512 est
263 2487 358 2513 amico.
413 2486 529 2512 Insanire
541 2492 566 2512 et
580 2486 668 2512 furere
688 2486 744 2513 Cic.
758 2486 837 2513 Verr.
850 2495 878 2519 4,
892 2495 922 2518 39
931 2492 993 2517 c.18.
1049 2490 1070 2514 A
1131 2490 1187 2523 spes
1199 2489 1256 2514 eius
1269 2488 1410 2523 paullisper
1423 2489 1533 2523 infregit
1553 2489 1698 2522 symmach.
1710 2490 1790 2524 Epist.
1804 2499 1824 2525 i,
1837 2499 1877 2523 39.
1911 2492 2047 2528 fuscani„
2066 2498 2085 2521 i.
2104 2497 2176 2533 insa.

0 2535 1 2539 =
30 2521 135 2548 Racilio
149 2523 173 2548 se
186 2522 389 2553 contumaciter,
408 2521 560 2556 vrbaneque
572 2527 695 2548 vexatum
708 2521 812 2548 furebat
827 2521 937 2548 Clodius
963 2523 1021 2549 Cic.
1037 2524 1073 2557 Q
1122 2527 1180 2551 mia
1193 2524 1300 2560 quadam
1313 2524 1440 2559 adspersit.

30 2556 115 2583 Fratr.
128 2565 153 2592 2,
168 2566 186 2583 1.
256 2558 294 2583 De
311 2558 417 2584 militum
441 2557 528 2584 ardore
541 2557 592 2583 dici
610 2557 719 2593 obstruat
732 2557 857 2584 Drakenb.
870 2557 905 2584 ad
915 2558 960 2584 Sil.
975 2567 1013 2591 10,
1028 2562 1072 2594 67.
1084 2559 1116 2589 65
1169 2565 1187 2585 F
1198 2565 1238 2585 VS
1247 2566 1263 2586 c
1273 2567 1292 2585 Α
1304 2566 1342 2585 Ti
1351 2566 1370 2586 ο
1379 2579 1388 2592 ,
1406 2559 1474 2585 onis.
1495 2559 1515 2585 f.
1551 2558 1653 2586 Arnob.
1688 2578 1695 2585 .
1732 2578 1740 2586 .
1776 2579 1783 2586 .

29 2593 108 2619 Hunc
124 2591 175 2618 fine
188 2601 230 2618 me
243 2592 333 2619 fure're
346 2598 405 2619 ante
417 2593 437 2619 F
440 2602 545 2620 urorem
566 2592 640 2626 Virg.
654 2593 719 2619 Aen.
733 2601 767 2625 12,
779 2595 838 2623 680.
908 2593 963 2620 Cic.
978 2595 1030 2621 Att.
1043 2604 1072 2628 4,
1170 2600 1188 2620 F
1201 2601 1220 2619 V
1233 2601 1246 2620 s
1257 2599 1273 2619 c
1282 2601 1303 2620 A
1312 2600 1333 2619 T
1342 2602 1361 2621 o
1370 2602 1388 2621 R
1397 2615 1405 2627 ,
1425 2595 1489 2621 oris.
1524 2602 1559 2620 m.
1595 2594 1777 2630 [οἶμαυρωτὴς]
1812 2595 1887 2623 Caeli
1901 2597 2016 2626 fuscator
2029 2600 2081 2628 Eoi
2089 2602 2175 2630 Corus

31 2630 61 2655 16
79 2628 128 2654 Res
142 2628 206 2654 furit
218 2627 250 2654 ad
264 2628 443 2663 interregnum
452 2649 460 2660 ,
478 2635 504 2656 et
517 2628 552 2655 est
564 2628 706 2654 nonnullus
728 2628 797 2655 odor
816 2628 977 2655 Diciaturae.
1034 2631 1071 2655 Ex
1131 2629 1226 2655 Lucan.
1240 2637 1274 2661 4,
1290 2631 1333 2654 66.

28 2662 124 2696 uetusto
139 2663 221 2689 codice
232 2663 358 2704 legendum
366 2684 375 2696 ‚
394 2663 474 2690 Fluit.
581 2663 657 2697 Apud
673 2664 746 2690 sanos
759 2664 862 2694 furere,
879 2669 905 2688 et
917 2664 987 2697 quali
1002 2663 1071 2697 apud
1166 2669 1183 2688 F
1192 2669 1211 2689 V
1221 2670 1234 2689 S
1242 2670 1258 2689 Ε
1267 2682 1276 2695 ,
1293 2662 1346 2689 vid.
1368 2669 1384 2688 F
1395 2669 1444 2690 VN
1455 2669 1473 2689 D
1483 2669 1512 2689 O.

0 2706 9 2723 ιι
31 2698 135 2725 sobrios
148 2698 271 2726 bacchari
286 2698 393 2726 videtui-
405 2699 557 2726 v'uiolentus
573 2699 629 2725 Cic.
642 2698 669 2724 in
676 2699 750 2724 Orat.
761 2706 805 2730 99.
873 2698 913 2724 De
924 2698 1017 2732 aliquo
1030 2699 1071 2724 fu-
1169 2703 1186 2724 1¹
1199 2704 1219 2723 v
1230 2706 1242 2725 s
1253 2704 1285 2725 ic
1297 2705 1305 2724 1
1318 2706 1356 2730 A,
1379 2700 1472 2726 Nomen
1486 2701 1568 2734 gentis
1580 2699 1649 2725 Rom.
1663 2697 1692 2725 de
1722 2708 1753 2725 ua
1764 2699 1820 2726 Cic.
1835 2700 1863 2727 in
1876 2703 1953 2730 Verr.
1967 2713 1991 2737 2,
2003 2713 2027 2738 3¹
2060 2707 2091 2733 C.
2105 2708 2175 2736 Fufi-

0 2738 17 2769 V,
31 2742 91 2761 rere
117 2735 172 2761 Cic.
188 2735 241 2760 Att.
256 2743 296 2767 14,
309 2743 331 2760 21
346 2739 392 2767 (19
399 2737 419 2765 ).
490 2735 554 2761 Non
566 2734 692 2769 priuatim
706 2733 789 2760 solum
799 2753 807 2765 ‚
830 2732 873 2759 sed
886 2733 990 2767 publice
1004 2734 1070 2760 furi-
1079 2742 1114 2769 70
1128 2733 1184 2760 cius
1196 2734 1250 2760 aC.
1259 2735 1342 2760 Verre
1355 2734 1416 2760 duci
1429 2734 1515 2760 iussus.
1552 2733 1599 2761 Sed
1611 2734 1679 2769 quid.
1698 2707 1822 2762 guficius.

0 2779 3 2794 ;
31 2778 89 2796 inus
109 2770 166 2796 Sen.
181 2770 226 2804 Ep.
241 2778 271 2802 95
289 2780 320 2796 m.
391 2769 658 2796 Arenisfuritaestus
696 2769 947 2803 Virg.Aen.1,111.
1018 2770 1071 2796 Do·
1170 2775 1342 2801 Fvsitis‚
1363 2775 1502 2802 Fvsiiii,
1528 2775 1669 2803 Fvsio,
1697 2776 1846 2805 FVSOR,
1873 2779 2092 2811 FVsoRivs,
2120 2779 2174 2807 vid,

0 2775 18 2832 ji
30 2804 87 2832 lore
103 2805 169 2832 furit
188 2805 269 2831 Ouid.
284 2806 347 2831 Met.
362 2813 398 2838 12,
411 2811 470 2840 478.
541 2804 686 2839 Lymphata
699 2810 786 2831 mente
801 2804 905 2831 furebat
929 2804 1014 2832 Catul.
1028 2808 1072 2838 62,
1131 2810 1149 2831 F
1161 2811 1182 2830 v
1193 2812 1215 2831 N
1224 2812 1242 2831 D
1254 2810 1284 2831 ο.

1 2850 7 2872 0
33 2849 91 2874 254.
161 2841 259 2867 Furere
272 2841 390 2876 aliquid,
404 2847 452 2876 pro
466 2841 504 2868 Ob
517 2841 614 2876 aliquid
627 2851 635 2866 .·
671 2841 731 2867 Liu.
746 2845 769 2872 8,
783 2849 807 2872 31
833 2841 864 2866 Et
877 2849 946 2867 nunc
959 2841 986 2866 id
999 2841 1071 2867 fure·
1170 2846 1186 2866 F
1200 2846 1218 2865 V
1229 2848 1241 2867 S
1252 2848 1261 2866 1
1271 2846 1290 2865 v
1300 2847 1313 2867 S
1322 2860 1331 2872 ,
1348 2849 1397 2875 pro
1411 2839 1506 2866 Furius
1518 2839 1623 2874 antiqui
1636 2839 1775 2874 dixerunt,
1792 2848 1821 2869 vt
1835 2844 1965 2877 Valesius,
1985 2856 2034 2881 pro
2046 2848 2175 2877 Valerius,

33 2884 77 2910 re,
94 2876 121 2903 id
135 2885 214 2910 aegre
226 2876 293 2912 pati:
329 2876 402 2911 quod
416 2876 468 2903 fine
481 2877 511 2903 L.
526 2876 632 2911 Papirio
645 2885 699 2903 non
710 2877 840 2909 inermes,
857 2884 911 2902 non
922 2876 1009 2904 manci
1022 2877 1072 2904 ini-
1130 2873 1228 2903 Ααὲἶον
1240 2875 1337 2902 Festus.
1380 2888 1381 2891 ¹
1410 2877 1479 2902 Hinc
1484 2875 1557 2911 forte
1569 2875 1657 2902 Fusius
1672 2876 1774 2903 Saluius
1783 2897 1792 2910 ,
1810 2879 1857 2914 qui
1871 2880 1907 2907 ita
1920 2881 2025 2910 viribus
2038 2884 2176 2919 praestitit,

30 2910 87 2939 lites
101 2912 209 2939 fuerint.
1084 2916 1116 2944 75
1131 2918 1160 2938 vt
1182 2911 1236 2938 duo
1257 2911 1406 2938 centenaria
1425 2912 1540 2946 pondera
1552 2911 1678 2945 pedibus,
1696 2913 1809 2940 totidem
1830 2916 1967 2949 manibus,
1987 2924 2012 2944 et
2033 2919 2174 2948 ducenaria

59 2952 89 2973 *F
99 2955 120 2973 ν
130 2954 147 2974 R
159 2955 175 2975 E
184 2955 205 2974 N
215 2955 228 2975 s
237 2967 246 2980 ,
265 2948 342 2975 entis.
361 2948 454 2975 Partic.
497 2946 589 2974 Animi
602 2947 692 2973 furens
709 2946 784 2981 Virg.
799 2947 862 2973 Aen.
878 2954 902 2981 5,
916 2956 976 2975 202.
1019 2949 1072 2975 Au·
1131 2947 1184 2973 duo
1198 2946 1316 2974 humeris
1329 2946 1421 2974 contra
1436 2947 1512 2974 scalas
1525 2947 1616 2976 ferret.
1686 2949 1776 2985 Refert
1788 2949 1856 2979 Pliu.
1864 2959 1892 2986 7,
1898 2961 1937 2980 20.
2007 2955 2055 2981 Sed
2066 2956 2174 2984 Cicero-

36 2980 108 3009 dacia
119 2984 206 3010 furens
221 2984 335 3010 Catilina
356 2984 412 3011 Cic.
427 2984 454 3010 in
469 2982 549 3010 Catil.
567 2991 593 3015 2,
607 2991 626 3009 1.
681 2983 850 3010 Contumelia
863 2983 952 3011 furens
971 2984 1072 3019 Plin.7,
1131 2983 1172 3009 nis
1185 2982 1269 3015 Fufii,
1292 2982 1360 3009 Fufii
1368 2983 1523 3019 potiussunt
1535 2992 1560 3010 v.
1575 2992 1600 3009 υ.

41 3023 78 3042 12.
143 3019 206 3050 Ense
221 3020 310 3045 furens
335 3019 422 3047 Valer.
437 3019 536 3053 Argon.
550 3027 568 3050 1,
582 3027 640 3053 ¹44·
709 3017 880 3045 Libidinibus
893 3020 1072 3047 inflammatus
1171 3025 1188 3044 F
1199 3025 1294 3045 VSTE
1304 3025 1322 3044 R
1334 3025 1403 3058 Νᾼ,
1421 3027 1461 3046 ae.
1490 3018 1509 3046 f.
1545 3018 1610 3046 Plin-
1625 3020 1662 3052 16,
1676 3028 1707 3052 39
1722 3020 1740 3047 s-
1752 3021 1785 3054 76
1799 3029 1824 3049 n·
1838 3029 1848 3048 ι
1876 3021 1980 3049 Abietis
1999 3033 2064 3058 quae
2084 3034 2142 3059 pars
2156 3035 2171 3052 a

40 3054 66 3076 et
79 3049 164 3078 fui-ciis
182 3055 236 3081 Cic,
250 3055 333 3084 Tusc,
347 3062 369 3090 5,
384 3057 419 3084 16.
488 3054 644 3081 Furentiuni
655 3060 724 3080 certa
737 3053 839 3080 Indicia
851 3054 917 3082 sunt
928 3056 1025 3083 Sen.de
1033 3057 1073 3083 Ira
1132 3060 1202 3081 terra
1216 3054 1283 3085 fuit,
1300 3053 1391 3080 enodis
1404 3054 1454 3086 est,
1474 3053 1575 3088 hacque
1587 3063 1665 3089 quam
1679 3055 1796 3081 diximus
1815 3057 1919 3083 ratione
1936 3059 2042 3084 fluuiata
2061 3059 2172 3087 decorti-

41 3093 63 3117 ι,
77 3093 96 3111 x.
163 3087 260 3117 Cedere
274 3091 374 3117 furenti
392 3089 560 3118 Pseudo-Cic.
575 3095 660 3125 anteq.
674 3090 724 3116 iret
738 3089 766 3116 in
777 3090 839 3116 exil.
853 3098 892 3125 27.
980 3092 1072 3119 Conti-
1085 3094 1116 3121 80
1133 3096 1220 3121 catur,
1239 3096 1318 3124 atque
1332 3089 1367 3116 ita
1382 3089 1485 3124 sapinus
1501 3096 1611 3116 vocatur
1624 3101 1630 3116 :
1665 3091 1791 3125 Superior
1815 3100 1874 3125 pars
1901 3092 1998 3120 nodosa
2017 3094 2171 3130 duriorque,

38 3122 102 3147 nere'
115 3120 240 3152 furentem
251 3132 277 3153 et
289 3126 450 3153 exultantem
468 3126 524 3153 Cic.
541 3125 574 3152 de
587 3126 679 3160 Arusp.
688 3125 762 3159 Resp.
770 3134 789 3153 1.
859 3127 969 3154 Mollire
983 3128 1071 3154 furen—
1133 3126 1256 3152 fusterna.
1297 3127 1363 3160 Qia
1375 3125 1479 3161 nodofiz,
1496 3129 1523 3152 in
1542 3128 1579 3152 uit
1594 3126 1674 3154 Hard.
1690 3133 1717 3152 vt
1724 3126 1807 3161 solent
1812 3126 1903 3161 fustes.
1964 3130 2054 3155 Tamen
2070 3140 2115 3156 non
2132 3131 2172 3158 de-

38 3160 92 3182 tem
107 3156 146 3182 ira
165 3156 240 3187 Ouid.
251 3162 316 3189 Met.
331 3170 365 3195 13,
377 3171 428 3194 322.
481 3162 550 3188 Deus
563 3170 622 3201 ecce
635 3161 784 3202 furentibus
796 3160 888 3189 Obstat
907 3163 967 3189 Stat.
977 3163 1070 3191 Theb.
1124 3161 1203 3198 fimf,
1222 3164 1265 3197 qui
1294 3163 1384 3188 malint
1418 3162 1497 3198 legere
1529 3161 1658 3190 tusterna.
1709 3161 1766 3190 Vid.
1803 3162 1910 3189 Vitruu.
1941 3171 1968 3196 2,
1992 3172 2018 3197 9.
2066 3166 2170 3204 Salmas:

36 3199 61 3223 3,
75 3193 119 3223 64.
187 3192 253 3222 Loca
264 3197 317 3224 feta
329 3196 478 3224 furentibus
492 3197 592 3224 Austris
630 3198 704 3231 Virg.
717 3197 779 3223 Aen.
794 3206 811 3228 1,
826 3205 861 3231 55.
946 3198 1014 3225 Bella
1030 3200 1070 3226 fu-
1128 3199 1213 3224 Exere.
1225 3203 1254 3232 p.
1270 3206 1343 3237 727.u
1358 3201 1361 3206 '

7 3247 10 3249 -
37 3227 123 3253 tentia
142 3226 188 3266 Sil.
202 3234 226 3261 7,
237 3237 289 3267 57¹2
356 3234 427 3260 [ntra
442 3234 466 3258 se
479 3233 568 3260 furens
582 3233 716 3260 Exercitus
735 3233 804 3260 Vell.
817 3242 840 3266 2,
852 3242 896 3266 ιιι,
909 3243 936 3267 4.
984 3234 1068 3261 Flam·
1167 3239 1183 3260 F
1195 3239 1214 3258 V
1226 3240 1238 3259 s
1248 3239 1269 3259 'r
1279 3239 1311 3259 113
1321 3240 1342 3259 Α
1352 3239 1367 3258 L
1378 3237 1400 3257 V
1410 3238 1422 3258 s
1431 3251 1439 3264 ‚
1459 3231 1475 3259 i.
1502 3240 1537 3259 iii.
1573 3232 1775 3258 instrumentum
1789 3232 1826 3259 est
1839 3232 1980 3265 bellicum,
1999 3234 2106 3270 longum
2127 3246 2170 3272 pe.

39 3269 97 3287 mae
116 3262 193 3296 Vlrg·
206 3263 268 3291 Aen.
281 3275 306 3299 4,
320 3270 380 3302 ⁶70·
437 3269 552 3303 Impetus
567 3269 683 3295 furentes
697 3274 722 3295 et
735 3269 848 3295 violenti
867 3270 922 3296 Cic.
937 3268 969 3295 de
976 3270 1068 3304 Arusp.
1086 3270 1114 3299 85
1129 3268 1173 3295 des
1187 3274 1318 3302 quatuor,
1338 3268 1380 3294 cui
1395 3276 1440 3302 per
1452 3267 1569 3294 medium
1586 3268 1682 3301 ligatur
1701 3268 1781 3307 funda
1795 3268 1827 3294 de
1845 3270 1934 3301 corio,
1954 3277 1979 3296 et
1991 3277 2101 3305 Vtraque
2115 3282 2170 3300 ma-

38 3297 113 3330 Resp.
130 3299 173 3330 46.
273 3301 428 3332 Penthesilea
441 3304 531 3331 furens
550 3305 623 3339 Virg.
639 3306 702 3331 Aen.
718 3313 736 3335 1,
750 3313 808 3338 495.
836 3308 865 3331 de
878 3305 966 3331 ardore
978 3305 1070 3333 lueHico.
1129 3313 1165 3330 nu
1179 3304 1337 3340 impulsum,
1354 3312 1435 3338 prope
1447 3303 1480 3330 ad
1492 3303 1571 3329 instar
1584 3303 1680 3337 onagri
1692 3303 1786 3338 dirigit
1800 3305 1859 3331 saxa
1896 3306 1987 3340 Veget.
2009 3306 2041 3333 de
2055 3308 2092 3334 Re
2108 3309 2169 3336 Mil.
2204 3325 2209 3329 κ

38 3332 154 3367 P0P¹¹¹¹¹⁵
174 3332 271 3372 Lucim·
287 3342 311 3374 ξι,
323 3345 381 3371 249.
453 3340 536 3367 Rabie
547 3340 648 3367 furenti
662 3340 805 3366 stimulatus
819 3340 922 3367 animus
938 3341 1070 3374 Canii-61,
1127 3348 1150 3373 3,
1164 3348 1202 3373 14.
1240 3341 1307 3366 Hinc

62 3387 68 3394 ·
162 3369 243 3394 Vesstl
262 3369 335 3406 Vss'g-
348 3373 460 3408 denno,
473 3384 511 3411 37.
580 3375 672 3403 Vndae
690 3376 787 3402 Lucan.
801 3385 824 3409 3,
837 3383 887 3409 195.
957 3377 1069 3412 Compar.
1166 3382 1182 3402 r
1190 3382 1211 3402 v
1220 3382 1232 3402 s
1241 3383 1262 3402 T
1271 3383 1278 3401 i
1288 3381 1304 3402 Β
1312 3382 1334 3402 Α
1343 3382 1359 3401 L
1368 3382 1389 3401 A
1398 3379 1419 3399 ‘r
1428 3380 1447 3400 o
1455 3380 1473 3399 R
1482 3379 1498 3399 Ε
1507 3380 1519 3399 s
1529 3393 1537 3405 ‚
1566 3373 1668 3400 Milites
1679 3394 1688 3407 ,
1718 3375 1765 3409 qui
1786 3375 1916 3402 fustibalis
1939 3376 2036 3409 lapides
2060 3378 2169 3406 iaciunt.

39 3402 131 3435 Claud·
145 3403 266 3430 Fescenn-
282 3407 316 3430 26
342 3407 406 3440 Qiis
416 3410 554 3439 beluarum
568 3412 648 3439 corde
660 3411 802 3439 furentior.
844 3414 882 3439 De
889 3416 1070 3448 permutatione
1127 3409 1226 3438 AuHor
1239 3410 1372 3438 Modestus
1385 3410 1416 3435 de
1430 3409 1527 3435 Vocab.
1541 3410 1580 3435 rei
1594 3410 1672 3436 milit.
1714 3410 1770 3436 Vid.
1787 3411 1906 3437 stewech.
1924 3412 1957 3437 ad
1970 3413 2059 3446 Veget.
2073 3415 2091 3440 l.
2104 3424 2126 3440 c.

37 3448 91 3466 cum
105 3439 198 3465 Ferens
215 3448 238 3465 υ.
246 3439 294 3475 sub
306 3439 352 3466 hac
363 3451 389 3468 υ.
1077 3456 1113 3482 90
1168 3453 1185 3473 F
1198 3454 1218 3473 v
1227 3454 1240 3473 s
1250 3453 1271 3472 T
1281 3454 1289 3473 1
1300 3454 1313 3473 s
1323 3466 1330 3478 ‚
1351 3446 1381 3472 is.
1402 3454 1437 3471 m.
1475 3443 1615 3479 [ῥόπαλον]
1650 3447 1755 3480 Lignum
1768 3453 1839 3472 teres.
1874 3446 1939 3472 Plin.
1954 3454 1980 3481 7,
1990 3451 2020 3480 56
2037 3450 2168 3476 Praelium

28 3512 32 3513 .
78 3480 95 3514 ξ
107 3481 127 3499 ν
136 3480 154 3499 R
166 3480 181 3514 F,
192 3482 241 3501 NT
250 3481 266 3501 E
275 3481 303 3514 R.
331 3475 397 3502 Adu.
430 3479 606 3517 [μαινομέναις]
640 3482 696 3509 Cic.
710 3483 763 3509 Att.
776 3484 803 3515 6,
818 3491 827 3509 1
848 3482 987 3515 Dionysius
1001 3482 1070 3510 mihi
1130 3482 1192 3509 Afri
1205 3488 1295 3509 contra
1308 3480 1451 3515 Aegyptios
1465 3480 1545 3514 primi
1558 3480 1645 3507 fecere
1663 3480 1775 3507 fustibus
1784 3501 1792 3513 ,
1811 3490 1878 3515 quos
1904 3488 1999 3509 vocant
2021 3483 2169 3520 phalangas.

40 3509 149 3545 ‘3¹¹¹de
164 3518 192 3535 ¹¹¹
204 3509 341 3536 ³ffl0r¹bsss
353 3511 389 3537 est
403 3522 408 3538 Ξ
442 3518 514 3548 pueri
527 3526 614 3544 autem
627 3519 701 3545 aiunt
712 3527 771 3544 eum
786 3519 906 3545 furenter
920 3518 1004 3545 irasci.
1131 3518 1187 3544 Cic.
1203 3527 1252 3552 pro
1267 3518 1372 3544 Caecin.
1385 3519 1419 3542 60
1439 3515 1511 3548 Qlid
1526 3516 1609 3550 igitur
1622 3516 1639 3542 fi
1654 3516 1751 3550 glebis,
1770 3522 1814 3542 aut
1827 3518 1907 3548 saxis,
1927 3523 1972 3544 aut
1989 3519 2101 3547 fustibus
2120 3521 2168 3548 ali-

54 3584 57 3586 ·
68 3551 120 3586 ,Ἐν
131 3552 150 3571 R
160 3552 169 3571 1
181 3550 200 3571 ο
211 3565 219 3577 ,
237 3550 289 3572 are.
325 3546 464 3587 [ἔκμοξίνω]
499 3553 650 3589 Infurorem
663 3556 794 3580 concitare„
829 3555 897 3580 Hor,
906 3555 994 3581 (ξω-[ῃ.
1005 3563 1025 3586 ι,
1034 3562 1072 3587 25,
1132 3562 1210 3587 quem
1223 3554 1255 3579 de
1268 3553 1352 3579 fundo
1365 3552 1534 3587 praecipitem
1549 3552 1632 3585 egeris
1648 3553 1657 3578 3
1739 3552 1845 3585 Longus
1863 3553 1931 3580 Hor.
1944 3554 2026 3581 Serm.
2040 3564 2066 3588 2,
2079 3565 2102 3589 3,
2118 3566 2167 3584 112.

14 3591 17 3595 ·
43 3588 68 3611 13
87 3580 208 3621 Flagrans
220 3589 304 3614 amor,
324 3588 349 3608 et
363 3581 448 3609 libido
481 3587 554 3620 Qiae
566 3589 630 3616 solet
643 3595 737 3616 matres
750 3589 850 3616 furiare
863 3599 999 3625 equorum.
1017 3590 1042 3616 h.
1053 3600 1072 3617 e.
1132 3589 1197 3615 Non
1210 3597 1275 3623 opus
1288 3589 1324 3615 est
1337 3588 1442 3619 verbis,
1457 3587 1499 3613 sed
1512 3587 1625 3613 fustibus
1646 3587 1702 3613 cic.
1718 3587 1746 3613 in
1759 3587 1844 3614 Pison.
1856 3595 1885 3623 73
1898 3598 1920 3615 c.
1934 3598 1974 3622 3ο.
2081 3594 2167 3627 Agere

39 3615 71 3641 In
85 3615 204 3657 libidinis
219 3616 336 3643 furorem
350 3626 451 3652 vrgere-
479 3621 580 3655 ,Aerem
632 3625 678 3651 Sil.
692 3633 732 3658 14,
745 3631 788 3655 281
809 3625 961 3661 Vaniloquo
975 3625 1071 3660 pubem
1082 3629 1114 3655 95
1131 3624 1232 3658 aliquid
1264 3624 1419 3660 formidine
1440 3622 1515 3649 fustis
1551 3623 1618 3649 Hor.
1635 3622 1711 3656 Epist.
1724 3631 1748 3652 2,
1762 3631 1782 3655 i,
1795 3631 1848 3656 154.
1919 3625 2027 3660 Agitare
2053 3627 2166 3654 fustibus

39 3650 172 3687 furiabant
185 3654 289 3686 insuper
302 3662 358 3680 ore.
1129 3668 1211 3694 equos
1222 3660 1334 3694 prohibet
1350 3663 1499 3694 imperator,
1519 3661 1545 3683 in
1558 3658 1576 3683 l.
1591 3658 1674 3692 prima
1688 3658 1717 3683 C.
1726 3657 1758 3683 de
1771 3660 1846 3685 cursu
1861 3659 1966 3694 publico
1980 3670 2005 3687 [a
2025 3663 2043 3688 E
2063 3673 2111 3690 uos
2120 3663 2167 3697 qui

0 3687 15 3722 ζ
68 3692 149 3727 ιἙνὶ(
160 3689 229 3715 ΙᾹΤ
240 3694 261 3713 v
273 3695 285 3715 s
295 3708 303 3720 ‚
340 3698 370 3719 a,
406 3697 459 3728 um.
498 3689 557 3718 Adi.
589 3693 765 3730 [μαινόμενος]
804 3697 896 3723 Furore
924 3698 1072 3722 concitatus.
1130 3692 1239 3729 publico
1253 3695 1340 3721 cursui
1353 3694 1469 3729 deputati
1483 3695 1553 3724 sunt,
1571 3702 1625 3719 nou
1638 3692 1716 3726 lignis
1730 3693 1771 3719 vel
1786 3694 1912 3727 fustibus,
1929 3696 1971 3723 sed
1985 3697 2050 3732 flage
2062 3699 2093 3724 lis
2114 3704 2167 3723 tan-

0 3725 9 3747 !
41 3721 114 3756 Virg.
128 3723 193 3749 Aen.
207 3732 233 3756 2,
247 3732 302 3758 407
318 3723 382 3750 Non
395 3723 455 3750 tuht
478 3723 542 3751 hanc
564 3727 670 3760 speciem
693 3732 790 3759 furiata
814 3737 901 3758 mente
923 3731 1070 3758 Coroebus.
1129 3729 1270 3757 tuinmodo
1281 3731 1376 3766 agitari
1390 3729 1561 3756 decernimus.
1632 3728 1743 3761 Aperire
1757 3737 1833 3764 caput
1847 3731 1914 3758 fuste
1933 3733 2023 3759 quen.
2037 3734 2166 3765 Sat.9‚98.

0 3759 15 3797 f
45 3757 93 3784 Vbi·
114 3758 234 3790 Seruius,
250 3760 388 3791 Fui-imus,
407 3760 462 3793 Qii
484 3768 515 3786 ex
538 3763 610 3788 causa
628 3764 703 3793 furit.
809 3767 890 3795 Ouid.
906 3767 970 3794 Fast.
984 3775 1009 3799 2,
1023 3769 1070 3801 761
1129 3769 1148 3792 i.
1172 3765 1281 3792 Findere.
1352 3767 1482 3792 Co'eJrcere
1493 3764 1607 3798 aliquem
1619 3763 1686 3789 fuste
1705 3765 1772 3791 Hor.
1786 3767 1866 3793 Serm.
1882 3776 1901 3799 1,
1913 3776 1934 3800 3,
1952 3777 2002 3800 134.
2093 3766 2165 3792 Cael.

0 3790 20 3830 gl
41 3804 85 3813 —-
119 3794 226 3834 quenis
237 3794 349 3821 furiatos
364 3795 451 3836 regius
465 3795 537 3829 ignes
572 3796 702 3833 Concipit.
769 3804 896 3830 quentus
915 3802 959 3829 Sil.
973 3811 1005 3836 ιι,
1020 3801 1318 3835 132.100Cic.Fam.8‚8
1339 3800 1413 3835 Qud
1425 3800 1442 3827 fi
1457 3799 1525 3825 filius
1537 3807 1610 3825 meus
1622 3798 1716 3825 fustem
1729 3800 1797 3827 mihi
1809 3802 1958 3837 Iinpingere
1971 3803 2059 3828 volet?
2106 3802 2164 3827 Per—

0 3821 20 3867 :J
39 3827 128 3855 Mente
140 3829 236 3856 furiata
249 3830 353 3857 ferebar
373 3832 446 3864 Virg.
462 3832 526 3857 Aen.
539 3840 561 3861 2,
574 3836 626 3863 588.
1132 3837 1213 3863 cussus
1226 3836 1292 3862 fuste
1311 3837 1379 3863 Veli.
1393 3846 1415 3869 2,
1428 3841 1469 3869 78,
1482 3843 1503 3866 3.
1608 3834 1725 3869 Pugnare
1737 3836 1847 3864 fustibus
1867 3838 1934 3865 Hor.
1948 3838 2026 3863 Serm.
2043 3845 2062 3867 i,
2077 3844 2098 3868 3,
2114 3845 2164 3862 ιοι.

0 3862 6 3879 ³
75 3869 119 3890 FV
129 3871 226 3892 RIAT
237 3864 273 3892 1⁰1.
283 3873 314 3893 IS
324 3886 332 3898 ,
350 3875 373 3892 e·
395 3866 455 3892 Adi*
491 3866 626 3893 Fortun&-
640 3867 716 3894 Mart.
728 3878 740 3901 3
757 3871 886 3900 Furiatile
899 3882 990 3900 cornu.
1133 3872 1270 3907 Repellere
1293 3872 1360 3898 male
1383 3870 1521 3898 mulctatos
1542 3869 1622 3896 clauis
1645 3876 1671 3897 et
1696 3871 1808 3899 fustibus
1836 3874 1893 3900 Cic.
1909 3875 1983 3899 Verr.
1996 3881 2024 3904 4,
2037 3880 2073 3904 94
2086 3880 2105 3896 c.
2121 3879 2161 3903 43.

73 3904 148 3940 FVR
159 3907 167 3926 1
178 3907 346 3943 BVNDVS,
364 3911 380 3929 a
386 3911 467 3943 Qum.
504 3902 583 3928 Aliud
600 3901 659 3928 Adi.
696 3903 838 3940 [ἓξεςηκώς,
864 3908 1071 3944 παρακεκηνικώς]
1130 3908 1250 3935 Fussibus
1265 3907 1352 3938 caedi,
1367 3914 1416 3942 pro
1439 3905 1552 3940 Fascibus
1567 3906 1724 3939 baculorum,
1740 3909 1875 3935 cuiusmodi
1892 3909 1948 3934 olim
1967 3909 2068 3932 ciuitate
2085 3906 2163 3931 libera

39 3933 88 3974 ρέα
101 3935 250 3974 veliementer
257 3936 339 3975 furit.
360 3939 429 3978 'Cic.
442 3946 490 3972 pro
503 3938 572 3978 Sext.
586 3945 636 3972 c.·7
662 3937 695 3964 At
709 3947 790 3973 quum
803 3943 848 3969 ille
861 3944 1019 3972 furibundus
1032 3944 1071 3971 in-
1129 3942 1322 3980 Magnstratibus
1328 3941 1552 3979 praeferebantur,
1569 3943 1742 3978 Iurisconsulti
1753 3943 1876 3970 dia-erunt.
1929 3943 2014 3975 ltaque
2033 3942 2163 3980 liberorum

32 3974 116 4003 citata
133 3970 248 4036 ιΙΙᾱνΓὲιῖ
258 3971 369 4036 νεῖιιπάι
386 3980 474 4001 mente
487 3974 610 4007 venisset,
626 3980 671 4000 etc.
777 3975 849 4004 Idem
861 3979 973 4014 Philipp.
987 3988 1022 4013 13,
1036 3989 1070 4014 29
1082 3980 1185 4013 ioshaec
1198 3979 1319 4025 hominm
1327 3985 1423 4014 poena,
1435 3975 1600 4047 gossm'vrum
1611 3979 1789 4014 Imperatorum
1805 3984 1909 4013 “WPW‘
1919 3976 1979 4012 fuit
1986 3996 1994 4009 ³
2013 3985 2090 4046 5¹⁰ssss
2090 3978 2163 4048 221²ss
