2479 4225
274 198 346 236 703
645 170 957 220 roEM
1312 150 1317 157 ⁷
1740 161 2051 204 FOEN
2334 143 2410 218 704

276 271 395 307 sequitur
412 270 479 297 Plin.
492 279 516 303 9,
529 277 569 304 50.
664 268 720 295 Cic.
734 265 765 291 de
780 261 871 295 Legib.
886 267 912 292 2,
926 266 958 293 57
982 268 1003 285 c.
1017 266 1050 285 22
1082 258 1112 284 C.
1132 256 1210 283 Cotta
1229 255 1315 281 censa-t
1377 255 1476 290 Georg.
1491 263 1513 287 3,
1528 262 1569 286 321
1593 252 1650 292 Nec
1664 256 1719 292 tota
1733 250 1836 277 claudes
1853 250 1966 291 foenilia
1978 251 2080 280 bruma.
2151 253 2233 280 Ouid.
2247 255 2310 280 Met.
2324 255 2351 287 6,
2363 259 2414 291 45¹2
2440 278 2441 282 ,

276 307 408 336 habendas
420 305 540 332 triduum
555 305 649 335 ferias,
668 309 693 329 et
707 303 788 326 Porco
801 296 900 322 femina
919 295 1051 329 piaculum
1069 293 1140 319 dare.
1378 292 1464 324 Quam
1478 290 1495 316 fi
1511 290 1570 324 quis
1584 296 1653 314 can1s
1667 295 1755 321 ignem
1769 287 1896 320 supponat
1910 287 2010 320 aristis,
2046 290 2099 316 Aut
2111 289 2232 316 frondem
2243 309 2252 322 ²
2271 289 2412 325 positasque

313 349 356 369 Fo
367 349 466 368 EMEL
477 348 524 368 LA
567 350 606 368 ae.
642 339 661 364 f.
698 334 826 362 Diminut.
863 330 949 357 Catul.
967 333 1013 364 56,
1031 337 1048 364 7
1079 327 1206 355 femellas
1225 334 1317 352 omnes
1378 333 1475 353 cremet
1489 324 1634 352 foenilibus
1650 322 1751 348 herbas.
1786 322 1853 349 Add.
1869 322 1933 348 Plin.
1949 328 1972 354 8,
1987 328 2026 353 28.
2361 343 2363 345 ,

277 378 363 406 amice
381 376 484 412 prendi.
532 362 542 375 ²
1414 368 1431 387 F
1443 367 1462 388 o
1474 369 1489 387 Ε
1501 360 1664 393 lerZCA,
1696 367 1735 384 ae.
1771 366 1803 397 c..
1829 357 2017 393 [χορτοτόμος]
2057 360 2116 394 ,Qui
2128 360 2199 396 strat
2218 359 2331 395 foenum.
2365 360 2415 387 Co·

315 407 417 441 ΡοὲΜ
426 421 436 439 1
448 419 470 439 N
482 419 503 438 A
512 418 528 437 L
568 410 592 446 s
613 414 653 435 FF.
662 413 685 432 Μ
695 412 705 431 1
714 411 734 430 N
745 409 766 429 A
775 410 791 428 L
801 421 808 434 ,
829 401 886 428 alis.
906 410 931 427 n.
964 407 1012 436 pro
1026 397 1178 426 Genitalibus
1192 396 1317 423 muliebri·
1341 396 1355 423 5
1379 395 1469 423 lumel.
1482 405 1497 423 2
1506 416 1512 427 ,
1526 405 1553 429 19
1574 399 1582 426 (
1593 398 1634 426 18)
1661 395 1693 420 Vt
1709 393 1805 419 necubi
1821 394 2011 419 ferramentum
2024 393 2170 422 foenisecae
2190 395 2263 429 possit
2275 394 2414 424 offendere.

279 449 330 477 bus.
366 449 444 483 Apul.
462 431 546 481 Apol?
565 455 588 478 p.
605 445 664 474 296,
682 449 709 466 ιο
741 437 902 464 Tannonius
922 436 985 467 ille,
1005 445 1064 462 cum
1083 434 1220 467 vtriusque
1241 433 1316 458 sexus
1378 431 1446 458 Ibid.
1479 432 1555 458 Tum
1575 430 1733 457 foenisecam
1752 429 1888 455 messorem
1902 436 2007 463 oportet
2021 429 2163 464 inducere,
2179 438 2205 457 et
2219 430 2348 457 desectam
2359 429 2415 458 herz
2443 460 2445 462 Υ

278 485 404 520 genitalia
417 482 530 515 intelligi
544 479 636 508 vellet,
656 475 698 501 sed
712 473 803 508 eloqui
819 478 927 508 propter
943 472 1082 498 infantiam
1105 470 1220 495 summus
1238 467 1317 494 (31111-
1378 466 1439 493 bam
1455 468 1567 502 religare
1581 473 1606 492 et
1621 472 1768 500 exportare.
1839 465 1926 490 Varro
1939 464 1970 490 de
1983 465 2013 491 R.
2029 466 2059 491 R.
2074 474 2094 498 1,
2109 472 2152 499 47.
2204 466 2272 492 Ibid.
2293 475 2314 491 c.
2328 473 2364 498 49
2381 465 2413 494 ad

279 521 352 548 dicus
367 520 487 554 nequiret
522 529 565 534 ——
600 511 647 537 Sed
661 511 731 536 enim
745 508 855 535 feminal
875 508 950 535 nullo
964 507 1040 542 pae'to
1060 505 1193 540 reperiens
1212 503 1317 530 mundi-
1371 500 1466 538 finem,
1483 501 1625 529 Sicilienda
1645 508 1733 535 prata,
1752 499 1779 526 id
1797 499 1833 525 est
1854 500 1966 526 falcibus
1983 500 2166 532 consectanda,
2187 511 2253 536 quae
2271 500 2414 529 foenisecae

279 562 321 583 ter
342 556 430 582 dicere
466 551 497 578 ad
517 556 572 575 mea
594 546 687 580 scripta
706 544 842 578 confugit,
861 550 887 570 et
904 553 918 569 e
939 544 1053 578 quodam
1074 550 1136 567 meo
1154 540 1225 566 libro
1238 539 1319 573 legit,
1380 539 1579 572 praeterierunt.
1615 537 1682 563 Pers.
1696 540 1722 569 6,
1736 545 1772 569 40
1792 535 1947 562 Foenisecae
1962 537 2042 562 crasso
2056 537 2185 563 vitiarunt
2197 537 2313 571 vnguine
2326 536 2426 570 pultes:

279 574 510 619 Interfemininum
533 588 600 617 tegat
615 602 623 615 ,
650 588 675 608 et
699 581 810 607 femoris
828 579 936 606 obiectu
949 598 957 610 ,
985 585 1010 604 et
1034 578 1134 612 palmae
1156 576 1314 602 velamento.
1335 581 1365 599 10
1416 578 1433 599 F
1443 579 1462 599 0
1472 580 1488 600 E
1498 580 1518 599 N
1528 582 1537 599 ι
1547 581 1559 600 s
1568 580 1583 599 E
1592 579 1626 599 CI
1637 579 1655 597 V
1668 578 1692 598 M
1705 592 1713 604 ,
1736 572 1754 597 1.
1775 580 1801 597 n.
1836 572 1891 603 vel,
1909 578 1938 597 vt
1950 572 2118 608 aliiscribunt
2137 578 2153 598 F
2164 578 2184 598 o
2196 579 2211 598 E
2221 579 2243 598 N
2253 580 2261 598 1
2271 579 2283 598 s
2292 579 2301 598 1
2310 578 2344 598 cl
2353 579 2371 596 v
2381 576 2419 599 M:
2444 566 2445 576 ¹

279 627 353 655 Idem
368 627 429 652 Met.
443 631 458 648 2
475 630 499 654 p.
514 626 568 650 122,
583 626 606 644 11
627 616 778 644 Glabellum
792 615 912 641 feminal.
938 616 972 641 al.
987 613 1106 640 Glabella
1121 612 1229 638 femina.
1284 612 1313 635 Γιε
1383 609 1564 644 [χορτακοπία]
1601 604 1841 643 Ipsafoenififfio,
1861 614 1884 632 et
1894 608 1971 633 veluti
1983 607 2060 642 mqffis
2067 607 2150 643 foeni.
2185 608 2250 634 Plin.
2265 612 2300 638 18,
2314 612 2341 637 :8
2360 602 2417 634 Nee¹

280 673 295 690 a
308 661 413 689 Femine
425 656 536 682 deriuari
548 653 647 680 videtur
656 672 664 684 ,
683 659 712 679 vt
725 651 950 678 Interfeminium.
993 649 1040 678 Sed
1057 652 1130 675 ctiam
1148 646 1181 681 est
1196 645 1318 680 Virginal
1382 644 1470 679 primo
1483 653 1551 670 anno
1565 643 1671 678 rigari,
1682 652 1729 669 nec
1748 643 1816 677 pasci
1834 649 1894 668 ante
1907 642 2016 669 secunda
2031 643 2172 669 foenisecia
2182 662 2189 674 ,
2208 652 2240 669 ne
2253 642 2352 669 herbae
2365 642 2414 669 vel.
2427 668 2433 677 ,Ἴ

278 708 295 726 a
311 695 418 729 Virgine
438 689 540 716 dictum.
1379 680 1476 711 lantur,
1495 681 1613 714 trituque
1627 678 1792 704 hebetentur.
1834 678 1904 708 Id.2,
1914 685 1945 708 11,
1953 685 1979 712 7.
2013 678 2118 705 Colum.
2127 684 2184 709 2,18
2205 686 2229 705 ct
2241 687 2277 710 19,
2313 681 2343 704 it.
2354 686 2384 709 11,
2392 686 2416 705 2.
2431 682 2438 707 j

319 738 335 757 p
345 736 387 755 οΕ
398 734 421 753 Μ
433 733 442 751 1
456 732 478 751 Ν
488 730 572 752 AMA
584 731 614 756 s,
632 723 693 749 aris.
729 722 850 749 Tertull.
870 721 972 748 aduers.
985 721 1089 747 Valent.
1110 729 1132 746 c.
1151 728 1179 745 10
1211 720 1242 746 In
1255 717 1321 744 ima·
1415 722 1460 743 Fo
1470 722 1486 742 F.
1496 722 1516 741 N
1527 714 1541 741 1⁰
1549 722 1586 741 se
1596 723 1613 741 x
1623 734 1630 746 ,
1651 714 1713 740 ecis.
1740 723 1761 740 c.
1798 713 1981 748 [χορτοκόπος]
2018 713 2096 746 Idem,
2112 715 2176 749 quod
2190 714 2323 750 Foemseca.
2352 713 2417 741 Plin.

279 768 339 802 gine
352 765 396 789 sua
408 761 592 788 feminamare.
645 758 677 785 Id
687 778 695 791 ,
714 758 779 793 quod
790 760 913 784 Irenaeus
928 766 946 788 1,
961 765 971 783 1
1000 757 1041 783 bis
1054 756 1136 783 verbis
1148 757 1276 792 exprimit,
1289 755 1320 780 In
1337 756 1363 783 ¹⁵
1383 757 1420 784 18,
1434 756 1462 781 28
1486 751 1571 785 Igitur
1585 759 1668 776 cornu
1686 755 1794 784 propter
1808 749 1899 775 oleum
1919 748 1951 775 ad
1968 758 2026 775 crus
2045 750 2126 783 ligato
2140 750 2258 776 foenisex
2273 748 2418 776 incedebat.

278 799 391 834 imagine
415 799 459 823 sua
483 796 536 824 fiue
562 794 674 828 coniuge
694 794 920 821 masculofemina.
1071 811 1082 815 ,
1379 788 1457 820 Qtae
1467 786 1611 813 foeniseces
1625 785 1817 819 praeterierunt
1830 786 1917 810 Varro
1931 785 1961 810 R.
1976 785 2006 811 R.
2023 793 2048 818 1,
2060 793 2106 819 49.
2419 795 2423 801 ·

312 841 328 861 F
338 841 357 860 o
366 841 382 860 Ε
393 840 417 859 M
427 839 438 859 1
449 839 471 858 N
481 839 499 858 o
508 838 543 863 R,
569 830 618 856 ari.
654 830 666 863 [
674 828 859 864 γυναικίξομαι]
905 829 1027 854 Feminam
1045 835 1133 863 agere,
1159 832 1187 852 vt
1209 825 1319 852 vitulari
1418 829 1434 849 F
1443 829 1461 849 o
1470 829 1486 849 Ε
1496 830 1517 849 Ν
1527 830 1536 848 1
1546 830 1558 849 s
1568 829 1575 847 1
1587 827 1604 847 C
1615 829 1624 847 1
1635 828 1656 847 Α
1665 841 1673 853 ,
1693 829 1731 847 ae.
1749 820 1769 846 f.
1807 820 1968 848 Foenificiae
1980 820 2156 847 instituendae
2169 821 2275 847 Colum.
2290 828 2323 852 11,
2338 828 2360 852 2,
2374 827 2418 852 40.

278 877 300 897 ct
314 869 418 903 fimilia.
479 867 570 894 Nemo
588 874 680 900 corpus
694 867 816 899 pruriens
836 863 990 890 seminando
1010 862 1126 889 correxit
1145 862 1215 888 Cael.
1231 861 1320 888 Aurei.
1381 859 1466 885 Varro
1479 857 1511 884 de
1521 859 1551 884 R.
1561 858 1592 883 R.
1602 866 1619 890 1,
1634 865 1669 889 49
1690 856 1768 882 Tum
1781 855 1813 882 de
1827 856 1908 890 pratis
1921 856 2042 890 stipulam
2055 856 2164 883 rastellis
2178 857 2266 888 eradi,
2287 861 2365 890 atque
2376 853 2432 881 adn-<v

275 905 360 932 Tard.
376 913 403 937 4,
417 912 442 935 9.
468 905 486 929 i.
502 901 604 937 viris-se
617 901 785 936 subiicienda,
807 898 887 932 instar
894 900 1015 934 feminae.
1089 899 1147 924 Vet.
1160 899 1255 929 Poeta,
1281 899 1321 924 vel
1380 893 1442 920 dere
1459 893 1611 920 foeniliciae
1622 892 1765 918 cumulum.
1820 892 1860 918 Id.
1875 898 1911 926 47
1926 898 1950 918 et
1963 894 2003 924 56.
2055 893 2122 920 Cato
2137 892 2169 918 de
2183 893 2214 918 R.
2228 893 2259 918 R.
2274 901 2296 917 c.
2311 899 2348 924 53.
2416 900 2420 914 ῑ

275 941 325 977 ipse
338 940 396 966 adeo
409 938 465 965 Cic.
480 938 563 964 Tusc.
580 946 599 970 1,
613 945 647 962 20
672 945 692 962 c.
707 941 720 966 8
745 937 785 962 Sic
807 936 933 961 seminata
953 934 1037 960 virtus
1058 933 1154 960 afflicta
1175 933 1273 959 occidit
1292 942 1321 959 cx
1339 937 1371 955 20
1417 935 1577 956 FOENVM
1587 935 1607 955 G
1617 935 1664 954 RA
1674 935 1689 954 E
1700 933 1746 954 CV
1757 933 1797 958 M>
1817 928 1858 953 vel
1876 934 1893 953 F
1903 934 1921 954 0
1931 933 2225 960 ENOGRAECVM,
2243 928 2262 954 i·
2280 936 2306 953 ¹¹·
2327 924 2419 960 [vim]

275 976 390 1011 Sophocle
404 973 535 1000 Trachin.
546 981 608 1005 1092
629 972 679 997 Νῦν
698 970 755 998 δ’ἐκ
769 971 853 997 min
867 971 946 999 θῆλυς
960 970 1061 1004 Εὐρημοιι
1076 969 1166 995 τάλας.
1383 965 1478 991 Herbae
1488 974 1581 1002 genus,
1595 964 1660 1000 quod
1670 970 1760 990 vocant
1772 964 1823 1001 alii
1834 962 1962 997 Carphos,
1980 965 2058 999 aliqui
2072 964 2193 995 Buceras,
2208 965 2254 989 alii
2268 963 2410 996 Aegocera,
2436 990 2440 998 .

311 1018 327 1038 F
337 1018 355 1038 ο
366 1018 381 1037 1,·
391 1018 414 1036 Μ
426 1017 496 1036 ιΝΑ
507 1016 528 1035 Τ
539 1017 548 1035 1
558 1015 577 1036 o
587 1028 595 1041 ,
615 1008 685 1034 onis.
722 1008 742 1034 f.
784 1007 873 1034 Const.
888 1007 955 1033 Afer
971 1007 999 1038 6,
1021 1013 1031 1031 1
1062 1005 1145 1031 Causa
1164 1004 1193 1031 in
1212 1004 1322 1031 feminis
1381 1003 1494 1061 {uoniam
1513 1002 1649 1027 corniculis
1659 1000 1741 1036 semen
1757 996 1889 1038 cstJmJiIe.
1925 999 1990 1025 le.
2003 1008 2046 1032 24,
2063 1008 2100 1032 19.
2160 998 2293 1025 Columel.
2308 1006 2341 1030 11,
2355 1005 2381 1029 2,
2391 962 2425 1032 ,ἓ

274 1046 465 1073 seminationis.
503 1065 506 1068 .
1397 1041 1500 1070 temque
1512 1036 1647 1070 siliquam,
1666 1034 1737 1070 quod
1755 1034 1846 1060 rustici
1861 1034 2102 1068 Foenumgraecum
2120 1040 2238 1061 vocant-
2260 1032 2335 1069 Conj.
2349 1040 2374 1064 2,
2388 1033 2420 1066 ¹¹2

311 1089 327 1108 F
336 1089 355 1109 o
364 1089 380 1108 E
394 1088 416 1106 M
428 1089 437 1107 1
446 1088 468 1107 N
478 1087 523 1106 Ev
533 1086 546 1106 s
555 1099 563 1111 ,
586 1079 612 1114 s.
626 1081 713 1113 potius
735 1085 751 1104 F
760 1085 776 1104 E
787 1085 811 1104 M
821 1086 828 1104 1
839 1085 860 1103 N
872 1084 888 1104 Ε
897 1084 918 1104 ν
927 1084 955 1107 S,
975 1086 999 1108 a,
1018 1085 1072 1102 11111.
1110 1075 1170 1102 Adi.
1207 1075 1322 1110 [θῆλυς]
1384 1079 1421 1097 ιο.
1456 1075 1489 1098 it.
1506 1072 1588 1098 Foeni
1603 1071 1698 1097 Graeci
1713 1071 1800 1097 semen
1813 1069 1931 1096 Scribon.
1945 1072 2003 1096 260.
2053 1070 2150 1097 Pallad.
2163 1079 2186 1102 2,
2198 1077 2224 1105 7.

274 1117 349 1154 de
356 1119 466 1153 pertinet
484 1114 518 1141 ad
526 1115 660 1150 feminam.
716 1114 813 1148 Virgil.
828 1114 893 1139 Aen.
909 1121 930 1138 11
941 1132 949 1144 ,
962 1117 1008 1146 782
1033 1111 1160 1137 Femineo
1173 1111 1282 1145 praedae
1296 1118 1321 1137 et
1337 1113 1369 1139 25
1416 1111 1436 1132 ἓ
1447 1112 1466 1133 0
1476 1114 1492 1134 E
1501 1115 1521 1133 N
1532 1114 1552 1133 V
1565 1113 1577 1132 S
1586 1127 1594 1139 ,
1616 1107 1679 1133 oris.
1699 1115 1725 1133 n.
1758 1107 1857 1137 melius,
1871 1111 1949 1140 puto,
1969 1111 1986 1131 F
1996 1112 2013 1132 Ε
2024 1111 2045 1131 Ν
2055 1113 2076 1133 ν
2086 1113 2098 1133 S
2107 1126 2115 1139 ‚
2134 1105 2182 1141 sed
2192 1104 2255 1131 illud
2264 1104 2342 1131 libros
2354 1098 2443 1130 occ-13...

276 1154 424 1188 spoliorum
442 1150 550 1178 ardebat
563 1151 669 1176 Amore.
711 1149 758 1175 Vbi
772 1150 893 1181 Seruius,
911 1148 1054 1180 Femineo,
1072 1147 1237 1181 Impatienti,
1255 1147 1320 1173 irra-
1374 1144 1451 1177 pauit
1463 1153 1471 1168 .-
1497 1140 1616 1177 [daimon
1634 1142 1721 1175 τόκος]
1750 1144 1859 1176 pecunia
1866 1140 1979 1177 secunda
1991 1140 2075 1176 quast,
2099 1143 2123 1171 h,
2138 1151 2157 1167 e.
2179 1143 2260 1168 locata
2273 1141 2399 1171 alii‚1'nt‘
2420 1134 2429 1141 ⁸

275 1188 408 1216 tionabili.
480 1185 548 1212 Ibid.
564 1190 611 1219 878
637 1184 793 1211 Femineum
813 1184 956 1210 clamorem
975 1183 1042 1209 caeli
1061 1182 1093 1208 ad
1113 1182 1195 1209 sidera
1211 1183 1319 1209 tollunt.
1380 1177 1478 1203 Ct’dfflte
1491 1178 1581 1214 Usum,
1599 1187 1658 1214 quae
1672 1178 1726 1213 ’Μὰ
1740 1186 1831 1212 quoque
1845 1177 1929 1203 Fenus
1942 1175 1985 1209 est.
2037 1177 2099 1203 Sunt
2112 1180 2175 1203 enim
2193 1176 2296 1203 eiusdem
2315 1168 2434 1211 origin&-

281 1225 328 1252 Vbi
346 1224 408 1250 idem
427 1222 532 1248 Seruius
553 1221 736 1254 Impatientem
755 1223 945 1255 interpretatur.
1022 1219 1071 1245 Ars
1091 1218 1174 1244 Ouid.
1188 1219 1266 1253 Epist.
1281 1226 1320 1251 19,
1379 1222 1395 1239 a
1417 1214 1508 1240 Graeco
1526 1213 1594 1248 φύω,
1614 1213 1679 1249 quod
1697 1214 1750 1239 Feo
1767 1211 1853 1245 dixfflb
1871 1212 1989 1238 videntur
2008 1212 2124 1243 Fenum,
2144 1213 2247 1244 Fenus,
2264 1212 2360 1243 Fetus,
2378 1210 2422 1236 F&

276 1266 310 1292 38-
407 1258 561 1287 Femineae,
593 1255 724 1282 Calendae
743 1257 856 1282 Martiae
874 1254 1044 1291 appellantur,
1069 1257 1128 1289 quia
1146 1255 1256 1290 feminis
1269 1253 1321 1289 sot.
1380 1249 1469 1281 mina,
1490 1249 1632 1276 Fecundus.
1691 1250 1745 1275 Nec
1754 1248 1846 1283 probat
1860 1248 2088 1283 ‚iobisjerzterztiam
2096 1248 2168 1284 Juam
2184 1248 2354 1273 Gronou.Pec.
2367 1246 2428 1282 Vm,

273 1297 361 1322 lemnes
385 1301 464 1321 erant.
515 1294 547 1319 1⁷1
567 1295 601 1318 iis
621 1295 683 1318 enim
705 1300 807 1318 munera
825 1291 878 1318 illis
895 1289 1012 1325 mfftari
1025 1289 1148 1326 Jblebant.
1226 1290 1320 1316 quen,
1336 1293 1369 1317 30
1379 1283 1513 1318 Mantiffi1
1531 1295 1546 1311 a
1558 1289 1628 1310 παῖνος
1641 1284 1768 1316 deriaam,
1780 1285 1821 1310 vel
1829 1287 1912 1318 ποῖνορ,
1925 1284 1989 1318 quod
2001 1283 2061 1309 idem
2074 1292 2121 1316 au,
2140 1283 2205 1319 quod
2216 1281 2288 1309 ποινή.
2325 1276 2401 1311 Festi(
2424 1286 2440 1306 ’κ

275 1331 363 1363 Satyra
387 1339 422 1363 9,
447 1336 474 1361 53
974 1349 979 1354 ,
1380 1321 1466 1347 Fenus
1480 1320 1625 1355 appellatur
1637 1319 1763 1346 naturalis
1782 1325 1867 1345 terrae
1886 1319 1971 1349 fetus;
1997 1319 2067 1349 (vid.
2087 1328 2113 1345 n.
2127 1323 2161 1351 2)
2180 1319 2216 1345 ob
2229 1326 2308 1353 quam
2321 1326 2368 1344 cau
2400 1346 2403 1350 ,
2427 1320 2436 1337 ¹⁷

428 1365 467 1391 En
484 1364 527 1390 cui
548 1368 576 1389 tu
593 1362 710 1389 viridem
725 1361 887 1394 vmbellam,
906 1360 949 1387 cui
963 1360 1065 1387 succina
1081 1360 1171 1387 mittas
1381 1361 1408 1382 et
1423 1365 1566 1382 numerum
1575 1357 1651 1382 Fetus
1666 1357 1749 1382 Fenus
1762 1355 1798 1381 est
1812 1362 1942 1385 vocatum,
1963 1360 1988 1380 et
2003 1353 2035 1380 de
2050 1364 2080 1381 ea
2093 1364 2122 1381 re
2136 1355 2207 1389 leges
2223 1353 2346 1380 fenebres
2423 1349 2426 1354 ’
2450 1356 2455 1357 ’

428 1399 562 1431 Grandia,
579 1398 671 1425 natalis
690 1398 794 1433 quoties
815 1398 900 1429 redit,
919 1402 966 1425 aut
986 1395 1123 1422 madidum
1137 1404 1186 1423 ver
1380 1391 1452 1426 quod
1469 1392 1562 1419 crediti
1576 1392 1651 1417 numi
1663 1392 1729 1417 alios
1742 1391 1860 1425 pariant,
1876 1396 1906 1416 vt
1925 1389 1995 1424 apud
2009 1391 2123 1416 Graecos
2137 1391 2226 1416 eadem
2245 1399 2286 1416 res
2305 1388 2372 1415 τόκος
2384 1383 2425 1453 ἀὲ
2454 1415 2467 1424 -.

427 1436 539 1470 Incipit,
559 1440 584 1460 et
603 1434 679 1460 strata
699 1433 796 1468 politus
816 1434 947 1467 longaque
966 1431 1089 1458 cathedra
1380 1428 1458 1454 citur.
1513 1428 1615 1454 Fenum
1630 1435 1737 1461 quoque
1756 1432 1892 1460 pratorum
1908 1425 1941 1451 ab
1956 1425 2003 1451 hac
2017 1427 2090 1452 causa
2103 1426 2140 1452 est
2153 1426 2328 1460 appellatum,
2343 1425 2393 1459 q'u'a
2450 1432 2452 1452 ι

428 1472 542 1498 Munera
560 1469 683 1496 femineis
708 1468 803 1495 tracitas
823 1469 917 1495 secreta
937 1467 1068 1494 Calendis.
1335 1464 1365 1491 35
1380 1462 1415 1489 do
1428 1463 1456 1489 id
1469 1463 1555 1497 ipsum
1574 1471 1681 1488 manens
1695 1461 1837 1496 quotannis
1853 1470 1954 1487 nouum
1968 1461 2055 1494 parit:
2079 1462 2150 1488 vnde
2168 1462 2246 1487 etiam
2266 1461 2363 1486 festuca
2416 1468 2417 1471 ¹
2450 1465 2454 1472 '

275 1509 378 1542 Corpus
398 1507 478 1533 molle
499 1515 527 1532 ac
547 1506 694 1532 femineum
714 1505 779 1531 Plin.
793 1511 837 1536 25,
854 1512 874 1537 5.
946 1503 1032 1529 Dolor
1051 1502 1132 1529 Ouid.
1145 1501 1209 1528 Met.
1224 1509 1251 1534 9,
1271 1508 1318 1534 131.
1380 1504 1436 1525 cata
1452 1498 1496 1524 est.
1569 1498 1642 1525 Non.
1658 1506 1678 1529 1,
1694 1498 1743 1523 266
1768 1496 1853 1522 Fenus
1868 1495 1900 1522 ab
1914 1504 1946 1522 eo
1959 1496 2061 1523 diuum
2073 1498 2125 1529 est,
2144 1496 2217 1530 quod
2230 1496 2368 1530 pecuniam
2379 1503 2395 1530 p

275 1544 337 1570 Doli
359 1544 420 1569 Stat.
436 1542 531 1568 Achill.
546 1551 565 1574 1,
580 1549 637 1576 527.
745 1540 856 1566 Generis
868 1539 979 1565 feminei
998 1538 1123 1565 animalia
1144 1536 1263 1563 Scribon.
1281 1539 1317 1563 16.
1379 1534 1431 1560 riat
1445 1534 1594 1568 insequenti
1609 1539 1744 1567 tempore,
1763 1531 1834 1566 quasi
1847 1531 1916 1557 fetus
1934 1537 1979 1557 aut
1990 1531 2086 1558 fetura.
2140 1532 2211 1558 Nam
2230 1537 2255 1557 et
2267 1532 2366 1558 Graece
2381 1529 2423 1557 vti·

275 1580 351 1605 Mens
370 1578 452 1605 Ouid.
467 1579 529 1603 Met.
547 1586 582 1607 10,
601 1585 660 1609 244.
733 1575 852 1602 Nomina
876 1574 1006 1608 Qninffil.
1028 1583 1053 1606 1,
1070 1581 1091 1606 5,
1110 1581 1150 1606 54.
1186 1574 1218 1599 al.
1233 1572 1319 1598 Femi-
1381 1580 1419 1595 κος
1434 1569 1533 1595 dicitur
1547 1568 1595 1593 ιίπό
1608 1569 1641 1593 v}
1654 1569 1757 1599 τίκτειν,
1777 1566 1850 1601 quod
1862 1567 1897 1593 est
1910 1575 2011 1601 parere.
2085 1568 2171 1594 Varro
2185 1567 2233 1593 lib.
2247 1575 2258 1599 3
2284 1567 2316 1593 de
2326 1565 2423 1597 Latino

275 1614 346 1640 nina.
415 1613 504 1639 Pectus
525 1612 606 1638 Ouid.
624 1613 687 1636 Met.
703 1620 737 1643 13,
751 1614 806 1643 693.
878 1612 990 1645 Plangor
1010 1609 1112 1636 Auc'tor
1130 1608 1162 1636 ad
1175 1609 1292 1634 Herenn.
1306 1616 1319 1640 3
1380 1605 1516 1636 sermone,
1536 1605 1622 1630 Fenus
1637 1609 1725 1629 autem
1738 1601 1841 1628 dictum
1858 1611 1872 1628 a
1891 1602 1965 1634 fetu,
1984 1608 2010 1628 et
2023 1602 2094 1637 quafi
2114 1603 2200 1629 fetura
2218 1601 2328 1638 quadam
2345 1609 2420 1635 pecu-

276 1658 298 1675 c.
312 1656 346 1681 15.
418 1647 493 1673 Sidus
507 1648 595 1673 Lunae
613 1646 693 1672 molle
712 1655 741 1672 ac
756 1647 903 1672 femineum
924 1647 988 1672 Plin.
1003 1655 1025 1678 ε,
1039 1654 1088 1671 101.
1160 1643 1241 1671 Ouid.
1254 1645 1318 1670 Met.
1327 1652 1364 1678 40
1378 1641 1445 1666 uiae·
1484 1641 1555 1667 Nam
1573 1644 1599 1666 et
1618 1640 1747 1666 Catonem
1769 1644 1795 1664 et
1814 1643 1930 1664 caeteros
1949 1638 2114 1672 antiquiores
2131 1638 2184 1664 fine
2203 1639 2224 1665 A
2245 1638 2322 1664 litera
2337 1637 2423 1663 Fenus

279 1693 314 1716 13,
328 1686 371 1716 651
395 1684 518 1716 Q1atuor
533 1683 579 1708 ille
597 1681 704 1716 quidem
719 1682 826 1707 iuuenes
836 1702 844 1713 ,
863 1682 1030 1716 totidemque
1043 1685 1144 1707 crearat
1179 1680 1319 1706 Femineae
1379 1676 1556 1711 pronuntiasse
1575 1674 1727 1706 contendit,
1742 1679 1772 1700 vt
1784 1674 1862 1700 Fetus
1876 1679 1902 1700 et
1914 1674 2077 1700 Fecunditas.
2112 1674 2200 1701 Eadem
2213 1673 2313 1700 Gellius
2327 1673 2370 1703 16,
2386 1679 2423 1698 12.

275 1719 362 1745 sortis.
394 1721 412 1744 i.
433 1724 536 1753 quatuor
549 1717 671 1752 seminas.
742 1716 823 1750 Stirps
842 1717 914 1742 Idem
930 1718 994 1742 Met.
1016 1725 1055 1747 13,
1092 1735 1099 1741 .
1137 1735 1144 1741 .
1199 1715 1319 1741 Vlulatus
1380 1711 1454 1747 Cous.
1467 1712 1541 1738 Non.
1555 1718 1576 1744 5,
1591 1718 1636 1745 70.
1681 1709 1754 1745 Qtod
1766 1709 1820 1735 fine
1832 1710 1855 1736 A
1869 1709 1946 1736 litera
1960 1710 2160 1744 pronuntiatum
2175 1711 2261 1736 Fenus
2278 1711 2316 1734 ait
2327 1708 2430 1740 Varro„

274 1755 371 1789 Virgil.
386 1754 450 1781 Aen.
464 1763 486 1785 2,
501 1758 558 1785 488.
627 1753 698 1777 Voce
718 1751 834 1777 feminea
853 1751 1006 1777 modulatur
1021 1751 1137 1777 carmina
1155 1750 1238 1776 Ouid.
1252 1751 1318 1776 Met.
1379 1747 1444 1772 idem
1456 1753 1536 1772 monet
1551 1749 1625 1772 etiam
1639 1745 1671 1772 de
1685 1747 1715 1771 L.
1729 1745 1759 1771 L.
1774 1747 1800 1777 6,
1814 1752 1828 1778 ς
1853 1754 1878 1780 p.
1893 1750 1935 1777 80,
1946 1753 1977 1777 30
2000 1754 2054 1771 cum
2072 1749 2139 1772 inter
2152 1755 2178 1772 ea
2187 1747 2276 1781 ponit,
2295 1746 2323 1770 in
2337 1742 2430 1777 quibusji

276 1797 316 1821 14,
331 1797 384 1821 341.
457 1788 554 1821 Vulgus
569 1787 665 1813 Lucan.
680 1794 706 1821 7,
720 1795 759 1819 39.
1380 1782 1403 1807 A
1418 1787 1478 1807 ante
1493 1782 1513 1806 E
1527 1781 1574 1806 alii
1588 1786 1706 1814 ponunt,
1725 1780 1771 1806 alii
1784 1789 1847 1806 non.
1903 1781 1960 1806 Huc
1974 1783 2094 1815 pertinet,
2114 1781 2178 1817 quod
2189 1784 2215 1807 in
2227 1777 2355 1806 Pandeete
2371 1778 2414 1804 Flo
2434 1778 2435 1782 ’

311 1829 381 1848 FOE
392 1828 416 1847 M
426 1829 434 1846 1
445 1830 466 1847 N
478 1824 491 1847 1·
499 1830 521 1847 Ν
531 1829 550 1846 ν
560 1830 590 1853 s,
609 1831 639 1854 a,
659 1831 713 1848 11111.
750 1821 810 1847 Adi.
846 1820 992 1855 [ἓηλνκδς]
1037 1818 1168 1853 Quinctil.
1183 1827 1207 1850 1,
1227 1827 1260 1851 4,
1281 1826 1317 1851 24
1331 1822 1364 1847 45
1379 1819 1477 1842 rentino
1490 1815 1587 1851 semper
1599 1815 1697 1841 Faenus
1711 1814 1795 1848 scribi
1807 1818 1961 1849 accepimus,
1988 1822 2013 1841 et
2028 1818 2056 1841 ιή
2070 1817 2213 1842 Bentlciano
2238 1816 2370 1845 Terentio,
2386 1814 2416 1840 vi

275 1858 332 1884 Nec
349 1857 434 1883 statim
451 1856 605 1889 diligentem
625 1856 741 1889 putabo,
762 1856 810 1889 qui
828 1857 977 1889 promiscua
997 1859 1083 1889 (quae
1100 1860 1124 1880 et
1140 1854 1265 1888 epicoena
1279 1853 1318 1879 di.
1378 1850 1471 1877 demus.
1537 1850 1685 1877 MSStorum
1705 1856 1827 1875 caeterum
1846 1852 1873 1874 in
1894 1850 2066 1884 Diphthongis
2082 1852 2122 1876 vel
2136 1850 2275 1885 ponendis,
2299 1850 2340 1875 vel
2356 1850 2404 1875 omi

273 1895 386 1923 cuntur)
407 1891 566 1922 ostenderit,
595 1890 622 1915 in
643 1889 740 1923 quibus
763 1892 837 1915 sexus
858 1898 969 1924 vterque
992 1899 1037 1923 per
1056 1890 1170 1915 alterum
1190 1895 1318 1922 apparct;
1377 1886 1460 1911 tendis
1473 1895 1520 1911 non
1533 1895 1646 1921 magnam
1660 1883 1702 1918 {ffb
1716 1883 1906 1915 auHoritatem,
1918 1885 1987 1920 finis
2001 1880 2104 1917 constat.
2141 1885 2289 1912 Harduinus
2303 1887 2330 1910 in
2343 1886 2413 1912 Pltm'

273 1935 318 1955 aut
341 1936 408 1962 quae
437 1927 567 1952 feminina
590 1924 720 1959 politione
746 1933 849 1954 mareS,
879 1931 924 1950 aut
949 1924 1064 1949 neutrali
1089 1924 1199 1948 feminas
1222 1923 1317 1956 signifi·
1372 1921 1470 1955 fimper
1484 1921 1568 1946 Fenus
1587 1920 1664 1946 dedit.
1706 1919 1813 1953 Lapides
1830 1923 1943 1946 variant.
1985 1921 2066 1945 Hodie
2076 1920 2136 1954 fere
2156 1921 2237 1947 editur
2254 1920 2342 1955 ubique
2360 1922 2430 1947 Foee

269 1970 352 1993 cant,
380 1962 470 1997 qualia
487 1963 543 1988 sunt
561 1962 688 1987 Muraena
708 1965 732 1985 et
750 1959 912 1991 Glycerium.
1020 1958 1140 1984 Nomina
1155 1957 1285 1990 Qiinffll.
1301 1966 1320 1987 1,
1380 1963 1438 1979 nus.
1635 1952 1656 1990 fl
1677 1962 1693 1980 2
1734 1955 1867 1989 Vtrumque
1879 1953 2020 1989 Jigyzificat,
2037 1960 2066 1979 vt
2078 1954 2197 1987 diximus,
2219 1957 2332 1988 Foenus,
2347 1952 2429 1992 ipsunt

275 2008 299 2033 ς,
313 2008 354 2032 54.
387 2005 409 2024 ct
425 2007 445 2030 1,
457 2000 483 2029 6,
496 2006 517 2029 5.
588 1995 755 2023 femininum
774 2004 872 2021 nomen
890 1996 976 2020 Varro
989 1994 1020 2020 R.
1036 1994 1066 2019 R.
1079 2002 1101 2026 3,
1114 2000 1137 2026 5,
1152 1995 1178 2018 6.
1233 1990 1320 2018 Femi-
1336 1996 1367 2023 50
1383 1988 1502 2025 Caputs.
1516 1989 1627 2020 Sortem,
1639 1991 1770 2023 pecuniam
1783 1995 1867 2023 nempe
1880 1997 1906 2013 ea
1925 1988 2064 2015 conditione
2077 1989 2212 2022 creditam,
2230 1998 2259 2017 vt
2279 1992 2354 2027 vJura
2372 1992 2424 2018 eiu‘e

273 2036 352 2061 ninus
368 2034 441 2060 sexus
460 2033 527 2059 Plin.
542 2039 582 2066 27,
596 2040 620 2058 2.
657 2031 730 2065 Conf-
745 2030 846 2056 Arnob.
862 2039 871 2056 1
893 2039 917 2064 p.
929 2032 967 2060 36·
1380 2028 1477 2050 nomine
1490 2024 1620 2060 soluatur,
1645 2030 1669 2050 ct
1689 2024 1829 2059 vsuramJL
1849 2023 2029 2058 impendium,
2054 2025 2119 2060 quod
2130 2032 2180 2061 pro
2200 2026 2245 2062 vsu
2261 2030 2329 2054 aeris
2348 2027 2425 2053 alieni

312 2077 379 2097 ΡΟΕ
391 2076 431 2095 1111
443 2075 462 2093 t<
474 2070 552 2094 1'N13.
582 2066 650 2093 Adu.
687 2066 788 2092 Charis.
800 2074 808 2090 1
830 2074 854 2099 p.
867 2073 894 2097 55
915 2071 960 2090 etc.
987 2063 1115 2090 Mendum
1128 2068 1224 2089 neutro
1231 2063 1320 2089 Varro
1381 2059 1466 2086 datar.
1523 2060 1609 2095 171111111-
1626 2062 1691 2085 enim
1708 2057 1742 2093 est
1755 2058 1900 2093 Salmasius,
1920 2063 1962 2095 qui
1975 2063 2088 2095 priorem
2106 2061 2254 2088 inteHeHum
2265 2063 2360 2097 solim,
2372 2068 2423 2097 pro

274 2106 304 2132 in
318 2104 485 2131 Admirandis
499 2103 583 2134 dixit,
597 2103 722 2136 Magnum
735 2100 875 2126 mendum:
895 2099 938 2125 sed
951 2099 1031 2124 Ouid.
1045 2099 1076 2124 de
1090 2100 1154 2124 Arte
1167 2098 1226 2123 Am.
1239 2106 1257 2127 1,
1270 2105 1320 2129 ²49
1378 2104 1437 2121 vero
1458 2101 1481 2121 e!
1493 2099 1599 2130 proprio
1618 2095 1704 2121 habuit
1723 2094 1752 2120 de
1770 2094 1839 2130 111-[τιν.
1857 2104 1879 2120 c.
1894 2105 1909 2122 2
1923 2101 1947 2120 et
1955 2105 1979 2129 5.
2033 2097 2144 2123 Meliora
2159 2097 2242 2124 docuit
2257 2099 2333 2124 Gron.
2346 2099 2422 2125 Man-

275 2141 416 2173 fcminine,
426 2139 514 2166 Noete
528 2139 608 2166 latent
618 2137 736 2165 mendae.
756 2136 797 2163 Sic
806 2135 873 2162 alibi
882 2134 1044 2169 frequenter.
1062 2132 1136 2168 Conf.
1144 2132 1269 2160 Arnob.1.
1278 2140 1300 2158 c.
1379 2130 1446 2162 tiffii.
1460 2132 1514 2156 Pec.
1530 2137 1578 2156 vet.
1599 2140 1620 2156 c.
1635 2141 1647 2156 1
1662 2137 1691 2165 p.
1708 2140 1754 2165 412
1765 2132 1804 2166 J‘q.
1848 2132 1971 2170 *Exempla
1990 2131 2060 2167 ipfiz,
2079 2132 2144 2168 quod
2165 2132 2288 2164 diximus,
2302 2134 2370 2169 fiatis
2383 2131 2422 2160 de-
2453 2140 2457 2153 '=
2478 2140 2479 2143 ’

1337 2166 1365 2192 55·
1379 2165 1519 2190 clarabunt.
1577 2167 1751 2191 Percurranzus
1771 2166 1855 2192 Plauti
1874 2166 1987 2193 Mostell.
2007 2176 2029 2201 3,
2052 2176 2070 2194 1.
2124 2168 2214 2195 Statim
2228 2171 2356 2204 principio
2372 2169 2422 2195 Da-

643 2212 666 2242 Ρ
734 2210 763 2241 O
834 2209 861 2241 E
934 2207 965 2239 N
1380 2199 1462 2231 nista,
1475 2199 1654 2241 ‘scelestiorem
1663 2219 1672 2232 ,
1691 2203 1787 2234 inquit,
1804 2209 1856 2240 ego
1870 2210 1967 2227 annum
1981 2209 2090 2236 argento
2105 2203 2213 2230 foenori
2228 2205 2371 2238 Nunquam
2382 2199 2422 2232 111-1

1381 2234 1437 2260 111111
1454 2233 1528 2264 v1d1‚
1552 2244 1571 2260 1.
1585 2241 1688 2270 argento
1703 2234 1811 2261 foenori
1829 2235 1887 2261 dato
1902 2236 1928 2270 J}
1942 2239 1980 2261 ita
1992 2238 2089 2268 locato,
2105 2245 2135 2263 vt
2147 2239 2244 2265 foenus
2261 2239 2319 2265 inde
2329 2239 2417 2267 reden.

311 2288 467 2309 POENAR
480 2287 490 2307 1
500 2287 521 2306 v
530 2287 542 2307 s
551 2299 560 2312 ,
595 2279 648 2306 vid.
676 2286 691 2306 F
701 2285 720 2305 O
729 2285 745 2305 Ε
756 2285 778 2304 Ν
788 2284 809 2303 V
818 2284 842 2303 Μ
853 2297 859 2304 .
1379 2279 1407 2296 v.
1434 2271 1451 2295 6
1492 2269 1598 2295 Danista
1616 2269 1685 2295 adest
1697 2289 1706 2301 ,
1732 2270 1778 2304 qui
1799 2269 1873 2296 dedit
1891 2276 2027 2304 argentum
2053 2271 2169 2299 foenori.
2241 2276 2273 2301 Et
2297 2284 2330 2308 34
2361 2273 2415 2309 Qli

312 2325 330 2345 F
339 2324 358 2345 o
368 2324 383 2343 E
392 2324 413 2343 Ν
422 2323 438 2343 Ε
448 2324 464 2342 R
474 2323 496 2342 A
505 2323 543 2342 Τι
554 2321 571 2342 c
583 2322 620 2341 iv
630 2321 642 2340 S
653 2333 660 2345 ,
692 2320 842 2340 POENERO
851 2332 858 2344 ,
889 2316 1079 2341 FoENEnkis,
1104 2309 1157 2336 vid.
1184 2314 1318 2336 FOEst.
1379 2304 1448 2332 mihi
1461 2313 1548 2339 neque
1560 2305 1671 2337 focum,
1690 2313 1776 2340 neque
1790 2306 1887 2331 sortem
1901 2306 2005 2340 argenti
2018 2305 2126 2333 danunt.
2165 2309 2196 2334 Et
2208 2317 2235 2340 53
2254 2311 2417 2338 Reddeturne

313 2360 329 2380 F
339 2360 358 2379 Ο
367 2360 383 2380 E
395 2359 415 2377 N
427 2360 435 2378 1
445 2359 461 2379 C
471 2350 491 2377 V*
501 2359 516 2378 L
527 2358 546 2375 v
556 2358 597 2383 M,
616 2350 635 2376 i.
656 2359 682 2375 n.
718 2348 882 2383 [μάραθρον]
920 2346 1014 2372 Herbae
1027 2354 1120 2371 nomen.
1158 2344 1222 2371 Plin.
1237 2354 1278 2377 20,
1292 2353 1318 2376 23
1328 2347 1362 2373 60
1379 2341 1462 2375 igitur
1476 2341 1588 2367 foenus?
1623 2342 1654 2366 Et
1668 2347 1699 2374 57
1717 2340 1791 2374 Qlin
1805 2349 1853 2367 vos
1866 2341 1936 2367 milti
1951 2341 2044 2367 foenus
2057 2341 2123 2367 date.
2160 2343 2353 2382 lthampofi-jt
2360 2350 2420 2381 pm,
2456 2343 2460 2346 ”

275 2389 451 2415 Poeniculum
472 2386 651 2413 nobilitauere
670 2385 799 2418 serpentes
821 2385 922 2417 gustatu
942 2380 1073 2407 se11e6tarn
1091 2380 1212 2406 exuendo
1225 2400 1233 2412 ‚
1256 2389 1319 2406 ocu·
1373 2374 1455 2413 sefio-
1495 2378 1562 2402 Nam
1574 2376 1710 2402 Tranioni
1724 2376 1818 2402 dicenti
1837 2385 1862 2402 v.
1877 2378 1913 2408 64
1939 2376 2040 2402 Sortem
2055 2376 2161 2410 accipe:
2179 2379 2317 2414 respondet,
2331 2381 2419 2407 Jmmo

275 2424 417 2457 lorumque
436 2423 520 2449 aciem
539 2422 614 2447 succo
632 2421 689 2447 eius
710 2419 863 2446 reficiendo.
900 2416 975 2444 Vnde
992 2415 1158 2442 intellectum
1175 2416 1211 2442 est
1231 2415 1318 2442 homi·
1380 2413 1487 2438 foenus:
1513 2411 1540 2437 id
1556 2411 1671 2445 prunum
1684 2411 1756 2437 Volo·
1836 2412 1868 2437 Et
1886 2420 1911 2437 v.
1927 2418 1963 2445 74
1987 2411 2060 2437 Cedo
2079 2411 2190 2445 foenus,
2212 2414 2291 2441 redde
2307 2415 2418 2448 foenus,
2431 2412 2437 2417 χ

275 2468 340 2486 num
357 2466 463 2493 quoque
483 2457 624 2491 caliginem
645 2455 784 2490 praecipue
803 2463 835 2480 eo
852 2453 944 2479 leuari.
1000 2451 1138 2478 Foeniculi
1152 2452 1239 2478 semen
1253 2451 1319 2477 Scri-
1380 2448 1488 2479 focum,
1513 2446 1632 2479 reddite,
1663 2453 1708 2473 etc.
1775 2455 1801 2472 v·
1826 2451 1859 2480 84
1891 2447 1915 2472 1⁵
1941 2445 1992 2473 tibi
2016 2453 2042 2473 et
2059 2447 2154 2473 foenus
2178 2453 2204 2474 et
2223 2449 2318 2476 sortem
2335 2449 2417 2477 dabit.

275 2495 338 2521 bon.
353 2496 407 2527 167.
421 2496 476 2527 176.
492 2500 548 2527 177.
617 2506 663 2510 —
699 2491 793 2516 Succus
814 2494 850 2521 38.
920 2489 949 2514 Α
964 2488 1080 2514 Foenum
1097 2488 1176 2522 aliqui
1191 2487 1319 2513 Foenicu-
1380 2483 1427 2510 Sed
1444 2491 1482 2508 101
1509 2483 1620 2516 Argenti
1632 2483 1726 2508 foenus
1739 2482 1869 2508 creditum
1882 2481 1978 2514 audio,
2001 2483 2027 2509 h.
2037 2492 2057 2509 e.
2076 2489 2206 2519 argentum
2213 2484 2315 2519 foenori
2327 2485 2419 2512 datum.

275 2530 330 2556 lum
349 2529 480 2560 deducunt,
499 2531 556 2563 quia
571 2526 614 2552 vbi
627 2528 725 2552 exaruit
731 2525 810 2560 foeno
815 2523 897 2558 fimile
909 2522 950 2556 fit.
1001 2522 1049 2549 Sed
1061 2522 1152 2548 Ifidor.
1162 2530 1198 2556 17,
1211 2531 1233 2548 11
1255 2523 1319 2548 Foe.
1333 2519 1364 2551 65
1380 2528 1405 2544 v.
1424 2527 1463 2544 121
1489 2519 1611 2550 Q1atuor
1630 2518 1801 2552 quadraginta
1823 2517 1864 2543 illi
1884 2516 2015 2544 debentur
2031 2518 2147 2551 minae,
2161 2519 2192 2545 Et
2206 2521 2261 2546 sors
2279 2525 2305 2546 et
2318 2520 2420 2547 foenus,

275 2566 412 2596 nicultnn,
432 2567 485 2595 ait,
505 2562 613 2593 vocari,
639 2560 711 2596 quod
730 2559 809 2591 thyrsi
830 2559 905 2591 eius,
924 2559 968 2584 seu
988 2556 1100 2590 radicis,
1126 2557 1214 2582 succus
1231 2558 1319 2584 visum
1379 2556 1488 2581 Dixerat
1508 2563 1533 2579 v.
1546 2560 1577 2586 95
1597 2553 1677 2579 deberi
1690 2552 1760 2588 quasi
1773 2552 1943 2587 qnadraginta
1957 2553 2052 2580 minas,
2104 2555 2218 2589 thuor
2232 2555 2312 2582 minae
2324 2555 2366 2582 hic
2382 2564 2423 2582 ac-

276 2607 365 2631 acuat‚
384 2599 454 2634 quali
471 2599 500 2625 fit
514 2607 528 2625 a
541 2596 665 2632 φαίνειθαι.
702 2594 777 2629 Lufit,
796 2597 908 2630 quisquis
921 2591 1008 2619 anaor
1021 2591 1068 2625 est,
1091 2599 1120 2617 vt
1128 2592 1218 2627 solem.
1380 2589 1462 2615 cedere
1479 2588 1596 2615 uidentur
1602 2589 1729 2623 foenoris.
1785 2589 1885 2613 Foenus
1898 2587 1962 2613 idem
1974 2586 2031 2621 eſjl‘,
2050 2589 2115 2623 quod
2127 2590 2231 2616 vsuram
2243 2589 2350 2623 ostendit
2361 2590 2425 2620 illuct

314 2643 330 2663 F
341 2642 361 2661 ο
373 2642 388 2661 Ε
398 2642 419 2660 Ν
430 2642 438 2660 1
449 2640 466 2660 c
477 2640 496 2658 v
507 2640 523 2658 L
533 2640 582 2659 AR
592 2640 630 2658 ιν
641 2639 663 2657 Μ
675 2651 682 2664 ,
703 2632 722 2657 i.
748 2640 774 2656 n.
810 2630 866 2656 Cic.
882 2631 935 2655 Att.
952 2637 984 2660 12,
999 2633 1012 2657 8
1033 2627 1123 2653 Scribe
1137 2627 1240 2661 quaeso,
1255 2626 1320 2660 quid
1383 2623 1591 2649 Sueton.06iau.
1607 2632 1627 2649 c.
1636 2632 1664 2656 39
1685 2624 1823 2649 Pecuniam
1837 2622 1984 2649 leuioribus
1999 2624 2085 2650 vsuris
2099 2627 2223 2658 mutuati,
2231 2627 2354 2660 grauiore
2366 2627 2425 2654 focav

276 2672 375 2699 referat
389 2672 466 2697 Celer
486 2669 562 2702 egisse
576 2668 712 2693 Caesarem
732 2675 791 2691 cum
805 2664 948 2691 candidatis
964 2673 971 2694 ς
1005 2662 1166 2696 vtrum¹ipse
1186 2662 1215 2688 in
1234 2661 1320 2688 foeni·
1382 2667 1447 2685 nore
1461 2658 1633 2685 collocass‘ent.
1705 2659 1762 2684 Cic.
1775 2660 1829 2685 Att.
1839 2662 1864 2691 6,
1879 2667 1889 2684 ι
1909 2659 1946 2684 Ex
1960 2658 2082 2685 instituto
2094 2661 2175 2695 Appii
2189 2663 2289 2689 tributa
2301 2660 2408 2697 impera*
2434 2672 2436 2674 ’

277 2707 423 2736 cularium,
444 2713 476 2731 311
489 2704 517 2729 111
531 2711 651 2736 campum
663 2701 790 2727 Martium
804 2701 911 2734 cogitet.
965 2700 994 2724 In
1008 2698 1214 2724 foenicularium
1224 2718 1232 2730 ,
1256 2700 1274 2723 i.
1289 2697 1322 2723 ad
1330 2705 1366 2731 70
1382 2695 1416 2720 Ea
1431 2694 1476 2719 vix
1493 2694 1520 2719 in
1535 2693 1628 2720 foenus
1640 2694 1759 2728 Pompeii
1778 2693 1850 2728 quod
1867 2694 1926 2721 satis
1947 2694 1976 2721 fit
1996 2693 2112 2722 efficiunt
2127 2707 2132 2722 :
2158 2697 2259 2733 quodp,
2273 2707 2296 2724 a,
2313 2698 2385 2725 dixer

273 2742 366 2778 foenus
381 2739 551 2769 exet-crudum,
568 2745 596 2764 vt
614 2737 727 2763 Turnebo
741 2745 777 2767 12,
791 2745 805 2761 2
822 2737 930 2770 placuit.
967 2735 1033 2768 LipJ.
1050 2731 1125 2759 Ele-H.
1140 2743 1162 2763 2,
1183 2742 1210 2759 20
1235 2735 1322 2759 melias
1382 2730 1412 2756 T
1414 2729 1655 2769 ricesimojquoque
1669 2729 1712 2756 die
1725 2729 1820 2756 talenta
1833 2730 1918 2756 Attica
1935 2730 2055 2763 XXXIlI,
2073 2737 2099 2757 et
2113 2731 2163 2758 hoc
2176 2741 2207 2759 ex
2220 2732 2337 2760 tributis.
2374 2743 2406 2762 ne

277 2787 289 2803 e
302 2776 419 2803 Strabone
432 2773 549 2806 ostendit,
570 2772 611 2806 ‘ffi'
623 2771 822 2799 Marathonium
838 2777 963 2805 campum,
983 2773 1025 2804 qui
1040 2770 1127 2794 Latine
1142 2768 1323 2796 Foenicularis
1382 2765 1442 2791 satis
1457 2764 1484 2790 id
1499 2764 1611 2792 efficitur
1624 2767 1652 2791 in
1665 2767 1770 2792 Vsurflm
1782 2765 1948 2793 lnenstl'ualll.
1983 2766 2052 2793 Ada.
2064 2767 2153 2794 parad.
2166 2770 2192 2795 6.
2367 2767 2389 2807 ff

277 2812 371 2838 dicitur
390 2814 417 2836 irz
434 2810 566 2844 Htspania.
1383 2801 1499 2835 Epitheta
1519 2807 1542 2826 et
1557 2802 1683 2827 formulae
1697 2812 1705 2826 .-
1742 2800 1860 2828 La&ant.
1876 2810 1897 2834 1,
1910 2809 1944 2827 20
1969 2802 2107 2829 Pecuniam
2123 2805 2225 2839 reliquit
2240 2804 2327 2836 Flora,
2345 2800 2443 2833 cuiuff‘s

318 2853 334 2873 F
347 2852 450 2874 OENV
460 2852 502 2876 M,
539 2844 624 2869 melius
654 2848 810 2873 FENVM,
837 2840 856 2866 i.
891 2848 917 2865 n.
955 2838 1079 2872 [χόρτος]
1116 2836 1226 2870 dicium,
1250 2839 1322 2873 quod
1382 2845 1413 2862 ex
1435 2837 1531 2862 Annuo
1550 2836 1662 2862 foenore
1686 2837 1746 2862 suus
1768 2837 1862 2863 natalis
1884 2837 1939 2863 dies
1965 2837 2149 2867 celebraretur.
2219 2836 2430 2870 Hereditariurir'*

280 2882 377 2910 herbae
391 2879 498 2907 eaedem
511 2884 653 2907 manentes,
673 2877 813 2913 quotannis
825 2884 906 2902 nonas
920 2875 1031 2909 pariant,
1049 2880 1079 2900 vt
1092 2874 1190 2907 Festus,
1206 2877 1275 2900 cuius
1287 2876 1321 2901 Io.
1334 2878 1366 2906 75
1382 2871 1510 2904 Quincffil.
1524 2879 1550 2905 7,
1566 2880 1592 2903 1,
1608 2880 1637 2904 19
1658 2872 1722 2907 quod
1732 2876 1799 2907 petit
1816 2872 1890 2899 heres
1910 2873 2094 2900 foeneratoris.
2181 2873 2346 2908 Iniquissimo
2365 2871 2428 2904 foed
2442 2864 2455 2903 Δ,

280 2928 334 2944 cum
352 2918 437 2943 damus
457 2919 483 2942 in
503 2922 602 2942 FOEN
615 2920 632 2939 V
643 2921 666 2940 S.
724 2915 814 2948 Nempe
827 2922 842 2938 a
855 2912 909 2938 Feo
928 2913 1002 2936 etiam
1021 2910 1066 2936 hoc
1084 2919 1169 2936 nomen
1188 2908 1236 2942 cst,
1255 2911 1321 2936 imli-
1380 2915 1446 2933 nore
1459 2907 1593 2933 versuram
1605 2907 1691 2933 facere
1707 2908 1830 2934 Aurelius
1843 2907 1947 2935 coaetus
1961 2908 1996 2934 est
2016 2908 2070 2934 Cic.
2084 2908 2138 2934 Att.
2154 2910 2191 2939 16,
2206 2917 2231 2941 15
2241 2909 2292 2945 fin.
2325 2931 2337 2935 ⁴
2348 2913 2422 2940 Nau.
2454 2915 2455 2923 ¹

279 2959 320 2980 cat
333 2963 399 2984 rem,
417 2961 478 2986 quac
490 2951 537 2987 sua
544 2950 633 2986 sponte
651 2948 782 2984 nascatur,
803 2954 848 2973 etc.
921 2947 992 2972 Meta
1012 2945 1102 2977 foeni,
1125 2945 1178 2971 uid.
1202 2953 1319 2973 ΜΕΤΑ.
1381 2943 1463 2969 ticum
1481 2942 1576 2968 foenus
1596 2944 1721 2977 explicant
1743 2945 1800 2970 ICti
1821 2944 1856 2970 ad
1866 2944 1924 2969 Tit.
1939 2942 2014 2969 Pand.
2035 2948 2061 2969 et
2079 2942 2145 2969 eod.
2165 2944 2229 2979 quod
2242 2952 2292 2980 pro
2330 2943 2420 2976 eric-„15

281 2988 400 3015 Cordum
414 2988 539 3017 foenum,
567 2985 620 3012 vicl.
642 2990 658 3011 C
671 2990 811 3011 ORDVS.
883 2983 1001 3008 Foenum
1015 2981 1092 3007 habet
1114 2981 1141 3007 in
1157 2990 1238 3008 cornu
1253 2983 1319 3008 Hor.
1380 2975 1538 3005 traiefh'onis
1548 2978 1673 3013 Jbluitur,
1693 2976 1770 3015 estque
1789 2981 1829 3005 vel
1847 2978 2028 3012 Heteroplun,
2046 2985 2095 3013 pro
2115 2981 2169 3009 itu,
2187 2981 2227 3006 vel
2244 2954 2420 3016 Amphotero-

281 3025 362 3051 Serm.
379 3033 387 3049 1
398 3044 405 3055 ,
421 3032 455 3056 4,
469 3031 509 3056 34.
547 3022 682 3052 Foenum,
703 3026 784 3054 nempe
801 3017 909 3051 alligare
928 3016 1053 3043 cornibus
1067 3016 1148 3042 boum
1169 3023 1322 3051 cornupeta·
1383 3014 1461 3048 ΡΙΗΠ,
1479 3019 1525 3047 Pr¹0
1539 3016 1576 3038 itu
1589 3020 1613 3039 ct
1626 3014 1716 3040 reditu.
1787 3015 1962 3048 Perpetuum,
1982 3013 2034 3040 vid.
2047 3013 2203 3047 Centesima,
2221 3018 2248 3041 in
2263 3023 2418 3047 CENTVM.
2460 3014 2463 3020 ¹

282 3069 340 3086 rum
360 3058 492 3088 solebant,
515 3063 544 3084 vt
563 3056 673 3082 obuiam
695 3055 850 3090 prodeuntes
870 3052 1016 3079 canendum
1037 3052 1084 3078 fibi
1105 3053 1318 3079 admonerentur.
1334 3056 1365 3081 80
1381 3048 1542 3076 Tolerabile
1561 3049 1616 3078 Cic.
1630 3050 1682 3075 Att.
1698 3051 1724 3083 6,
1739 3058 1758 3076 1.
1830 3049 1954 3084 Accipere
1965 3049 2058 3074 foenus
2070 3049 2103 3075 ab
2116 3049 2207 3085 aliquo
2221 3051 2293 3079 Idem
2306 3054 2380 3081 Verr.
2393 3063 2419 3088 3,
2454 3052 2455 3058 ¹

279 3097 339 3121 Vet.
359 3093 493 3121 Scholiast.
572 3091 713 3119 Coare'tare
735 3091 843 3116 foenum
864 3089 892 3114 111
909 3089 996 3114 stiriam
1015 3088 1146 3114 Columel.
1160 3088 1191 3114 de
1206 3090 1236 3115 R.
1251 3089 1281 3114 R.
1296 3097 1321 3120 2,
1381 3087 1427 3117 169
1447 3094 1468 3110 c.
1481 3090 1521 3118 72.
1594 3084 1730 3110 Auctitare
1747 3086 1869 3120 pecunias
1883 3085 1992 3110 foenore
2005 3084 2072 3110 Tac.
2084 3085 2150 3112 Ann.
2166 3087 2192 3117 6,
2207 3089 2242 3118 16,
2257 3096 2275 3114 ι,
2335 3090 2418 3118 coa-r,
2444 3085 2455 3094 ‘¹

280 3139 307 3162 19
325 3137 366 3166 pr.
439 3128 573 3162 Colligere
591 3128 701 3153 foenum
720 3125 793 3152 Idem
809 3123 874 3150 ibid.
954 3124 1086 3153 Foenum,
1111 3124 1158 3149 vbi
1177 3124 1319 3150 Concaluit
1381 3129 1439 3146 cere
1453 3120 1549 3146 foenus
1565 3118 1624 3145 Liu.
1638 3128 1681 3151 33,
1696 3123 1721 3145 6.
1794 3120 1932 3147 Collocare
1951 3120 2061 3146 foenore
2082 3121 2150 3147 morlo
2168 3122 2277 3149 vidlmus
2295 3133 2307 3150 e
2322 3126 2418 3153 Sueton.

280 3167 367 3200 ignem
381 3170 452 3191 creat
465 3171 490 3190 et
504 3162 655 3189 incendium
667 3161 798 3189 Columel.
812 3169 837 3192 2,
851 3167 915 3191 19,1.
985 3160 1134 3192 Congerere
1149 3160 1258 3185 foenum
1273 3159 1320 3186 sub
1381 3157 1450 3182 Dare
1463 3155 1569 3182 foenori
1583 3155 1718 3189 pecuniam
1732 3155 1787 3182 Cic.
1799 3157 1875 3182 Verr.
1889 3163 1911 3187 2,
1925 3162 1971 3188 170
1991 3164 2011 3181 c.
2023 3163 2066 3189 70.
2134 3157 2166 3183 In
2179 3157 2273 3185 foenus
2286 3161 2371 3187 Varro
2384 3161 2415 3188 R.
2454 3168 2455 3171 ’

279 3201 377 3228 tedium
394 3200 467 3226 Idem
483 3198 549 3225 ibid.
621 3197 752 3224 Columel.
766 3206 788 3229 2,
801 3204 833 3221 22
850 3202 892 3229 pr.
919 3193 1003 3220 Feriis
1017 3194 1081 3220 ritus
1095 3195 1225 3221 maiorum
1239 3196 1319 3221 etiam
1382 3192 1412 3218 R.
1429 3199 1450 3223 3,
1465 3199 1486 3222 5.
1542 3190 1622 3216 Plaut.
1642 3192 1719 3217 Cure.
1733 3201 1761 3225 4,
1776 3201 1794 3223 1,
1811 3200 1837 3224 19
1862 3191 1916 3223 Qni
1930 3190 2007 3223 dant,
2028 3192 2127 3226 quique
2145 3193 2278 3228 accipiunt
2294 3195 2416 3224 foenore,

280 3237 411 3271 permittit
424 3240 497 3270 prata
511 3234 621 3264 licilire,
640 3240 665 3259 et
679 3234 788 3259 foenum
811 3231 839 3256 in
859 3229 973 3256 tabulata
986 3230 1161 3263 Componere.
1252 3232 1321 3257 Con-
1337 3230 1366 3258 85
1383 3228 1477 3254 Datare
1495 3232 1631 3261 argentum
1652 3226 1763 3253 foenore
1782 3227 1863 3253 Plaut.
1876 3225 1953 3252 Most.
1967 3235 1994 3258 3,
2014 3235 2037 3257 1,
2054 3235 2091 3261 73,
2165 3229 2266 3255 Ducere
2285 3233 2418 3265 quaternis
2435 3251 2438 3263 .

280 3273 379 3299 struere
393 3272 501 3297 foenum
514 3270 580 3295 Plin.
594 3274 628 3300 18,
644 3274 681 3297 28.
777 3268 913 3293 Demetere
928 3265 1037 3291 foenum
1050 3265 1181 3292 Columel.
1196 3265 1228 3291 de
1243 3267 1273 3292 R.
1288 3267 1319 3293 R.
1382 3262 1528 3289 centesimis
1545 3262 1648 3293 foenus,
1672 3262 1724 3288 Uid-
1740 3261 1892 3291 Centefima,
1911 3264 1937 3286 in
1957 3268 1974 3287 C
1986 3269 2001 3288 F
2011 3269 2031 3288 N
2042 3269 2062 3288 T
2075 3269 2138 3289 VM·
2209 3265 2299 3292 Tacit.
2314 3269 2340 3299 6,
2354 3269 2390 3299 16,
2401 3274 2418 3300 ς
2434 3254 2455 3286 ΛῘ

282 3317 307 3338 2,
329 3317 366 3339 19.
436 3307 527 3339 Quini
545 3304 651 3331 Catulus
669 3303 785 3329 Crassum
805 3301 926 3332 audisset,
945 3300 1032 3326 aiebat
1053 3301 1161 3326 foenum
1181 3301 1249 3327 alios
1267 3303 1322 3328 Effe
1383 3298 1531 3325 Duodecim
1551 3297 1647 3323 tabulis
1666 3298 1799 3330 sancium,
1818 3306 1850 3322 ne
1870 3297 1928 3331 quis
1943 3298 2062 3324 vnciario
2081 3298 2193 3326 foenore
2210 3301 2324 3336 amplius
2338 3303 2416 3330 Exer-
2436 3303 2447 3339 β’

281 3349 404 3377 oportere
424 3343 478 3368 Cic.
493 3340 524 3366 de
537 3341 611 3366 Orat.
624 3346 648 3371 2,
663 3346 706 3370 233
726 3347 747 3364 c.
760 3346 792 3372 57
810 3345 874 3363 extr.
900 3340 919 3363 i.
933 3337 1008 3362 multo
1020 3336 1154 3371 inferiores
1167 3335 1218 3368 effu
1261 3338 1322 3363 Con-
1382 3340 1460 3361 teret.
1532 3334 1626 3360 Facere
1642 3343 1648 3358 :
1675 3340 1719 3365 vt,
1741 3334 1840 3359 Foenus
1853 3340 1884 3357 ex
1899 3332 1993 3359 triente
2007 3333 2097 3360 Idibus
2112 3334 2296 3368 Quinctilibus
2315 3338 2416 3365 factum
2436 3345 2439 3364 9

281 3379 388 3404 tra'rium
403 3376 435 3410 est
450 3375 586 3403 Ambrosia
600 3374 715 3401 alendus.
787 3372 925 3404 Exstruere
938 3372 1047 3397 foenum
1066 3371 1093 3396 in
1108 3378 1188 3397 metas
1203 3371 1241 3397 ld.
1255 3372 1322 3399 ibid.
1382 3376 1439 3396 erat
1451 3368 1559 3396 bembus
1578 3368 1632 3394 Cic.
1648 3369 1700 3394 Att.
1714 3378 1742 3401 4,
1758 3376 1791 3399 15.
1827 3368 1915 3403 Sensus
1929 3367 1959 3400 ψ
1969 3380 1976 3393 .·
1999 3369 2089 3395 Idibus
2102 3370 2285 3404 Qincffilibus
2298 3372 2417 3408 foenera·
2436 3362 2456 3386 f*

283 3415 377 3439 Facere
391 3413 466 3438 foeni
482 3417 563 3438 metas
578 3410 650 3437 Idem
662 3408 728 3435 ibid.
800 3409 889 3434 Secare
903 3408 1011 3433 foenum
1027 3406 1091 3432 Plin.
1109 3412 1143 3437 18,
1159 3411 1198 3436 28.
1241 3408 1322 3434 Colu.
1330 3416 1365 3440 90
1381 3412 1447 3432 tores
1453 3407 1580 3440 pecuniam
1596 3403 1714 3430 dederunt
1731 3401 1854 3433 beffibns;
1879 3404 1907 3429 id
1918 3402 1966 3436 cst,
1983 3411 2012 3430 vt
2025 3411 2074 3440 pro
2089 3409 2196 3432 centenis
2207 3407 2324 3436 menllrui
2334 3407 2406 3442 bqffiu·
2437 3392 2444 3433 i

283 3449 345 3473 mel.
360 3457 390 3479 2,
408 3456 448 3474 22.
539 3447 648 3472 Versare
667 3445 776 3471 foenum
795 3443 908 3469 furcillis
922 3444 1006 3469 Varro
1025 3441 1057 3468 de
1078 3443 1108 3468 R.
1124 3443 1154 3469 R.
1178 3450 1203 3474 1,
1222 3452 1257 3475 49
1277 3450 1321 3478 pr.
1379 3441 1494 3476 quisunt
1508 3443 1534 3466 in
1546 3449 1636 3465 annum
1649 3438 1709 3472 offis
1723 3436 1820 3470 ebioni,
1840 3439 1926 3473 usurae
1940 3443 2034 3467 nomine
2047 3440 2206 3467 redderemur
2219 3451 2226 3467 .·
2252 3435 2325 3478 buum
2343 3428 2418 3471 anted
2454 3428 2455 3461 i

283 3484 352 3509 Plur.
371 3484 401 3508 In
414 3483 477 3509 alini
490 3483 585 3509 faciem
600 3481 634 3515 (i.
649 3489 713 3506 more
725 3479 808 3513 asini)
824 3479 902 3504 foena
916 3477 1042 3504 rodebam
1056 3477 1132 3511 Apul.
1147 3478 1211 3503 Met.
1226 3486 1237 3509 3
1257 3485 1321 3504 extr.
1374 3476 1456 3512 Jitpra
1478 3475 1615 3507 trientem,
1636 3474 1701 3509 quod
1719 3471 1752 3505 ⁶st
1770 3473 1899 3500 dsms‘l‘flm
1916 3475 2000 3509 bCWJ':
2022 3476 2097 3511 Ufi‘ra
2114 3486 2161 3502 '²⁰²¹
2175 3476 2274 3512 susse!-
2325 3479 2416 3506 Idibffi
2434 3476 2437 3487 η’

323 3523 338 3542 F
350 3524 368 3540 o
379 3523 393 3541 Ε
403 3524 423 3542 Ν
435 3525 453 3543 Λ
463 3525 482 3544 R
493 3525 530 3543 1V
540 3525 568 3549 s,
586 3526 609 3547 a,
629 3525 682 3542 um.
710 3514 769 3541 Adi.
806 3513 893 3540 Falces
906 3514 1041 3539 foenariae
1053 3513 1113 3547 le.
1126 3512 1154 3538 in
1169 3513 1185 3539 l.
1202 3513 1321 3540 instrum,
1381 3519 1461 3537 autem
1479 3517 1507 3537 vt
1521 3509 1606 3545 vsurae
1614 3510 1784 3544 soluerentur,
1805 3512 1830 3534 in
1851 3506 2021 3546 confluencium
2032 3510 2125 3547 suisti,
2152 3518 2176 3537 ct
2188 3506 2281 3540 Horat.
2296 3515 2378 3549 Epod.
2392 3508 2419 3541 2
2446 3500 2447 3506 ¹

284 3552 316 3578 D.
330 3551 360 3577 de
376 3552 501 3578 instructo
515 3553 557 3579 vel
572 3552 692 3579 instrum.
705 3551 753 3584 leg.
767 3551 842 3576 Varr.
858 3549 889 3575 de
904 3549 933 3574 L.
949 3549 978 3574 L.
993 3557 1019 3581 4,
1033 3556 1066 3579 31.
1382 3549 1416 3579 69
1435 3545 1547 3579 testatur,
1563 3551 1586 3570 et
1599 3545 1654 3571 Cic.
1667 3544 1716 3579 ips.¹
1731 3544 1758 3569 in
1773 3545 1850 3570 Catil.
1866 3553 1888 3571 ει
1900 3546 2011 3581 Philipp.
2049 3548 2117 3572 Haec
2130 3548 2156 3573 P.
2165 3549 2267 3575 Manat.
2317 3534 2416 3584 Magnd
2435 3533 2451 3576 i*

324 3592 516 3616 FOENEVS,
540 3597 567 3618 a,
596 3597 649 3614 um.
687 3585 747 3612 Adi.
789 3583 933 3619 [χηρτινὸς]
979 3585 1014 3609 lix
1031 3584 1109 3618 foeno
1125 3581 1227 3618 faama
1265 3584 1320 3611 Cic.
1333 3588 1366 3614 95
1382 3589 1408 3608 et
1422 3580 1583 3617 iniquiffimo
1603 3579 1713 3605 foenore
1732 3580 1864 3606 versuram
1886 3581 1972 3608 facere
1991 3582 2047 3608 Cic.
2061 3583 2113 3609 Att.
2130 3585 2174 3614 16,
2190 3591 2228 3617 14.
2300 3585 2415 3612 Laborat
2435 3605 2440 3610 .
2454 3584 2455 3587 ’

285 3630 334 3657 pro
347 3621 474 3647 Cornelio
487 3622 550 3646 Mai.
565 3631 611 3648 reo
625 3630 668 3657 pr.
692 3620 837 3648 Postulatur
848 3619 916 3654 apud
929 3628 970 3645 me
984 3620 1133 3644 Praetorem
1152 3619 1267 3653 primum
1286 3620 1320 3646 de
1381 3618 1494 3644 foenore
1509 3616 1599 3642 ciuitas
1612 3615 1671 3641 Liu.
1685 3622 1725 3647 35,
1740 3617 1765 3641 6.
1836 3617 1932 3643 Leuari
1948 3617 2073 3648 foenore,
2098 3617 2150 3643 uid.
2169 3625 2266 3645 le‘vrs.
2338 3621 2416 3648 Obli-
2432 3633 2444 3646 ἰ

286 3657 404 3692 pecuniis
424 3656 583 3690 repetundis.
643 3656 790 3691 Prospectat
815 3655 941 3682 videlicet
961 3654 1110 3683 Cominius,
1142 3654 1204 3689 quid
1220 3662 1320 3689 agatur.
1381 3659 1454 3688 gatus
1473 3653 1598 3682 foenore,
1630 3649 1681 3675 vid.
1702 3656 1762 3677 0131
1782 3658 1855 3678 160.
1928 3652 2076 3679 Obstrie'tus
2096 3654 2213 3686 gratuito
2231 3661 2275 3681 aut
2291 3655 2346 3683 leui
2359 3654 2431 3683 foe-l

287 3692 418 3718 Videlicet
444 3691 565 3716 homines
595 3691 704 3718 foc-neos
732 3692 760 3718 in
783 3691 901 3718 medium
935 3689 965 3716 ad
997 3689 1149 3716 tentandum
1172 3691 1320 3724 periculum
1380 3697 1448 3715 nore
1458 3685 1616 3715 Sueton.1ul.
1632 3693 1701 3719 c.27.
1757 3687 1877 3714 Obruere
1890 3686 2022 3714 debitores
2034 3688 2144 3714 foenore
2158 3688 2219 3715 Liu.
2234 3697 2260 3722 35
2287 3693 2312 3717 6.
2363 3692 2415 3718 Oc·
2460 3687 2462 3694 ¹

286 3727 428 3763 proiectos.
487 3725 530 3752 Ad
549 3726 606 3751 haec
627 3727 768 3759 Asconius,
792 3727 935 3753 Simulacra
957 3723 1107 3759 effigiesque
1129 3723 1268 3752 hominum
1289 3734 1320 3752 ex
1382 3732 1477 3758 cupare
1491 3722 1568 3749 alicui
1581 3721 1717 3755 pecuniam
1732 3722 1822 3756 grandi
1841 3723 1951 3751 foenore
1969 3724 2024 3750 Cic.
2039 3731 2087 3757 pro
2102 3723 2182 3749 Flacc.
2197 3733 2221 3757 51
2242 3710 2315 3752 c.’21.
2367 3727 2424 3753 Po-·
2460 3738 2462 3743 ’

286 3764 368 3790 foeno
381 3761 439 3788 lieri
454 3760 579 3792 solebant,
593 3761 690 3794 quibus
707 3761 821 3787 obiectis
833 3762 865 3788 ad
877 3761 1051 3796 spectaculum
1064 3760 1241 3796 praebendum
1254 3762 1322 3788 tauri
1330 3759 1436 3787 100fit1s
1454 3759 1482 3784 in
1501 3758 1612 3783 foenore
1629 3757 1716 3782 numis
1733 3757 1805 3784 diues
1822 3759 1916 3785 Horat.
1935 3759 1967 3784 de
1980 3761 2042 3785 Arte
2056 3759 2125 3784 Poet.
2139 3768 2197 3791 421.
2253 3761 2284 3786 Et
2297 3762 2377 3788 Serm.
2392 3771 2402 3788 1
2420 3767 2422 3775 '
2463 3752 2466 3767 ⁵

284 3799 461 3826 irritarentur.
613 3833 616 3837 .
1381 3803 1404 3824 2,
1419 3802 1452 3825 13.
1520 3792 1601 3818 Plaut.
1614 3791 1683 3831 Alin.
1697 3801 1717 3824 2,
1730 3802 1758 3825 4,
1769 3802 1796 3825 23
1822 3794 1964 3828 Tanquam
1985 3794 2002 3819 fi
2015 3792 2120 3820 claudus
2135 3794 2196 3826 sim,
2213 3803 2272 3821 cum
2293 3797 2359 3823 fuste
2377 3778 2425 3823 essii

318 3840 335 3859 F
345 3841 364 3860 o
375 3840 389 3858 Ε
398 3840 419 3859 Ν
430 3841 438 3859 1
448 3839 465 3859 c
474 3840 483 3858 1
493 3838 514 3857 v
524 3838 548 3857 Μ
557 3850 564 3862 ,
588 3830 641 3857 vni.
663 3838 678 3856 Ρ
688 3837 708 3856 H
717 3837 736 3856 0
746 3837 763 3856 Ε
772 3837 794 3855 Ν
804 3837 813 3856 1
825 3835 842 3856 C
852 3837 867 3856 Ε
876 3838 896 3856 V
905 3839 918 3858 s
926 3852 933 3863 ,
963 3841 988 3858 n.
1001 3840 1022 3857 2.
1381 3826 1567 3855 ambulandum
1576 3846 1582 3857 ,
1601 3835 1662 3861 quia
1677 3827 1792 3854 triduum
1806 3828 1855 3855 hoe
1875 3838 1955 3855 vnum
1975 3828 2070 3859 modo,
2087 3829 2148 3855 foro
2168 3838 2274 3864 operam
2293 3832 2414 3858 affiduam

320 3876 336 3896 F
346 3876 365 3895 Ο
375 3876 389 3895 E
399 3876 420 3894 N
433 3870 469 3894 il.
478 3874 494 3894 Ε
503 3888 511 3900 ‚
535 3867 566 3893 js,
602 3875 628 3891 n,
665 3864 850 3904 [xofwgoffiy]
887 3868 972 3897 Locus,
990 3869 1017 3892 1⁴„
1031 3875 1075 3901 quo
1082 3866 1199 3901 seruatur
1206 3863 1323 3902 foenum}
1379 3863 1513 3894 dederim,
1528 3861 1590 3887 dum
1606 3863 1734 3896 reperiam
1743 3884 1751 3896 ,
1769 3865 1816 3898 qui
1828 3865 1986 3898 Qtaeritent
1998 3870 2133 3897 argentum
2146 3864 2173 3891 in
2186 3866 2287 3892 foenus.
2330 3867 2412 3893 Plaut.

283 3905 415 3931 Columel.
430 3913 448 3933 1,
460 3905 477 3929 6
495 3904 554 3929 Pars
568 3908 654 3927 autem
668 3900 811 3926 fruGtuana
825 3900 952 3928 diuiditur
966 3903 993 3928 in
1007 3901 1097 3928 cellam
1114 3901 1250 3933 oleariam,
1266 3908 1320 3928 tor·
1379 3897 1456 3924 Most·
1471 3906 1490 3928 Ι,
1501 3906 1523 3929 3,
1538 3905 1564 3930 53
1588 3898 1753 3925 Reddeturne
1769 3900 1851 3933 igitur
1863 3900 1975 3926 foenus?
2002 3905 2054 3925 ΤΚ.
2073 3899 2205 3926 reddetur.
2276 3903 2415 3929 Renouato

284 3939 426 3972 culariam,
438 3939 530 3965 cellam
543 3937 684 3968 vinariam,
696 3935 877 3967 defrutariam,
897 3937 1015 3969 foenilia‚
1032 3937 1206 3974 paleariaque.
1243 3937 1319 3972 Virg.
1333 3933 1405 3969 to5in
1418 3932 1531 3968 fingulos
1543 3941 1624 3959 annos
1640 3934 1750 3961 t‘oenore
1762 3935 1817 3961 Cic.
1825 3936 1879 3961 Att.
1892 3938 1918 3968 6,
1932 3944 1944 3967 3
1967 3933 2033 3971 quod
2044 3942 2067 3967 5,
2080 3943 2105 3961 21
2126 3935 2235 3969 dixerat,
2256 3945 2314 3964 cum
2326 3942 2415 3964 anato-

2339 3971 2412 4000 cinni
