2479 4225
774 164 823 204 hd
904 159 934 198 Ρ

721 248 863 286 aliquando
884 245 981 272 necesse
1003 244 1054 271 est:
1091 250 1117 270 et
1135 243 1183 278 qui
1204 240 1320 268 modeste

702 290 734 316 do
748 289 873 319 imperet,
890 282 983 316 dignus
997 282 1044 308 esse
1078 281 1134 307 Cic.
1150 279 1181 305 de
1194 277 1285 311 Legib.
1299 285 1322 308 3,

712 326 772 350 Stat.
787 320 852 346 Silu.
869 326 894 350 1,
910 325 932 350 5,
944 326 991 351 44.
1167 311 1186 351 ff
1208 322 1223 339 2
1263 313 1321 338 For-

747 357 789 382 bus
802 355 891 380 multae
904 352 1104 388 Metaphoricae,
1131 349 1173 375 vbi
1191 350 1321 382 Imperare

285 403 316 439 .st
329 407 356 430 ω’
369 402 472 438 quadam
507 407 571 427 ceree
584 405 637 426 arte
646 416 654 428 ‚
674 396 755 424 cultu,
774 389 872 425 aliquid
883 388 989 414 oblinere
1002 388 1042 413 vel
1052 387 1081 412 ab
1093 386 1152 415 alia,
1163 384 1216 418 flue
1229 392 1269 409 res
1286 383 1322 408 iue

279 437 428 477 Personafit
462 422 502 463 „21
523 446 537 462 a
555 432 654 470 seipso.
750 424 828 459 Agris
849 424 983 451 fertilibus
1006 432 1060 449 non
1081 421 1117 447 est
1140 419 1324 454 imperandum

285 477 343 502 Sen.
356 473 388 500 de
402 458 547 506 Tianquil.
563 471 610 494 An.
624 475 644 492 c.
656 471 688 497 15.
760 461 855 488 Amori
869 461 916 486 suo
931 459 1075 494 imperasset
1089 456 1213 490 Nympha
1228 454 1324 486 Hylam

286 510 408 546 praedata
434 509 534 534 peu-011,
547 510 573 535 83
689 497 787 523 Animo
799 497 929 531 imperare
942 494 1053 528 nequiui
1062 513 1068 524 ,
1088 493 1152 527 quin
1166 492 1237 525 prius
1246 498 1325 524 quain

287 547 402 581 perirem
437 552 482 569 cur
494 540 623 575 periturus
638 534 727 565 essem,
747 533 840 559 scirem
870 532 931 558 Liu.
945 540 993 563 34,
1014 538 1047 561 31.
1119 527 1199 553 Aruis
1213 526 1325 559 imperat

287 566 416 616 agricola,
426 578 499 610 Virg.
512 575 609 606 Georg.
624 579 644 603 1,
657 578 701 602 99.
790 567 911 594 Seruius:
941 566 1019 593 Aruis
1034 565 1178 598 imperare,
1212 562 1230 588 i.
1244 571 1267 587 e.
1289 562 1324 586 Vt

287 623 387 644 tantuin
399 615 499 642 ferant,
512 614 637 643 quantuni
650 603 775 631 desiderat
787 603 912 638 agricola.
979 602 1035 627 Cic.
1050 599 1081 625 de
1095 598 1200 638 Amicit.
1213 604 1249 637 '84
1267 606 1288 622 c.
1298 604 1325 622 22

286 654 317 681 ln
333 651 426 678 talibus
438 656 467 672 ea
477 666 484 677 ,
504 653 581 679 quam
595 640 748 669 iamdudum
760 639 954 669 traclabamus,
979 636 1104 662 stabilitas
1119 635 1251 660 amicitiae
1265 641 1327 672 con-

288 686 386 714 firmari
400 681 498 717 potest,
522 688 605 714 quum
617 676 738 704 homines
750 673 935 701 beneuolentia
947 671 1100 703 coniuncti,
1122 670 1238 705 primum
1253 675 1325 701 cupi-

286 721 410 750 ditatibus
424 715 570 750 iis,quibus
585 712 681 740 caeteri
694 711 827 741 seruiunt,
849 707 1025 744 imperabunt.
1133 704 1229 732 Dolori
1243 704 1326 737 impe-

287 766 358 787 rare,
384 755 486 779 Vincere
498 751 618 781 dolorem,
636 755 659 774 ct
668 750 796 782 patienter
803 746 878 781 ferre
902 743 967 770 Plin.
982 742 1059 777 Epist.
1074 747 1096 772 8,
1113 750 1140 773 19
1154 747 1217 767 extr.
1273 739 1327 765 Do-

285 793 323 819 mi
338 799 391 816 non
405 789 562 822 imperarem
597 785 652 811 Cic.
666 784 697 809 de
719 783 793 808 Orat.
811 789 824 807 2
844 790 866 807 c.
880 790 902 812 7.
939 780 1017 805 intell.
1035 787 1133 804 coenam
1153 776 1215 802 mihi
1223 777 1326 809 parari.

286 826 376 854 Fronti
403 823 510 856 Qun&
526 831 558 854 11,
573 830 600 853 3,
614 827 658 854 77.
694 817 723 843 de
737 816 812 853 gestu.
885 814 1015 841 Gentibus
1030 814 1155 840 omnibus
1173 817 1198 838 et
1211 810 1327 837 nationi-

283 863 331 889 bus
345 867 413 887 terra
427 859 546 892 marique
561 857 692 890 imperare
722 853 778 879 Cic.
793 860 841 886 pro
855 851 884 877 L.
899 850 991 877 Manil.
1001 852 1040 882 56.
1148 847 1258 881 Ingenio
1280 847 1343 872 suo*

283 905 361 923 nemo
374 895 430 930 plus
444 893 602 928 imperauit,
620 898 700 916 nemo
718 889 776 923 plus
792 886 899 914 indulsit
933 887 991 912 Sen.
1004 886 1133 912 Controu.
1148 893 1158 910 1
1178 882 1262 910 Praef.
1299 880 1328 906 de

282 934 369 959 Portio
386 932 501 957 Latrone.
592 926 674 953 Ouid.
687 924 766 959 Epist.
779 932 819 955 ιι,
840 930 863 955 15
894 922 1007 956 Imperat
1022 920 1073 946 heu
1089 920 1190 951 ventis,
1211 917 1370 948 tuinidae20

282 961 338 994 non
351 967 463 1001 imperat
478 966 543 991 Irae.
615 963 647 988 Et
661 962 718 987 Irae
736 968 790 986 non
803 959 910 985 fortiter
924 958 1035 991 imperat
1064 955 1136 981 Idem
1156 957 1220 981 Met.
1234 962 1266 994 9,
1283 960 1329 992 3-7.

282 1007 300 1030 ι’.
323 1002 472 1029 moderatur.
542 997 671 1025 Lacrimis
683 996 743 1031 quis
758 995 886 1029 imperet?
923 992 968 1019 Sil.
982 1001 1013 1022 2,
1033 993 1088 1024 652.
1159 991 1263 1017 Liberis
1282 997 1330 1014 im-

284 1047 388 1074 perare:
426 1037 477 1062 i.e.
497 1035 598 1068 Regere
614 1033 728 1063 liberos,
745 1034 829 1066 inquit
843 1030 961 1056 Donatus
997 1028 1066 1053 Ter.
1080 1025 1191 1060 Adelph.
1207 1035 1233 1056 i,
1249 1034 1273 1055 1,
1293 1031 1330 1056 52.

283 1075 370 1101 Menti
384 1082 438 1099 non
453 1071 510 1099 satis
525 1071 637 1104 imperat
661 1069 719 1094 Sen.
733 1065 845 1098 Thyest.
858 1073 915 1098 919.
986 1063 1055 1090 Ter.
1069 1062 1133 1088 Eun.
1148 1071 1173 1094 2,
1187 1070 1212 1093 2,
1226 1069 1252 1087 21
1279 1061 1331 1085 lm-

283 1110 376 1145 peraui
388 1113 493 1143 egomet
507 1106 593 1137 Mihi,
616 1104 707 1130 omnia
720 1102 845 1129 asi'entati.

283 1155 334 1172 eam
347 1154 383 1171 me
394 1143 518 1178 asticffeci.
589 1137 793 1171 Nobismetipfis
813 1142 842 1162 vt
864 1135 1024 1169 imperemus
1051 1143 1133 1168 quum
1154 1132 1331 1167 praecipitur,

282 1181 333 1207 hoc
348 1173 516 1215 praecipitur,
529 1181 557 1202 vt
569 1175 638 1202 ratio
651 1176 769 1200 coerceat
783 1171 959 1198 temeritatem
979 1171 1035 1197 Cic.
1045 1170 1127 1195 Tusc.
1142 1178 1166 1201 2,
1178 1176 1224 1202 47.
1260 1167 1330 1193 Ter.

284 1218 349 1243 Eun.
364 1225 394 1246 2,
409 1224 420 1240 2
430 1234 436 1245 ‚
458 1222 484 1239 21
520 1211 655 1246 Imperani
669 1215 774 1244 egomet
794 1207 863 1234 mihi
877 1207 969 1233 onmia
982 1205 1109 1233 assentari.
1181 1204 1237 1230 Sibi
1257 1202 1330 1228 silen-

285 1253 352 1279 tium
379 1251 442 1277 Plin.
459 1253 497 1283 28,
509 1250 535 1274 6.
595 1246 652 1272 Vid.
667 1247 751 1272 Burni.
764 1243 798 1270 ad
810 1242 920 1276 Qiineh
933 1250 956 1275 5,
970 1251 996 1268 10
1018 1249 1106 1276 p.422.
1224 1239 1265 1265 Sic
1278 1239 1329 1264 im-

284 1292 373 1321 perant
386 1284 495 1312 Vitibus
508 1289 533 1309 et
547 1291 587 1308 eas
600 1281 689 1308 multis
703 1279 857 1314 palmitibus
870 1285 988 1309 onerant,
1007 1283 1035 1303 vt
1049 1275 1194 1310 posteritati
1208 1284 1261 1300 non
1270 1283 1330 1300 con·
1341 1283 1374 1308 30

283 1323 366 1349 finiant
408 1320 512 1348 Colum.
532 1327 559 1351 3,
583 1327 603 1350 3.
693 1316 763 1342 Voci
780 1315 860 1341 nimis
879 1315 992 1348 imperat
1037 1312 1101 1339 Plin.
1115 1310 1192 1345 Epist.
1207 1318 1233 1343 5,
1247 1318 1288 1342 19,
1304 1312 1328 1335 6.

283 1358 353 1385 Vrbi
366 1358 496 1391 imperare
523 1355 619 1380 Lucan.
634 1362 654 1384 2,
668 1355 705 1378 61.
880 1347 901 1386 ff
920 1359 930 1381 3
967 1348 1126 1383 Accusatiui:
1164 1347 1237 1372 Caes.
1253 1346 1281 1371 B.
1297 1346 1329 1371 C.

285 1403 304 1426 1,
318 1396 335 1420 6
365 1394 441 1419 Tota
452 1390 528 1417 Italia
541 1389 655 1415 deleftus
670 1387 812 1417 habentur,
832 1395 905 1412 arma
924 1385 1103 1420 imperantur,
1122 1382 1262 1416 pecuniae,
1283 1387 1329 1407 etc.

282 1430 338 1456 Cic.
354 1438 402 1463 pro
418 1428 492 1454 Rosc.
507 1427 596 1452 Amer.
609 1434 638 1459 59
671 1424 872 1457 Nonnunquam
886 1422 966 1447 etiam
981 1428 1091 1455 puerum
1106 1424 1230 1450 vocaret,
1249 1417 1330 1443 credo

282 1465 325 1491 cui
340 1473 447 1490 coenam
463 1463 612 1496 imperaret.
704 1459 811 1493 Equites
830 1458 961 1491 imperare
979 1455 1133 1482 ciuitatibus
1164 1454 1235 1480 Caes.
1252 1453 1280 1479 B.
1296 1452 1364 1490 G.33

283 1504 309 1533 6,
322 1510 348 1533 4.
418 1499 567 1525 Exercitum
584 1497 714 1530 imperare
727 1494 761 1521 ad
772 1503 822 1521 rem
836 1495 931 1520 culinae
944 1499 966 1518 et
979 1493 1105 1527 epularum
1114 1492 1227 1524 pertinet
1246 1489 1330 1514 Plaut.

282 1538 357 1570 Capt.
372 1544 381 1561 1
392 1555 400 1567 ,
415 1543 445 1565 2,
462 1542 500 1567 50.
535 1536 566 1559 it.
586 1531 736 1558 Exercitum
751 1530 882 1564 imperare
899 1530 1058 1554 lacrimarum
1079 1526 1179 1552 Cistell.
1200 1533 1224 1557 1,
1242 1533 1267 1555 1,
1286 1526 1330 1549 60.

289 1571 349 1598 Via.
370 1578 385 1597 E
395 1578 413 1596 x
422 1577 437 1596 E
447 1577 465 1596 R
475 1575 491 1595 C
502 1577 511 1595 1
521 1576 542 1595 T
551 1575 571 1594 V
581 1574 594 1594 S
611 1577 636 1595 n.
650 1576 672 1600 3.
742 1567 913 1592 Frumentum
927 1562 1062 1598 aliquibus
1077 1561 1254 1596 proportione
1273 1560 1330 1586 Cic.

283 1609 360 1633 Verr.
375 1615 398 1638 5,
411 1613 451 1638 54.
522 1603 595 1630 Idem
615 1603 679 1629 Diu.
693 1603 770 1628 Verr.
785 1610 816 1633 3ο
850 1600 982 1634 Qoerimr
994 1605 1049 1625 tota
1062 1597 1150 1623 Sicilia
1171 1597 1200 1623 C.
1215 1597 1329 1622 Verrem

253 1650 254 1653 ¹
285 1642 318 1668 ab
339 1640 503 1671 aratoribus,
533 1648 616 1673 quum
640 1638 805 1664 frumentum
824 1636 873 1662 sibi
898 1636 927 1661 in
950 1635 1043 1661 cellam
1062 1632 1255 1668 imperauiffet,
1282 1638 1374 1666 ete.40

284 1678 381 1706 Munus
394 1675 504 1710 aliquod
529 1674 585 1700 Cic.
599 1674 675 1699 Verr.
690 1681 712 1704 5,
727 1680 762 1704 51.
829 1671 869 1697 Id.
884 1671 949 1696 ibid.
966 1678 989 1702 5,
1004 1678 1046 1702 159
1070 1667 1327 1702 SuperiorumPrae-

284 1720 375 1740 torum
388 1709 548 1737 consuetudo
562 1718 646 1744 quum
659 1707 722 1734 haec
736 1707 837 1737 fuisset,
859 1712 888 1732 vt
900 1714 978 1731 naues
993 1705 1145 1730 ciuitatibus
1155 1724 1163 1736 ,
1190 1709 1329 1736 certusque

283 1756 408 1774 numerus
421 1751 577 1777 nautarum,
603 1744 773 1777 militumque
792 1742 965 1775 imperaretur
984 1746 1009 1766 et
1028 1740 1159 1765 maximae
1173 1744 1198 1764 et
1214 1738 1331 1770 locuple-

284 1783 392 1809 tissiiiiae
405 1781 508 1806 ciuitati
522 1780 710 1805 Mamertinae:
727 1777 797 1804 nihil
812 1777 908 1811 horum
921 1775 1093 1810 imperauisti.
1129 1773 1221 1806 Nepos
1235 1780 1260 1804 9,
1273 1781 1330 1804 4,2.

284 1817 399 1851 Nuptias
413 1815 495 1841 alicui
523 1814 655 1846 Qiineiil.
667 1823 689 1845 7,
703 1822 727 1839 2.
799 1813 855 1838 Cic.
870 1820 918 1846 pro
932 1812 961 1837 L.
976 1809 1068 1837 Manil.
1081 1816 1108 1841 35
1135 1807 1208 1833 Idem
1222 1808 1329 1833 Creten·
1336 1808 1369 1835 45¹

284 1853 353 1879 sibus
363 1872 370 1884 ,
390 1859 470 1885 quum
483 1848 516 1875 ad
530 1858 590 1874 enin
604 1857 686 1881 vsque
702 1847 875 1880 Pamphiliam
891 1847 990 1880 legatos
1003 1845 1239 1878 deprecatoresque
1251 1842 1331 1868 misis-

284 1890 353 1917 sent,
375 1888 445 1920 spem
459 1883 604 1910 deditionis
618 1891 672 1908 non
687 1882 802 1911 ademit,
826 1880 980 1914 obsidesque
995 1879 1144 1912 imperauit.
1222 1877 1331 1903 Obsides

285 1922 438 1950 ciuitatibus
464 1920 536 1947 Caes.
550 1920 578 1945 B.
593 1918 624 1944 G.
638 1920 664 1950 6,
677 1926 703 1950 4.
774 1916 830 1942 Cic.
845 1917 920 1941 Verr.
934 1923 960 1945 2,
975 1921 1018 1947 137
1042 1913 1157 1946 Singulis
1169 1911 1332 1937 Censoribus

284 1959 387 1986 denarii
399 1955 511 1984 trecenti
524 1953 556 1981 ad
569 1954 677 1981 statuam
691 1951 822 1978 Praetoris
837 1949 962 1984 imperati
976 1949 1041 1974 sunt.
1114 1947 1238 1972 Pecunias
1252 1945 1332 1971 alicui

284 1995 354 2029 Nep.
368 2001 407 2026 23,
421 2000 448 2027 7,
461 2000 484 2024 3.
508 1997 510 2000 ¹
589 1988 729 2015 Pecuniam
742 1988 770 2013 in
784 1986 896 2020 remiges
920 1985 975 2011 Cic.
989 1992 1038 2018 pro
1055 1982 1138 2009 Flacc.
1152 1990 1191 2014 32.
1263 1981 1370 2009 Tri-50

283 2030 378 2057 butum
392 2029 523 2062 imperare
544 2025 639 2051 dicitur
656 2023 793 2057 princeps,
823 2020 928 2056 Qando
945 2020 1061 2056 suluiitos
1083 2020 1186 2052 imperio
1209 2019 1277 2052 cogit
1300 2015 1334 2041 ad

283 2064 380 2092 dandas
389 2065 523 2100 pecunias,
545 2060 681 2091 tributum,
699 2059 807 2088 milites,
826 2063 850 2082 et
862 2056 890 2082 id
907 2064 992 2094 genur.
1043 2053 1126 2080 Plaut.
1139 2052 1214 2086 Epid.
1229 2061 1255 2084 2,
1269 2060 1290 2083 2,
1299 2059 1330 2084 43

285 2102 319 2129 At
334 2099 450 2127 tributus
465 2106 547 2132 quum
561 2096 705 2129 imperatus
719 2092 771 2126 est,
795 2098 890 2126 negant
909 2089 989 2123 pendi
1003 2089 1108 2122 potesse.
1129 2122 1134 2126 η
1163 2088 1218 2116 Sic,
1246 2088 1332 2119 Impe-

285 2145 344 2164 rare
357 2135 496 2169 pecuniain
514 2132 570 2159 Cic.
584 2133 660 2166 Verr.
676 2138 702 2161 z,
717 2134 751 2161 38.
908 2123 928 2161 fi
949 2133 968 2157 4
1005 2122 1069 2156 Paffi
1104 2122 1241 2161 Cic.Fam.
1257 2129 1289 2153 ιι,
1304 2129 1332 2145 10

284 2171 334 2199 Sed
349 2179 435 2205 neque
457 2168 563 2196 Caesari
582 2165 709 2200 imperari
723 2162 820 2198 potest,
844 2170 891 2188 nec
909 2160 1004 2187 Caesar
1025 2162 1154 2184 exercitui
1172 2156 1227 2181 sno.
1301 2156 1367 2186 [5555

289 2215 338 2241 pro
351 2207 380 2233 L.
396 2206 458 2238 Agr.
474 2213 504 2236 2,
523 2205 558 2236 46
603 2199 782 2235 Imperabitur
798 2196 901 2232 aliquid
926 2194 1043 2222 muneris
1055 2212 1062 2224 ,
1092 2201 1146 2218 non
1169 2190 1334 2217 recusabunt.

596 2237 668 2263 Haec
680 2244 729 2269 ego
742 2242 899 2268 procurare,
913 2238 939 2258 et
953 2230 1065 2258 idoneus
1079 2229 1211 2262 imperor,
1235 2232 1261 2252 et
1272 2234 1334 2287 Ilion

1296 2270 1333 2286 iu.

283 191 361 229 999
677 166 695 206 Ῑ

282 265 338 298 Qii
350 263 416 289 bene
428 260 554 294 imperat,
582 255 699 292 paruerit

283 306 369 335 paret,
389 296 510 326 videtur,
534 293 581 328 qui
594 293 699 326 aliquan

284 344 296 369 ς
310 344 330 360 c.
340 341 363 359 2.
437 331 539 357 Parcius
553 330 682 363 imperare
743 361 746 363 Β

283 379 335 396 mas
348 366 445 393 dicendi
460 366 545 392 varias
560 365 644 393 habet,
665 365 691 387 in
705 368 744 393 qul

576 522 582 529 ι

1349 569 1379 588 10

1353 744 1379 771 15

286 2244 355 2269 Hor.
370 2241 448 2275 Epist.
464 2249 483 2270 1,
496 2247 525 2272 5,
540 2247 564 2264 21
866 2269 870 2273 ἱ
892 2269 897 2273 .
914 2268 919 2273 .
1024 2266 1027 2270 .

286 2278 398 2306 Inuitus.
468 2277 617 2308 Imperatur
632 2273 657 2298 ei
670 2277 794 2306 perpetua
808 2269 937 2304 pudicitia
966 2265 1058 2293 lustin.
1073 2273 1115 2298 10,
1130 2272 1159 2293 2,
1174 2271 1201 2293 4.

287 2322 324 2346 33,
340 2322 362 2344 13
389 2313 464 2346 Qiae
477 2310 568 2346 priore
580 2307 718 2342 colloquio
733 2306 861 2340 imperata
873 2313 888 2331 a
901 2302 1027 2329 Romanis
1037 2300 1134 2339 ess‘ent3
1174 2296 1248 2332 Cous.
1260 2296 1334 2336 Caes.

287 2350 315 2376 P..
331 2349 360 2375 C.
376 2357 400 2382 1,
419 2349 444 2373 6.
482 2353 504 2372 et
516 2342 616 2371 Sallust.
631 2344 735 2377 Fragm.
749 2350 776 2374 1,
799 2347 833 2374 15.
921 2337 994 2365 Malo
1009 2337 1151 2371 imperari,
1170 2341 1251 2367 quam
1267 2330 1378 2366 erip16o

287 2389 403 2411 mortem
420 2381 490 2408 inihi
516 2381 573 2409 Sen,
587 2379 684 2406 Plioen.
700 2386 752 2404 102.
1164 2404 1170 2408 Ι

325 2427 331 2444 ι
344 2426 367 2445 Μ
377 2426 390 2445 ι’
400 2425 416 2444 E
428 2424 446 2443 R
457 2424 478 2443 Λ
487 2424 508 2443 N
519 2424 530 2442 s
540 2435 547 2447 ,
564 2415 641 2441 antis.
679 2413 771 2439 Partic.
808 2408 966 2445 imperantis
981 2407 1074 2433 lenitas
1101 2405 1192 2431 Tacit.
1206 2404 1275 2429 Ann.
1290 2404 1334 2434 16,

288 2460 330 2487 28,
347 2463 365 2480 1.
436 2452 487 2478 lllo
502 2452 649 2486 imperante
674 2449 747 2475 Caes.
759 2447 788 2474 Β.
801 2447 834 2472 G.
847 2455 875 2477 7,
895 2454 929 2476 17.
1002 2441 1131 2469 Condicio
1145 2439 1334 2480 imperantium

287 2491 352 2516 Aur.
365 2488 461 2515 Vi&or
474 2487 542 2522 Epit.
556 2496 577 2513 c.
588 2494 629 2519 24.
700 2485 732 2510 In
745 2487 851 2517 gentem
863 2487 1014 2514 nomenque
1032 2478 1219 2512 imperantium
1233 2474 1336 2501 conces-

288 2527 344 2552 sere
367 2524 425 2551 Sall.
439 2524 542 2557 Fragin.
554 2530 621 2554 032.
1109 2548 1115 2553 .
1348 2513 1380 2545 65

326 2568 368 2587 1M
379 2568 394 2587 Ρ
405 2566 421 2586 E
431 2567 449 2586 R
458 2566 479 2585 Α
488 2565 509 2584 T
518 2565 538 2584 v
547 2565 560 2585 s
569 2578 578 2590 ,
596 2565 626 2588 a,
645 2564 699 2582 um.
741 2554 810 2580 Part.
862 2552 1009 2586 Imperatac
1022 2557 1148 2586 pecuniae
1174 2546 1246 2574 Caes.
1259 2546 1287 2572 B.
1302 2545 1334 2571 C.

290 2605 313 2629 3,
327 2605 364 2628 32.
421 2593 563 2622 Obsidibus
587 2592 662 2619 Idem
674 2591 703 2618 B.
716 2590 746 2616 G.
760 2592 786 2621 6,
800 2597 826 2622 4.
899 2587 1024 2621 Equitatu
1044 2585 1118 2612 Idem
1132 2594 1154 2616 4,
1168 2585 1194 2610 6.
1242 2582 1333 2608 Naues

289 2633 365 2658 Curt.
380 2639 408 2663 3,
427 2639 451 2660 ι,
471 2638 514 2656 20.
603 2629 735 2662 Imperata
752 2625 838 2651 facere
869 2622 941 2648 Caes.
955 2622 983 2648 B.
997 2622 1029 2647 G.
1043 2629 1074 2653 2,
1088 2629 1108 2652 3.
1163 2618 1236 2645 Idem
1251 2625 1279 2650 5,
1293 2617 1333 2649 36.

291 2668 361 2702 Nep.
376 2669 421 2698 16,
439 2674 454 2697 9
468 2685 476 2696 ,
498 2673 522 2691 2.
594 2663 655 2689 Liu.
670 2670 712 2694 35,
727 2668 755 2695 17
783 2660 809 2686 Si
823 2659 931 2689 Smyrna
949 2663 976 2683 et
988 2657 1145 2692 Lampsacus
1157 2655 1285 2688 imperata
1299 2652 1336 2678 fa-

291 2703 369 2729 ciant.
442 2701 503 2726 Liu.
516 2705 552 2731 38,
567 2708 596 2732 43
623 2698 677 2731 Qui
691 2705 774 2731 quum
787 2695 816 2720 in
830 2702 892 2729 pace
906 2694 992 2724 essent,
1010 2693 1190 2728 imperataque
1199 2688 1335 2724 prioribus
1343 2697 1380 2725 70

292 2736 450 2764 Consulibus
463 2736 596 2765 fecissent,
615 2732 740 2760 Drakcnb.
758 2740 772 2756 a
805 2728 923 2755 rioribus
936 2735 1039 2764 veraque
1051 2726 1125 2754 leHio
1137 2726 1213 2752 bonas
1226 2722 1340 2752 cautiores

291 2773 371 2802 habet.
480 2771 611 2804 Imperata
624 2767 716 2795 effe&a
730 2766 776 2792 red
798 2773 841 2791 ere
865 2764 947 2790 Plaut.
961 2763 1049 2790 Pseud.
1060 2772 1079 2796 1,
1093 2771 1116 2794 3,
1133 2769 1179 2794 151.

329 2815 372 2834 ιιι
384 2813 450 2833 PER
461 2812 540 2832 ATv
551 2812 580 2837 s,
601 2803 639 2830 sis.
660 2812 695 2829 m.
731 2803 864 2835 Imperatu
878 2799 998 2825 Gratiani
1025 2797 1199 2828 Ammian.31‚
1214 2804 1249 2826 ¹9-

330 2850 340 2869 1
351 2850 376 2869 M
386 2849 426 2869 PE
438 2849 456 2868 R
465 2849 487 2868 A
496 2848 517 2868 T
526 2849 535 2867 i
545 2847 565 2867 v
574 2846 600 2865 Ε.
636 2838 704 2865 Adn.
741 2837 845 2871 leian.
859 2835 943 2868 tit.24
955 2833 980 2871 §.
994 2843 1012 2860 1.
1053 2833 1110 2861 Vid.
1124 2832 1273 2859 Precatiuus
1282 2850 1290 2863 ,
1310 2833 1338 2856 in

296 2886 310 2906 P
321 2885 337 2905 R
348 2886 363 2905 n
373 2885 389 2905 c
401 2884 419 2903 o
430 2884 458 2903 iz.
1300 2885 1303 2888 .
1352 2871 1384 2901 75

333 2921 375 2940 [Μ
387 2920 402 2939 P
413 2920 456 2940 ER
466 2919 518 2939 AT
528 2918 537 2937 1
547 2918 568 2937 v
578 2917 600 2936 v
609 2916 622 2935 s
631 2930 638 2941 ‚
655 2918 686 2940 a,
707 2916 760 2933 um.
798 2906 858 2933 Adi.
912 2904 1087 2940 Imperatiuae
1101 2903 1184 2930 feriae
1217 2900 1337 2928 Macrob.

294 2950 396 2977 Saturn.
407 2957 426 2981 ι,
438 2951 475 2974 16.
532 2948 588 2978 Sic,
608 2944 704 2972 Modus
717 2942 1021 2977 Imperatiuusfrequcns
1033 2939 1100 2975 apud
1113 2941 1302 2966 Grammaticos.

333 2992 377 3012 iin
388 2985 553 3013 PERi'To,
571 2986 624 3008 are.
660 2981 799 3013 Frequent.
837 2977 1054 3011 [οἰρχηγετέμαι]
1091 2976 1172 3001 Plaut.
1187 2975 1262 3008 Capt.
1280 2981 1339 3005 2,1,

294 3028 332 3055 47
358 3019 440 3054 Qiod
453 3017 561 3046 antehac
575 3025 623 3051 pro
635 3016 693 3043 iure
706 3012 891 3048 imperitabam
905 3022 974 3039 meo.
1090 3012 1233 3037 Contraria.
1270 3009 1338 3034 Hor.

296 3057 383 3083 Scrm:
393 3064 416 3087 2,
431 3062 464 3090 7,
478 3060 504 3085 ει
541 3053 590 3080 Τιι
603 3051 672 3078 inihi
685 3050 732 3086 qui
744 3048 896 3083 imperitas,
913 3048 971 3074 aliis
985 3047 1066 3073 seruis
1079 3047 1166 3073 iniser.
1257 3044 1338 3078 Equis
1352 3052 1385 3077 80

295 3091 368 3119 Idem
384 3092 473 3118 Carni.
487 3099 507 3122 1,
522 3096 560 3122 15,
575 3096 614 3120 25.
708 3084 838 3112 Gentibus
850 3083 951 3116 magnis
986 3083 1091 3108 Lucret.
1106 3092 1132 3114 3,
1148 3090 1217 3115 1041.
1291 3080 1338 3106 Le-

296 3127 422 3161 gionibus
438 3125 540 3159 magnis
565 3125 632 3150 Hor.
647 3122 727 3148 Serm.
743 3130 763 3153 1,
778 3122 803 3152 6,
819 3128 845 3153 4.
916 3119 982 3145 Rem
994 3126 1104 3152 aequam
1114 3118 1239 3152 imperito
1265 3115 1339 3143 Idem

297 3162 365 3189 ibid.
380 3171 405 3194 2,
419 3170 441 3194 3,
456 3167 507 3193 189.
578 3156 752 3192 Imperitandi
765 3164 857 3190 parum
869 3154 1009 3188 prudentes
1035 3154 1140 3179 Colum.
1157 3162 1197 3185 13,
1212 3162 1230 3179 1.
1286 3152 1338 3178 Im-

298 3197 453 3232 peritando,
478 3194 674 3227 seruiendoque
693 3192 803 3219 vicissim
839 3190 905 3217 Plin.
927 3192 958 3222 6,
978 3197 1020 3220 29.
1124 3190 1196 3223 Saepe
1215 3189 1262 3214 hac
1282 3196 1340 3214 voce

297 3237 380 3259 utitur
400 3232 529 3262 Tacitus,
545 3240 564 3256 e.
591 3250 597 3256 .
611 3229 679 3255 Hist.
694 3238 722 3262 4,
736 3230 774 3259 61,
787 3236 806 3261 4
836 3226 920 3260 Virgo
933 3225 984 3251 late
998 3223 1175 3258 imperitabat.

298 3268 372 3294 tandi
386 3267 482 3303 cupido
513 3266 552 3293 Id.
566 3240 632 3292 igtnd.
645 3274 678 3297 4,
700 3271 746 3296 25,
762 3271 783 3296 ς.
854 3262 960 3296 Quanto
971 3259 1000 3287 sit
1014 3259 1147 3293 augustius
1160 3259 1343 3293 imperitatum

299 3304 337 3330 Id.
353 3305 418 3330 Ann.
431 3313 460 3336 4,
473 3312 502 3337 4,
515 3310 536 3335 ς.
558 3308 603 3327 etc.
658 3299 733 3335 Conf.
747 3300 821 3325 Curt.
834 3307 867 3332 4,
887 3305 919 3331 7,
940 3305 958 3325 1.
992 3302 1016 3322 et
1029 3303 1061 3328 9,
1077 3297 1109 3326 6,
1128 3303 1170 3321 20.
1206 3300 1229 3320 et
1242 3294 1341 3320 Sallust.

300 3339 420 3373 Iugurth.
435 3348 456 3364 c.
466 3347 502 3370 19.
538 3340 596 3363 item
609 3335 669 3362 Liu.
686 3344 706 3370 1,
726 3344 747 3360 2.
1059 3365 1066 3371 .
1093 3365 1099 3370 .
1180 3365 1185 3369 .
1305 3364 1311 3369 .

336 3382 344 3400 1
355 3381 378 3400 M
389 3382 403 3401 1>
415 3381 430 3400 Ε
442 3381 460 3400 R
469 3382 478 3400 1
487 3381 509 3400 T
518 3380 539 3399 A
548 3379 570 3398 N
579 3379 592 3399 s
600 3391 609 3404 ,
629 3370 706 3397 antis.
725 3371 791 3396 Part.
828 3368 960 3395 Naturam
971 3372 1079 3394 caeteris
1092 3370 1287 3400 imperitantem
1304 3373 1343 3390 in-

301 3408 399 3435 dustria
414 3409 512 3435 vicerat
537 3407 594 3434 Sall.
610 3408 667 3441 lug.
681 3416 702 3432 c.
717 3407 748 3437 76
763 3412 806 3440 pr.
895 3404 970 3430 Curt.
985 3405 1017 3435 6,
1036 3409 1065 3435 5,
1083 3409 1113 3435 25
1143 3400 1271 3435 Reginam
1297 3409 1385 3434 —90

301 3444 424 3470 omnibus
437 3445 505 3470 inter
520 3443 663 3470 Caucasum
678 3447 703 3468 et
717 3440 806 3467 Phasin
823 3439 1027 3474 imperitantem.

342 3486 349 3503 1
362 3486 384 3503 M
395 3486 410 3503 P
421 3486 463 3506 ER
473 3481 521 3505 ᾸΤ
533 3484 552 3505 Ο
563 3486 598 3511 R,
616 3478 682 3504 ὅτίς.
713 3486 749 3502 in.
790 3474 941 3509 [βασιλεύς,
960 3471 1131 3508 “tironensi-ap,
1148 3470 1280 3506 ςρατηγδς,
1301 3469 1342 3506 αἶρ-

305 3512 402 3550 χηνός]
436 3516 485 3548 Qu·
498 3517 611 3549 imperat.
649 3513 729 3539 Plaut.
742 3513 816 3546 Capt.
830 3519 862 3544 2,
876 3519 908 3542 2,
921 3517 952 3544 57
975 3509 1119 3543 Equidem,
1139 3507 1156 3533 si
1172 3506 1294 3541 perinde.
1314 3511 1343 3532 vt

305 3547 358 3581 ipse
372 3547 411 3572 fui
434 3549 575 3582 imperator
594 3549 730 3580 familiae,
752 3554 798 3574 etc.
892 3546 1083 3579 Imperatores,
1108 3541 1231 3570 Ductores
1252 3545 1344 3568 exerci-

303 3591 372 3608 tuum
385 3589 408 3607 ct
417 3582 542 3616 proqfcbii
555 3588 679 3619 copiarum
697 3584 844 3610 militarium
862 3580 988 3608 dicuntur.
1042 3580 1111 3606 Ter.
1133 3578 1197 3604 Eun.
1217 3587 1252 3611 4,
1271 3585 1288 3611 7
1299 3598 1307 3609 ,
1330 3583 1381 3613 895·

303 3617 474 3651 Imperatoris
486 3618 610 3644 virtutem
624 3628 769 3650 noueram,
794 3623 819 3644 et
840 3617 895 3643 vim
919 3616 1045 3643 militum.
1135 3614 1191 3640 Cic.
1208 3622 1255 3647 pro
1268 3614 1343 3640 Rosc.

304 3655 393 3680 Amet·
407 3661 442 3681 151
475 3652 561 3678 Solent
581 3653 629 3680 hoc
648 3654 711 3681 boni
726 3655 896 3688 imperatores
910 3652 1011 3683 facere,
1037 3658 1119 3685 quum
1133 3648 1260 3684 praelium
1273 3658 1343 3675 eom-

305 3689 427 3715 mittunt:
462 3693 490 3714 vt
503 3687 531 3713 in
545 3695 577 3712 eo
590 3688 664 3721 loco,
683 3698 737 3723 qno
752 3690 841 3723 fugam
855 3687 969 3714 hostium
982 3687 1042 3713 fore
1054 3685 1227 3716 arbitrentur,
1245 3685 1344 3711 milites

305 3724 443 3750 collocent.
513 3721 590 3757 Apud
601 3724 720 3750 Romanor
739 3725 827 3759 duplex
845 3724 988 3760 obseruatur
1004 3725 1045 3748 uis
1062 3721 1134 3747 huius
1151 3723 1258 3746 nominis
1277 3722 1344 3746 velut

305 3759 434 3792 occasion-ia
442 3778 448 3789 ,
461 3758 536 3794 fimel
547 3766 600 3782 cum
612 3757 694 3784 vietor
705 3763 825 3785 exercitus
837 3760 909 3795 suum
926 3758 1007 3785 ducem
1019 3758 1207 3791 Imperatorem
1221 3756 1396 3792 appellat:100
1406 3759 1521 3794 imperio
1528 3756 1666 3784 Habitum.

304 3796 369 3830 quod
385 3794 530 3828 confirmat,
557 3793 597 3818 vel
615 3793 681 3818 vltra
693 3794 765 3826 jacit
779 3797 862 3826 ctiam,
880 3795 992 3821 Senatus.
1049 3791 1145 3819 Deinde
1163 3801 1216 3818 cum
1234 3790 1344 3827 Augusti

303 3840 368 3856 exem
387 3832 409 3856 lo
424 3831 553 3863 Principes
565 3829 656 3853 caeteri
674 3830 819 3859 militarem,
842 3836 914 3865 atque
931 3829 989 3856 adeo
1002 3828 1123 3865 summam
1137 3836 1217 3854 rerum
1236 3831 1343 3853 omnium

298 3869 367 3900 potes
381 3872 452 3896 atem,
471 3866 515 3891 hoc
528 3865 624 3889 nomine
631 3863 659 3898 se
671 3862 756 3888 habere
768 3863 919 3891 indicabant.
971 3866 1010 3891 De
1022 3863 1062 3890 illo
1099 3872 1166 3889 encre
1176 3863 1250 3898 forte
1268 3865 1342 3888 etiam

303 3901 411 3936 intelligi
418 3899 496 3935 potest
510 3898 573 3925 illud
584 3898 649 3924 Plin.
664 3904 690 3932 7,
703 3899 732 3923 26
755 3907 895 3924 munierant
908 3901 1017 3935 Pompeii
1028 3873 1127 3930 lamiis,
1145 3898 1243 3924 Toties
1258 3898 1339 3931 impe—

303 3943 375 3962 rator
389 3942 447 3962 ante
462 3943 540 3970 quam
553 3933 638 3960 miles.
1139 3933 1143 3937 ”

1361 2826 1370 2834 ,
1402 2798 1466 2825 ritia
1480 2796 1589 2831 imperii
1608 2796 1699 2823 Tacit.
1712 2796 1779 2823 Hist.
1793 2805 1813 2828 ι,
1826 2805 1865 2829 23.

1230 3222 1341 3257 Imperi·
1366 3228 1394 3256 85
1405 3234 1444 3259 25,
1457 3235 1481 3259 9,

710 3933 782 3959 Caes.
797 3933 824 3959 B.
838 3934 868 3960 C.
879 3942 891 3965 3
900 3954 909 3966 ,
922 3942 951 3969 71
961 3955 970 3967 ,
989 3944 1001 3967 3
1036 3935 1179 3970 Pompeius
1192 3943 1225 3961 eo
1237 3932 1339 3968 praelio
1349 3941 1474 3967 105rent,
1488 3932 1634 3969 grauissime
1653 3935 1784 3962 dolebant.

1764 153 1781 192 I
1869 153 1918 195 hd
2003 154 2031 195 P

1384 245 1534 280 Imperator
1547 244 1582 270 est
1595 243 1747 278 appellatus.
1802 242 1861 269 Hoc
1878 251 1976 268 nomen
1994 242 2129 276 obtinuit,
2155 248 2233 279 atque
2247 243 2284 270 ita
2296 242 2321 269 se
2334 221 2426 278 posted}
2441 233 2445 242 .

1384 281 1489 307 salutari
1504 281 1583 314 pafl'ns
1595 280 1639 305 est.
1691 278 1739 304 Sed
1753 286 1838 312 neque
1851 278 1879 304 in
1892 278 1987 310 literis,
2007 287 2070 313 quas
2081 278 2193 306 scribere
2206 279 2242 305 est
2254 278 2361 312 solitus,
2377 274 2443 312 ιιόψέ,ι

2321 166 2416 207 1006,
2436 164 2442 206 f

1384 326 1435 351 que
1449 317 1476 342 in
1490 315 1602 342 fascibus
1622 314 1731 348 insignia
1750 314 1852 340 laureae
1871 314 2004 348 praetulit.
2042 315 2109 340 Haec
2125 317 2136 340 i
2154 317 2206 341 itur
2224 316 2289 341 alias
2302 315 2417 350 solebam,¹
2436 330 2447 349 ς,

1385 354 1423 378 De
1436 352 1564 379 Cicerone
1579 353 1755 386 Imperatore,
1767 349 1817 375 vid.
1832 349 1911 384 Epist.
1923 358 1945 382 3,
1959 358 1984 382 9.
2036 349 2108 375 Idem
2121 351 2137 375 P
2159 350 2186 376 il.
2201 359 2238 383 14,
2251 359 2274 376 ιι
2290 358 2312 375 c.
2326 359 2345 384 4
2361 350 2435 382 Hoef=

1385 387 1502 422 primum
1521 388 1631 419 faciani,
1652 391 1679 412 vt
1698 386 1871 420 Imperatores
1887 385 2015 426 appellem
2036 385 2108 419 (mea
2119 386 2265 425 sententia)
2285 394 2339 415 coe,
2359 382 2447 425 qui-fij&

1933 421 2038 447 Etenim
2052 421 2094 447 eui
2113 421 2209 454 viginti
2224 421 2264 447 his
2279 429 2354 447 annis
2367 416 2448 472 supegaefi

1387 432 1446 449 rum
1459 423 1558 450 virtute
1594 438 1637 442 —
1673 421 1781 447 liberati
1794 421 1888 447 sumus.

1388 458 1498 493 plicatio
1512 459 1615 485 decreta
1627 457 1678 488 est,
1696 462 1724 482 vt
1743 465 1797 482 non
1808 457 1954 491 Imperator
1974 455 2164 492 appellaretur,
2182 462 2226 482 aut
2246 456 2365 482 minimis
2383 451 2423 484 1·όὲ

1387 494 1435 520 bus
1454 494 1543 528 gestis,
1562 500 1607 520 aut
1628 492 1783 528 plerumque
1802 492 1890 518 nullis.
1925 507 1970 512 —-
2005 493 2039 518 At
2058 491 2076 517 si
2090 492 2150 526 quis
2165 492 2344 527 Hispanorum
2408 491 2409 494 ’

1388 529 1463 555 mille
1475 536 1519 556 aut
1536 530 1588 556 duo
1608 528 1692 554 millia
1711 527 1863 560 occidisset,
1881 536 1935 553 non
1948 536 2008 553 eum
2025 527 2073 553 hac
2090 527 2291 560 consuetudine,
2305 535 2371 562 quae
2385 527 2395 553 i

1386 564 1504 595 crebuit,
1525 565 1713 600 Imperatorem
1732 563 1875 599 appellaret
1895 563 2019 589 Senatus?
2057 568 2096 589 tot
2111 562 2262 597 legionibus
2280 562 2356 589 caesis

2428 479 2445 494 'R

1388 600 1503 626 hostium
1523 616 1568 620 --
1588 598 1730 627 clarissimis
1749 598 1859 625 ducibus
1880 599 2103 633 supplicationum
2120 598 2252 625 honorem
2268 598 2424 624 tribuemu
2448 620 2449 624 ,

1388 636 1582 672 Imperatorum
1595 643 1692 662 nomen
1703 634 1867 660 adimemus?
1892 635 1954 661 Sunt
1966 636 1993 659 in
2012 634 2058 660 hac
2075 638 2185 661 oratione
2195 634 2316 670 pluscula.
2351 633 2400 659 Con
2412 637 2419 651 Ἀ

2398 496 2416 507 lv

2417 508 2447 550 “is

1389 672 1462 698 Caes.
1476 672 1503 697 B.
1517 672 1546 698 C.
1560 680 1582 706 2,
1594 680 1623 703 25
1631 670 1673 706 stl·
1695 671 1805 704 Appian.
1823 671 1851 696 B.
1866 669 1920 696 Clu.
1934 676 1986 704 2p.
2001 679 2044 703 455
2061 673 2100 697 ita
2111 672 2237 705 quuitur,
2253 676 2281 696 vt
2288 669 2336 705 sua
2347 675 2397 695 aet
2448 649 2455 700 l,
2473 697 2477 700 ,

1387 706 1468 734 adhuc
1479 707 1597 734 tributum
1606 709 1718 741 priuatii
1730 705 1798 731 illum
1810 706 1923 731 honorem
1937 705 2022 737 dicat,
2036 704 2084 740 fi’d
2094 705 2167 740 caesis
2180 705 2259 731 decies
2277 705 2341 731 mille
2355 704 2385 730 bo
2414 714 2423 728 -z
2452 703 2455 706 '

1388 743 1447 776 bus,
1466 751 1524 778 quae
1536 749 1600 769 certe
1616 751 1662 767 non
1682 744 1756 766 nimis
1767 741 1853 767 crebra
1867 741 1927 777 sors
1938 740 2018 776 fuisti·
2031 740 2140 767 videtur.
2195 741 2320 767 Caeterum
2334 740 2394 766 Tac
2413 754 2416 761 ι

1389 779 1457 804 Ann.
1472 786 1494 810 3,
1510 787 1542 813 74
1577 778 1709 804 Tiberius
1728 792 1774 796 —
1796 775 1823 802 id
1843 785 1951 811 quoque
1966 777 2055 802 Blaeso
2073 776 2185 808 tribuit,
2202 782 2231 802 vt
2250 777 2397 811 Imperator
2413 804 2417 808 ,

1388 813 1550 848 Legionibus
1565 814 1735 844 salutaretur,
1755 812 1841 847 prisco
1855 820 1917 846 erga
1930 811 2009 838 duces
2023 811 2142 844 honore,
2162 812 2209 846 qui
2227 811 2296 838 bene
2308 811 2376 846 gesta
2409 827 2417 832 -

1389 850 1463 885 publ.
1475 849 1571 883 gaudio
1585 856 1611 875 et
1630 849 1732 883 impetu
1751 848 1863 874 victoris
1878 848 2008 874 exercitus
2028 847 2272 874 conclamabantur:
2303 852 2448 881 erantqu
2475 870 2477 872 .

1391 885 1479 921 plures
1506 884 1579 911 simul
1602 886 1795 919 Imperatores,
1818 892 1904 918 neque
1927 884 2003 918 super
2035 889 2201 911 caeterorum
2233 880 2448 918 aequalitate-14.

1391 920 1519 947 Concessit
1539 920 1695 955 quibusdam
1716 926 1741 945 et
1763 919 1893 953 Augustus
1913 918 1942 945 id
1961 918 2136 950 vocabulum3
2164 927 2193 945 ac
2218 924 2279 945 tunc
2297 917 2448 959 Tiberius»

1389 957 1480 983 Blaeso
1498 957 1668 991 postremum.
1711 957 1856 990 Principum
1873 956 1942 981 illam
1959 956 2145 990 appellationem
2166 957 2193 980 in
2211 953 2334 981 veteribus
2349 962 2404 979 mon

1390 995 1480 1019 mentis
1497 992 1584 1018 millier
1596 992 1707 1018 videmus
1716 1011 1723 1023 ‚
1736 997 1763 1024 ea,
1777 991 1855 1026 ipsam
1868 999 1957 1026 quoque
1970 990 2005 1016 ad
2020 1000 2071 1017 rem
2089 991 2223 1016 militarem
2234 987 2378 1025 rtspexijffl’,
2388 998 2403 1015 a
2439 993 2451 1013 ι’

1386 1034 1462 1064 paret
1471 1047 1479 1060 ,
1493 1034 1516 1053 et
1525 1034 1640 1054 memorat
1653 1029 1702 1053 Dio
1716 1028 1732 1053 l.
1743 1030 1774 1060 5'7
1786 1034 1812 1061 p.
1827 1030 1874 1060 607
1897 1026 2024 1055 Tiberium
2035 1024 2173 1059 dissita-ffb,
2187 1028 2320 1052 Dominum
2335 1024 2364 1060 se
2377 1025 2432 1060 ser-
2450 1024 2451 1028 ¹

1391 1073 1493 1095 vorum,
1507 1063 1696 1098 Imperatorem
1709 1063 1841 1094 militum,
1855 1068 2003 1088 caeterorum
2013 1064 2153 1096 principiem
2166 1060 2218 1094 effe.
2262 1061 2328 1087 Plin.
2339 1059 2447 1094 Pane‘gssf

899 1101 973 1125 Hanc
990 1100 1065 1135 legem
1083 1098 1146 1124 mihi
1163 1098 1234 1127 dixi,
1259 1102 1282 1121 et
1298 1094 1365 1129 ‹11125
1392 1108 1425 1126 22
1445 1099 1563 1125 Feniinas
1577 1098 1746 1125 fecunditatis
1759 1099 1818 1124 snae
1834 1098 1949 1124 maxima
1962 1097 2084 1132 voluptas
2099 1097 2197 1129 subiit,
2214 1105 2273 1123 cum
2287 1092 2451 1128 cernerent}U

2257 1134 2359 1159 Praeter
2371 1126 2451 1158 alian*

1391 1171 1461 1206 Lips.
1476 1169 1510 1196 ad
1521 1170 1611 1197 Tacit.
1625 1171 1691 1196 Ann.
1707 1178 1719 1201 3
1732 1176 1796 1196 extr.
1817 1170 1928 1205 obseruat
1940 1170 2111 1204 Imperatoris
2125 1168 2310 1204 appellationem
2321 1171 2349 1194 in
2361 1169 2435 1194 Prin·
2450 1185 2451 1190 ι

1393 1135 1437 1161 cui
1452 1134 1568 1169 Principi
1584 1135 1671 1166 ciues,
1686 1135 1729 1160 cui
1747 1134 1904 1169 imperatori
1925 1133 2023 1159 milites
2038 1133 2201 1169 peperissent.

1390 1206 1487 1242 cipibus
1497 1209 1633 1241 praeponi,
1647 1213 1764 1241 tanquam
1780 1212 1927 1240 praenomen
1935 1215 1945 1234 ‚·
1961 1214 2014 1230 cum
2033 1197 2160 1231 Viflorem
2178 1203 2238 1230 bello
2251 1210 2322 1230 notat
2340 1209 2369 1229 et‘
2377 1205 2439 1238 prr}¹

1389 1245 1459 1269 vatis
1472 1245 1545 1267 etiam
1556 1241 1692 1271 tribuitur,
1707 1239 1822 1276 postponi
1828 1261 1837 1273 ,
1851 1248 1966 1276 tanquam
1983 1249 2129 1276 cognomen,
2136 1240 2248 1275 solitam.
2267 1245 2310 1270 vt,
2323 1239 2437 1274 Impera-¹v

1394 1286 1436 1305 tor
1464 1278 1558 1304 Caesar
1577 1277 1715 1311 Augustus.
1735 1283 1841 1309 contra,
1859 1277 1897 1302 M.
1916 1275 2027 1302 Tullius
2047 1275 2144 1303 Cicero
2162 1276 2319 1310 Imperator.
2341 1280 2365 1300 et
2378 1274 2435 1301 Iutt-

1393 1314 1495 1341 Blaesus
1514 1313 1670 1348 Imperator.

1395 1358 1431 1376 iz.
1468 1349 1611 1376 Schwartz.
1624 1348 1658 1374 ad
1670 1347 1736 1374 Plin.
1750 1349 1843 1382 Paneg.
1857 1357 1882 1380 9.

1391 1387 1488 1412 nomine
1500 1391 1524 1410 et
1534 1384 1630 1420 diuerso
1649 1384 1694 1419 vsu
1712 1383 1783 1409 hahet
1797 1383 1889 1444 Spanh.
1908 1383 1937 1408 cle
1954 1383 2011 1418 Vsu,
2031 1389 2076 1409 etc.
2096 1384 2172 1410 Num.
2193 1382 2248 1416 diff
2259 1392 2285 1409 ιο
2299 1389 2327 1417 p.
2343 1379 2436 1416 18os'⁹

1393 1428 1417 1448 et
1430 1419 1485 1454 diff]
1500 1430 1526 1446 12
1534 1427 1561 1455 p,
1574 1429 1621 1453 392
1630 1419 1671 1454 sq.
1707 1418 1774 1444 Idem
1788 1428 1802 1444 a
1833 1420 1925 1445 Iulian.
1940 1418 2005 1454 Cass·
2025 1426 2051 1453 p.
2064 1427 2094 1451 93
2106 1419 2209 1450 attulit,
2222 1418 2275 1445 uid.
2292 1419 2367 1446 Man.
2382 1389 2439 1450 ΠΖ(

1392 1455 1644 1484 PERATORES
1680 1453 1879 1484 INVICTI,
1910 1453 1967 1480 PII
1993 1454 2117 1479 AVGG.
2147 1453 2175 1479 de
2189 1455 2339 1488 Imperatore
2353 1454 2438 1480 Seuero

1390 1499 1415 1518 et
1432 1501 1509 1518 vxore
1523 1492 1593 1517 illius
1606 1491 1681 1516 Iulia.
1873 1486 1893 1524 q
1913 1497 1930 1514 2
1966 1490 2021 1515 Iam
2038 1488 2164 1514 videamus
2177 1488 2318 1524 formulas,
2331 1497 2390 1524 quae
2405 1486 2440 1514 ad

1390 1527 1456 1554 illud
1468 1530 1577 1562 primum
1590 1532 1613 1551 et
1626 1531 1722 1551 caetera
1738 1524 1886 1559 complexum
1904 1533 1996 1559 genus,
2015 1533 2061 1559 quo
2074 1524 2157 1550 ducem
2170 1527 2208 1550 rei
2224 1526 2346 1551 militaris
2357 1529 2439 1556 notat,

1391 1563 1544 1599 referuntur.
1583 1562 1730 1594 Imperator
1743 1565 1768 1586 et
1787 1558 1985 1587 administrator
2000 1559 2067 1586 belli
2084 1559 2194 1594 gerendi
2214 1560 2269 1586 Cic.
2282 1558 2314 1586 de
2326 1560 2400 1586 Orat.
2417 1566 2439 1589 1,

1392 1608 1449 1626 210.
1521 1596 1595 1623 Ideni
1612 1596 1695 1623 Tusc.
1707 1604 1732 1628 2,
1745 1598 1779 1621 62
1797 1596 1829 1621 In
1841 1595 1935 1630 primis
1949 1595 2072 1622 laudabat
2084 1595 2241 1630 illud‚quod
2255 1595 2368 1627 diceret,
2381 1603 2438 1621 eos-

1392 1635 1452 1661 dem
1466 1632 1570 1659 labores
1585 1641 1639 1658 non
1653 1632 1701 1658 esse
1713 1640 1797 1665 aeque
1811 1640 1903 1665 graues
1916 1631 2073 1666 imperatori
2087 1637 2113 1658 et
2123 1631 2219 1663 militi,
2239 1631 2311 1666 quod
2323 1630 2377 1664 ipse
2391 1629 2439 1657 ho-

1391 1679 1440 1696 nos
1454 1669 1574 1696 laborem
1593 1667 1724 1694 leuiorem
1740 1667 1837 1693 faceret
1857 1667 2068 1701 imperatorium.
2157 1666 2310 1694 Castrorum
2329 1666 2442 1699 impera.-

1392 1713 1453 1738 tor,
1472 1705 1580 1739 duxque
1604 1703 1722 1729 hostium
1755 1703 1812 1729 Cic.
1831 1703 1860 1728 in
1875 1703 1952 1729 Catil.
1974 1711 1993 1733 1,
2013 1710 2033 1735 5.

1393 1741 1516 1767 omnium
1532 1740 1651 1773 gentium
1672 1738 1784 1773 Populus
1798 1739 1932 1765 Romanus
1954 1738 2029 1764 Idem
2043 1747 2092 1773 pro
2103 1738 2192 1765 Domo
2207 1746 2250 1770 90.
2286 1735 2354 1763 Add.
2371 1735 2416 1762 Ta
2434 1742 2445 1765 Ἀ,

1394 1784 1417 1807 3,
1433 1778 1459 1807 6,
1476 1783 1497 1801 2.
1564 1775 1654 1800 Bonus
1673 1780 1699 1799 et
1718 1773 1797 1799 fortis
1815 1775 1870 1800 Cic.
1885 1774 1917 1800 de
1931 1774 2005 1800 Orat.
2020 1782 2043 1806 2,
2059 1779 2113 1808 187.
2184 1772 2318 1799 Exercitui
2332 1779 2441 1806 praep

1393 1810 1454 1837 situs
1468 1810 1503 1835 est
1518 1808 1627 1834 callidus
1642 1814 1668 1834 et
1680 1809 1781 1842 sapiens
1794 1808 1940 1843 imperator
1952 1809 2025 1834 Idem
2038 1809 2070 1834 de
2077 1810 2180 1834 Inuent2
2195 1817 2214 1839 1,
2228 1813 2256 1840 58
2269 1816 2291 1834 c.
2303 1816 2344 1841 34.
2432 1829 2434 1832 .

1395 1845 1549 1872 vietiffimus
1564 1843 1603 1870 Id.
1616 1845 1694 1870 Verr.
1708 1852 1737 1876 4,
1753 1847 1789 1872 82.
1860 1845 1890 1869 In
1910 1844 2013 1869 summo
2033 1844 2194 1878 imperatore
2214 1849 2329 1878 quatuor
2343 1842 2388 1869 has
2401 1851 2431 1868 r

1394 1881 1472 1907 inesse
1486 1886 1627 1913 oportere,
1646 1879 1782 1904 scientiam
1795 1880 1837 1905 rei
1849 1879 1990 1911 militaris,
2008 1879 2154 1911 virtutem,
2179 1879 2383 1910 auctoritatem,
2403 1877 2430 1904 f

1394 1915 1523 1940 licitatem
1538 1915 1594 1939 Cic.
1608 1923 1656 1947 pro
1671 1915 1700 1940 L.
1715 1914 1808 1939 Manil.
1821 1919 1849 1942 28
1864 1923 1885 1939 c.
1902 1923 1940 1939 10.
2010 1913 2065 1939 Vbi
2082 1915 2201 1940 summus
2221 1915 2368 1948 imperator
2386 1922 2418 1939 n

1395 1949 1464 1975 adest
1477 1948 1509 1974 ad
1529 1949 1674 1973 exercitum
1684 1967 1692 1979 ,
1703 1947 1798 1977 citius,
1813 1948 1885 1981 quod
1903 1956 1959 1973 non
1971 1947 2043 1973 fa&o
2057 1948 2094 1974 est
2105 1948 2182 1980 psus,
2201 1949 2246 1982 sit,
2271 1957 2351 1984 quam
2369 1957 2436 1984 quo».

1395 1983 1467 2010 fa&0
1480 1982 1517 2008 est
1536 1991 1602 2016 opus
1622 1982 1704 2008 Plaut.
1717 1982 1813 2016 Amph.
1828 1991 1847 2014 1,
1861 1991 1883 2014 3,
1897 1985 1923 2008 6.
1995 1983 2060 2009 Plin.
2076 1992 2117 2016 29,
2132 1992 2143 2010 1
2164 1984 2194 2010 de
2205 1985 2324 2018 medicis,
2340 1985 2442 2013 Pala-2

1395 2028 1448 2054 que
1465 2019 1515 2049 est,
1535 2025 1563 2044 vt
1581 2018 1693 2052 quisque
1713 2018 1783 2044 inter
1800 2017 1863 2044 istos
1881 2018 2017 2053 loquendo
2028 2018 2141 2053 polleat,
2160 2020 2350 2056 imperatorem
2364 2020 2442 2052 illice

1395 2056 1467 2081 vitae
1488 2053 1592 2080 nostrae
1609 2054 1732 2088 necisque
1750 2052 1820 2080 fieri.
1861 2053 1919 2080 Vid.
1942 2060 2063 2081 IMPERO
2078 2061 2124 2090 pr.
2279 2054 2301 2092 q
2321 2064 2334 2088 3
2371 2051 2444 2091 lupi&

1396 2096 1438 2117 ter
1450 2091 1597 2129 imperator
1609 2088 1643 2122 est
1655 2089 1722 2124 apud
1735 2089 1796 2116 Liu.
1811 2091 1838 2122 6,
1850 2097 1883 2122 29
1897 2096 1962 2116 extr.
1998 2090 2067 2117 Plin.
2077 2092 2170 2125 Paneg.
2184 2098 2207 2124 5,
2219 2101 2238 2125 4
2254 2091 2298 2119 vbi
2310 2091 2363 2118 vid.
2372 2089 2443 2154 Lini:

1431 2132 1441 2150 1
1450 2131 1475 2150 Μ
1484 2132 1499 2151 P
1509 2132 1525 2150 E
1535 2131 1553 2150 R
1563 2131 1611 2163 AT
1621 2132 1639 2150 R
1648 2132 1657 2150 1
1667 2132 1686 2151 x
1694 2144 1701 2155 ,
1721 2125 1777 2150 icis.
1808 2125 1827 2151 f.
1865 2125 2020 2159 [βασίλισσα
2028 2146 2036 2158 ,
2056 2125 2183 2160 ἧγεμονῖς]
2223 2127 2279 2154 Cic.
2298 2137 2348 2162 pro
2369 2128 2423 2154 Cae
2434 2145 2442 2154 ·

1396 2161 1468 2198 67⁴⁰·
1483 2164 1513 2188 28
1534 2159 1636 2185 Deinde
1651 2160 1734 2185 fortes
1747 2161 1820 2187 viros
1833 2160 1867 2187 ab
1883 2162 2054 2196 imperatrice
2068 2163 2097 2188 in
2116 2162 2219 2189 insidiis
2234 2169 2315 2199 atque
2328 2164 2356 2190 in
2370 2164 2444 2198 prae-

1396 2193 1463 2233 fi.d¹.⁰
1480 2193 1636 2220 balnearum
1657 2194 1763 2222 locatos.
1797 2196 1891 2221 Amare
1906 2196 1952 2223 boc
1967 2196 2031 2223 dicit
2048 2200 2076 2223 in
2094 2198 2214 2225 Clodiam.
2283 2199 2446 2240 Imperatrir

1396 2235 1491 2255 ciuitas
1506 2229 1523 2255 l.
1536 2237 1567 2261 39
1580 2229 1646 2255 Cod.
1660 2228 1692 2255 de
1705 2230 1787 2263 Episc.
1801 2235 1825 2256 et
1841 2230 1912 2256 Cler.
1950 2265 1956 2270 -
1968 2232 2127 2265 Imperatrix
2142 2233 2217 2259 Italia
2236 2234 2302 2261 Plin.
2315 2238 2358 2267 26,
2367 2243 2389 2267 3.
2422 2250 2432 2256 -

1434 2271 1478 2305 ¹.M
1488 2271 1503 2290 Ρ
1511 2270 1556 2290 ER
1565 2271 1587 2290 A
1596 2271 1617 2290 Τ
1625 2270 1643 2290 Ο
1655 2270 1674 2290 R
1684 2272 1693 2290 1
1702 2272 1722 2291 V
1732 2272 1760 2296 S,
1779 2273 1793 2290 a
1802 2284 1810 2297 ‚
1832 2274 1887 2292 um.
1905 2265 1966 2292 Adi.
1997 2267 2173 2301 [ςρατηγικδς,
2186 2269 2334 2305 βασιλικὰ]
2369 2268 2442 2305 Qod

1396 2298 1431 2326 ad
1443 2305 1614 2339 imperatorem
1623 2302 1742 2333 pertinet.
1777 2301 1928 2335 Appellatio
1942 2302 2114 2333 imperatoria
2127 2304 2224 2330 Patere.
2235 2314 2260 2335 2,
2275 2313 2314 2337 25¹,
2326 2312 2348 2338 ς.
2387 2306 2442 2332 Do·

1397 2340 1472 2360 natio
1492 2334 1549 2360 Cic.
1563 2335 1639 2360 Verr.
1655 2341 1678 2365 3,
1692 2339 1741 2373 187.
1801 2336 1943 2370 Fastigium
1961 2335 2075 2369 Capitol.
2087 2338 2185 2363 Anton.
2198 2338 2246 2364 Pio
2260 2348 2282 2364 c.
2297 2341 2322 2365 6.
2381 2340 2438 2367 Cic.

1396 2372 1474 2410 Verr.
1491 2378 1510 2401 1,
1526 2377 1556 2404 57
1584 2370 1609 2395 P.
1625 2369 1753 2395 Seruilius
1771 2378 1839 2404 quae
1851 2371 1920 2405 signa
1933 2376 2011 2404 atque
2027 2377 2180 2398 ornamenta
2194 2380 2226 2399 ex
2245 2373 2312 2400 vrbe
2324 2373 2440 2403 hostium

1398 2412 1424 2432 et
1440 2411 1541 2432 virtute
1553 2411 1641 2439 capta,
1662 2404 1727 2445 belli
1748 2405 1805 2440 lege
1823 2411 1901 2440 atque
1920 2406 2095 2440 imperatorio
2108 2407 2168 2434 Iure
2187 2407 2303 2439 sustulit.
2324 2418 2354 2437 ea
2375 2411 2411 2437 Po
2431 2430 2438 2438 .

1398 2442 1520 2468 Romano
1540 2441 1708 2480 asportante·
1762 2441 1851 2468 Labor
1867 2442 1923 2468 Cic.
1935 2442 2018 2468 Tusc.
2032 2450 2057 2473 2,
2070 2444 2112 2468 62.
2184 2442 2252 2468 Laus
2272 2443 2345 2470 Idem
2358 2445 2438 2473 Acad.

1398 2486 1426 2512 4,
1443 2485 1459 2502 2
1475 2485 1496 2502 c.
1511 2485 1528 2503 1.
1599 2476 1742 2502 Manubiae
1756 2476 1794 2502 Id.
1812 2477 1844 2503 de
1857 2478 1931 2504 Orat.
1944 2486 1959 2509 ¹3
1973 2487 1995 2504 c.
2010 2486 2023 2510 3
2086 2477 2206 2504 Maiestas
2217 2478 2341 2512 SpartIan.
2355 2480 2440 2507 Hadr.

1399 2522 1420 2539 c.
1437 2518 1460 2541 8.
1531 2511 1639 2538 Nomen
1653 2516 1777 2545 cooptare
1791 2512 1993 2546 imperatorium
2008 2513 2065 2539 Cic.
2080 2513 2151 2540 Fam.
2168 2522 2202 2546 11,
2215 2522 2242 2547 4.

1435 2552 1735 2574 ιΜΡιεκΑΤοιιιΕ.
1774 2546 1840 2573 Adii.

1396 2583 1498 2611 bellum
1516 2582 1689 2617 imperatorie
1705 2581 1819 2609 instruit.

1876 2547 1964 2574 Treb.
1978 2547 2033 2574 1³01.
2048 2548 2143 2575 Claud.
2155 2558 2177 2576 c.
2192 2551 2210 2575 6
2240 2549 2311 2576 Dum
2330 2550 2357 2576 re
2369 2532 2439 2582 2:1²,

1434 2626 1444 2645 1
1454 2625 1478 2645 M
1489 2625 1503 2644 P
1512 2625 1529 2645 E
1537 2625 1557 2645 R
1567 2626 1575 2644 1
1585 2626 1605 2644 V
1615 2625 1640 2644 M
1656 2638 1664 2650 ,
1689 2626 1708 2644 1.
1740 2627 1766 2644 n.
1809 2618 1947 2653 [ςρατηγῖοι
1955 2636 1964 2649 ,
1983 2620 2099 2649 βασιλεία
2105 2639 2115 2652 ,
2136 2619 2276 2655 ἐπικράτεια
2282 2640 2291 2653 ,
2310 2619 2425 2655 ἧγεμονῖοι
2454 2610 2456 2649 l

1399 2653 1479 2688 Iuffics
1501 2661 1524 2680 et
1547 2655 1706 2689 Praeceptum
1733 2655 1905 2688 Imperatoris.
1959 2654 2035 2688 Virg.
2067 2655 2132 2681 Aen.
2165 2664 2192 2688 1,
2219 2663 2251 2691 57
2289 2656 2434 2692 Tempest.

1399 2692 1493 2725 tesque*
1518 2690 1624 2716 sonoras
1678 2690 1802 2728 Imperiol
1831 2689 1928 2723 premit
1961 2698 1990 2716 ac
2025 2690 2122 2717 vinclis
2151 2696 2178 2717 et
2213 2700 2316 2718 carcere
2347 2692 2437 2720 frena

1400 2725 1474 2766 Idem
1489 2726 1597 2765 Aen34,
1612 2732 1661 2757 295
1688 2725 1805 2759 Imperio
1824 2725 1889 2752 laeti
1909 2731 2010 2759 parent.
2075 2726 2140 2753 Satis
2158 2736 2208 2762 pro
2227 2728 2358 2762 imperio,
2373 2728 2421 2764 qui

1401 2771 1461 2802 quis
1486 2770 1528 2793 es,
1557 2770 1575 2787 1.
1594 2769 1616 2787 e.
1645 2761 1801 2795 Imperiose,
1816 2761 1947 2788 Donatus:
1977 2762 2045 2788 Ter.
2061 2762 2167 2789 Phorm.
2189 2772 2209 2796 1,
2227 2771 2262 2796 4,
2280 2772 2316 2796 19.
2389 2764 2434 2790 Du

1789 2833 1793 2837 -
1937 2797 2018 2838 Plaut.
2031 2798 2092 2825 Mil.
2112 2807 2136 2831 3,
2149 2806 2169 2831 1,
2183 2806 2213 2834 17
2239 2799 2327 2826 Facile
2339 2799 2376 2826 est
2395 2800 2434 2826 im

1652 2868 1656 2873 .
1730 2833 1812 2859 Lenia
1834 2833 1901 2859 Hor.
1915 2833 1994 2868 Epist.
2015 2842 2034 2864 1,
2053 2840 2089 2866 18,
2103 2842 2145 2867 45.
2216 2835 2373 2867 Lusorium,
2390 2834 2440 2862 vid

1588 2868 1679 2894 Tacit.
1695 2869 1762 2894 Ann.
1780 2876 1811 2901 15,
1826 2874 1859 2901 48
1883 2868 1966 2909 quue
1979 2868 2099 2903 pluribus
2107 2869 2278 2904 probabatur,
2286 2870 2332 2904 qui
2347 2870 2376 2896 in
2391 2877 2416 2897 ta

1402 2833 1505 2868 perium
1525 2833 1553 2858 in
1573 2832 1659 2859 bonis.

1404 2874 1515 2896 LVDVS.

1403 2911 1428 2932 ta
1441 2904 1571 2930 vitiorum
1591 2903 1730 2930 dulcedine
1751 2905 1881 2930 summum
1895 2905 2037 2939 imperium
2055 2914 2103 2931 nec
2121 2905 2286 2936 restrictum,
2299 2914 2346 2932 nec
2359 2907 2453 2942 Persen,

1402 2949 1496 2967 verum
1517 2939 1620 2979 volunt.
1691 2940 1841 2966 Precarium
1866 2941 1921 2966 seni
1944 2941 2104 2975 imperium,
2128 2945 2154 2966 et
2176 2939 2255 2966 breui
2275 2941 2446 2969 transiturum

1403 2976 1494 3003 Tacit.
1506 2975 1573 3001 Hist.
1594 2983 1614 3007 1,
1630 2983 1667 3008 52.
1739 2975 1897 3002 Restrit‘ltum
1913 2976 1985 3002 Idem
2000 2977 2067 3001 Ann.
2082 2983 2114 3008 ις,
2130 2980 2172 3009 48.
2243 2976 2274 3003 In
2287 2981 2314 3003 te
2326 2977 2396 3004 mihi
2408 2977 2446 3005 cst

1404 3011 1562 3046 imperium,
1580 3010 1603 3036 h.
1618 3020 1637 3037 e.
1662 3011 1723 3037 Tibi
1740 3014 1860 3046 imperare
1870 3010 1961 3045 poffitm
1980 3011 2062 3037 Plaut.
2075 3011 2147 3037 Men.
2161 3018 2183 3043 5,
2197 3018 2223 3046 7,
2235 3020 2274 3045 41.
2346 3013 2446 3049 Tuum,

1403 3046 1547 3082 imperium
1566 3045 1602 3072 est
1619 3045 1688 3081 apud
1707 3056 1754 3073 nos
1773 3047 1846 3073 Idem
1858 3047 1918 3073 Mil.
1935 3057 1963 3081 4,
1978 3057 2001 3079 4,
2015 3049 2058 3073 60.
2078 3047 2101 3072 h.
2118 3056 2137 3072 c.
2162 3048 2332 3080 Meminimus,
2341 3048 2402 3084 quid
2418 3055 2446 3076 m

1403 3084 1473 3110 nobis
1486 3085 1654 3117 imperaueris.
1851 3079 1871 3120 ff
1891 3091 1903 3108 2

1405 3124 1530 3146 AENVO.

1403 3155 1465 3181 Liu.
1503 3173 1510 3180 .
1547 3172 1553 3179 .
1573 3188 1579 3193 ,
1592 3171 1599 3178 .
1645 3153 1777 3180 Perculsae
1808 3154 1927 3180 ciuitates
1958 3154 2075 3180 minores
2103 3153 2246 3188 imperium
2272 3155 2444 3190 Acceperunt.

1404 3189 1531 3225 Imposito
1550 3187 1679 3222 stipendio
1695 3195 1845 3222 paruerunt.
1880 3190 1998 3216 Intentus
2016 3188 2047 3215 ad
2065 3189 2176 3224 imperia
2190 3190 2252 3216 Acci
2273 3191 2349 3218 ienda
2370 3191 2446 3218 Idem

1547 3224 1680 3265 Capessere
1694 3225 1815 3258 imperia,
1834 3225 1886 3252 vid.
1909 3231 1925 3251 c
1934 3231 1954 3251 Α
1964 3231 1978 3250 Ρ
1987 3231 2004 3251 E
2013 3232 2025 3251 s
2035 3232 2047 3251 s
2056 3231 2084 3251 O.
2157 3226 2246 3252 Conce
2266 3235 2310 3252 ere
2323 3227 2351 3253 in
2363 3226 2448 3262 impe-

1406 3263 1478 3289 rium
1490 3260 1580 3300 lustin:
1595 3268 1621 3294 4,
1637 3268 1659 3291 2,
1672 3268 1694 3291 3.
1764 3260 1845 3287 Plaut.
1860 3261 1929 3287 Men.
1948 3268 1969 3292 5,
1983 3268 2006 3292 2,
2023 3266 2059 3291 ¹¹8
2084 3260 2131 3287 Sed
2147 3261 2206 3295 quis
2224 3261 2267 3288 hic
2280 3262 2332 3296 est,
2346 3263 2394 3298 qui
2406 3272 2448 3290 ca-

1406 3297 1473 3331 pillo
1491 3305 1534 3322 me
1554 3295 1614 3322 hinc
1634 3294 1665 3321 de
1685 3304 1763 3322 curru
1785 3296 1896 3331 deripit,
1911 3295 2053 3330 imperium
2072 3301 2147 3322 tuum
2160 3297 2298 3330 Demutat,
2310 3304 2389 3333 atque
2406 3298 2447 3326 di-

1407 3332 1479 3358 &um
1494 3331 1643 3366 Apollinis?
1663 3333 1680 3356 ι’.
1697 3331 1789 3358 Contra
1812 3333 1938 3366 imperium
1959 3338 2026 3357 tuum
2044 3335 2108 3368 agit.
2180 3333 2254 3359 Curt.
2267 3341 2284 3366 9
2310 3333 2446 3368 Oppidani

1406 3367 1592 3395 Detrefflabant
1603 3366 1759 3399 imperium,
1774 3373 1800 3393 et
1811 3367 1953 3393 clauserant
1966 3373 2060 3401 portas.
2081 3371 2099 3394 i.
2119 3368 2281 3401 Abnuebant,
2296 3369 2448 3405 respuebant.

1406 3404 1496 3430 Tacit.
1512 3402 1578 3429 Hist.
1592 3410 1614 3434 3,
1628 3404 1659 3431 68
1680 3402 1848 3428 Praenenerat
1862 3411 1954 3429 rumor
1967 3403 2073 3430 Eiurari
2086 3403 2119 3429 ab
2130 3412 2163 3429 eo
2175 3404 2328 3439 imperium.

1406 3476 1485 3502 Nunc
1500 3482 1609 3509 pergam·
1619 3471 1677 3499 heri
1693 3481 1833 3507 imperium
1848 3473 1964 3508 Exequi,
1977 3480 2002 3500 et
2015 3483 2058 3500 me
2072 3473 2181 3501 domum
2195 3476 2329 3509 capessere.

1405 3520 1493 3537 ercere
1505 3510 1569 3536 dura
1580 3509 1691 3548 imperia
1705 3509 1778 3542 Virg.
1793 3508 1889 3543 Georg.
1905 3518 1930 3541 2,
1943 3517 2000 3544 370.
2069 3510 2223 3544 Exspeetare
2237 3511 2350 3545 imperia
2371 3512 2446 3538 Curt-

1405 3555 1434 3580 4,
1448 3555 1481 3579 13,
1494 3554 1532 3573 21.
1584 3544 1644 3583 Liu.
1659 3553 1681 3584 2,
1695 3552 1725 3577 59
1750 3544 1898 3575 Monentes,
1910 3554 1944 3571 ne
1957 3545 2049 3580 vtique
2063 3545 2184 3580 Experiri
2197 3546 2277 3572 vellet
2290 3547 2446 3581 imperium,

1405 3582 1479 3608 cuius
1500 3582 1541 3608 vis
1559 3587 1644 3606 omnis
1668 3589 1696 3605 in
1716 3579 1838 3605 consensu
1857 3580 2041 3607 obedientium
2067 3582 2134 3607 effet.

1406 3617 1536 3644 mollibus
1549 3614 1667 3649 imperiis
1690 3616 1757 3640 Hor.
1770 3616 1856 3642 Carm.
1875 3625 1903 3648 4,
1916 3624 1937 3648 i,
1951 3624 1976 3650 7.

1406 3654 1495 3680 Carm.
1509 3661 1529 3684 1,
1540 3658 1578 3684 35,
1590 3652 1626 3676 16.
1697 3651 1782 3684 Fungi
1799 3651 1912 3687 imperio
1925 3651 2015 3678 lustin.
2035 3661 2060 3684 2,
2074 3661 2102 3685 4,
2116 3660 2156 3685 25.

1406 3696 1438 3722 25
1457 3689 1528 3715 Eone
1548 3695 1575 3713 es
1593 3685 1685 3717 ferox,
1698 3686 1760 3720 quia
1774 3687 1861 3713 Habes
1881 3688 2023 3722 imperium
2045 3688 2073 3714 in
2094 3686 2202 3714 beluas?

1406 3733 1485 3759 quem
1500 3722 1546 3749 sub
1559 3721 1672 3755 imperio
1691 3722 1747 3748 Sen.
1764 3723 1842 3756 Epist.
1857 3731 1887 3749 ιι.

1405 3795 1548 3829 Negligere
1567 3793 1707 3826 imperium
1727 3794 1889 3820 nic-dentium
1908 3794 1973 3820 Plin.
1988 3794 2080 3829 Paneg.
2101 3803 2122 3820 c.
2137 3802 2178 3820 22.

1405 3830 1520 3864 imperio
1537 3827 1662 3859 alicuius,
1681 3828 1734 3855 uid.
1756 3835 1960 3856 OBTEMPERO.

1404 3875 1433 3899 4,
1448 3870 1498 3896 238-
1537 3898 1542 3903 .
1570 3863 1625 3889 Pati
1644 3864 1785 3897 imperium
1804 3866 1860 3891 Sen.
1875 3863 1947 3891 Med.
1963 3865 1981 3891 s.
1994 3874 2021 3898 4.
2093 3865 2165 3891 Caes.
2180 3865 2207 3890 B.
2222 3865 2254 3891 G.
2273 3872 2295 3898 5,
2309 3873 2337 3898 52
2365 3865 2442 3892 Tan-·

1402 3906 1458 3927 tum
1476 3900 1501 3925 se
1519 3907 1575 3924 eius
1589 3899 1724 3933 opinionis
1745 3900 1930 3934 deperdidisse,
1950 3906 1978 3927 vt
1997 3901 2058 3934 Pop.
2075 3900 2188 3926 Romani
2207 3900 2319 3934 imperia
2336 3901 2444 3927 Perfer-n

2297 3974 2439 4007 potentiam

1712 1312 1769 1338 Vid.
1788 1312 1858 1338 Suet.
1873 1312 1946 1338 Caes.
1960 1321 1981 1337 c.
1995 1313 2031 1345 76
2050 1321 2071 1338 c.
2085 1318 2135 1337 not.
2151 1310 2251 1347 Casauh.
2269 1316 2294 1337 et
2305 1308 2399 1336 Claud.
2412 1317 2434 1336 c.
2450 1315 2451 1319 ¹

1916 1346 2064 1382 DoHiffima
2074 1347 2144 1383 sunt,
2156 1356 2216 1383 quae
2229 1347 2257 1373 de
2265 1343 2447 1383 Imperatoriui

2126 1702 2224 1729 ViCtor
2246 1707 2272 1728 et
2294 1692 2453 1734 insperatum-¹¹

1658 3118 1661 3121 Ι
1750 3117 1756 3123 .
1836 3118 1841 3122 ι
1946 3082 2040 3109 Verba:
2076 3081 2200 3109 Abnuere
2215 3083 2375 3119 imperium,
2389 3084 2453 3116 vid-0¹,
2477 3089 2479 3116 Ι

1601 3117 1728 3151 Accipere
1749 3125 1890 3152 imperium
1909 3118 2000 3144 Tacit.
2014 3117 2081 3144 Hist.
2095 3126 2120 3150 2,
2135 3126 2171 3150 19.
2191 3118 2245 3145 vid.
2266 3126 2288 3146 A
2298 3125 2338 3147 CC
2349 3126 2383 3146 1P
2395 3126 2448 3154 loq
2477 3124 2479 3129 ⁴

1406 3439 1468 3473 equi
1482 3438 1621 3473 imperium
1632 3456 1639 3468 ,
1654 3444 1702 3477 pro
1718 3439 1804 3478 Facere
1821 3437 1885 3472 quod
1902 3436 2110 3478 estjmperatum.
2139 3439 2221 3466 Plaut.
2237 3439 2332 3474 Amph.
2352 3449 2375 3473 3,
2397 3406 2461 3475 {xi

2395 3476 2446 3502 Ex·
2461 3476 2462 3480 ’

2210 3581 2328 3609 Fieetere
2346 3581 2462 3609 durum.
2478 3588 2479 3592 ¹

2049 3617 2179 3650 Frangere
2197 3617 2340 3651 imperium
2367 3617 2452 3644 Ιάεηι,
2478 3644 2479 3654 ¹

2226 3653 2294 3680 Ter.
2309 3653 2374 3679 Eun.
2386 3661 2410 3686 3,
2422 3661 2444 3686 1,
2478 3660 2479 3669 ¹

2271 3688 2377 3715 Habere
2394 3689 2443 3715 ali-
2478 3715 2479 3719 ,

1958 3722 2049 3750 Tacit.
2064 3723 2132 3749 Ann.
2152 3731 2187 3755 12,
2200 3730 2237 3757 47
2261 3723 2361 3758 Vulgus
2375 3723 2443 3751 duro
2478 3723 2479 3755 Ῐ

1737 3757 1862 3784 Inhibere
1875 3758 2020 3792 Imperium
2029 3777 2035 3789 ‚
2056 3758 2195 3785 Immutari
2209 3758 2403 3792 imperiumff.
2415 3759 2443 3787 ll.
2478 3759 2479 3766 ¹

2249 3793 2442 3829 Obtemperare
2460 3821 2461 3824 ,

2033 3830 2126 3856 Parere
2143 3829 2258 3862 imperio
2284 3830 2359 3864 Virg.
2374 3831 2439 3856 Aen.
2458 3858 2459 3866 ἵ
2477 3831 2479 3838 ⁴

2463 2439 2472 2481 l

1855 3936 1978 3963 Prosci-re
1996 3935 2138 3969 imperium
2158 3936 2247 3968 suum,
2267 3938 2286 3961 i.
2307 3934 2438 3968 ostendere
2469 3943 2471 3958 .¹

2468 3978 2473 4024 l.
