2479 4225
28 189 96 260 ’,ἕω
379 199 691 242 FOED
1462 200 1778 243 FoEM
2096 219 2170 258 702

31 292 100 323 each
119 301 140 319 c·
155 298 193 325 ¹4·
316 294 317 298 ¹
387 287 409 327 q
429 298 446 316 2
482 291 536 316 Iam
554 289 642 325 quibus
656 288 804 318 Nominibus
819 286 898 314 adiici
908 285 989 321 fimat
998 286 1064 326 Foe-
1127 287 1262 322 splendida
1274 288 1343 316 facta
1357 288 1443 316 linunt
1459 291 1553 318 Horat.
1567 291 1587 318 Ε
1607 290 1646 317 ist.
1660 300 1683 323 ε,
1695 300 1717 323 1,
1735 293 1790 323 236·
1860 294 1975 322 Cicatrix
1995 296 2068 324 Idem
2081 296 2168 325 δἐι-111.

32 330 91 360 diis,
109 327 242 354 videamus.
282 324 388 352 Sanfflo
401 325 519 352 foederis
536 325 592 351 Cic.
608 334 656 360 pro
669 327 750 352 Corn.
764 323 836 363 Balb.
849 324 888 355 36.
943 321 1063 362 Publicae
1133 333 1152 354 1,
1167 333 1186 356 ς,
1201 327 1225 351 6.
1319 324 1380 351 Liu.
1394 326 1437 357 26,
1451 331 1477 357 38
1496 333 1535 361 pr.
1567 327 1578 352 I
1611 327 1718 353 foedum
1730 325 1878 354 Confilinm
1895 339 1952 356 cum
1971 332 2088 365 inci-pto,
2110 338 2167 359 tuin

31 363 171 398 religiones
185 360 324 388 foederum
343 360 416 387 Idem
430 362 504 387 Verr.
523 368 546 393 5,
563 366 606 394 43.
713 359 852 387 Amicitiae
869 356 962 383 foedus
982 358 1064 385 Ouid.
1131 360 1211 386 ctiam
1225 360 1296 386 exitu
1310 360 1372 386 fuit.
1466 362 1599 388 Conuiuia
1619 362 1699 389 Ouid.
1708 363 1778 390 Met.
1791 370 1813 394 1,
1829 364 1881 395 165.
1952 367 2069 400 Corpora
2085 367 2166 394 foeda

31 398 114 428 Trist,
127 406 149 431 3,
162 399 186 428 6,
202 405 220 422 1.
314 396 432 431 Hospitii
452 396 511 422 Liu.
529 404 548 428 1,
563 405 586 429 9.
630 394 703 431 C⁰¹.¹f·
718 395 805 422 Barth.
825 392 858 419 ad
869 392 930 418 Stat.
944 392 1035 420 Theb.
1052 403 1064 420 ε
1133 395 1247 429 podagra
1265 395 1372 421 Tibull.
1389 403 1408 427 1,
1422 403 1447 427 9,
1461 403 1500 430 73.
1571 397 1655 432 Culpa
1672 398 1780 425 foedior
1797 397 1843 424 Sil.
1857 405 1883 432 7,
1899 401 1952 431 556.
2020 402 2080 427 Liu.
2096 411 2129 437 27
2150 405 2168 430 6

31 439 121 472 p.·387.
148 454 152 456 .
191 432 360 466 Religionum
380 432 488 459 foedera
507 432 563 458 Cic.
578 431 610 458 de
625 430 716 465 Legib.
731 439 758 469 a,
774 430 810 456 16.
881 429 990 469 Certum
1010 430 1063 455 foe·
1092 429 1106 457 5
1126 438 1171 465 pr.
1196 431 1250 464 Qii
1271 439 1356 465 neque
1369 430 1548 464 magistratum
1566 434 1718 461 continuari
1736 433 1796 460 satis
1813 434 1896 460 ciuile
1915 435 1963 460 ell'e
1983 435 2106 462 aiebant:
2131 424 2166 465 'et

26 470 79 498 »dus
92 470 155 496 Hor.
170 468 258 494 Carui-
273 476 295 500 3,
309 476 353 500 24,
365 475 401 500 23.
497 466 693 494 Clandestiiium
712 464 794 497 811-7,
810 465 867 497 267.
897 462 950 489 vld-
963 470 1064 491 CLAM.
1133 465 1217 492 multo
1238 466 1368 492 foedioris
1389 466 1525 500 Exempli,
1547 475 1607 494 eum
1629 469 1713 503 ipsimi
1729 468 1829 499 crea-ri,
1852 469 1900 503 qui
1921 470 2029 496 coniitia
2052 470 2167 500 liaberet.

32 502 188 538 Coniugiale
206 502 288 530 Ouid.
303 504 368 529 Met.
384 512 417 534 11,
430 510 496 537 743„
561 502 678 532 Feralia,
702 503 720 527 i.
732 500 846 537 exitialia
865 499 962 525 Lucan.
980 509 1006 532 1,
1026 504 1066 530 86.
1134 502 1221 527 Genus
1234 502 1327 528 mortis
1339 501 1447 528 foedum
1459 502 1517 528 Cic.
1533 503 1584 529 Att.
1600 511 1633 535 ις,
1648 513 1687 531 20.
1759 505 1851 531 Hiems
1865 505 1954 531 Tacit.
1970 506 2035 531 ΗΜ.
2053 514 2072 536 3,
2093 515 2133 538 59,
2146 518 2167 539 3-

33 539 167 571 Gefflalia,
190 540 209 565 i.
222 539 377 565 connubialis:
397 539 459 565 Stat.
469 537 564 564 Achill.
578 546 602 570 2,
616 545 672 569 354.
764 533 869 560 Illibata
883 533 990 561 foedera
1003 537 1066 568 tori,
1131 537 1219 563 Imber
1232 537 1324 563 foedus
1336 537 1404 570 rigat
1417 545 1465 563 ora
1482 538 1539 564 Sen.
1553 538 1647 573 Oedip.
1662 548 1697 565 12.
1751 540 1869 566 Luxuria
1881 539 2027 566 foedrllima
2040 542 2167 568 senectuti

31 576 57 605 b.
70 585 89 602 e.
106 576 244 609 coniugium
256 572 346 606 castum
365 581 389 600 et
396 574 514 608 pudic-um
532 574 628 599 Lucan.
641 580 670 603 2,
689 576 746 603 342.
837 570 969 596 Immunes
988 580 1016 597 ac
1036 572 1067 598 li-
1133 572 1189 598 Cic.
1203 571 1255 598 Off.
1270 581 1288 604 i,
1301 580 1339 598 121
1364 581 1386 598 c.
1401 580 1443 606 34.
1513 573 1639 599 Latrones
1653 575 1792 601 foedissimi
1804 575 1878 602 Ideni
1889 576 1962 603 Fani.
1974 585 2013 608 ιο,
2028 578 2053 602 6.
2109 578 2167 602 Mo—

28 611 108 640 ,berac
126 610 234 636 foedere
253 609 373 635 ciuitates
394 609 448 636 Cic.
464 610 541 635 Verr.
555 619 575 641 3,
587 616 620 640 13.
687 605 820 637 Intidum,
848 604 900 631 vid.
922 612 1064 634 1N1³1Dvs.
1084 610 1114 628 10
1133 606 1195 633 dum
1210 609 1237 633 in
1251 607 1357 634 foedum
1370 607 1498 634 laceratus
1513 608 1670 635 verberibus
1683 610 1742 636 Liu.
1758 619 1783 642 9,
1799 619 1822 642 31
1838 616 1881 646 pr.
1950 611 2100 638 Monstrum
2118 612 2167 637 im»

32 647 127 673 Ratum
140 651 167 671 et
178 644 331 678 religiosum
344 645 417 671 Idem
430 644 542 679 Philipp.
558 651 590 675 13,
603 651 621 674 4
639 649 659 666 c.
674 648 698 680 ᾳ..
792 640 985 667 Sacrosancmm
1008 643 1066 670 Cic,
1131 643 1306 669 inanissiinum
1326 648 1352 668 et
1372 642 1547 669 foedissimum
1568 645 1624 670 Cic.
1642 645 1671 670 iri
1685 646 1769 671 Pison.
1786 654 1808 677 31
1829 654 1850 672 c.
1865 654 1902 679 14.
1972 646 2051 674 Oculi
2067 646 2168 673 Sallust.

0 685 1 688 ’
32 689 80 717 pro
93 682 173 708 Corn.
187 680 259 707 Balb.
271 688 308 713 35.
411 680 523 707 Socialia
543 677 622 705 Ouid.
637 675 715 710 Epist.
729 685 762 710 4,
784 684 821 710 ¹7-
890 675 1066 706 Teineratuin
1130 679 1210 705 Catil.
1228 686 1261 711 15.
1331 677 1396 704 Plin.
1416 686 1453 710 11,
1474 683 1498 708 18
1526 680 1594 714 Apes
1613 680 1700 706 Odere
1722 681 1815 707 foedos
1833 681 1944 714 odores,
1962 682 2108 717 proculque
2126 682 2169 708 fu-

32 716 77 744 Sil.
92 725 122 746 11,
138 718 186 743 161.
381 713 402 753 q
423 724 435 748 3
477 713 606 741 Verborum
624 712 748 738 formulae
762 722 769 736 .·
806 710 930 745 Accipere
950 713 1067 746 foedera,
1131 714 1221 748 gumi,
1239 713 1281 740 fed
1299 718 1324 739 et
1341 713 1464 740 infectos.
1536 714 1634 741 Paedor
1654 716 1711 742 Sen.
1731 717 1810 742 Herc.
1826 716 1879 743 fur.
1892 725 1918 749 9.
1989 717 2044 744 Cic.
2060 719 2116 744 Att.
2136 725 2168 751 15,

33 751 86 779 vid.
106 757 276 779 ACC1P10.
348 750 433 786 Agere
447 749 540 777 foedus
559 748 620 774 Liu.
639 747 671 773 de
687 747 752 787 Pell.
770 747 834 773 Pun.
872 766 878 772 .
917 766 924 773 .
993 748 1066 775 Idem
1134 769 1141 775 .
1177 769 1185 776 .
1220 751 1347 776 Parumne
1364 748 1442 775 foeda
1459 750 1569 777 Persona
1588 751 1623 776 est
1637 751 1715 785 ipssus
1729 752 1869 778 senecintis
1883 753 1893 778 Ξ
1963 752 2046 788 Sapor
2063 753 2168 780 Lucret.

32 795 76 820 29,
90 796 118 813 12
135 788 167 813 In
182 795 223 812 eas
237 785 402 813 conditiones
408 806 417 818 ,
434 793 514 820 quum
528 791 576 818 pax
590 783 757 822 conuenisset,
777 782 810 809 ab
822 791 883 817 rege
896 781 1001 810 foederi
1016 785 1068 810 Ad·
1087 787 1111 814 ¹3
1130 793 1156 817 2,
1171 794 1233 818 402.
1299 784 1470 819 Tempestate
1486 785 1628 813 foedillinia
1642 787 1753 814 lacerata
1766 788 1840 814 nauis
1859 787 1919 813 Liu.
1933 796 1982 820 29,
2019 808 2025 814 .
2061 807 2069 814 .
2124 789 2171 816 Vi-

31 822 122 857 scripti
135 822 220 848 Prnfia
232 821 370 862 Bithyniae
383 829 445 854 rex,
464 818 576 850 Achaei,
593 818 717 858 Boeotii,
735 825 781 844 etc.
856 821 1010 879 lbAmantes
1026 829 1068 847 ae.
1131 820 1187 846 clus
1207 821 1301 846 Horat.
1319 819 1351 845 de
1364 821 1513 860 Arte-Poet.
1527 830 1580 854 392·
1774 820 1794 859 q
1814 831 1831 850 2
1869 822 2007 858 Obfiruatt.
2044 823 2171 857 Foedum,

0 914 1 921 ,
32 853 1067 928 2123..f.‘2e5¹555..3255:.¹·aetesiae...Sssaqpsfz.fissf”;.¹3‡..÷02z.?5255.-
1130 854 1289 918 ἓῖἓέιῗίἔῖῗ
1296 853 1461 917 galagi}-
1471 857 1692 928 ῒῗῖἷήλὶιῖῗμ
1709 855 2057 927 efbsis‘rrii‘ffffisssfiediffifsssvisg'
2068 860 2171 928 ἱὲἶῖὲζ

0 940 1 966 3
31 928 231 956 emendatorem
249 928 352 955 nostrae
369 927 501 957 ciuitatis,
518 925 566 961 qui
585 925 651 965 hanc
669 933 783 959 poenam¹
796 923 950 951 foederibus
965 925 1067 953 Adscri-
1130 929 1164 959 69
1190 925 1328 953 Vulnerati
1353 925 1475 966 foediora
1495 928 1543 960 iis,
1570 937 1637 962 quae
1658 928 1744 954 oculis
1762 928 1985 960 subjiciebantur,
2010 930 2170 957 nuntiantes.

31 963 94 996 bat,
114 970 144 990 vt
162 964 284 990 omnium
303 963 497 998 praemiorum,
519 961 761 1001 beneficiorumque
779 959 930 985 nostrorum
948 968 1065 995 expertes
1079 969 1114 987 20
1128 962 1201 988 Idem
1215 970 1242 996 7,
1256 969 1283 993 33
1301 961 1401 995 Strages
1416 963 1470 996 ipsa
1483 963 1560 989 caede
1572 963 1686 989 foedior.
1721 963 1796 999 Conf.
1811 964 1904 998 Virgil.
1918 965 1982 990 Aen.
1995 973 2022 996 2,
2035 973 2092 996 5:³2.
2127 967 2171 993 Sic

27 1000 110 1027 faciat
130 1000 287 1032 foederatos.
374 998 481 1024 Calcare
500 997 593 1023 foedus
612 996 657 1022 Sil.
671 1005 699 1028 3,
716 1001 753 1028 85.
837 996 938 1022 Cauere
956 997 1063 1025 foedere
1130 997 1224 1024 Calido
1237 997 1360 1023 tellurem
1375 999 1499 1032 sanguine
1512 998 1602 1025 foedat
1614 998 1693 1025 Ouid.
1706 998 1772 1024 Met.
1786 1001 1811 1028 6,
1826 1004 1879 1031 238.
1952 1000 2007 1026 Cic.
2021 1001 2093 1027 Fam.
2106 1010 2135 1033 4,
2150 1010 2171 1034 4

31 1035 66 1061 de
80 1035 169 1070 aliqua
182 1044 211 1062 re
224 1036 280 1062 Cic.
293 1033 325 1060 de
338 1034 367 1060 L.
383 1035 474 1068 Agrar-
490 1041 508 1063 1,
521 1041 559 1059 10.
628 1031 709 1058 Coire
723 1030 751 1057 in
764 1029 875 1062 foedus,
900 1031 953 1058 vid.
975 1039 1064 1061 COEO.
1128 1032 1245 1059 Perculsa
1264 1037 1290 1058 et
1307 1032 1434 1066 prostrata
1454 1033 1601 1060 foeditlimo
1620 1033 1693 1059 bello
1713 1033 1799 1060 iacent
1816 1034 1915 1060 onmia.
1958 1034 2031 1070 Conf.
2046 1037 2123 1070 plura
2142 1039 2172 1062 in.

31 1070 192 1105 Componite
211 1070 334 1105 placitum
349 1069 412 1095 laeti
431 1067 526 1095 foedus
544 1067 639 1101 Virgil.
652 1067 715 1094 Aen.
729 1074 766 1098 10,
779 1073 814 1099 15.
920 1068 1065 1103 Concipere
1129 1068 1202 1095 verbo
1224 1074 1240 1094 F
1250 1072 1270 1093 0
1280 1074 1360 1094 EDO.
1432 1070 1469 1095 De
1477 1067 1620 1104 pestilentia
1640 1069 1702 1094 Liu.
1717 1077 1739 1100 3,
1753 1077 1779 1100 32
1794 1075 1839 1103 pr.
1863 1068 1949 1095 Foeda
1963 1069 2078 1102 homini,
2092 1071 2172 1098 foeda

31 1106 142 1139 foedus,
168 1106 221 1132 vid.
241 1110 399 1134 CONCIPI
409 1110 446 1136 Ο,
464 1110 488 1130 et
500 1112 555 1130 mox
573 1109 722 1129 EXCVTIO.
794 1102 958 1136 Conceptum
973 1104 1066 1131 foedus
1129 1103 1229 1138 pecori.
1323 1102 1440 1130 Foedum
1450 1123 1458 1136 ‚
1477 1104 1585 1131 Crudele.
1624 1104 1690 1130 Ter.
1705 1104 1769 1130 Eun.
1784 1112 1807 1137 5,
1822 1114 1849 1138 4,
1865 1113 1892 1130 21
1915 1104 1984 1132 Proh
1999 1105 2077 1132 fidem
2091 1105 2171 1133 defun

31 1148 154 1168 excutere
168 1140 264 1175 Virgil.
277 1141 342 1166 Aen.
355 1148 392 1172 iz,
406 1145 455 1173 138.
547 1137 711 1165 Confirmare
724 1136 833 1163 foedere
846 1138 995 1165 societatem
1009 1141 1065 1167 Cic.
1081 1146 1110 1173 25
1128 1139 1231 1166 facinus
1246 1137 1364 1165 foedum.
1416 1140 1490 1174 Virg.
1499 1141 1602 1174 Aen.4,
1615 1147 1657 1172 195
1677 1140 1748 1166 Haec
1763 1139 1850 1173 passim
1863 1140 1910 1166 dea
1925 1140 2003 1166 foeda
2016 1139 2105 1166 virum
2119 1141 2171 1167 dif.

29 1177 144 1212 Philipp.
163 1185 194 1209 2,
212 1181 243 1209 89
280 1184 302 1202 c.
319 1182 356 1208 35.
449 1172 620 1201 Confundere
636 1172 729 1199 foedus
750 1173 844 1207 virgil.
864 1175 929 1200 Aen.
951 1183 987 1208 12,
1007 1185 1065 1208 290.
1129 1174 1218 1201 fundit
1231 1174 1260 1200 in
1272 1183 1328 1200 ora.
1352 1174 1381 1200 de
1391 1175 1473 1201 Fama.
1521 1175 1645 1202 Sall.Cat.
1665 1183 1687 1201 c.
1706 1183 1730 1208 15
1750 1174 1833 1201 Foedi
1846 1175 1927 1201 oculi.
1997 1175 2100 1202 Bellum
2115 1177 2171 1202 foe-

31 1213 101 1239 Dare
119 1211 213 1238 foedus
233 1210 292 1237 Liu.
317 1210 349 1236 de
368 1209 432 1237 Bell.
455 1210 519 1236 Fun.
556 1228 564 1235 .
600 1227 607 1235 .
644 1227 650 1235 .
738 1208 895 1236 Deuincitur
913 1210 1066 1238 foederibus
1131 1210 1260 1236 diffimum
1280 1210 1336 1236 Cic.
1351 1210 1404 1236 An.
1419 1218 1446 1242 7,
1459 1218 1489 1243 25
1506 1213 1575 1243 (26)
1647 1210 1754 1237 Exitum
1766 1210 1860 1237 iudicii
1872 1210 1982 1238 foedum
1998 1217 2024 1238 et
2038 1212 2172 1245 pernicio-

30 1247 111 1274 etiam
130 1256 190 1273 cum
204 1246 277 1273 hoste
291 1245 354 1272 fides
370 1246 425 1273 Cic.
437 1244 488 1272 Offi
502 1252 532 1276 3,
549 1252 594 1270 112.
662 1244 761 1270 Excute
780 1243 876 1271 foedus
897 1254 1066 1281 conceptum,
1129 1247 1187 1273 suni
1200 1244 1324 1272 leuiffime
1337 1245 1388 1272 tuli
1407 1245 1479 1272 Idem
1492 1248 1527 1279 Q
1541 1247 1624 1273 Fratr.
1638 1254 1661 1278 3,
1676 1256 1700 1279 9.
1772 1246 1852 1273 Nihil
1871 1247 2008 1278 miserius,
2030 1247 2098 1273 nihil
2114 1256 2173 1281 per-

28 1285 50 1324 ⁸}
66 1284 169 1309 irritum
179 1282 230 1317 fac
248 1281 343 1316 Virgil.
357 1282 422 1307 Aen.
434 1288 471 1313 12,
485 1284 534 1312 158-
604 1279 660 1306 Cic.
681 1279 713 1306 de
727 1278 825 1308 Sene&
842 1283 870 1306 16
902 1283 992 1315 Qium
1011 1284 1066 1309 sen·
1130 1281 1229 1314 ditius,
1247 1280 1316 1307 nihil
1330 1280 1436 1307 foedius
1451 1281 1510 1308 fieri
1524 1281 1607 1315 potest
1627 1282 1682 1308 Cic.
1697 1281 1777 1308 Attic.
1792 1287 1815 1314 8,
1830 1291 1858 1308 11.
1943 1281 2017 1309 Idem
2031 1282 2063 1308 de
2076 1283 2171 1317 Arusp.

0 1319 3 1325 “
29 1317 112 1348 nentia
125 1317 232 1344 Senatus
249 1317 386 1343 inclinaret
401 1315 433 1342 ad
449 1323 555 1350 pacem,
575 1320 600 1342 et
613 1314 705 1341 foedus
718 1315 868 1342 Faciendum
881 1325 942 1344 cum
954 1318 1065 1350 Pyrrho.
1083 1326 1115 1350 30
1131 1317 1206 1352 Resp.
1219 1324 1244 1350 51
1267 1326 1288 1343 c.
1303 1325 1339 1349 24
1359 1317 1475 1343 Foedior
1491 1323 1570 1351 atque
1581 1317 1746 1352 inquinatior
1761 1317 1792 1344 ‹in
1805 1318 1853 1344 Cn.
1871 1317 1997 1351 Pompeio
2014 1316 2169 1350 accusando,

32 1352 140 1394 Rati-un}
154 1352 351 1413 foed¹¹⁵J³⁶³‘·
365 1352 433 1413 Aniti.
447 1359 558 1412 ιιέῦξὲω5
605 1388 610 1391 ¹
626 1351 721 1411 Fecere
736 1351 952 1414 intcrIsegoedus
966 1354 1020 1396 Cic..
1034 1353 1067 1381 de
1130 1362 1211 1416 ffiiam
1228 1353 1258 1379 in
1269 1352 1394 1414 v6niuerso
1407 1352 1504 1416 {entatu
1523 1352 1698 1414 vitupefrando
1713 1353 1777 1414 ίξιιὶ-ικ
1841 1352 1966 1414 1Foedum
1985 1353 2069 1380 relatu
2088 1354 2172 1416 ΘΣΕ,

32 1410 33 1413 ,
121 1402 124 1404 Δ
171 1407 178 1413 .
287 1395 344 1412 ce·e
378 1395 452 1412 onra
599 1395 618 1412 ι.
648 1395 721 1412 onra
760 1396 798 1412 oi
1039 1394 1068 1412 ·-
1189 1409 1194 1414 .
1314 1408 1320 1415 .
2029 1409 2034 1415 .
2164 1408 2171 1414 .

35 1388 209 1458 ξὲἓξῖἓὲειη
228 1396 300 1449 Idein
313 1395 456 1457 proCCorn.
475 1421 548 1448 Balb.
564 1405 601 1447 io.
634 1395 647 1413 c
671 1422 690 1448 F
693 1392 1070 1462 erirel'fodderiirzlayiictileigiizl
1129 1394 1198 1451 ΤΞ.
1214 1397 1278 1450 {ini
1293 1396 1314 1456 ἕ,
1333 1432 1369 1457 4,
1387 1397 1460 1451 21.oe
1480 1396 1712 1460 umFgceduerusso
1725 1396 1849 1461 arcanziZda
1855 1394 2026 1456 ,mindi-'1²23
2039 1430 2056 1450 E
2070 1430 2090 1450 D
2105 1431 2126 1451 V
2140 1431 2173 1458 S,

35 1461 99 1491 inire
115 1459 168 1489 Cic.
182 1467 230 1492 pro
245 1458 316 1484 Cael.
331 1466 364 1491 34
382 1457 479 1484 Ideone
492 1465 541 1491 ego
554 1465 643 1490 pacem
656 1457 749 1488 Pyrrhi
769 1458 881 1491 diremi,
900 1465 929 1486 vt
947 1466 976 1487 tu
996 1470 1068 1488 amo-
1130 1461 1193 1493 eris,
1222 1468 1248 1486 n.
1268 1467 1289 1492 ς.

33 1502 92 1528 xum
110 1493 313 1528 turpiffimorum
328 1492 450 1528 quotidie
468 1491 577 1518 foedera
595 1492 708 1519 ferires?
761 1494 859 1528 Virgil.
875 1495 938 1522 Aen.
958 1505 996 1529 10,
1015 1505 1067 1530 154.
1083 1500 1110 1527 35
1166 1501 1309 1527 FOEDO,
1328 1498 1381 1522 are.
1401 1496 1514 1528 [μιαίνω,
1526 1495 1638 1530 §vri-alm,
1651 1494 1759 1530 φορύνω]
1795 1494 1911 1528 Polluere,
1924 1497 2063 1531 inquinare.
2088 1495 2173 1521 Plaut.

32 1528 183 1557 Firmabant
200 1528 308 1556 foedera
326 1528 404 1555 dietis
420 1527 493 1554 Idem
506 1528 570 1552 Aen.
587 1535 625 1558 12,
638 1535 693 1554 212.
762 1529 893 1563 Frangere
911 1531 1004 1558 foedus
1024 1533 1070 1560 Sil.
1130 1531 1225 1566 Amph.
1240 1540 1259 1562 1,
1273 1540 1292 1563 1,
1305 1539 1334 1563 91
1352 1531 1468 1557 Foedant
1488 1538 1513 1557 et
1532 1537 1668 1565 proterunt
1686 1530 1799 1557 hostium
1814 1531 1909 1565 copias.
1960 1531 2056 1565 Virgil.
2070 1531 2135 1557 Aen.
2148 1538 2176 1562 2,

27 1572 56 1598 Δι,
66 1566 121 1596 268·
144 1566 177 1593 al.
192 1566 332 1598 Rumpere.
439 1564 570 1596 Frangere
584 1561 694 1595 foedus,
712 1569 737 1588 et
753 1565 784 1589 In
797 1564 849 1591 tide
867 1575 987 1600 manere,
1011 1578 1068 1594 con-
1130 1570 1179 1597 286
1215 1582 1259 1587 —-
1296 1574 1362 1601 quac
1383 1567 1458 1592 causa
1478 1566 1586 1600 indigna
1606 1567 1710 1592 serenos
1757 1566 1884 1593 Foedauit
1905 1566 2001 1592 vultus.
2036 1569 2055 1592 i.
2081 1573 2175 1591 cruen-

0 1603 1 1607 ’
29 1603 114 1627 traria
131 1601 187 1627 Cic.
202 1609 251 1635 pro
264 1601 351 1626 Domo
369 1599 413 1624 sua
432 1599 475 1624 66.
544 1598 675 1637 Frangere
694 1598 788 1625 foedus
815 1601 937 1635 sanguine
956 1603 1069 1630 alicuius
1131 1603 1213 1634 tinuit,
1232 1605 1316 1637 inquit
1337 1602 1452 1628 Seruius.
1529 1602 1601 1628 Idem
1621 1609 1669 1634 502
1699 1602 1829 1635 Sanguine
1848 1601 2014 1632 foedantem,
2033 1609 2100 1634 quos
2120 1600 2175 1633 ipse

2 1634 3 1639 ¹
31 1635 116 1663 ic‘Iturn
134 1635 207 1662 Idem
221 1636 249 1662 in
263 1636 348 1661 pison.
365 1638 403 1663 28.
470 1633 523 1672 Aut
542 1633 634 1659 odium
648 1633 784 1660 Foedusue
802 1642 914 1669 gerunt,
933 1640 1069 1665 conuersa-
1132 1640 1275 1665 sacrauerat
1294 1638 1375 1672 ignes.
1447 1637 1558 1663 Romam
1572 1646 1638 1663 vero
1660 1637 1740 1670 ipsam
1759 1637 1878 1662 foedauit
1897 1636 2023 1662 aduentus
2037 1641 2096 1661 tuus
2113 1635 2175 1660 Cic.

0 1671 1 1674 Ἴ
32 1680 84 1706 que
97 1670 225 1705 quaedam
250 1672 281 1696 1¹¹
293 1670 373 1696 semet
392 1677 501 1702 ΡΓΟΡῙἹΟ
515 1667 646 1708 dssfssntur
664 1668 739 1702 plena
756 1669 848 1697 furore
867 1673 959 1700 Manil.
973 1682 996 1706 2,
1016 1677 1113 1708 46940
1132 1675 1161 1700 in
1176 1674 1261 1699 Pison.
1275 1680 1301 1705 53
1321 1682 1343 1698 c.
1357 1681 1394 1698 22..
1466 1672 1597 1698 Contaffilu
1619 1671 1713 1704 Virgil.
1728 1671 1794 1696 Aen.
1809 1679 1833 1702 3,
1845 1677 1905 1703 227.
1975 1670 2030 1695 Ora
2042 1669 2175 1703 vnguibus

31 1706 61 1732 dc
71 1705 163 1739 stellis.
256 1706 327 1731 Icerc
342 1704 435 1730 foedus
454 1712 514 1730 cum
526 1703 617 1738 aliquo
636 1704 690 1730 Cic.
705 1713 753 1738 pro
767 1706 847 1732 Corn.
860 1707 931 1733 Balb.
945 1717 986 1741 34.
1016 1710 1070 1736 vid.
1132 1709 1240 1735 foedans
1259 1708 1333 1734 Idem
1345 1708 1409 1732 Aen.
1422 1715 1450 1739 4,
1462 1714 1498 1738 55.
1570 1707 1652 1732 Ferro
1673 1706 1746 1743 Virg.
1762 1706 1826 1730 Aen.
1841 1713 1862 1736 2,
1876 1711 1911 1736 55.
1947 1704 2015 1730 Adai.
2036 1705 2072 1731 ib.
2089 1712 2120 1736 11,
2135 1706 2177 1734 86.

33 1748 108 1769 leo.
159 1740 296 1767 claudian.
310 1740 342 1766 de
355 1740 382 1766 B.
396 1739 453 1765 Get.
466 1747 529 1773 497.
583 1739 642 1766 Liu.
659 1745 740 1772 21,18.
812 1741 893 1768 Ouid.
908 1744 972 1769 Met.
981 1753 1002 1775 3,
1016 1753 1069 1776 294
1132 1743 1261 1776 Sanguine
1281 1742 1362 1767 Ouid.
1376 1742 1438 1767 Met.
1454 1743 1480 1772 6,
1492 1746 1547 1771 238.
1623 1740 1686 1765 Dies
1709 1739 1796 1765 imbre
1820 1739 1940 1765 foedatus
1962 1739 1998 1765 est
2021 1739 2175 1766 Mainertin.
2220 1756 2221 1762 ι

32 1777 146 1809 Qialem
168 1776 305 1807 Saturnia,
329 1775 414 1807 dixit,
435 1774 480 1800 Te
502 1773 568 1800 solet
592 1774 870 1810 amplediiQVeneris
888 1786 955 1805 ,cum
975 1778 1069 1803 foedus
1130 1778 1190 1803 Pan.
1205 1776 1314 1802 Maxim.
1333 1784 1354 1800 c.
1369 1783 1404 1800 12.
1491 1776 1557 1800 Cato
1576 1774 1642 1809 apud
1655 1774 1719 1800 Plin.
1733 1782 1780 1807 29,
1802 1783 1811 1800 1
1845 1774 1903 1800 Nos
1927 1783 2033 1809 quoque
2052 1775 2176 1802 dictitant

0 1813 2 1830 t
31 1811 124 1844 luitis,
152 1811 191 1836 Da
205 1811 274 1836 inihi
287 1816 312 1836 te
326 1810 414 1836 talem.
520 1808 656 1833 infirmare
670 1808 762 1834 foedus
776 1810 831 1834 Cic.
845 1819 894 1842 pro
907 1811 988 1837 Corn.
997 1812 1070 1837 Balb.
1133 1810 1274 1839 barbaros,
1302 1815 1328 1834 et
1347 1809 1464 1842 spurcius
1484 1817 1531 1834 nos
1554 1818 1634 1843 quam
1655 1809 1720 1835 alios
1745 1810 1837 1844 opicos
1860 1810 2037 1844 appellatione
2058 1810 2175 1836 foedant.

31 1853 70 1879 14.
139 1846 251 1878 Iungere
263 1844 370 1870 foedera
384 1842 479 1875 Virgil.
493 1842 559 1880 Acri.
574 1847 596 1871 8,
610 1844 667 1874 641.
703 1842 756 1867 vid.
778 1848 817 1869 lv
827 1849 848 1867 N
859 1850 918 1870 Go.
990 1846 1068 1880 Iungi
1080 1849 1114 1875 43
1133 1845 1247 1871 Nefario
1267 1843 1363 1870 scelere
1383 1843 1492 1870 foedare
1508 1844 1626 1879 aliquem
1645 1845 1700 1872 Cic.
1719 1844 1751 1871 de
1764 1846 1856 1879 Arusp.
1872 1846 1947 1879 Resp.
1960 1848 2005 1877 46.
2076 1844 2176 1871 Verbe·

30 1879 140 1908 foedere
153 1879 248 1910 alicui,
274 1878 328 1903 vid.
348 1882 466 1903 1VNGO.
522 1874 584 1915 Lm.
595 1878 638 1907 26,
650 1884 708 1915 24..
743 1877 861 1904 Iuratum
873 1879 935 1905 Ioui
948 1879 993 1906 Sil.
1009 1889 1028 1911 i,
1041 1889 1068 1913 9.
1131 1879 1206 1906 ribus
1225 1879 1335 1906 foedare
1354 1879 1444 1906 Tacit.
1460 1879 1528 1905 Hist.
1540 1888 1569 1912 3,
1584 1887 1628 1915 77.
1698 1874 1783 1907 'Vestis
1801 1881 1883 1907 serica
1902 1881 1975 1907 viros
1993 1879 2083 1907 foedat
2101 1880 2176 1907 Idem

30 1916 140 1945 Laesum
161 1914 236 1948 Virg.
250 1914 313 1939 Aen.
329 1920 360 1943 12,
371 1913 434 1944 496.
505 1910 665 1945 Negligere‚
682 1911 800 1944 violare,
815 1922 938 1948 rumpere
958 1915 1068 1942 foedera
1133 1917 1201 1942 Ann.
1222 1924 1252 1947 2,
1271 1923 1308 1947 33.

32 1952 88 1980 cic.
102 1959 152 1985 pro
165 1950 246 1976 Corn.
261 1947 332 1975 Balb.
347 1955 380 1979 13.
448 1945 550 1986 Pepigit
564 1945 672 1972 foedera
688 1947 757 1973 mihi
770 1953 857 1975 tecum
870 1950 946 1984 Virg.
955 1951 1019 1977 Aen.
1030 1960 1068 1984 ιο,
1168 1956 1184 1976 F
1197 1958 1241 1977 OE
1251 1957 1298 1977 DA
1309 1956 1370 1982 Ns,
1389 1950 1465 1975 antis.
1501 1950 1594 1976 Partic.
1630 1949 1706 1984 Virg.
1722 1950 1785 1978 Aen.
1800 1958 1833 1983 11,
1847 1952 1887 1980 86.
1911 1956 1935 1977 et
1952 1958 1990 1983 12,
2004 1956 2056 1985 871.
2093 1950 2176 1978 Ouid.

34 1996 92 2021 90²·
162 1984 261 2012 Oblato
279 1983 392 2018 gaudens
407 1989 532 2016 componi
548 1981 656 2008 foedere
677 1981 776 2009 bellum
796 1983 869 2010 Idem
884 1986 947 2011 Aen.
962 1995 996 2018 12,
1012 1995 1067 2018 109.
1130 1986 1194 2011 Met.
1210 1993 1236 2020 7,
1254 1990 1311 2017 850.
2176 2013 2181 2018 ⁶

30 2020 168 2056 obstringi
180 2020 261 2047 tacito
274 2018 381 2045 foedere
393 2017 464 2043 inter
476 2017 501 2042 se
514 2017 583 2043 Tac.
597 2016 665 2043 Hist.
680 2025 700 2049 1,
715 2025 756 2050 54.
825 2020 932 2046 Paetum
947 2021 1002 2047 Cic.
1020 2030 1070 2055 pro
1084 2027 1115 2053 50
1170 2026 1186 2046 F
1200 2026 1218 2046 o
1230 2027 1273 2046 ΕΙ)
1283 2027 1336 2047 AT
1346 2026 1365 2046 V
1377 2027 1407 2053 s,
1425 2029 1450 2052 a,
1470 2029 1525 2046 um.
1561 2020 1653 2047 Partic.
1689 2020 1750 2047 Liu.
1769 2029 1796 2053 3,
1816 2029 1844 2053 3²
1861 2027 1904 2056 pr.
1937 2021 2084 2056 Multiplici
2104 2021 2177 2048 clade

31 2059 103 2087 sext,
115 2064 155 2090 33.
256 2055 394 2081 Percutere
407 2052 517 2084 foedus,
541 2051 595 2079 vid.
617 2058 800 2082 PERCVTIO.
872 2056 964 2083 Petere
975 2056 1070 2083 foedus
1133 2055 1254 2082 foedatus
1270 2064 1362 2082 annus.
1429 2056 1525 2082 Sacella
1543 2057 1643 2082 summa
1657 2057 1821 2090 turpitudine
1842 2056 1948 2082 foedata
1967 2057 2022 2083 Cic.
2037 2057 2069 2083 de
2081 2057 2177 2091 Arusp.

37 2092 163 2129 Quinctil.
177 2099 203 2126 7,
216 2101 236 2124 3.
290 2090 411 2117 Polluerc
424 2087 516 2114 foedus
528 2093 636 2114 naturae
649 2087 730 2115 Ouid.
744 2089 808 2116 Met.
822 2099 859 2122 10,
873 2100 923 2124 333.
966 2092 1070 2119 Polluta
1134 2092 1209 2125 Resp.
1231 2100 1252 2118 c.
1267 2099 1300 2124 15.
1367 2091 1464 2125 Virgil.
1479 2092 1542 2117 Aen.
1556 2099 1582 2125 7,
1594 2099 1640 2125 575
1676 2106 1721 2110 —
1758 2091 1857 2118 foedati
1874 2100 1920 2118 ora
1940 2092 2034 2118 Galesi.
2094 2092 2177 2119 Ouid.

38 2130 103 2162 dolis
121 2128 167 2155 Sil.
182 2137 220 2160 ιι,
239 2134 292 2159 323.
366 2132 368 2134 ·
398 2124 537 2150 Renouare
556 2122 649 2150 foedus
669 2124 723 2150 Cic.
742 2133 791 2158 pro
810 2126 891 2153 Corn.
912 2126 984 2153 Balb.
1021 2147 1026 2153 .
1063 2148 1072 2156 .
1132 2127 1195 2153 Met.
1213 2135 1252 2161 14,
1268 2135 1314 2159 190
1350 2139 1394 2145 ——
1431 2126 1587 2160 foedataque
1601 2126 1707 2153 brachia
1723 2127 1793 2153 tabo.
1831 2127 1903 2163 Conf.
1916 2128 1981 2154 Met.
1996 2135 2024 2160 5,
2044 2134 2084 2160 59.

40 2165 176 2198 Reposcere
191 2162 283 2190 foedus
298 2160 373 2195 Virg.
389 2160 453 2187 Aen.
467 2168 506 2192 12,
521 2166 575 2194 573.
647 2159 803 2186 Rescindere
821 2161 914 2187 foedus
934 2163 1030 2188 Patere.
1044 2171 1069 2194 2,
1169 2168 1239 2188 FOE
1250 2169 1267 2188 1)
1277 2168 1300 2187 Α
1310 2167 1331 2186 Τ
1341 2167 1351 2186 1
1363 2166 1401 2193 Ο,
1419 2161 1487 2187 onis.
1521 2162 1541 2188 f.
1578 2162 1653 2197 Apud
1667 2162 1813 2194 symmach.
1852 2182 1858 2189 .
1897 2182 1903 2190 .
1940 2182 1949 2193 .

40 2208 75 2234 90
92 2205 152 2228 extr,
222 2199 354 2232 Rumpere
372 2195 479 2222 foedera
498 2194 594 2229 Virgil.
611 2195 679 2220 Aen.
694 2199 722 2227 8,
743 2203 801 2228 540.
887 2198 943 2230 Qii
962 2197 1070 2224 foedera
1085 2196 1114 2223 55
1171 2203 1215 2223 FO
1227 2202 1243 2222 Ε
1256 2202 1409 2228 DATOR,
1429 2197 1493 2223 oris.
1529 2206 1565 2224 m.
1600 2198 1676 2232 Apud
1689 2198 1756 2225 Geli.
1794 2217 1801 2225 .
1839 2218 1845 2224 .
1883 2217 1889 2224 .

39 2235 160 2270 Rumpit,
180 2233 301 2264 Ditatur;
321 2233 367 2267 qui
383 2233 482 2263 seruat,
502 2235 560 2265 eget
580 2230 671 2256 Claud.
687 2230 716 2256 in
727 2231 836 2266 Eutrop.
851 2240 874 2260 2.
888 2241 938 2264 213.
987 2234 1069 2260 Rum-
1170 2237 1240 2258 FOE
1252 2238 1311 2259 DE.
1349 2231 1415 2259 Adii.
1453 2232 1581 2267 [μιαρῶς]
1620 2234 1757 2268 Turpiter,
1781 2234 1821 2260 vel
1840 2232 1987 2260 Crudeliter.
2023 2233 2084 2259 Liu.
2105 2240 2133 2265 3,
2153 2240 2179 2266 51

10 2290 11 2296 ,
39 2279 100 2305 pere
112 2271 256 2301 staternuni
270 2268 361 2295 foedus
375 2268 469 2293 Horat.
482 2265 560 2300 Epist.
574 2274 594 2298 1,
607 2274 629 2298 3,
642 2273 678 2298 35.
749 2267 853 2294 Sacrare
874 2268 985 2305 foedus,
1014 2268 1069 2295 vid.
1134 2268 1198 2294 Non
1214 2268 1318 2294 minore
1332 2274 1405 2293 motu
1418 2269 1569 2294 animorum
1586 2268 1664 2295 Siccii
1683 2269 1768 2299 caedis
1789 2268 1918 2295 memoria
1939 2274 2063 2295 renouata
2073 2289 2081 2301 ‚
2101 2277 2180 2305 quam

37 2307 156 2336 Sacrorin
176 2312 283 2333 SACER.
389 2302 494 2328 Sancire
510 2299 616 2327 foedera
635 2301 731 2335 virgil.
745 2303 809 2329 Aen.
826 2311 869 2336 12,
884 2312 944 2330 200.
1009 2305 1070 2331 San·
1134 2303 1204 2338 quod
1219 2312 1290 2330 noua
1304 2303 1374 2329 fama
1396 2303 1428 2329 de
1441 2304 1564 2338 Virginia
1584 2303 1650 2330 adeo
1670 2303 1749 2330 foede
1764 2304 1795 2330 ad
1816 2304 1957 2330 libidinem
1975 2304 2072 2337 petita,
2090 2312 2180 2330 accen-

10 2352 11 2367 :
37 2342 89 2368 cire
101 2341 192 2371 foedus
205 2340 329 2375 sanguine
342 2338 454 2365 alicuius
468 2337 551 2364 icium
571 2337 627 2364 Cic.
641 2346 690 2371 pro
704 2338 772 2364 Sext.
789 2347 830 2372 24.
902 2339 1005 2367 Sancite
1025 2349 1069 2375 pa·
1134 2339 1216 2366 derat.
1311 2338 1399 2366 Foede
1420 2345 1563 2373 pugnatum
1577 2339 1612 2365 est
1633 2339 1692 2365 Liu.
1707 2342 1734 2372 6,
1747 2348 1766 2366 1.
1802 2339 1877 2375 Cous.
1890 2338 1948 2365 Val.
1962 2339 2072 2365 Maxim.
2086 2346 2109 2372 5,
2124 2349 2145 2372 3,
2160 2349 2180 2366 1.

36 2376 150 2411 «stiones,
168 2376 292 2407 foedera,
310 2374 540 2402 reconciliationes
563 2373 687 2408 sanguine
701 2373 811 2400 alicuius
832 2374 907 2402 Idem
919 2376 977 2402 Post
991 2376 1070 2403 redit.
1083 2371 1118 2396 60
1133 2374 1290 2409 Tempestas
1314 2383 1441 2409 perquam
1467 2373 1546 2401 foede
1572 2374 1680 2401 turbida
1702 2375 1807 2402 Lucret.
1828 2384 1863 2407 4,
1884 2382 1939 2409 170.
2033 2375 2178 2401 Admiss'um

34 2413 67 2440 ad
81 2413 158 2447 Qir.
172 2422 205 2445 ¹3-
273 2413 382 2438 Seruare
395 2410 516 2444 promifl'a
527 2408 634 2435 foedera
648 2409 728 2436 Ouid.
742 2409 806 2438 Fast.
819 2418 845 2443 2,
860 2418 910 2443 159.
966 2412 1068 2438 Sociata
1133 2410 1230 2443 foede,
1248 2409 1402 2444 dielumque
1416 2410 1525 2445 superbe
1539 2410 1611 2436 Idem
1626 2420 1647 2442 ς,
1663 2419 1726 2442 1123.
1797 2411 1884 2437 Foede
1898 2410 2017 2436 diuexari
2031 2410 2178 2436 CieTusc.

33 2449 130 2476 coniux
150 2453 277 2483 perpetuo
296 2445 358 2473 1εὲἲί
377 2444 485 2471 foedere
503 2444 575 2470 Idem
593 2445 621 2470 iii
632 2444 692 2470 Ibin
714 2452 747 2477 15.
840 2446 948 2473 Soluere
960 2447 1069 2474 foedera
1134 2455 1154 2477 1,
1192 2466 1198 2473 .
1237 2466 1244 2472 .
1315 2445 1402 2472 Foede
1416 2447 1571 2473 interemtus
1590 2445 1650 2472 Liu.
1666 2454 1706 2479 25,
1721 2451 1733 2476 8
1753 2445 1782 2471 de
1798 2453 1875 2480 poena
1892 2448 1973 2472 atroci
1986 2448 2012 2470 in
2027 2444 2179 2506 obstringu-

31 2481 106 2519 Virg.
119 2486 184 2511 Aen.
202 2492 241 2514 ιο,
259 2491 295 2514 91.
367 2480 439 2506 Stare
459 2479 568 2506 foedere
586 2479 645 2506 Liu.
665 2480 697 2506 de
709 2481 772 2507 Bell.
785 2481 848 2508 Puii.
887 2502 893 2508 .
930 2502 936 2509 .
997 2484 1069 2510 Stare
1131 2492 1187 2518 gam
1201 2483 1307 2508 molitor.
1363 2481 1477 2508 Foedius
1490 2481 1553 2508 inde
1569 2482 1665 2515 pulsus,
1681 2490 1760 2515 quain
1774 2480 1909 2514 pepulerat
1922 2481 1993 2507 Idem
2007 2488 2032 2511 2,
2049 2488 2083 2512 51.
2144 2480 2177 2506 ic.

0 2531 2 2548 ἰ
32 2520 154 2547 aduersus
169 2517 261 2545 foedus
279 2516 353 2542 Idem
365 2514 432 2541 ibid.
501 2515 526 2541 Si
543 2523 590 2541 vos
604 2524 657 2542 non
671 2516 779 2542 Tenent
793 2517 876 2543 vestra
890 2518 996 2545 foedera
1009 2519 1068 2546 Liu.
1133 2519 1185 2544 Att.
1199 2526 1225 2550 9,
1240 2519 1257 2543 6
1276 2519 1329 2552 (71)
1349 2518 1431 2544 Causa
1446 2517 1529 2552 igitur
1542 2525 1596 2543 non
1610 2516 1679 2543 bona
1693 2516 1746 2542 est?
1771 2517 1855 2542 inimo
1870 2515 1971 2550 optima
1985 2526 1991 2541 :
2023 2514 2068 2541 sed
2086 2522 2178 2551 agetur

8 2551 9 2554 ¹
33 2563 72 2587 21,
86 2560 120 2584 18.
190 2551 317 2579 Transire
330 2551 357 2576 in
372 2550 466 2577 foedus
478 2549 552 2577 Idem
564 2550 632 2579 ibid.
649 2573 655 2575 Α
702 2553 818 2579 Veniunt
832 2553 863 2579 ad
875 2553 968 2580 foedus
981 2563 1068 2581 aman-
1086 2553 1117 2584 65
1133 2556 1290 2585 (memento)
1311 2553 1465 2579 foedissime.

34 2595 72 2617 tes
90 2588 172 2616 Ouid.
191 2587 222 2614 de
236 2588 299 2613 Arte
312 2589 370 2613 Am.
383 2594 410 2618 2,
422 2594 479 2621 579.
551 2586 658 2613 Violare
677 2586 770 2614 foedus
788 2588 844 2615 Cic.
863 2588 977 2624 Philipp.
994 2599 1033 2622 13,
1051 2600 1070 2624 4
1171 2594 1187 2614 F
1198 2586 1391 2619 enarras,
1412 2588 1469 2613 atis.
1505 2588 1525 2613 f.
1563 2586 1719 2622 [αἰχρότηὴ
1741 2586 1849 2620 μωρία]
1890 2584 2039 2620 Tuo-pitudo.
2076 2586 2178 2618 Liu.31,

34 2634 57 2652 c.
75 2635 96 2651 2.
147 2623 257 2650 Violare
270 2622 421 2648 communia
435 2620 542 2648 foedera
555 2623 623 2657 pacis
637 2623 741 2650 Lucret.
753 2631 776 2656 5,
787 2632 852 2658 1154.
1008 2624 1029 2662 fl
1050 2634 1069 2657 4
1135 2631 1167 2655 34
1188 2623 1278 2648 Diuisa
1292 2631 1306 2648 a
1320 2631 1430 2656 corpore
1443 2623 1542 2656 capita,
1563 2622 1730 2656 patentiaque
1744 2622 1860 2652 viscera,
1879 2627 1905 2647 et
1924 2621 2078 2647 foeditatem
2098 2621 2178 2648 aliam

35 2661 93 2696 Obs.
120 2658 237 2690 Foedus,
251 2665 300 2694 pro
317 2659 387 2693 Lege.
424 2657 520 2692 virgil.
532 2658 596 2684 Aen.
615 2667 641 2688 1,
660 2660 695 2684 66
718 2659 868 2693 Regemque
889 2659 961 2685 dedit
981 2661 1070 2685 Ventis
1134 2658 1276 2683 vulnerum
1289 2657 1421 2683 viderunt.
1493 2657 1550 2683 Cic.
1565 2656 1597 2683 de
1611 2657 1668 2684 Fin.
1684 2666 1705 2689 3,
1718 2662 1746 2688 38
1771 2666 1794 2683 c.
1808 2665 1830 2683 ιι
1858 2656 1915 2682 Nisi
1932 2665 1976 2682 eos
1995 2665 2040 2689 per
2054 2657 2080 2682 sc
2093 2656 2180 2683 foedi-

34 2697 135 2725 Aeolum
147 2696 253 2729 Iupiter,
270 2694 316 2728 qui
329 2693 438 2720 foedere
450 2699 522 2718 certo
557 2693 587 2719 Et
600 2701 720 2726 premere
732 2699 758 2719 et
770 2694 839 2719 laxas
853 2694 930 2720 sciret
944 2694 1005 2720 dare
1019 2695 1071 2720 ius·
1135 2697 1187 2718 tate
1201 2693 1244 2717 sua
1257 2691 1395 2725 turpitudo
1416 2692 1469 2726 ipsa
1482 2692 1620 2720 deterreat.
1728 2691 1820 2718 Animi
1832 2691 1975 2726 turpificati
1988 2692 2141 2726 deprauatio
2154 2697 2182 2722 et

34 2733 76 2759 sus
89 2730 211 2757 habenas.
283 2729 317 2755 Vt
331 2734 371 2754 tot
384 2733 525 2762 pugnantes
539 2734 642 2761 regeret
655 2728 796 2755 concordia
809 2730 910 2761 causas,
934 2730 1071 2764 Staretque
1084 2735 1120 2763 70
1135 2727 1248 2753 foeditas
1268 2726 1343 2753 Idem
1355 2726 1430 2754 Offic.
1447 2737 1475 2759 3,
1495 2736 1546 2760 105.
1617 2727 1793 2754 Morientium
1820 2726 1933 2753 foeditas
1958 2727 2048 2753 lustin.
2063 2736 2085 2759 2,
2099 2736 2131 2760 13,
2146 2736 2181 2759 13.

33 2767 135 2795 alterno
148 2765 282 2799 Religatus
296 2763 405 2790 foedere
418 2762 530 2789 mundus
543 2763 636 2790 Maiiil.
651 2771 674 2794 3,
695 2771 735 2795 54.
840 2764 998 2799 Aequissinio
1013 2765 1072 2791 iure
1136 2762 1233 2788 Odoris
1248 2763 1360 2789 foeditas
1378 2763 1434 2790 Cic.
1449 2762 1481 2789 de
1496 2763 1593 2790 Natur.
1609 2763 1689 2789 Deor.
1704 2771 1730 2795 2„
1745 2771 1788 2797 127
1808 2771 1828 2789 c.
1845 2770 1884 2795 50.
1940 2763 1982 2790 Sic
1995 2763 2182 2789 Pcdiculorum

34 2809 60 2830 et
73 2802 182 2829 foedere
201 2799 295 2827 ciuitas
314 2800 370 2826 Cic.
384 2807 431 2834 pro
444 2797 523 2825 Arch.
538 2800 563 2825 6.
633 2799 746 2826 Aeterna
764 2798 873 2826 foedera
891 2800 968 2826 certis
987 2800 1073 2835 impo-
1136 2798 1248 2824 foeditas
1262 2798 1326 2824 Plin.
1343 2806 1374 2829 11,
1388 2807 1422 2830 33.
1495 2799 1554 2825 Liu.
1569 2807 1595 2830 1,
1615 2803 1646 2828 28
1667 2805 1732 2824 extr.
1760 2799 1888 2825 Auertere
1908 2806 1998 2824 omnes
2014 2806 2027 2823 a
2040 2804 2110 2824 tanta
2123 2798 2181 2824 foe-

5 2847 8 2856 ·
35 2836 86 2866 suit
104 2843 196 2864 natura
215 2835 280 2862 locis
298 2835 394 2870 Virgil.
409 2835 505 2868 Georg.
521 2843 546 2866 ι,
559 2836 602 2860 60.
655 2834 728 2869 Conf.
741 2834 872 2861 Columel.
889 2836 972 2869 praef.
1003 2843 1026 2862 et
1044 2839 1072 2862 in
1138 2832 1219 2860 ditate
1233 2833 1378 2868 Spectaculi
1393 2833 1492 2860 oculos.
1563 2834 1618 2860 Cic.
1629 2832 1743 2868 Philipp.
1752 2842 1787 2864 12,
1802 2841 1827 2859 12
1847 2835 1894 2860 c.6
1913 2832 2026 2867 Qiando
2040 2834 2097 2859 eius
2111 2833 2182 2860 obli-

34 2869 123 2901 Horto
144 2874 181 2900 16.
376 2868 396 2907 fl
425 2878 437 2903 5
471 2872 520 2897 Pro
533 2869 674 2905 foeditate,
686 2870 711 2905 J:
731 2879 758 2896 re
766 2870 846 2905 foeda
858 2874 922 2905 poni
938 2871 1038 2898 videtur
1058 2880 1074 2898 a
1136 2869 1251 2896 viscetur
1263 2869 1316 2896 vlla
1329 2869 1482 2903 posteritas,
1502 2870 1576 2896 cuius
1595 2870 1691 2896 scelere
1712 2870 1741 2896 in
1755 2868 1803 2896 hac
1817 2869 1932 2896 Vestitus
1952 2869 2078 2895 foeditate
2100 2869 2180 2895 fueri—

5 2915 7 2932 :
36 2908 126 2936 Paullo
144 2908 161 2934 l.
172 2914 210 2942 47
230 2906 263 2934 de
276 2907 331 2933 ritu
344 2906 458 2940 nuptiar.
483 2905 615 2932 Senatoris
628 2904 696 2936 filia,
714 2914 783 2939 quae
796 2915 908 2940 corpore
926 2907 1073 2941 quaestum,
1086 2909 1118 2937 75
1137 2914 1195 2931 inus
1211 2906 1219 2931 3
1290 2904 1385 2931 Vultus
1405 2904 1531 2931 notabilis
1550 2905 1678 2937 foeditas,
1702 2904 1756 2931 vid.
1779 2910 1883 2932 NOTA.
1940 2906 1978 2932 ΡΙ.
1998 2904 2181 2932 Foeditatibus

0 2949 4 2971 ῖ
35 2945 80 2971 vel
98 2948 180 2972 artem
192 2942 321 2969 ludicram
340 2941 449 2973 fecerit,
468 2941 576 2975 impune
596 2940 723 2967 libertino
741 2940 826 2967 nubit.
883 2942 980 2977 Neque
999 2943 1073 2969 enim
1137 2939 1287 2976 exquisitis,
1307 2940 1425 2976 expolito
1439 2941 1535 2967 scelere
1554 2941 1608 2967 Pet.
1621 2940 1742 2973 Chrysol.
1757 2941 1838 2968 Serm.
1854 2947 1903 2974 155.

36 2979 120 3040 ιἑιοιιοε
141 2979 167 3006 ei
185 2979 325 3010 seruatur,
354 2986 423 3013 quae
444 2977 471 3002 sc
495 2977 524 3004 in
546 2982 647 3002 tantum
670 2976 762 3006 foedus
781 2976 898 3004 deduxit.
946 2979 1071 3006 Haloand.
1841 3012 1856 3045 1

56 3014 129 3041 celus.
270 3015 273 3018 “
925 3033 928 3035 .

79 3055 95 3074 F
105 3054 240 3076 0.ED1FR
248 3045 298 3076 KG
309 3055 368 3080 vs,
382 3056 406 3080 a,
421 3056 475 3074 um.
495 3047 555 3074 Adi.
580 3045 731 3081 [ἔκσπονδος]
765 3048 861 3083 Raptor
868 3047 992 3083 foederis.
1012 3050 1070 3077 Cic.
1525 3014 1548 3046 F
1618 3014 1647 3046 O
1723 3015 1751 3046 E
1817 3014 1841 3046 h

14 3119 15 3122 Ἰ
45 3082 98 3110 Off.
107 3090 129 3111 1,
139 3087 166 3113 38
179 3092 200 3109 c.
209 3093 233 3110 12
251 3084 333 3111 Poeni
349 3083 510 3118 foedifragi,
531 3083 644 3109 crudelis
658 3082 781 3109 Annibal.
818 3083 891 3119 Cons.
907 3085 974 3111 Geli.
989 3094 1025 3118 19,
1040 3094 1065 3120 7.
1089 3082 1121 3108 80
1174 3088 1189 3110 F
1199 3087 1336 3111 OEMEN‘
1347 3104 1356 3117 ,
1380 3083 1434 3111 vid.
1464 3089 1481 3111 F
1492 3091 1567 3111 EME
1578 3090 1612 3111 N.

14 3125 16 3135 ¹
68 3142 69 3145 ,
81 3123 99 3143 F
111 3122 131 3143 Ο
140 3122 231 3144 EDER
242 3125 262 3145 o
271 3139 280 3152 ,
299 3123 350 3146 ire.
390 3119 490 3145 Foedere
499 3117 576 3155 saffo
590 3120 723 3145 conciliare
735 3124 758 3144 ct
771 3121 924 3155 coniungere.
960 3122 1073 3149 Hieron.
1176 3125 1194 3145 F
1205 3126 1224 3145 O
1233 3126 1282 3146 EM
1291 3121 1300 3144 ἰ’
1310 3126 1332 3145 Ν
1343 3127 1365 3146 Α
1374 3140 1382 3152 ,
1417 3121 1504 3146 melius
1532 3126 1549 3147 Ρ
1559 3126 1575 3146 Ε
1584 3127 1608 3146 M
1618 3126 1703 3152 INA,
1731 3127 1769 3145 ae.
1807 3117 1826 3144 f.
1864 3118 1875 3150 [
1889 3116 1981 3148 θῆλυς,
2001 3114 2092 3141 θῦλέῑκ
2104 3115 2118 3148 ]
2153 3114 2183 3141 Α

14 3158 17 3180 l
42 3153 112 3188 Epit-
149 3171 156 3177 ·
191 3171 198 3177 -
247 3155 327 3181 Paull.
341 3155 419 3189 Epist.
434 3161 468 3189 27
489 3164 510 3181 c.
526 3164 554 3181 10
580 3155 714 3188 Iurgaiites
732 3154 802 3181 inter
819 3155 844 3181 se
865 3156 1004 3183 lentillimo
1023 3158 1073 3184 ser·
1138 3155 1255 3181 Feminis
1274 3155 1392 3188 mollitie,
1411 3163 1440 3182 vt
1455 3155 1554 3191 quidam
1569 3162 1682 3191 putant:
1698 3154 1751 3188 fiue
1770 3163 1785 3180 a
1798 3154 1872 3185 Petu,
1892 3159 1922 3178 vt
1941 3161 1984 3178 nos
1996 3160 2093 3190 rfmur,
2113 3149 2179 3175 vnde

3 3200 5 3206 ¹
41 3196 122 3216 mone
134 3186 288 3216 foederabat.
336 3191 467 3217 Ammian.
482 3199 518 3223 31,
531 3198 556 3216 12
575 3190 643 3216 Cum
654 3190 835 3217 foederaretur
847 3191 996 3218 concordia.
1032 3192 1072 3219 Id.
1137 3191 1251 3222 Femen,
1269 3192 1382 3223 Femur,
1402 3198 1426 3217 et
1439 3192 1547 3218 Femina
1567 3191 1706 3227 descendere
1720 3196 1844 3225 putamus.
1887 3189 1927 3214 Ac
1942 3188 2050 3213 Femina
2062 3188 2117 3219 Jine
2130 3186 2180 3211 Di-

44 3231 81 3258 25,
94 3232 122 3255 24
142 3222 279 3250 Foederata
293 3234 361 3260 pace.
1132 3226 1262 3262 phthongo
1276 3225 1308 3259 qli
1322 3229 1349 3252 in
1362 3230 1464 3262 oprimis
1478 3228 1610 3263 quiburque
1621 3228 1785 3252 monimentis.
1822 3222 2024 3259 ConflfidorA,
2039 3230 2059 3246 2.
2094 3220 2178 3246 Plaut.

82 3264 100 3284 F
112 3265 130 3284 o
141 3263 292 3286 EDERAT
303 3267 360 3292 vs,
378 3269 401 3293 a,
421 3269 476 3288 11111.
498 3261 566 3288 Part.
591 3257 769 3295 [ἐμόσπονδος]
804 3261 944 3289 Foederati
957 3262 1075 3289 dicuntur
1085 3262 1116 3291 85
1137 3262 1204 3288 Pers.
1220 3271 1248 3294 4,
1261 3270 1282 3293 3,
1300 3264 1317 3288 6
1342 3262 1397 3296 Qi
1410 3263 1522 3289 Atticam
1537 3262 1618 3289 hodie
1631 3261 1767 3287 ciuitatem
1788 3260 1917 3285 maiorem
1930 3258 1979 3284 feci
1989 3277 1996 3289 ,
2017 3262 2094 3290 atque
2113 3255 2179 3282 auxi

42 3292 154 3328 Populi,
173 3295 215 3327 qui
226 3292 319 3325 foedere
332 3294 382 3323 icio
394 3306 449 3323 cum
468 3297 527 3322 aliis
534 3298 635 3331 populis
643 3296 787 3332 societatem
805 3300 925 3324 coierunt.
960 3298 1028 3324 Suet.
1044 3298 1073 3324 in
1137 3297 1192 3323 ciui
1211 3297 1318 3323 femina.
1388 3299 1418 3324 In
1441 3307 1514 3324 mare
1539 3303 1564 3324 et
1584 3298 1613 3323 in
1637 3296 1737 3322 femina
1761 3294 2015 3322 commiscendorum
2033 3299 2179 3331 corporum

45 3329 132 3363 Calig.
150 3337 172 3354 c.
186 3335 198 3359 3
225 3327 455 3367 Domisforisque
474 3332 579 3363 ciuilis,
605 3332 689 3358 libera
707 3341 736 3358 ac
754 3333 889 3360 foederata
906 3332 1003 3368 oppida
1020 3333 1073 3360 fine
1138 3333 1222 3359 mirae
1236 3333 1362 3360 libidines
1373 3334 1429 3360 Cic.
1443 3333 1475 3360 de
1488 3334 1582 3360 Natur.
1597 3333 1677 3360 Deor.
1691 3341 1717 3364 2,
1733 3337 1781 3361 128.
1851 3332 1881 3356 In
1904 3336 1996 3356 natura
2017 3327 2178 3353 feminarum

44 3363 187 3392 Κεῖοι-113115
199 3361 294 3389 adlbflt-
334 3366 389 3393 Vni.
403 3367 477 3393 Idem
490 3368 597 3402 August.
612 3375 687 3401 c.47.
746 3367 802 3395 Cic.
816 3370 891 3396 Verr.
910 3376 937 3402 ς,
962 3389 968 3395 .
1000 3389 1007 3396 .
1043 3371 1074 3396 In
1138 3369 1250 3395 sentiant
1264 3369 1390 3395 mulieres
1404 3378 1509 3396 omnem
1522 3368 1664 3395 castitatem
1685 3367 1739 3402 peti
1760 3366 1833 3393 Idem
1847 3366 1878 3392 de
1892 3364 1983 3399 Legib.
1998 3371 2022 3394 2,
2034 3364 2077 3388 26·
2131 3362 2180 3388 Be-

5 3411 9 3418 *
42 3399 143 3436 oppido
157 3398 360 3438 foederqtofum·
428 3403 500 3430 Idem
513 3412 562 3437 pro
574 3403 653 3430 Arch.
668 3411 686 3438 7
704 3412 726 3430 c.
739 3413 758 3436 4
780 3404 805 3429 Si
819 3405 867 3438 qui
884 3404 1026 3431 foederatis
1039 3406 1075 3432 ci·
1138 3404 1201 3430 stiae
1219 3404 1285 3431 aliae
1298 3413 1398 3437 mares,
1417 3405 1484 3431 aliae
1498 3405 1613 3431 feminae
1628 3404 1684 3429 Cic.
1699 3403 1731 3429 de
1743 3403 1839 3429 Natur.
1853 3402 1931 3427 Deor.
1944 3408 1967 3431 a,
1983 3403 2030 3427 128-
2074 3397 2179 3437 51ᾒὶὓὶἰᾶ

4 3462 7 3468 ,
39 3435 170 3464 vitatibus
183 3433 307 3467 adscripti
317 3434 399 3474 ecl-sent.
432 3445 455 3463 et
467 3439 537 3473 Nep.
551 3447 587 3471 23,
601 3449 621 3471 3,
636 3448 658 3465 2.
750 3440 863 3473 Populus
880 3440 935 3466 Cic.
955 3440 986 3465 de
999 3441 1074 3468 Orat.
1086 3447 1122 3470 90
1136 3439 1334 3474 pulchritudine
1347 3440 1447 3466 femina
1461 3439 1535 3467 Idem
1550 3440 1582 3465 de
1594 3439 1687 3465 Diuin.
1703 3447 1728 3470 1,
1743 3446 1769 3470 52
1789 3446 1811 3464 c.
1825 3444 1863 3469 25.
1940 3469 1945 3474 .
1967 3432 2180 3473 Praestantiffinia

0 3474 7 3488 *⁴
41 3480 66 3505 1,
81 3477 124 3502 182
144 3479 165 3496 c.
178 3478 223 3504 40.
278 3469 347 3494 Socii
362 3475 387 3495 et
400 3470 526 3501 foederati
538 3475 630 3508 populi
642 3473 714 3501 Idem
726 3482 775 3509 pro
788 3476 867 3501 Corn.
882 3475 953 3502 Balb.
969 3484 1002 3501 20
1021 3482 1074 3506 αξξ.
1138 3476 1258 3502 omnium
1277 3476 1437 3502 feminarum
1451 3484 1518 3502 vxor
1532 3481 1576 3502 tua
1591 3475 1648 3501 Cic.
1662 3475 1733 3500 Fam.
1747 3481 1769 3506 5,
1783 3477 1804 3502 8.
1881 3471 2034 3509 Varium-et
2049 3468 2179 3495 mutabile

0 3511 9 3532 ἃ
32 3507 101 3535 Cic.
114 3507 192 3532 Verr.
205 3506 279 3545 .4’.²⁶
306 3504 336 3530 1¹¹
347 3503 563 3546 Mamertinorum
575 3510 632 3536 solo
645 3509 788 3537 foederato‘
801 3516 881 3546 atque
893 3516 1002 3546 pacato,
1018 3520 1074 3538 mo.
1138 3512 1239 3545 semper
1258 3511 1359 3538 femina
1377 3511 1474 3545 Virgil.
1491 3512 1554 3537 Aen.
1574 3519 1609 3544 4,
1628 3512 1690 3543 469.
1796 3507 1868 3546 Bon?
1888 3506 1944 3532 Cic·
1959 3505 2071 3538 PhfflPP·
2090 3513 2119 3536 3,
2140 3504 2179 3530 16'-

0 3548 9 3568 1
42 3543 190 3570 nimentum
203 3539 276 3566 istius
290 3537 449 3580 crudelitatis
462 3545 628 3572 constitutum
640 3545 685 3571 est.
1141 3546 1284 3573 Culiissima
1303 3546 1383 3573 Ouid.
1397 3547 1428 3573 de
1442 3548 1505 3573 Arte
1519 3548 1577 3573 Am.
1593 3556 1613 3578 1,
1626 3553 1669 3579 97.
1740 3543 1884 3573 necemus,
1906 3541 1960 3566 vicl.
1978 3540 2002 3567 b.
2021 3549 2047 3565 υ.
2117 3539 2178 3565 Dux

0 3577 9 3599 ἵ
82 3583 100 3604 F
110 3583 179 3604 OED
189 3582 205 3602 Ε
215 3582 265 3602 RA
277 3580 298 3601 Τ
310 3582 319 3600 Ι
330 3580 365 3606 o,
383 3577 449 3615 fimf·
483 3578 502 3604 f.
541 3581 595 3607 lCt.
614 3584 641 3607 in
655 3581 715 3615 Dig.
753 3601 760 3608 .
796 3601 803 3608 .
1139 3581 1271 3608 malorum
1287 3582 1402 3614 femina,
1420 3588 1446 3609 et
1459 3582 1585 3609 scelerum
1605 3580 1700 3607 artifex
1720 3579 1777 3604 Seii.
1791 3576 1901 3610 Hippol.
1920 3577 1939 3602 s.
1954 3584 1981 3609 4.
2061 3574 2179 3601 Honesta

0 3615 3 3618 ’
79 3616 348 3646 FQEDERATOR
359 3629 368 3641 9
387 3618 457 3650 oris..
483 3620 519 3639 m·
554 3616 607 3642 ICt.
625 3620 653 3642 in
667 3617 732 3643 Cod.
770 3637 776 3643 .
815 3637 822 3643 .
1089 3618 1121 3645 93
1141 3617 1242 3643 femina
1259 3617 1379 3644 Scribon.
1399 3627 1452 3644 102.
1545 3616 1706 3645 Lcffiffima,
1739 3612 1791 3639 vid.
1812 3617 1920 3638 LEGO.
1990 3610 2135 3637 Luculenta
2155 3615 2181 3650 et

79 3654 97 3675 r*
107 3654 150 3674 OE
159 3654 177 3674 D
186 3652 307 3684 ERAJri
320 3651 337 3672 c
348 3652 368 3671 v
377 3651 403 3671 M
414 3664 423 3677 ‚
449 3652 468 3671 i.
502 3656 528 3674 n.
568 3651 721 3687 Stipendium
734 3651 932 3687 foederatorum.
969 3653 1001 3679 In
1019 3652 1077 3679 No·
1140 3651 1248 3683 festina,
1273 3653 1326 3679 vicl.
1347 3659 1364 3679 1.
1373 3659 1394 3679 v
1403 3659 1419 3679 c
1431 3659 1451 3679 v
1460 3660 1475 3679 1.
1484 3659 1500 3679 E
1509 3660 1531 3679 N
1543 3659 1565 3679 'r
1577 3659 1597 3678 v
1606 3658 1634 3676 s.
1706 3648 1814 3680 Nitida,
1846 3646 1899 3673 vid.
1920 3653 1960 3673 N1
1970 3653 1990 3674 T
1999 3653 2053 3673 Eo.
2100 3680 2105 3686 ⁴
2124 3646 2181 3672 Pri-

40 3683 93 3711 vel·
113 3682 204 3710 Iustin-
1142 3688 1226 3713 maria
1247 3687 1301 3715 Cic.
1321 3688 1391 3715 Fam.
1413 3696 1442 3721 5,
1462 3697 1492 3714 11.
1563 3687 1682 3718 Princeps
1697 3683 1764 3709 Plin.
1778 3682 1857 3717 Epist.
1871 3691 1928 3716 144.
1999 3680 2178 3708 Probatissiina

78 3725 242 3750 FOEDVS,
261 3726 287 3749 a,
305 3725 359 3742 uri-1.
386 3715 445 3755 Adi.
481 3714 602 3751 [δυσιᾶἢς,
618 3723 720 3757 μιαρός]
755 3722 895 3758 Deformis.
932 3722 999 3748 Ter.
1008 3722 1074 3748 Eun.
1141 3723 1197 3748 Cic.
1212 3732 1259 3756 pro
1277 3724 1381 3751 Caeciii.
1397 3733 1426 3750 10
1450 3732 1472 3749 c.
1485 3732 1512 3756 4.
1585 3719 1779 3747 Prudentissima
1797 3724 1822 3744 et
1840 3716 2032 3752 diligentissima
2052 3717 2123 3743 Idem
2145 3714 2179 3740 ad

32 3761 74 3787 ‘42'
87 3764 114 3788 42
129 3762 156 3789 ¹7
179 3754 258 3780 Nunc
270 3761 302 3779 ΕΟ
316 3751 365 3791 tibi
380 3751 486 3777 Vldssfflr
499 3751 600 3785 foedus,
614 3757 676 3790 quia
687 3758 759 3784 illam
772 3756 905 3792 (uestem)
919 3766 972 3783 non
986 3756 1074 3783 habet.
1141 3758 1214 3783 Brut.
1231 3764 1256 3787 18
1276 3759 1322 3792 sub
1334 3761 1371 3785 in.
1443 3756 1599 3785 Sanffiflinia
1618 3761 1644 3781 et
1665 3755 1766 3789 optima
1786 3754 1843 3780 Cic.
1858 3753 1970 3788 Philipp.
1985 3761 2006 3784 3,
2020 3755 2055 3778 16.
2110 3751 2180 3776 Con—

45 3790 102 3822 Qsl
113 3798 194 3824 ‘inum
207 3789 261 3822 ipse
272 3786 432 3827 foedffffimu}
447 3786 520 3818 esses,
541 3795 600 3813 eum
634 3805 678 3811 —
712 3802 746 3819 ne
764 3794 859 3819 faciem
873 3792 980 3827 quidem
994 3792 1074 3818 liberi
1085 3795 1132 3813 100
1141 3793 1250 3826 iungere
1263 3793 1388 3821 feminam
1400 3792 1587 3823 matrimonio,
1612 3790 1665 3816 vid.
1685 3796 1701 3816 C
1712 3797 1730 3817 O
1739 3797 1760 3816 N
1773 3797 1782 3816 1
1793 3796 1812 3815 V
1822 3796 1872 3816 NG
1881 3795 1910 3818 Ο.
1983 3789 2076 3814 Horat.
2089 3786 2177 3823 Carni.

17 3825 19 3847 !
44 3822 159 3851 hominis
176 3824 272 3852 habere
287 3823 354 3850 dixlt
374 3821 482 3855 Qun&-
495 3823 521 3853 6,
535 3830 562 3854 4-
632 3825 801 3855 Adulationes
814 3828 908 3855 foedae
923 3829 991 3854 Tac.
1007 3829 1076 3854 Arm.
1141 3837 1169 3860 4,
1186 3837 1217 3860 11,
1231 3836 1258 3860 33
1284 3829 1349 3855 Non
1361 3830 1430 3856 enim
1444 3827 1548 3863 posthac
1562 3826 1612 3852 alia
1625 3826 1725 3853 Calebo
1760 3826 1878 3852 Femina.
1970 3822 2080 3855 implere
2102 3820 2179 3845 femi-

0 3873 2 3875 ·
18 3878 19 3886 ι
44 3866 78 3891 15,
90 3867 127 3892 39-
149 3861 152 3864 ⁴
198 3858 364 3885 Adultffi'iffln
385 3857 465 3884 ΘΗΜ·
478 3858 543 3883 Met·
557 3862 580 3888 8,
595 3860 647 3890 ¹56.
709 3863 790 3889 Amor
810 3864 882 3890 Idem
897 3865 959 3890 Met.
974 3873 1012 3896 10,
1026 3872 1078 3896 3¹9-
1142 3872 1204 3895 iias,
1234 3863 1286 3889 vid.
1306 3871 1400 3891 IMPL
1412 3871 1427 3890 E
1443 3871 1473 3890 o.
1546 3862 1669 3888 Insolitae
1688 3862 1822 3888 foeminae
1837 3860 1946 3895 prodire
1966 3858 1993 3883 in
2009 3861 2181 3883 conuentum,

5 3899 19 3927 .’
44 3894 174 3922 Animalia
193 3895 268 3921 foeda
287 3894 380 3928 capitis
399 3893 464 3919 Plin.
478 3901 513 3923 22,
529 3901 572 3925 24-
643 3894 775 3927 Auaritia,
795 3905 820 3925 et
841 3899 955 3926 libidine
973 3898 1077 3930 foedus,
1142 3898 1196 3925 vid.
1219 3906 1259 3924 IN
1270 3905 1281 3922 s
1291 3904 1311 3924 o
1322 3905 1387 3927 [ιτ
1398 3907 1417 3923 v
1427 3907 1439 3925 s
1449 3918 1455 3924 .
1527 3897 1625 3932 Anguis
1639 3897 1739 3927 femina
1753 3896 1809 3923 Cic.
1825 3895 1857 3922 de
1873 3896 1933 3921 Diu.
1947 3902 1968 3924 2,
1983 3894 2022 3932 ⁶²5
2040 3927 2044 3931 .
2093 3888 2181 3916 Cardo

43 3938 74 3956 fic
87 3931 228 3957 milculOsllS
244 3930 334 3956 Tacit.
348 3929 415 3955 Hlst.
437 3937 462 3960 1,
477 3936 502 3962 7.
566 3928 635 3954 Allrfl
655 3929 714 3955 Stat.
727 3926 817 3959 Theb.
838 3943 868 3966 2,
889 3945 914 3968 4.
989 3935 1076 3968 Caput
1144 3934 1242 3960 femina
1261 3933 1367 3961 Vin-uu,
1380 3944 1411 3967 9⁷
1425 3943 1450 3966 9,
1482 3935 1501 3959 i,
1519 3942 1610 3969 causff,
1629 3936 1671 3968 qui
1690 3931 1820 3968 „lasz-ulum
1839 3935 1908 3969 ins—ra
1921 3927 1949 3962 fi
1967 3931 2065 3959 rempti-
2136 3924 2180 3949 Pa·

42 3964 149 3993 foedum
162 3967 266 4000 impexa
281 3966 417 4000 porrigine
436 3965 530 3993 Horat.
543 3963 624 3991 Serm.
638 3971 662 3993 2,
683 3972 704 3995 3,
725 3967 777 3992 126.
847 3969 972 3997 Carmine
993 3970 1075 3997 foedo
1089 3974 1133 4002 105
1143 3979 1224 3998 vones
1244 3969 1374 3996 Columel.
1389 3975 1471 4031 3531,
1493 3977 1540 4031 ite.t
1622 3969 1702 3996 Piscis
1720 3968 1820 3995 femina
1838 3971 1922 3992 comis
1942 3967 2060 3994 tempore
2079 3966 2181 4028 Ἔξῗὲι

1470 4010 1481 4030 t
1574 4012 1593 4032 2
2169 4007 2181 4016 ⁵
