2479 4225
273 196 346 234 ,779
683 172 716 212 F
805 168 842 209 V
919 163 947 204 S
1763 157 1796 197 F
1887 156 1926 198 V
1988 161 2060 202 >V
2333 161 2444 228 785¹.

266 271 306 308 fla
326 268 378 295 cllis
389 264 552 293 caederentur.
623 261 711 288 Macer
726 260 742 284 l.
757 267 783 284 io
796 257 827 282 D.
841 254 872 280 de
884 261 961 287 poen.
985 252 1022 278 Ex
1038 251 1134 286 quibus
1145 248 1227 276 causis
1237 247 1309 288 liber
1371 257 1398 282 33
1418 250 1468 284 Qii
1483 249 1564 276 aluum
1578 250 1702 274 continere
1714 255 1761 272 non
1770 243 1877 282 poffiant.
1986 249 2087 285 Glacies
2100 260 2145 279 ceu
2161 253 2247 281 futilis
2259 253 2314 281 ietu
2336 255 2411 292 Virga
2426 269 2430 272 ·

274 280 383 332 fuffibus
397 300 513 327 median.
547 307 578 325 ex
591 297 625 324 iis
637 298 724 322 sel-uus
738 290 845 325 flagellis
857 287 947 320 caedi,
966 294 991 315 et
1011 287 1121 314 domino
1141 284 1217 312 reddi
1235 282 1310 310 iube·
1373 286 1437 311 Aen.
1451 293 1487 317 ιι,
1499 292 1561 319 740.
1633 281 1767 321 Herbulae
1781 290 1876 316 paruae
1890 286 1915 309 et
1929 283 2018 311 futiles
2039 287 2113 320 Apul.
2129 289 2193 314 Met.
2208 299 2218 321 3
2232 299 2256 323 p.
2271 298 2336 323 94‚2
2357 292 2414 318 ΗΝ
2426 301 2434 307 ψ

274 346 327 367 ω..-
362 339 416 372 Qu,
446 345 474 362 ex
501 319 552 362 [ξω
577 337 694 369 apparet,
713 330 795 354 minus
817 331 888 359 turpe
903 321 982 360 fmffi
1007 322 1142 350 Fustibus.
1162 329 1235 356 quam
1257 319 1312 345 Pla·
1373 320 1434 347 ridi.
1540 320 1629 345 Homo
1643 317 1743 350 futilis,
1763 320 1806 353 qui
1825 317 1927 344 tacenda
1940 323 2063 346 continere
2074 331 2122 348 non
2133 323 2207 360 poffi1
2213 344 2222 356 ,
2234 324 2283 360 fid
2298 328 2425 354 continuo:

292 374 349 400 eliis
368 371 450 398 caedi.
1207 389 1224 395 ..
1293 389 1298 394 ·
1375 355 1476 388 sffutiat
1489 365 1497 380 .·
1532 355 1600 381 Ter.
1617 353 1690 379 Adel.
1706 361 1726 384 3,
1740 361 1760 392 3)
1773 360 1803 386 41
1823 353 1872 379 Ille
1885 352 1986 386 futilis,
2010 356 2149 384 somnium.
2240 360 2294 386 Cic.
2309 360 2341 386 de
2355 352 2420 390 Fin‚³
2444 370 2446 375 .

274 384 290 410 g
312 415 358 435 Ἐν
368 414 408 434 ST
419 404 482 434 1CV⁰
492 412 537 431 LV
547 412 560 431 s
592 402 609 428 i.
630 409 664 426 m.
685 396 784 423 Dimin.
821 393 897 428 Apul.
912 395 977 420 Met.
991 396 1008 420 6
1022 403 1046 428 p.
1060 401 1123 427 704.
1159 390 1226 416 Allu
1239 389 1312 416 fusti·
1338 395 1352 417 5
1376 398 1398 422 3,
1412 395 1440 422 38
1460 391 1527 423 Quis
1539 399 1592 416 non
1605 389 1662 415 odit
1684 387 1818 419 sordidos,
1836 388 1940 421 varios,
1960 390 2049 423 leues,
2069 392 2158 420 futiles
2171 395 2180 420 3
2285 392 2427 429 Apuleius..

276 444 330 471 cufi
351 441 446 471 [inuad-
460 450 468 468 ¹
492 449 517 473 ,7.
541 423 575 465 6.)
610 436 670 461 gunt
682 436 718 463 ii,
737 432 819 466 quiin
833 432 897 465 cipis
912 429 1007 456 Thalli
1021 435 1148 455 vocantur.
1378 445 1385 451 .
1422 445 1429 452 .
1467 445 1474 452 .
1509 426 1587 451 Leuis
1601 424 1683 451 homo
1698 430 1722 449 et
1735 422 1819 450 futilis
1829 443 1837 456 ,
1858 429 1884 450 et
1895 424 2023 451 rimarum
2037 426 2137 460 plenus.
2206 431 2335 457 Laetitiae
2355 427 2440 460 Cics't.

472 461 478 473 ›
491 459 502 473 9
519 460 526 472 ²
590 470 596 475 ·
627 477 661 494 m,
689 464 850 498 [ξυλοκόποῃ
869 464 881 491 ὅ
895 465 990 490 τύπτων
1003 464 1068 496 ξύλω
1082 460 1241 493 Vet.Gloff.]
1263 460 1314 495 Qi
1376 460 1458 487 Tusc.
1473 470 1497 493 5,
1512 463 1541 487 16
1554 470 1576 487 c.
1591 461 1615 485 6.
1695 460 1817 486 Murmur
1838 459 1923 486 Valer-
1938 461 2035 495 Argon.
2049 468 2072 494 8,
2088 472 2142 496 354,
2226 466 2304 500 Apul.
2317 467 2381 493 Met.
2396 459 2440 496 65..

313 479 570 506 FVSTIAR1VS‚
589 479 606 495 ¹·

271 514 385 552 fustibus
393 512 477 548 puls„
489 511 566 537 alim,
583 502 674 534 Ιῐέῖον,
685 508 758 536 puto.
797 503 913 527 Nominis
925 499 1005 532 instar
1017 496 1146 526 Addet-imi
1159 498 1266 522 occurrit
1287 498 1314 520 in
1378 505 1403 529 p.
1419 500 1456 525 181
1472 496 1529 522 Nec
1544 502 1616 530 putes
1631 494 1708 521 futile
1720 493 1786 520 istud
1800 493 1976 528 polentarium
1991 496 2115 525 damnum
2129 499 2196 525 leue.
2267 497 2435 534 Sententiaess'fi.

279 550 395 577 fabretti
411 540 621 577 [ascriptionibus
634 547 657 572 p.
672 545 717 569 329
737 537 756 562 F
764 536 809 562 VS
817 536 846 562 T
855 537 865 561 l
874 537 895 562 A
903 536 976 562 RIO
1012 535 1057 561 SV
1065 534 1105 560 PP
1115 533 1135 559 L
1143 533 1155 558 1
1163 532 1202 558 CI
1211 531 1235 557 O
1272 530 1287 556 S
1295 530 1314 556 E
1378 530 1468 557 futiles
1480 530 1731 565 commentitiaeque
1750 530 1806 556 Cic.
1821 529 1852 555 de
1866 530 1901 555 N.
1916 531 1947 557 D.
1963 540 1983 562 1,
1991 537 2022 561 ¹8-
2140 534 2234 561 Seruus
2244 532 2321 563 'Ten
2336 534 2441 567 Andnit„

280 586 307 613 N
315 586 339 612 O
348 586 369 610 V
379 585 396 609 b
404 583 424 608 R
434 580 480 606 1T
513 575 553 601 ΕΞ
562 575 576 600 S
585 574 604 599 Ε
640 573 656 599 S
664 574 688 598 V
697 573 715 599 P,
724 573 746 598 D
754 572 772 598 E
780 572 805 598 N
814 572 836 597 D
844 572 866 597 V
876 572 914 598 Μ.
1287 600 1292 605 ,
1333 569 1360 587 ¹0
1379 574 1402 598 3,
1416 573 1438 598 52
1452 573 1474 598 3·
1507 566 1575 593 Add.
1589 566 1684 591 Donat.
1778 564 1900 599 Tempus
1908 585 1916 597 ‚
1939 567 1993 592 vid.
2013 574 2148 595 TEMva.
2237 572 2302 597 Vah
2317 572 2404 599 futilia
2414 566 2444 602 δῖ

315 627 331 646 1:
342 626 359 644 v
371 626 383 644 s
394 623 415 643 Τ
426 620 476 640 ιΜ.
508 608 576 637 Adu.
612 608 671 641 Val.
692 608 764 634 Max.
787 609 815 638 6,
845 615 858 638 3
899 607 1018 632 onrem
1048 603 1139 630 fustim
1171 602 1315 630 interemit.
1371 601 1446 663 ,ζΙω-εε
1460 599 1609 663 νεζίέξειηειιάα
1630 601 1706 627 Mart.
1733 600 1853 636 Capellae
1870 607 1921 636 pro
1940 601 2071 630 fusilibus.
2112 604 2170 631 Vici.
2178 605 2227 642 stab
2239 612 2349 634 FVNDO
2358 628 2368 641 ‚
2384 593 2434 662 isli

306 672 313 681 ὁ
341 674 346 680 ι
377 672 384 683 ‚
398 660 406 676 ι
433 657 452 674 ι,
1402 642 1477 663 otum
1512 645 1521 663 1
1535 656 1541 662 .
1555 646 1593 669 10,
1607 645 1665 668 340.
1705 670 1711 676 ι
2421 645 2444 673 ..-

279 655 381 716 Aigvgs
390 670 427 709 Τί
438 689 458 708 T
468 677 638 709 VDvas‚
658 686 688 710 a,
707 686 762 703 um.
782 676 843 703 Adi.
881 676 963 702 Pinut.
978 675 1046 702 Afin.
1062 684 1082 708 1,
1096 683 1116 706 ι,
1131 681 1158 699 zi
1187 671 1263 706 Apud
1277 671 1318 697 fu·
1417 677 1434 698 F
1445 679 1494 698 v'r
1504 679 1514 698 ι
1524 680 1540 698 L
1550 672 1563 698 ῐ
1573 680 1593 699 Τ
1603 678 1660 701 AS.
1676 674 1734 698 {ms-
1772 671 1792 697 f·
1830 671 1998 707 [dumorum]
2038 673 2161 707 Vama&
2181 677 2278 703 “uftaf-
2315 677 2370 704 Cic·
2382 678 2399 705 d

280 722 413 752 stitutiinas
431 715 646 751 ferricrepidinas
667 713 771 740 insulas.
808 711 985 739 fustitudinas
999 717 1085 742 uocat,
1103 708 1166 745 quod
1178 708 1231 734 illic
1240 705 1318 739 Fusti-
1379 708 1416 734 N.
1430 708 1461 733 D.
1474 715 1500 740 2,
1513 715 1548 742 70
1562 717 1584 747 ς.
1599 712 1626 736 28
1645 706 1715 732 Haec
1728 711 1754 733 et
1767 706 1908 739 dicuntur,
1929 713 1954 734 et
1967 707 2108 737 creduntur
2121 710 2279 744 stultissime,
2298 718 2324 740 et
2343 685 2444 748 91εὴῧῖ

279 760 322 786 bu,
335 756 491 790 adigerentur
498 752 602 788 seruuli.
1336 745 1360 768 ¹5
1378 744 1436 769 sunt
1448 743 1583 770 futilitatis
1592 762 1599 773 ,
1617 743 1787 776 summaeque
1798 741 1923 769 leuitatis.
2439 747 2443 758 ⁴>

317 799 333 819 1:
342 797 361 815 v
370 797 382 816 s
392 797 412 816 T
421 796 441 815 v
450 795 472 814 A
481 795 500 814 R
509 794 517 812 ι
526 794 546 813 ν
557 794 579 812 Μ
588 806 596 817 ,
615 785 635 812 i.
668 793 694 810 n.
730 784 741 815 [
748 782 907 816 μαςίγωμοι]
944 782 1065 817 supplicii
1083 789 1158 817 genus
1180 778 1208 805 ob
1221 777 1318 814 salsum
1413 784 1430 804 F
1440 785 1458 804 v
1466 785 1488 805 T
1496 784 1506 804 1
1515 786 1531 804 L
1541 777 1582 805 i‘T
1592 785 1607 804 E
1617 784 1646 804 R.
1684 777 1750 803 Adu.
1801 778 1878 812 Apul.
1916 798 1923 805 .
1961 799 1967 806 .
2006 799 2013 806 .
2049 780 2171 808 Futiliter
2183 780 2318 810 blaterata.
2360 783 2422 813 νῆά
2434 779 2444 805 ὲ

279 826 458 860 testimonium,
475 823 596 859 furtum,
614 827 637 847 et
657 820 733 845 multa
753 819 804 844 alia
822 821 936 844 crimina.
986 817 1057 843 Valla
1069 827 1090 849 1,
1103 820 1122 842 6
1139 820 1320 849 interpretatur
1379 813 1452 840 Non.
1467 822 1500 846 ιι,
1513 822 1543 846 39
1561 813 1684 840 Futiliter
1696 815 1877 847 interpretatur
1891 815 2029 841 Ennianum
2042 815 2129 843 futile.

281 860 481 897 fastigationem.
516 857 571 883 Cic.
585 855 698 889 Philipp.
712 863 734 886 3,
745 863 774 886 14
787 862 808 879 c.
818 856 835 879 6
853 853 924 879 Nam
937 852 955 878 fi
969 852 1014 879 ille
1027 852 1142 883 Consul,
1161 850 1319 890 fustuarium
1417 855 1433 875 Ρ
1442 855 1462 874 V
1475 856 1496 875 'r
1506 847 1516 875 i
1525 857 1541 889 ι.
1552 856 1576 876 Β.
1598 848 1664 874 Adu.
1700 847 1829 882 [ψυχρῶς]
1859 856 1909 884 pro
1917 850 2049 877 Futiliter.
2086 851 2183 878 Ennius
2197 852 2225 879 iti
2237 853 2378 887 Phoenice,
2388 861 2422 882 υε.
2441 838 2447 851 ›

280 901 433 924 meruerunt
446 894 574 928 legiones,
585 900 650 927 quae
666 889 807 917 Consulem
821 888 1002 922 reliquerunt,
1023 894 1069 914 etc.
1142 887 1201 912 Lm.
1210 887 1255 918 5,6
1270 885 1319 910 Fu·
1380 886 1444 923 citat
1457 884 1564 911 Nonius
1578 893 1610 916 ιι,
1625 892 1655 916 39
1673 884 1709 909 Vt
1723 883 1794 917 quod
1808 883 1907 911 facium
1920 885 1956 912 est
1969 886 2049 913 futile
2057 905 2066 919 ‚
2084 887 2164 914 amici
2176 897 2225 915 nos
2236 888 2352 916 feramus
2365 890 2409 919 for
2423 891 2425 895 ¹

280 933 407 959 stuarium
419 935 550 960 meretur,
571 927 618 962 qui
632 926 700 961 ligna
713 925 851 958 relinquit,
865 930 909 950 aut
924 922 1051 957 praelid'io
1065 921 1182 949 discedit.
1260 919 1318 946 Vni.
1332 926 1364 944 20
1380 924 1452 946 nter.
1523 920 1596 955 Conf.
1611 920 1691 945 Plaut.
1706 917 1785 944 Stich.
1799 927 1825 951 2,
1841 927 1865 951 z,
1879 928 1916 951 73.
2238 939 2241 941 .

283 970 344 995 Viri
365 965 435 993 doeh·
458 965 491 991 ad
513 963 584 991 Vell.
608 971 634 995 2,
658 967 689 996 78
708 968 779 992 extr.v
792 960 834 986 vbi
847 960 952 994 capitale
958 959 1006 994 sup
1024 962 1109 984 licium
1125 956 1180 990 tffi’,
1200 965 1211 981 e
1224 955 1321 990 Polybii
1416 960 1553 988 FVTIO,
1573 959 1621 981 ire.
1658 953 1764 987 Effundo
1777 963 1787 982 ;
1822 963 1837 980 a
1851 963 1898 990 quo
1909 959 2063 991 componitur
2075 957 2173 984 Effutio
2185 958 2251 994 quod
2268 959 2333 986 vide.

273 1003 346 1039 Jexio
355 1022 363 1034 ,
381 1009 404 1028 et
416 999 516 1028 aliunde
529 999 627 1030 docent,
641 1007 693 1023 cum
705 998 810 1022 militum
822 994 944 1030 lapidibus
958 999 980 1019 et
1009 991 1099 1026 ustibus
1113 990 1231 1019 contestis
1244 994 1322 1017 inter·
1416 996 1491 1017 FVT
1502 996 1521 1017 0
1530 1011 1539 1024 ,
1559 994 1611 1017 are.
1650 990 1764 1023 [ἐλέγχω
1784 990 1842 1016 Vet.
1856 990 1954 1025 Gloffi]
1990 993 2107 1027 Arguere
2125 997 2306 1030 interpretatur
2324 995 2401 1024 Festu
2416 991 2423 1006 ⁵

273 1038 411 1075 figerentur
427 1036 547 1062 damnati,
584 1036 651 1060 Hinc
663 1032 731 1058 Veli.
743 1034 761 1059 1.
775 1040 798 1058 c.
817 1030 1008 1057 centurionem
1043 1043 1088 1049 --
1123 1027 1159 1055 ob
1173 1034 1276 1062 turpem
1290 1034 1322 1052 ex
1381 1024 1564 1066 Antiquum-ess
1577 1036 1587 1056 ‚·
1622 1025 1687 1052 vnde
1700 1025 1863 1058 Confutare,
1878 1032 1901 1051 et
1919 1026 2054 1055 Refutare.

280 1075 336 1101 acie
349 1074 438 1108 fugam
450 1070 516 1097 fuste
529 1068 654 1105 percussit.
1420 1066 1465 1087 Fv
1475 1068 1556 1088 TAT
1567 1068 1618 1088 ιΜ.
1640 1063 1707 1088 Adu.
1742 1060 1755 1093 [
1763 1058 1858 1094 χύδην]
1894 1064 1912 1087 i.
1926 1062 2059 1099 Profufim.
2095 1063 2177 1091 Plaut.
2198 1064 2286 1093 Truc.
2305 1074 2334 1099 4,
2347 1074 2377 1100 4,
2392 1075 2404 1093 2

321 1115 338 1135 F
349 1116 369 1135 v
381 1117 393 1135 s
403 1114 423 1133 V
433 1114 451 1133 R
460 1114 480 1133 Α
490 1125 500 1137 ,
525 1105 578 1131 vid.
603 1110 619 1130 F
632 1111 650 1129 V
661 1110 683 1129 N
694 1109 712 1128 D
720 1109 749 1129 o.
1338 1100 1368 1126 25
1383 1096 1496 1123 Futatim
1509 1105 1605 1123 nomen
1625 1096 1888 1123 commemorabitur.
2420 1122 2423 1126 ⁵

319 1149 419 1171 Fvsv
431 1149 460 1174 S,
479 1142 498 1167 i.
518 1150 552 1166 in.
587 1138 743 1174 [ἄτρακτος]
781 1138 834 1172 ,Quo
847 1139 913 1163 inter
925 1135 1018 1171 digitos
1036 1130 1185 1161 circumaffo
1204 1138 1227 1158 et
1239 1133 1322 1167 profe·
1419 1138 1573 1165 FVTVM,
1591 1133 1609 1159 i.
1634 1141 1660 1158 n.
1696 1132 1747 1157 Vas
1766 1133 1919 1166 aquarium,
1938 1133 1967 1159 in
1991 1133 2111 1160 triclinio
2130 1134 2236 1162 allatam
2261 1145 2358 1172 aquam
2382 1136 2412 1164 in
2434 1147 2439 1158 =¹

282 1179 323 1206 &o
331 1179 382 1215 fila
394 1178 485 1204 ducunt
499 1177 624 1206 mulieres,
643 1177 706 1200 etin
723 1182 790 1209 quem
805 1180 947 1207 caprimum
958 1173 1102 1207 glomerant.
1157 1168 1222 1195 Plin.
1238 1176 1272 1199 ii,
1291 1171 1322 1196 28
1383 1167 1526 1193 fundebant
1545 1169 1620 1194 Varr.
1635 1166 1667 1194 de
1679 1167 1708 1193 L.
1722 1167 1753 1193 L.
1767 1176 1794 1199 4,
1805 1175 1835 1200 25
1848 1177 1872 1202 p.
1888 1177 1928 1200 30,
1942 1177 1979 1195 21,
2413 1168 2440 1197 'h

281 1214 409 1242 'Lanificia
423 1221 484 1239 mox
502 1212 529 1237 in
544 1210 586 1237 fila
599 1216 739 1236 tenuantur
752 1209 848 1235 iunceo
861 1207 927 1233 fuso.
1000 1206 1069 1232 Fulis
1083 1204 1174 1231 mollia
1189 1203 1264 1237 pensa
1279 1202 1321 1227 de·
1424 1209 1440 1228 F
1452 1210 1471 1229 v
1482 1210 1503 1229 T
1515 1208 1536 1228 v
1551 1209 1570 1229 o
1581 1223 1590 1236 ,
1606 1203 1651 1235 ui,
1668 1206 1758 1233 utum,
1773 1205 1826 1229 ere.
1868 1205 1970 1230 Verbum
1984 1203 2116 1240 obscenum.
2153 1205 2269 1233 Martial.
2284 1209 2301 1233 6
2322 1215 2352 1241 91
2365 1207 2380 1234 S
2419 1204 2443 1237 ’ᾖ

282 1250 395 1276 voluunt
420 1248 496 1282 Virg.
509 1247 607 1280 Georg.
622 1254 648 1277 4,
662 1250 718 1277 348.
824 1244 921 1269 Rotare
935 1241 1005 1268 fusos
1040 1240 1161 1279 Prudent.
1176 1239 1253 1264 Rom.
1268 1246 1321 1269 239.
1384 1238 1426 1264 &a
1440 1237 1512 1264 ducis
1526 1239 1622 1265 summi
1636 1237 1762 1273 prohibet
1776 1239 1881 1265 censura
1891 1258 1899 1270 ‚
1920 1245 2043 1274 vetatque
2079 1241 2216 1268 Moechari
2232 1252 2237 1267 :
2274 1208 2445 1277 ga’udezffissl·

282 1286 393 1311 Versato
408 1282 544 1309 ducentem
558 1281 666 1311 stamina
681 1280 738 1306 fuso
757 1278 838 1305 Ouid.
852 1279 916 1304 Met.
931 1288 958 1312 4,
971 1286 1031 1304 220.
1114 1276 1178 1301 Plin.
1193 1279 1232 1313 28,
1245 1282 1257 1313 a
1277 1274 1320 1298 Pa·
1338 1278 1368 1300 30
1384 1273 1425 1306 le,
1444 1282 1497 1300 non
1516 1273 1607 1301 futuis.
1678 1273 1752 1300 Idem
1765 1282 1791 1306 9,
1805 1283 1840 1308 42
1866 1275 1970 1308 Nempe
1985 1275 2061 1301 semel
2075 1275 2171 1308 futuit,
2191 1283 2328 1311 generaret
2339 1278 2448 1310 Hor-⁴2²1·-

281 1329 346 1355 gana
359 1320 416 1353 lege
429 1320 456 1344 in
469 1318 600 1352 plerisque
614 1315 706 1342 Italiae
720 1313 834 1349 praediis
848 1320 971 1345 cauetur,
988 1322 1020 1338 ne
1034 1311 1155 1338 mulieres
1167 1318 1212 1344 pei·
1226 1315 1323 1335 itinera
1384 1309 1435 1336 tius
1449 1315 1476 1335 vt
1489 1316 1549 1336 tres.
1620 1311 1652 1336 Et
1665 1318 1703 1341 10,
1710 1317 1740 1342 95
1761 1310 1892 1336 Infantem
1906 1310 1957 1336 tibi
1971 1311 2029 1343 vir,
2047 1311 2098 1338 tibi
2106 1312 2181 1338 Galla
2195 1313 2295 1340 remisit
2306 1313 2443 1346 adulteri-⁸

281 1355 445 1382 ambulantes
457 1358 602 1387 ,torqueant
613 1352 694 1381 fusos,
703 1356 745 1376 aut
758 1350 870 1376 omnino
882 1348 997 1375 ἀειεὲὶοε
1011 1348 1105 1374 ferant.
1144 1347 1236 1379 Nempe
1243 1344 1323 1370 Fusus
1384 1345 1422 1371 Hi
1436 1351 1499 1379 puto
1511 1354 1564 1371 non
1577 1343 1658 1371 dubie
1672 1345 1697 1371 se
1710 1345 1815 1371 futuisse
1827 1352 1931 1380 negant.
2022 1346 2076 1372 Lib.
2091 1347 2141 1374 eod.
2156 1353 2181 1377 ει
2209 1349 2301 1382 Qum,
2315 1349 2368 1376 duo
2381 1344 2443 1378 νέῳ.

282 1390 314 1424 est
332 1391 405 1422 idem,
420 1392 462 1425 qui
476 1387 628 1419 Rhombus,
648 1386 676 1412 de
693 1389 764 1412 cuius
777 1389 803 1411 in
816 1387 921 1420 magicis
927 1385 1011 1420 sacris
1021 1383 1064 1419 vsu
1075 1384 1171 1417 agimus
1179 1380 1203 1415 J
1212 1382 1229 1405 I.
1267 1380 1323 1405 Te·
1383 1381 1476 1407 vilsent
1490 1379 1522 1407 ad
1536 1380 1654 1412 Phyllida
1668 1388 1744 1406 mane
1757 1380 1883 1408 fututum.
1954 1381 2022 1409 Add.
2037 1382 2132 1408 Catuli.
2146 1388 2187 1415 98,
2201 1391 2226 1416 9.
2294 1385 2362 1412 Hor,
2376 1385 2442 1413 33¹5.

281 1432 366 1454 retem
380 1424 499 1452 versabat
512 1423 609 1457 pollice
625 1422 709 1448 fusum
729 1421 809 1447 Ouid.
823 1421 887 1446 Met.
900 1422 927 1453 6,
940 1427 982 1446 22.
995 1430 997 1432 ·
1055 1416 1123 1446 Add.
1142 1415 1251 1443 Tibull.
1267 1423 1289 1447 2,
1303 1423 1323 1449 ἰ,
1358 1449 1368 1456 ¹
1385 1425 1406 1450 i,
1417 1425 1443 1449 2,
1457 1424 1510 1450 127.
1581 1416 1697 1442 Martial.
1712 1424 1745 1446 ιι,
1760 1424 1798 1441 21.
2318 1425 2323 1426 ν
2415 1430 2450 1448 μ’

283 1464 328 1496 64.
399 1460 479 1488 Fusus
495 1467 577 1494 aquae
594 1459 682 1487 Varro
696 1458 725 1483 L.
740 1457 770 1482 L.
784 1465 803 1489 4
815 1465 839 1490 p.
853 1464 886 1488 31.
1340 1451 1367 1475 3>
1423 1458 1438 1478 F
1448 1459 1468 1478 v
1478 1457 1593 1478 Tvon.
1612 1449 1676 1483 P¹ss·
1711 1450 1825 1476 Martial.
1838 1458 1864 1482 9,
1877 1458 1890 1482 ς
1919 1451 2043 1478 Aureolis
2060 1452 2131 1479 futui
2154 1463 2237 1488 quum
2254 1454 2330 1489 poffit
2351 1455 2426 1484 Galla

1385 1486 1505 1519 duobus,
1541 1486 1571 1512 Et
1585 1486 1640 1519 plus
1654 1494 1733 1519 quain
1746 1485 1833 1517 futui,
1854 1485 1871 1511 fi
1886 1487 1997 1512 totidem
2015 1487 2156 1514 addideris.
2432 1500 2437 1508 ι

675 1532 697 1563 F
778 1530 807 1560 V
885 1527 919 1560 T
1424 1528 1441 1548 Ε
1453 1528 1472 1547 ν
1483 1528 1504 1547 Τ
1514 1522 1533 1546 ῡ
1542 1528 1562 1547 T
1572 1528 1592 1546 v
1601 1528 1613 1547 s
1624 1541 1632 1552 ,
1651 1529 1664 1547 a
1673 1540 1681 1552 ‚
1701 1529 1755 1547 um.
1775 1521 1868 1547 Partic.
1903 1521 2019 1548 Martial.
2031 1527 2093 1557 3‚87
2112 1523 2211 1551 Narrat
2225 1529 2251 1551 te
2263 1524 2424 1553 ruinorCli'i-

1385 1566 1437 1584 one
1450 1565 1586 1590 nunquam
1599 1556 1647 1582 etse
1661 1557 1783 1582 fututam.
1825 1557 1866 1584 Sic
1879 1564 1912 1588 ιι,
1926 1566 1963 1589 41.

322 1609 341 1631 'F
351 1609 372 1629 v
381 1609 402 1629 Τ
413 1600 450 1629 i'L
458 1609 475 1629 E
483 1622 492 1634 ‚
528 1599 657 1636 [χυδὶῶν]
692 1587 745 1626 Vzis
759 1597 903 1633 erat,quod
917 1606 970 1623 non
982 1595 1150 1630 deponebant
1160 1593 1276 1621 ministri
1289 1594 1324 1620 sa·
1423 1599 1440 1619 F
1450 1598 1470 1617 V
1481 1598 1502 1618 Τ
1514 1593 1534 1617 V
1542 1598 1563 1618 T
1572 1598 1591 1618 O
1601 1598 1618 1617 R
1628 1611 1635 1622 ‚
1655 1591 1719 1617 oris.
1737 1600 1773 1616 m.
1810 1591 1925 1618 Martial.
1940 1600 1960 1625 1,
1972 1600 2001 1625 91
2031 1595 2058 1619 in
2072 1591 2169 1627 Bassam
2181 1594 2314 1626 tribadem‚
2334 1596 2368 1622 At
2382 1601 2422 1628 tu,

285 1648 410 1671 erorum,
428 1637 499 1673 quod
512 1644 567 1663 erat
581 1642 657 1662 acuto
670 1635 766 1665 fundo,
786 1642 810 1660 et
824 1634 914 1668 patulo
934 1642 996 1664 ore,
1015 1641 1100 1666 eoque
1122 1630 1242 1657 instabile
1259 1636 1323 1669 erat.
1338 1633 1370 1656 40
1386 1627 1459 1663 proh
1489 1626 1611 1654 facinus!
1646 1627 1716 1653 Busa
1743 1626 1848 1654 fututor
1876 1635 1940 1654 eras.
2010 1628 2053 1656 Sic
2080 1637 2120 1661 ii,
2140 1634 2177 1660 88.
2238 1629 2311 1657 Adii,
2331 1637 2349 1665 7
2356 1628 2368 1663 ‚'
2383 1635 2423 1663 29.

286 1675 436 1702 Vtebantur
447 1682 480 1700 eo
494 1673 521 1698 in
534 1671 666 1698 sacrificiis
680 1670 742 1696 deae
756 1670 863 1701 Vestae,
882 1670 944 1703 quia
963 1676 1030 1702 aqua
1050 1667 1082 1694 ad
1100 1668 1169 1693 sacra
1188 1666 1276 1692 hausta
1295 1673 1323 1691 in
1384 1671 1407 1691 et
1425 1672 1467 1695 12,
1483 1671 1524 1696 43.
2413 1681 2416 1684 ,

285 1716 355 1737 terra
369 1718 423 1736 non
435 1707 581 1743 ponebatur
595 1717 600 1732 :
637 1704 707 1740 quod
722 1704 737 1730 fi
753 1704 847 1735 fiebat,
867 1703 998 1736 piaculum
1013 1709 1076 1728 erat.
1131 1701 1205 1727 Vnde
1220 1701 1324 1734 excogi-
1423 1705 1441 1725 Ρ
1453 1704 1582 1725 VTVTI
1594 1703 1613 1724 0
1624 1717 1632 1729 ,
1650 1697 1719 1724 onis.
1745 1697 1765 1724 f.
1803 1697 1899 1724 Catuli.
1913 1705 1958 1730 30,
1972 1703 1985 1728 8
2010 1699 2059 1726 Sed
2079 1699 2153 1726 domi
2166 1708 2282 1730 maneas,
2301 1707 2431 1734 pag-esque¹

285 1750 369 1771 tatum
384 1754 427 1770 vas
440 1744 499 1773 fuit,
512 1741 584 1777 quod
601 1741 666 1767 stare
678 1749 732 1766 non
746 1739 839 1774 posset,
859 1739 901 1764 sed
916 1738 1025 1771 politum
1039 1737 1123 1762 statim
1135 1735 1322 1762 effunderetur.
1385 1735 1465 1760 nobis
1502 1734 1608 1759 Nouem
1623 1734 1760 1759 continuas
1775 1732 1930 1760 fntntiones.
2000 1734 2068 1761 Add.
2086 1736 2200 1762 Martial-
2215 1744 2234 1767 ι,
2249 1743 2303 1768 107.

285 1781 323 1806 Ex
348 1781 453 1805 Donato
474 1781 501 1804 in
525 1778 593 1803 Ter.
617 1776 697 1802 Andr.
721 1784 744 1806 3,
764 1782 785 1807 ς,
811 1782 832 1806 3.
868 1779 891 1799 et
909 1773 1000 1798 Seruio
1013 1775 1039 1796 in
1055 1771 1128 1805 Virg.
1142 1772 1208 1797 Aen.
1223 1779 1256 1800 ιι,
1271 1777 1324 1801 339.
1422 1769 1584 1806 FVTxitTR
1596 1775 1604 1792 i
1616 1775 1650 1799 x,
1669 1768 1724 1793 icis,
1746 1768 1765 1793 f.
1802 1769 1917 1796 Martial.
1933 1778 1964 1800 ιι,
1977 1771 2010 1795 62
2039 1771 2164 1805 Arrigere
2177 1771 2214 1796 lin
2234 1779 2293 1796 uani
2305 1777 2360 1795 non
2371 1777 2406 1803 po

290 1814 350 1842 Vid.
363 1820 386 1839 ct
399 1815 457 1839 Vct.
470 1812 555 1837 Schol.
567 1814 596 1836 in
611 1812 672 1837 Stat.
687 1809 778 1836 Theb.
792 1814 813 1840 8,
825 1816 884 1842 297.
918 1807 958 1834 Ab
970 1808 1014 1833 hoc
1338 1803 1372 1829 45
1387 1802 1423 1828 est
1437 1802 1599 1828 fututricem.
1670 1802 1724 1827 Lib.
1740 1801 1790 1828 cod.
1805 1803 1892 1835 Epigr.
1907 1812 1933 1834 23
1953 1808 1980 1828 in
1996 1805 2154 1832 Paediconem
2165 1779 2371 1838 malffurbantem,
2387 1805 2400 1831 I

322 1855 338 1876 12
349 1855 367 1874 V
378 1854 400 1874 T
411 1846 423 1874 f
434 1852 508 1877 LIS,
537 1854 560 1871 e.
598 1845 657 1870 Adi.
693 1842 827 1877 [χυδαῖας,
851 1843 951 1876 εἰκαῖος]
987 1844 1005 1867 i.
1037 1842 1122 1867 Vanus
1144 1840 1185 1866 vel
1206 1840 1325 1866 Inutilis:
1386 1838 1467 1873 guina
1479 1837 1570 1863 saltem
1606 1837 1683 1863 Parce
1698 1836 1820 1863 fututrici
1834 1837 1976 1865 sollicitare
1989 1847 2077 1866 manu,

287 1885 391 1916 Festus,
410 1881 508 1909 Futiles
527 1880 665 1910 dicuntur,
685 1878 741 1910 Qii
760 1877 835 1902 silere
854 1878 962 1902 tacenda
979 1880 1127 1909 nequeunt,
1145 1874 1188 1900 sed
1202 1882 1231 1899 ea
1244 1873 1325 1899 effun-
1422 1879 1440 1899 F
1452 1878 1473 1899 v
1484 1877 1631 1903 TVRVS,
1649 1871 1702 1898 vid.
1723 1878 1808 1901 SVM.

287 1920 361 1946 dunt.
431 1918 472 1943 Sic
485 1922 509 1942 et
522 1915 589 1941 Vasa
601 1914 690 1940 futilia
703 1921 717 1939 a
731 1910 874 1938 Fundendo
888 1915 989 1936 vocata.
1058 1909 1115 1934 Nec
1128 1908 1207 1934 sutile
1220 1908 1326 1932 moesti·

286 1955 318 1983 Id
333 1955 416 1982 visum
429 1952 525 1979 Danais
548 1951 610 1977 Stat.
627 1948 719 1976 Theb.
732 1952 755 1979 8,
770 1954 826 1981 297.
846 1945 889 1972 vbi
901 1944 970 1984 conf.
983 1942 1117 1969 Scholiast.
1190 1943 1265 1968 Aetas
1286 1942 1326 1966 fu-
1798 1942 1822 1972 F
1917 1942 1947 1972 V
2039 1942 2071 1973 V
2209 1937 2239 1968 οἱ

286 1991 360 2020 tilis,
380 1988 552 2021 imbellesque
565 1985 627 2012 anni
645 1984 689 2010 Sil.
705 1985 743 2015 16,
758 1984 815 2015 656.
922 1981 978 2006 Cic.
993 1979 1075 2018 Tusc.
1090 1987 1118 2010 4,
1132 1985 1198 2017 3753
1213 1984 1242 2010 17
1267 1976 1326 2015 Nec
1339 1975 1371 1997 50
2439 1996 2448 2012 η.

289 2026 407 2053 sitienter
419 2022 485 2059 quid
496 2027 633 2056 expetens,
650 2019 738 2046 ardeat
753 2016 898 2048 desiderio,
917 2024 965 2041 nec
978 2014 1111 2040 alacritate
1124 2013 1197 2039 futili
1217 2011 1326 2046 gestiens
1427 2016 1446 2037 Ρ
1458 2016 1480 2036 v
1489 2017 1547 2043 VI,
1560 2015 1610 2046 pro
1622 2009 1673 2037 Fui
1685 2009 1752 2045 apud
1763 2009 1872 2037 Comicos
1883 2014 1999 2046 antiquos
2005 2011 2080 2048 saepe
2092 2016 2202 2048 reperias
2219 2015 2306 2043 addito
2330 2017 2358 2043 V
2366 2012 2447 2053 pro-'f

289 2060 456 2095 deliquescat.
546 2057 602 2083 Cic.
616 2055 648 2082 de
662 2054 752 2080 Diuin.
766 2062 786 2084 ι,
800 2054 829 2084 36
863 2050 1021 2077 Irrideamus
1041 2049 1179 2083 Aruspices
1194 2058 1199 2073 ε
1234 2055 1326 2078 vanos,
1389 2045 1515 2072 duffionis
1529 2049 1623 2082 gratia.
1658 2045 1740 2072 Plaut.
1755 2047 1832 2073 Poen.
1845 2047 1914 2072 Prol.
1928 2055 1971 2073 110
1990 2049 2051 2082 Qio
2065 2058 2160 2083 genere
2172 2056 2261 2083 gnata,
2279 2052 2325 2086 qui
2337 2045 2443 2087 paren-s

288 2097 379 2123 futiles
394 2096 441 2121 else
454 2093 580 2120 dicamus.
650 2091 724 2123 Virg.
740 2089 803 2114 Aen.
818 2094 900 2118 ”2339
921 2084 1043 2112 Consiliis
1057 2083 1161 2110 habitus
1175 2091 1228 2108 non
1242 2082 1326 2108 futilis
1389 2087 1428 2108 tes
1442 2082 1568 2108 funerint.
1640 2082 1704 2107 Enn.
1718 2081 1785 2116 apud
1796 2082 1850 2108 Cic.
1863 2081 1896 2108 de
1908 2082 1982 2109 Orat.
1995 2092 2007 2115 3
2028 2093 2049 2110 c.
2064 2093 2108 2118 42.
2178 2085 2249 2112 Adde
2274 2087 2377 2114 Lucret.
2405 2097 2438 2122 i,v

291 2131 401 2158 Auctor.
477 2129 524 2155 Voi
537 2127 661 2154 Seruius:
687 2126 751 2152 Non
766 2122 860 2153 futilis,
878 2122 966 2148 Bonus
979 2120 1006 2146 in
1020 2118 1144 2149 consiliis,
1162 2126 1216 2144 non
1230 2117 1324 2142 inanis.
1392 2123 1439 2150 387
1477 2117 1581 2150 Nempe
1611 2117 1657 2143 aer
1685 2125 1766 2144 oinne
1794 2118 1891 2145 necesse
1923 2117 1959 2144 est
1993 2120 2066 2148 Inter
2095 2129 2206 2156 corpora
2233 2122 2306 2157 quod
2336 2122 2432 2158 fuuat,¹
2456 2130 2461 2155 ι’

288 2167 374 2195 Causa
386 2164 471 2193 futilis
479 2183 488 2197 ,
513 2164 584 2191 Vana
597 2161 620 2189 ct
630 2161 692 2188 leuis
711 2159 777 2187 Pliu.
791 2166 859 2191 33,2.
932 2156 1014 2182 Canes
1027 2154 1117 2181 futiles
1137 2152 1280 2185 Phaedr.4‚
1289 2159 1328 2186 17,
1347 2146 1374 2169 ⁵5
1387 2150 1495 2187 pollidat
1508 2151 1594 2178 inane.
2426 2191 2429 2193 -
2457 2184 2459 2200 1

1318 2465 1394 2528 G.

700 2606 832 2649 Litera
887 2606 937 2648 G.
1757 2600 1796 2641 G
1900 2601 1943 2642 A
2047 2601 2075 2641 B
2420 2639 2425 2665 ἱ

301 2673 456 2841 G
476 2699 517 2727 LI
526 2698 644 2726 TERA
670 2697 794 2725 veteribus
819 2697 919 2722 Latinis
939 2697 1048 2732 ignota;
1083 2696 1135 2721 cius
1174 2693 1378 2728 inuentioizem70
1392 2692 1484 2723 tionis,
1503 2696 1585 2731 nempe
1603 2688 1667 2726 quod
1685 2688 1706 2716 G
1726 2688 1821 2716 Gaudet
1834 2688 1948 2726 subsequi
1965 2689 2043 2726 ipsam
2064 2691 2094 2717 N
2104 2701 2114 2720 ‚·
2148 2695 2205 2718 vta
2217 2690 2342 2721 Centum,
2394 2687 2403 2694 ’

492 2735 599 2762 Carbilio
612 2732 732 2768 adscribit
746 2732 894 2758 Plutarchus
907 2732 1082 2758 Problematum
1095 2730 1163 2756 Rom.
1173 2739 1205 2762 54
1224 2728 1265 2754 hic
1282 2736 1337 2754 ver·
1393 2726 1542 2760 dringenti,
1562 2725 1721 2759 Qiingenti;
1756 2726 1799 2752 vbi
1813 2725 1833 2751 C
1838 2725 1895 2760 post
1911 2727 1940 2752 N
1951 2733 2061 2753 mutatur
2072 2730 2100 2752 in
2115 2727 2135 2752 G
2143 2745 2150 2757 ‚
2167 2726 2232 2760 quod
2244 2728 2305 2752 alias
2323 2690 2435 2794 an
2457 2711 2470 2757 ’ξι

494 2770 531 2797 bis
547 2780 553 2794 :
590 2768 659 2803 Qid
677 2766 726 2801 est,
742 2767 807 2803 quod
828 2768 904 2793 locum
920 2765 962 2793 vbi·
974 2774 1060 2792 carnes
1072 2764 1198 2795 vendunt,
1215 2762 1338 2789 macellum
1392 2769 1421 2788 vt
1434 2762 1562 2794 Ducenti,
1581 2761 1709 2788 Sexcenti.
1778 2761 1873 2786 Gaudet
1885 2764 1943 2787 item
1973 2762 2112 2794 raecedffl‘e,
2131 2768 2161 2787 vt
2180 2761 2282 2787 Gnosco
2291 2781 2299 2793 ,
2319 2761 2407 2787 Gnotu

494 2810 585 2832 vocant
598 2807 610 2830 ἓ
644 2804 686 2830 An
701 2802 749 2828 α’πὸ
762 2803 806 2828 τῶν
821 2801 938 2837 μαγείρων
956 2807 1070 2836 corrupto
1091 2799 1220 2830 vocabulo,
1238 2805 1267 2825 ut
1285 2799 1336 2824 alia
1394 2797 1500 2823 Gnauus
1515 2807 1522 2828 ;
1557 2805 1628 2832 quam
1642 2794 1753 2822 nonnulli
1764 2796 1860 2831 quidem
1874 2768 1974 2829 mesthi}
1986 2806 2011 2823 in
2024 2797 2104 2823 dicere
2121 2802 2206 2823 amant
2217 2806 2226 2821 :
2261 2803 2289 2822 at
2299 2795 2325 2830 Ji
2346 2804 2430 2823 vocum

489 2841 630 2877 permulta,
642 2838 681 2872 stc
692 2844 715 2863 et
728 2838 772 2864 hoc
785 2837 842 2872 usus
854 2837 960 2863 obtinuit
974 2840 986 2862 ?
1020 2834 1155 2871 Respondit
1169 2843 1235 2870 ergo,
1243 2833 1268 2867 fi
1281 2834 1337 2860 Plu·
1394 2836 1513 2868 originem
1528 2836 1553 2858 in
1565 2835 1704 2867 piciamus,
1715 2835 1802 2866 potius
1820 2831 1920 2858 dicenda
1940 2841 1951 2857 e
1991 2831 2151 2868 Aphaerefis,
2169 2840 2221 2858 cum
2227 2831 2327 2866 scribas
2332 2831 2392 2865 fine·
2399 2831 2441 2864 ij

299 2877 414 2906 tarchum
426 2876 576 2908 audimus
588 2875 678 2900 Gracco
691 2874 712 2899 C
725 2874 847 2899 Latinum.
881 2871 1132 2906 Diomedeszp.417
1145 2877 1209 2896 extr.
1229 2870 1252 2896 G
1267 2877 1337 2895 noua
1350 2880 1382 2908 75
1394 2877 1465 2903 quam
1485 2869 1544 2901 Prql
1557 2866 1617 2900 hefis
1633 2876 1686 2893 cum
1701 2873 1748 2902 per
1769 2867 1790 2892 G
1803 2876 1812 2895 ‚·
1848 2875 1930 2902 nempe
1949 2876 1963 2892 a
1981 2867 2095 2900 γινώσκω,
2114 2865 2214 2898 words,
2232 2870 2329 2898 γενναῖος
2351 2864 2439 2894 ortum]

301 2915 338 2942 est
350 2914 509 2941 Consonans,
524 2912 552 2937 in
564 2910 638 2936 cuius
652 2908 739 2935 locum
755 2909 776 2934 C
791 2907 889 2935 solebat
902 2907 1009 2942 apponi,
1027 2906 1163 2940 hodieque
1174 2914 1232 2932 cum
1240 2905 1337 2931 Gaium
1393 2903 1493 2929 ducunt.
1668 2899 1689 2939 ff
1716 2910 1729 2933 3
1756 2902 1777 2927 G
1783 2900 1947 2938 singulariter
1954 2903 2054 2937 scripta
2059 2902 2132 2937 sacpe
2143 2904 2278 2927 inuenitur.
2315 2902 2346 2928 G.
2362 2903 2436 2935 Gau„

302 2956 424 2976 notamus
446 2947 598 2977 Caesarem,
617 2944 755 2971 scribimus
778 2944 807 2969 C.
830 2944 974 2969 Caesarem.
1047 2942 1163 2977 Ideoque
1176 2940 1231 2975 post
1244 2941 1263 2966 B
1280 2940 1337 2966 lite·
1396 2938 1485 2969 dium,
1504 2937 1589 2969 Gens,
1608 2937 1704 2968 Gaius,
1722 2937 1821 2967 Genus,
1841 2937 1932 2969 Gesta,
1952 2937 2056 2968 Gratia,
2078 2936 2172 2963 Gratis.
2244 2937 2298 2963 GA.
2325 2937 2434 2964 Galeria

302 2994 361 3012 ram
380 2984 462 3011 tertio
481 2983 540 3009 loco
559 2980 655 3016 digesta
667 2979 717 3010 est,
735 2984 763 3005 vt
776 2977 843 3012 apud
861 2979 973 3004 Graecos
985 2979 1007 3004 Γ
1019 2977 1102 3012 polita
1122 2977 1253 3011 reperitur
1265 2976 1292 3002 in
1305 2983 1338 3002 eo
1395 2974 1470 3001 tribu.
1543 2973 1621 2998 GAL.
1647 2972 1751 3003 Gallu5‚
1771 2972 1895 3000 Gallicus.
1967 2972 1998 2998 G.
2020 2972 2100 2998 AVG.
2121 2971 2206 2997 Genio
2221 2972 2337 3007 Augusti.
2397 2973 2444 3000 Gn

303 3021 373 3047 loco.
412 3021 502 3053 Nempe
515 3016 581 3052 apud
591 3018 704 3051 mitiquos
713 3021 761 3050 pro
775 3015 796 3039 G
809 3013 895 3048 ubique
908 3014 928 3040 C
940 3014 1091 3049 ponebatur,
1110 3019 1139 3039 vt
1152 3019 1224 3048 patet
1242 3021 1271 3037 ex
1289 3012 1339 3038 Co·
1395 3010 1424 3037 B.
1443 3008 1529 3035 Genio
1543 3009 1633 3039 Bono,
1653 3009 1721 3034 Gens
1737 3008 1817 3034 Bona.
1907 3007 1939 3033 G.
1952 3006 1980 3034 B.
1992 3007 2024 3033 D.
2039 3007 2074 3033 M.
2089 3007 2114 3034 P.
2140 3007 2225 3034 Gcnio
2238 3008 2311 3034 Bono
2324 3007 2431 3035 Dicauit
2456 3030 2457 3040 ,

304 3056 394 3082 limina
406 3054 538 3081 Duiliana.
581 3051 638 3078 Viti.
647 3050 725 3086 supra
738 3053 765 3075 in
777 3049 803 3075 C.
818 3056 840 3074 et
858 3050 1021 3075 fomemRer.
1035 3048 1128 3084 quotid.
1144 3058 1165 3080 i,
1180 3058 1212 3082 ¹5·
1248 3048 1341 3082 Queri
1351 3054 1383 3080 80
1397 3046 1599 3071 Moniunentuin
1614 3043 1729 3068 Publice.
1802 3043 1832 3069 G.
1849 3043 1879 3070 C.
1904 3042 1985 3068 Gaius
1998 3042 2107 3074 Caesar,
2127 3043 2213 3068 Genio
2231 3043 2370 3076 Ciuitatis,
2391 3043 2435 3073 vel*
2456 3057 2458 3064 ι

299 3088 380 3128 potest
388 3110 396 3122 ‚
412 3089 476 3116 vnde
489 3088 528 3121 fit,
536 3093 565 3114 vt
576 3088 596 3114 G
608 3088 686 3113 locum
699 3084 797 3112 haberet
807 3086 874 3110 inter
889 3085 910 3110 F
921 3091 944 3110 et
957 3086 984 3109 H
991 3103 998 3116 ,
1010 3094 1062 3110 cum
1074 3095 1091 3116 γ
1103 3085 1248 3110 Graecorum
1256 3083 1341 3119 Jecun-
1396 3080 1521 3107 Caesaris.
1592 3078 1624 3103 G.
1638 3078 1669 3103 D.
1689 3078 1757 3104 Gens
1771 3078 1889 3104 Desolata
1899 3097 1907 3110 ,
1927 3078 2097 3105 Germanicus
2106 3078 2227 3107 Dacicus,
2247 3079 2334 3105 Gratis
2342 3078 2431 3106 Dedit:
2456 3090 2457 3096 ι

303 3127 348 3154 dae
360 3127 446 3152 literae
458 3128 484 3151 in
496 3122 633 3158 Alphabeto
645 3123 722 3148 Iocum
735 3120 835 3146 obtinet.
911 3119 1015 3145 Videtur
1028 3119 1122 3154 quidem
1141 3122 1208 3146 inter
1226 3118 1272 3145 has
1288 3119 1342 3144 lite·
1395 3116 1452 3142 GD.
1475 3112 1615 3140 Gaudium.
1631 3147 1637 3153 ῃ
1664 3113 1784 3140 GEMina
1802 3115 1864 3150 legio
1884 3112 2023 3139 Gemellus.
2072 3114 2103 3139 G.
2114 3114 2141 3139 F.
2158 3113 2269 3140 Gemina
2282 3114 2378 3140 Fidelis
2393 3114 2432 3149 uel
2445 3121 2448 3124 ·

303 3172 348 3188 ras
360 3169 472 3196 magnam
486 3157 633 3185 intercedere
645 3155 844 3191 vieceffitudirzem.
915 3154 984 3189 Qud
995 3157 1059 3179 enim
1073 3161 1176 3180 naturae
1189 3156 1269 3190 magis
1286 3161 1342 3179 con-
1396 3151 1470 3178 Felix
1479 3171 1488 3183 ‚
1507 3149 1573 3176 Gula
1587 3148 1731 3180 Filiorum,
1750 3149 1894 3175 Germanus
1903 3149 2003 3174 Frater.
2073 3148 2128 3175 GG.
2149 3149 2258 3175 Gemina
2267 3170 2275 3181 ,
2286 3150 2430 3176 Gener-unt.

299 3197 444 3231 fintaneum
458 3194 501 3228 effi·
509 3196 609 3228 potuit,
625 3201 696 3228 quam
710 3199 739 3219 vt
751 3193 884 3226 Digamma
900 3190 933 3220 F,
942 3188 1046 3224 fimplcx
1060 3190 1160 3215 Gamma
1174 3191 1210 3221 G,
1230 3196 1253 3215 et
1261 3189 1284 3225 s
1294 3191 1340 3214 iri·
1396 3187 1428 3214 G.
1443 3187 1473 3213 L.
1493 3184 1578 3212 Genio
1591 3183 1673 3215 Loci,
1693 3183 1755 3210 Gaii
1769 3183 1901 3210 Libertus.
1971 3184 2024 3210 GL.
2047 3184 2147 3211 Gloria.
2177 3185 2280 3210 GLoria
2295 3185 2429 3212 Exercitus
2442 3208 2446 3214 .

305 3239 347 3258 tus
362 3233 387 3257 H
397 3251 404 3262 ,
420 3230 449 3267 fi>
463 3236 545 3256 mutuo
558 3228 766 3264 consequerentur.
823 3226 854 3252 Et
860 3225 939 3258 sane,
959 3234 976 3257 γ
984 3231 1031 3259 pro
1048 3225 1068 3250 F
1079 3224 1203 3250 interdum
1210 3224 1265 3259 firi
1282 3231 1343 3254 itur,
1357 3230 1386 3258 85
1399 3221 1521 3249 Romani.
1590 3219 1695 3245 GLoria
1709 3219 1854 3246 Parentum.
1876 3218 2002 3252 (Populi,
2020 3220 2148 3251 Patriae).
2208 3220 2323 3254 *G.L.F.
2344 3221 2429 3246 Genio
2448 3239 2452 3251 .

299 3266 340 3300 fic
353 3268 433 3298 Ρέςις,
454 3267 536 3299 fir-req
549 3264 615 3299 (pro
629 3262 701 3296 ἒιθής,
720 3264 820 3297 &yrugium
861 3258 956 3293 Vestis,
981 3260 1092 3293 Venter)
1111 3260 1175 3294 apud
1195 3259 1342 3294 Hesychium
1399 3257 1465 3286 Loci
1478 3255 1592 3283 Fadium.
1668 3254 1700 3280 G.
1713 3255 1751 3280 Μ.
1771 3254 1856 3280 Genio
1870 3253 1949 3293 Malo.
2032 3255 2093 3282 GM.
2115 3256 2300 3288 Germanicus,
2322 3256 2437 3285 German

300 3302 425 3338 scriptum
436 3303 576 3327 inuenimus
588 3299 665 3331 γὲςις,
688 3299 775 3331 γέν-τερ.
846 3294 1017 3329 Etfimilitcr2
1037 3296 1119 3329 ΗΡΥΟ
1133 3296 1153 3320 G
1167 3304 1175 3323 ἰ
1204 3295 1244 3329 fic
1263 3305 1278 3320 α
1296 3295 1342 3326 Ὑῖν·
1400 3302 1457 3320 nus·
1528 3292 1560 3317 G·
1574 3290 1610 3316 M·
1624 3290 1656 3315 V·
1678 3290 1789 3316 Gemifffl
1801 3290 1933 3315 Minefflffl
1947 3289 2059 3317 Vi‘ffi‘ix·
2128 3291 2189 3316 GN·
2215 3291 2300 3323 Gens,
2319 3291 2444 3324 Geniuss‘

306 3348 341 3364 ros
355 3338 475 3368 Hinnus,
499 3344 515 3362 a
528 3332 618 3371 δράσσω
631 3330 708 3368 δραγῶ
722 3331 833 3361 Traho,
852 3331 915 3357 vnde
929 3337 952 3357 ct
963 3330 1048 3365 rurfiaes
1062 3331 1082 3355 G
1095 3329 1207 3355 redeunte
1221 3328 1342 3365 postlimi·
1400 3330 1520 3359 Genere,
1541 3327 1653 3352 Gnaeus.
1725 3324 1816 3351 GNT.
1836 3324 1939 3350 Gentes.
2011 3327 2072 3352 GN.
2089 3325 2124 3352 N.
2138 3326 2175 3352 T.
2189 3327 2227 3352 M.
2241 3327 2273 3352 D.
2287 3327 2318 3354 D.
2343 3322 2457 3359 Geniolfi}

307 3375 350 3398 m‘o
362 3373 392 3399 T
392 3373 491 3406 ragula.
563 3370 593 3396 Et
605 3375 688 3395 'totum
701 3365 733 3400 ‹st
746 3367 812 3402 apud
829 3368 925 3402 Anglos
945 3365 980 3400 gh
993 3367 1157 3407 pronuntiari
1173 3364 1246 3400 saepe
1269 3371 1296 3390 vt
1318 3364 1333 3389 f
1339 3374 1344 3389 :
1399 3363 1516 3391 Nuinini
1529 3359 1654 3388 Tutelari
1667 3360 1869 3386 Monumentum
1884 3361 2018 3392 (Merito)
2030 3362 2200 3387 DeDicatum.
2269 3360 2300 3387 G.
2315 3362 2340 3388 P.
2368 3361 2437 3388 Gal-³⁴
2445 3361 2458 3404 'l

309 3410 410 3442 itemque
424 3407 508 3443 Belgis
523 3404 618 3432 Kracht
631 3402 674 3436 effi’
688 3403 751 3439 quod
763 3404 822 3429 aliis
838 3403 966 3428 Germanis
980 3401 1054 3427 lsraft
1068 3407 1112 3427 etc.
1192 3401 1211 3426 G
1227 3406 1249 3425 ct
1262 3400 1281 3425 C
1292 3408 1340 3424 mu·
1352 3414 1386 3438 90
1401 3399 1451 3426 liae
1472 3400 1641 3427 Procurator,
1679 3395 1766 3434 Genio
1787 3395 1881 3421 Posuit.
1954 3398 1985 3422 G.
1999 3398 2024 3423 P.
2040 3397 2067 3423 F.
2107 3397 2218 3423 Gemina
2248 3396 2292 3422 Pia
2324 3396 2440 3429 Fidelis„
2456 3397 2457 3421 l

310 3447 366 3466 tuas
378 3449 463 3476 operas
475 3441 579 3467 tradunt
591 3450 601 3469 ;
635 3448 692 3465 nam
706 3444 735 3464 vt
748 3447 762 3462 a
776 3436 890 3471 γόγγρος,
910 3437 1029 3470 Congrus
1044 3446 1051 3466 ς
1085 3445 1100 3462 a
1113 3436 1213 3469 lungo,
1233 3436 1342 3465 Ιιιιιςιιες
1401 3436 1431 3461 G.
1448 3435 1473 3461 P.
1487 3435 1517 3460 R.
1535 3431 1621 3457 Genio
1634 3431 1674 3456 vel
1685 3430 1777 3456 Gloria
1791 3430 1883 3464 Populi
1898 3431 2020 3458 Romani.
2090 3431 2145 3457 GR.
2162 3431 2266 3463 Gratis,
2286 3432 2366 3463 Grex,
2381 3431 2429 3458 (ἲε-ι
2456 3433 2457 3445 ¹

312 3484 328 3500 a
343 3476 479 3510 Pertingo,
498 3476 597 3502 Pei-tica
611 3484 619 3505 3
653 3483 669 3500 a
684 3472 807 3507 Viginti,
824 3471 979 3498 Vicesimus:
1006 3471 1046 3505 stc
1057 3473 1110 3497 vice
1122 3471 1207 3506 versa,
1225 3480 1239 3496 a
1252 3468 1341 3502 κύκνος,
1399 3471 1443 3497 rit.
1515 3467 1547 3494 G.
1561 3467 1584 3492 S.
1606 3465 1693 3491 Genio
1707 3465 1827 3497 Sacrum,
1848 3466 1934 3493 Genio
1949 3468 2063 3493 Senatus.
2134 3467 2162 3493 G.
2178 3467 2216 3492 T·
2243 3467 2329 3496 Genio
2343 3467 2439 3493 Tute-¹
2456 3463 2457 3466 ¹

314 3510 416 3543 Cygnus
432 3521 439 3540 ;
473 3521 487 3537 a
500 3511 600 3545 κυβερνῶ
611 3530 619 3542 ,
638 3508 788 3538 Guberno;
823 3517 838 3532 a
852 3507 979 3537 Centum,
1000 3506 1145 3540 Quingenti
1161 3517 1169 3536 ς
1202 3512 1225 3532 ct
1244 3515 1259 3531 a
1283 3505 1340 3532 Nec
1397 3505 1463 3537 lari,
1484 3502 1603 3530 Grauitas
1616 3501 1687 3526 Tua.
1703 3535 1708 3539 Ι
1777 3501 1809 3526 G.
1819 3501 1859 3540 .T·
1875 3503 1908 3529 A.
1926 3503 2012 3529 Genio
2026 3501 2150 3529 Tutelari
2166 3501 2280 3534 Augusti.
2353 3503 2384 3528 G.
2398 3501 2432 3528 V.'

313 3551 337 3570 et
357 3545 465 3576 Otium,
483 3545 524 3571 Ne
543 3547 638 3572 otium.
707 3545 793 3570 Varro
810 3543 840 3568 L.
859 3542 888 3568 L.
908 3551 937 3574 23
957 3552 981 3576 p.
995 3551 1037 3574 29,
1052 3551 1079 3573 30
1100 3541 1223 3573 Gladius,
1241 3542 1262 3567 C
1275 3541 1302 3568 in
1317 3541 1340 3567 G
1398 3541 1486 3566 Genio
1498 3537 1592 3567 Vrbis,
1628 3535 1722 3574 Grauis
1735 3535 1863 3564 Valerius.
1969 3538 2000 3564 G.
2014 3539 2046 3565 V.
2059 3538 2083 3564 S.
2121 3537 2207 3563 Genio
2220 3536 2298 3564 Vrbis
2311 3537 2427 3570 Sacrum,
2441 3547 2444 3552 ·

314 3585 474 3605 commutato
487 3588 501 3605 a
514 3590 525 3605 c
538 3581 591 3606 ade.
633 3579 690 3606 Vid.
709 3578 834 3605 Drakenb.
852 3577 886 3603 ad
899 3577 957 3603 Liu.
972 3580 998 3608 6,
1013 3585 1052 3609 25,
1066 3579 1092 3603 6.
1286 3575 1306 3613 ἢ
1329 3585 1342 3602 2
1353 3590 1385 3616 93
1398 3576 1485 3603 Gratis
1499 3574 1597 3602 Votum
1609 3570 1702 3597 Soluit.
1773 3571 1829 3598 ΟΧ-
1850 3572 1930 3599 Grex.

312 3615 336 3640 G
355 3621 378 3640 ct
400 3615 427 3639 N
443 3617 545 3639 inuicem
555 3622 734 3649 permutantur.
791 3615 857 3639 Nam
867 3616 893 3638 in
907 3616 941 3639 iis
953 3613 1067 3642 uocibus,
1085 3611 1128 3638 vbi
1146 3622 1163 3644 γ
1177 3611 1305 3647 praecedit
1318 3623 1343 3644 κ,

314 3658 347 3682 γ,
367 3660 388 3682 χ
406 3649 447 3675 vel
463 3648 491 3679 ξ,
510 3647 575 3680 istud
587 3653 660 3684 prius
678 3661 695 3682 γ
715 3651 805 3676 Graece
818 3648 894 3684 sonat
913 3659 937 3681 ν,
956 3650 1043 3674 Latine
1062 3657 1119 3673 vero
1139 3651 1247 3674 vertitur
1268 3651 1294 3673 in
1316 3649 1344 3674 N
1780 3645 1809 3677 G
1902 3647 1932 3678 A
2027 3646 2050 3677 B

314 3692 345 3711 ve
361 3683 478 3717 ἅγγελος,
498 3684 607 3714 Angelus
621 3695 629 3713 3
664 3685 775 3718 ἄγκυρα,
793 3685 915 3713 Ancora3
933 3682 1065 3716 Ἀγχίσης,
1082 3682 1205 3709 Anchises
1220 3693 1227 3713 ;
1247 3683 1341 3717 Σφίγξ,

314 3719 421 3755 Sphinx.
493 3717 611 3743 Prissizm.
632 3727 640 3744 ι
659 3728 682 3752 p.
696 3722 739 3751 556
767 3729 820 3745 cum
841 3719 868 3744 dc
883 3720 983 3745 Graccis
996 3719 1040 3745 hoc
1052 3717 1185 3750 retulistit,
1205 3718 1294 3752 addit,
1312 3719 1343 3744 Et·
1436 3719 1664 3754 GABALIVM3
1690 3713 1708 3740 i.
1745 3723 1770 3740 n.
1807 3716 1906 3742 Planta.
1941 3714 2007 3742 Plin.
2029 3722 2072 3746 12,
2093 3722 2129 3740 21.

315 3755 426 3789 quidam
437 3758 522 3780 tamen
534 3753 692 3778 vetustissimi
705 3753 824 3780 auctores
838 3755 1017 3781 Romanorum
1030 3753 1177 3787 euphoniae
1191 3754 1263 3780 causa
1277 3754 1343 3780 bene
1349 3767 1396 3785 100
1437 3761 1488 3781 GA
1497 3759 1540 3779 BA
1549 3758 1564 3777 L
1574 3757 1594 3775 V
1604 3757 1616 3775 S
1625 3769 1634 3780 ,
1652 3759 1671 3775 ι.
1707 3758 1741 3775 m.
1778 3750 1898 3786 [ς-οινρδς]
1932 3750 2008 3784 Apud
2025 3756 2117 3775 veteres
2135 3749 2216 3780 Crux,
2226 3748 2279 3783 fiue
2292 3749 2428 3779 Patibulum

315 3790 366 3817 hoc
385 3789 525 3819 facientes,
541 3793 569 3812 vt
587 3788 721 3826 Agchijes,
740 3797 845 3824 agccps,
864 3799 878 3815 a
897 3791 986 3824 gulus,
1010 3798 1118 3825 aggeus,
1142 3789 1213 3823 quod
1230 3789 1342 3816 ostendit
1400 3788 1532 3815 dicebatur.
1568 3785 1655 3810 Varro
1666 3785 1731 3819 apud
1744 3785 1814 3812 Non.
1829 3795 1852 3816 2,
1872 3793 1915 3819 373
1937 3786 1993 3813 Nos
2010 3784 2132 3816 barbari,
2151 3785 2221 3819 quod
2236 3785 2388 3811 innocentes
2401 3784 2429 3809 in

315 3826 401 3852 Varro
425 3833 433 3850 1
453 3824 484 3850 de
498 3822 607 3856 Origine
628 3821 731 3861 ling-uae
755 3825 861 3850 Latinae
879 3799 923 3850 fiis
944 3824 1053 3851 verbis:
1088 3826 1217 3860 Aggulus,
1241 3835 1343 3861 aggeus,
1400 3822 1521 3857 gabalum
1535 3818 1677 3847 suffisimus
1698 3820 1834 3847 homines:
1865 3830 1912 3847 vos
1932 3830 1984 3847 non
2001 3819 2122 3851 barbari,
2143 3819 2215 3854 quod
2235 3821 2328 3846 noxios
2347 3818 2428 3846 absol·
2461 3818 2465 3824 ’

313 3860 440 3897 agguilla,
458 3862 581 3895 iggerunt.
615 3856 646 3882 In
659 3858 789 3895 eiusmodi
802 3860 894 3885 Graeci
909 3866 934 3886 et
947 3859 1037 3886 Αὲὶίιιε
1048 3860 1134 3886 noster
1149 3860 1238 3887 binam
1250 3869 1265 3894 g
1282 3860 1343 3886 scri·
1398 3858 1469 3885 vitis.
1491 3855 1621 3888 (obiictlis
1638 3858 1733 3887 Merc.)
1776 3856 1833 3882 Vitl.
1852 3856 1920 3891 Lipfi
1940 3856 1968 3882 de
1986 3856 2059 3882 Cruce
2080 3865 2105 3886 1,
2125 3865 2148 3881 ρ.
2196 3854 2271 3890 Vqffii
2290 3857 2368 3889 Egym.
2387 3854 2429 3888 qui

314 3897 394 3926 bunt,
413 3895 461 3921 alii
474 3904 492 3920 n
503 3900 529 3920 et
543 3902 574 3928 g,
594 3891 666 3926 quod
680 3891 770 3917 in=hoc
785 3895 922 3920 veritatem
934 3895 1026 3922 videre
1037 3894 1116 3921 facile
1129 3905 1182 3921 non
1193 3895 1237 3921 est.
1272 3895 1340 3921 Add.
1397 3898 1523 3926 comparat
1536 3900 1588 3916 cum
1603 3893 1714 3917 German.
1730 3891 1826 3923 Galge,
1847 3891 1990 3925 patibulum.
2025 3890 2144 3917 Omnibus
2155 3891 2236 3917 literis
2248 3893 2360 3917 conuenit
2375 3895 2429 3915 cum

311 3941 335 3965 p.
348 3934 397 3964 569
402 3930 453 3966 fin.
507 3927 549 3963 Fst
562 3933 585 3956 ee
598 3926 666 3955 aliud
678 3933 846 3962 argumentum
859 3929 957 3956 huiusce
969 3934 1035 3959 inter
1048 3932 1134 3958 literas
1148 3931 1169 3957 G
1181 3937 1204 3957 et
1216 3932 1246 3957 N
1254 3929 1511 3966 cogna-105German.
1526 3925 1608 3952 Gabel
1616 3946 1623 3958 ‚
1642 3926 1705 3962 quod
1712 3919 1815 3962 furcam
1822 3925 1961 3962 fignificat.
2377 3963 2418 3984 BA

2331 3964 2373 3988 ΟΛ
2417 3970 2427 3978 ·
