2479 4225
208 183 288 220 1175
589 160 605 199 Ῑ
686 157 731 197 N
807 153 865 194 Τ
1717 142 1735 182 Ῑ
1813 143 1856 183 Ν
1944 145 1989 186 Τ
2266 147 2353 196 1176

246 259 319 281 1N⁷r
331 258 417 280 maci
428 258 446 279 D
457 250 556 281 ὄΝΑ,
574 257 613 274 ae.
649 247 669 273 f.
705 247 759 272 Dea
774 242 855 270 custos
873 240 942 266 fetae
960 237 1097 269 mulieris,
1116 245 1130 262 a
1149 233 1247 262 securis
1311 234 1476 268 verborum,
1495 235 1598 262 animae
1619 232 1787 265 interclusio,
1812 239 1892 267 atque
1915 234 2059 269 angustiae.
2071 228 2178 271 spiritus
2199 234 2354 262 attulerunt.

210 289 375 318 intercifione
389 287 421 313 sic
435 286 514 317 dieb,
534 285 645 311 Varrone
658 280 715 315 teste
726 279 792 315 apud
801 275 908 311 August.
918 274 949 301 de
958 274 1018 304 eiu.
1027 274 1078 300 Dei
1095 274 1121 305 6,
1135 280 1159 304 9.
1179 274 1249 297 cuius
1310 271 1464 305 Paremhtfis
1476 269 1629 298 Interclufio
1642 275 1747 295 vocatu,-
1761 278 1776 295 a
1789 269 1920 302 Qlinffiffl-
1935 279 1961 303 9,
1976 278 1998 303 ἓξ
2236 287 2242 292 ,
2298 270 2300 274 .

211 328 287 353 Iocum
301 324 387 350 (laum
408 331 465 348 voce
483 324 654 348 S1LVANVS.
1316 343 1322 348 -
1350 312 1360 331 1
1371 312 1391 332 N
1405 313 1426 332 T
1435 314 1450 333 Ε
1461 314 1479 333 R
1488 313 1504 333 C
1514 314 1533 333 O
1543 313 1559 333 L
1571 313 1590 332 V
1600 313 1625 347 hi
1634 312 1655 331 N
1666 311 1675 330 1
1686 311 1740 330 VM
1749 323 1766 343 ,⁸
1777 304 1795 330 i.
1831 314 1857 331 n.
1895 305 2065 339 [μεσόςηλον]
2102 307 2212 347 Simu-um
2221 326 2229 339 ,
2246 304 2311 341 quod
2322 304 2354 338 ‘fl
2427 331 2430 333 Δ

247 368 256 386 1
266 367 286 386 N
297 365 345 386 TE
356 366 374 384 R
383 365 399 384 c
409 358 443 383 i'D
455 362 474 382 ο
485 376 493 389 ,
514 355 567 386 idi,
585 355 669 384 asum,
687 352 740 376 ere.
777 345 979 384 [παρεμπίπτει]
1014 353 1043 370 ex
1056 344 1129 369 Inter
1140 348 1163 367 st
1176 339 1250 380 Cado
1310 347 1377 382 anter
1390 343 1512 368 columnas
1524 341 1700 376 ardzficzorum.
1737 340 1792 366 Cic.
1807 341 1932 374 QFratr.
1945 350 1968 375 3,
1983 350 2004 374 1,
2018 350 2030 367 2
2049 342 2216 375 Topiariuin
2228 341 2336 368 laudaui
2350 350 2358 365 t
2428 342 2430 347 '
2442 368 2444 373 ,

211 395 291 422 cadem
311 396 407 420 ‚uitione
426 389 536 424 ditium,
555 399 601 425 qua
618 386 736 414 interire.
786 382 852 408 Plin.
867 390 893 414 9,
908 389 933 413 51
959 378 1156 419 isaer-cludunt
1174 384 1250 416 quin·
1269 382 1284 410 5
1312 383 1350 403 ita
1366 377 1457 417 omnia
1479 377 1638 418 connestiust
1659 375 1773 406 hedera,
1793 385 1844 409 qua
1863 375 1943 403 basim
1962 377 2058 410 villae,
2077 386 2129 412 qua
2151 376 2357 405 intercolumnia
2427 352 2453 395 ὰ

210 429 360 465 quagesimo
376 429 435 461 die,
454 436 468 453 e
482 426 577 461 quibus
590 423 670 449 multa
689 423 796 454 propter
807 425 947 443 numerum
960 414 1131 443 intercidunt.
1192 413 1250 438 Cic.
1311 411 1516 446 ambulationis,
1534 419 1578 445 vt,
1596 420 1642 439 etc.
1698 410 1773 437 Idem
1787 413 1865 438 Verr.
1879 421 1905 445 1,
1921 420 1953 446 5¹·

211 474 259 501 pro
274 465 362 491 Deiot.
377 472 403 497 25
435 464 474 490 De
494 459 613 488 Domitio
632 456 699 482 dixit
718 454 823 480 versum
840 453 986 484 Graecum,
1005 450 1096 477 eadem
1113 447 1251 488 sententia,
1349 453 1393 487 1·N
1405 453 1562 487 's'ERCON
1573 454 1635 474 CIL
1646 453 1700 479 10,
1732 451 1784 473 are.
1826 444 2010 481 [διαλλάττω]
2064 450 2134 475 Inter
2156 448 2185 484 se
2217 449 2358 474 conciliare.

211 510 262 536 qua
278 501 357 526 etiam
373 508 420 525 nos
439 498 561 524 habemus
581 492 720 521 Latinum,
741 490 850 516 Pcreant
869 487 965 517 amici,
989 487 1052 513 dum
1070 493 1122 511 vna
1142 485 1250 523 immiti
1313 482 1442 517 Qunchl.
1456 492 1540 517 12,10,
1554 491 1584 520 59
1608 485 1639 510 In
1652 481 1773 508 docendo
1787 488 1874 509 autem
1888 492 2006 513 acumen,
2027 483 2055 510 in
2069 482 2308 510 interconciliando
2321 483 2358 508 le-

210 536 375 563 intercidant.
446 532 548 558 Exstare
562 535 583 554 et
597 525 776 557 intercidere,
794 527 923 551 contraria
937 523 1003 550 Ptin.
1019 530 1054 555 35,
1069 525 1091 551 8.
1161 520 1250 553 Papin.
1313 520 1381 546 nitas
1390 538 1398 551 ‚
1415 519 1444 544 in
1456 520 1589 546 mouendo
1602 520 1716 553 grauitas
1729 517 1861 546 videatur.
1896 521 1928 546 Et
1935 520 2020 556 paullo
2033 527 2101 552 ante,
2117 520 2178 546 Siue
2192 518 2263 546 aliud
2277 519 2358 544 inter.

211 573 241 599 in
254 572 271 598 l.
293 571 319 597 Si
335 571 403 597 bona
415 568 466 594 fide
485 567 515 592 D.
530 564 561 590 de
575 563 648 597 petit.
664 560 752 587 hered.
775 559 802 586 si
816 559 965 594 periculum
979 558 1046 589 erit,
1065 564 1098 582 ne
1111 555 1182 582 inter
1195 562 1252 581 mo-
1271 566 1301 585 ιο
1311 553 1472 583 conciliandi
1492 555 1619 590 praestare
1633 553 1738 581 videtur
1751 552 1880 580 officium.

211 616 251 635 ras
269 607 384 634 actiones
399 600 561 629 intercidant.
654 597 745 622 Gratia
758 594 882 622 beneficii
897 594 1032 621 intercidit
1045 593 1133 619 Senec.
1143 590 1175 616 de
1189 591 1252 617 Ecn.
1351 595 1394 615 1N
1404 595 1425 615 T
1434 595 1452 616 Ε
1461 597 1481 617 R
1490 597 1588 618 CREA
1598 596 1618 615 Τ
1627 597 1648 615 ν
1659 595 1672 615 s
1684 608 1691 620 .
1713 598 1744 621 a,
1765 598 1819 616 um.
1857 588 1918 616 Adi.
1954 590 2060 616 Humor
2077 596 2220 625 augmento
2238 587 2359 625 paffionis

213 652 225 676 3
252 652 270 669 ι.
336 642 426 667 Honos
445 634 579 662 intercidit
598 641 665 659 aeuo
683 631 728 657 Sil.
744 639 772 664 3,
791 639 856 664 440.
926 629 1039 662 Modest.
1054 629 1082 654 in
1095 627 1112 653 l.
1125 627 1253 660 Legatum
1313 626 1487 653 interereatus
1506 626 1577 653 Cael.
1591 626 1654 652 Aur.
1663 625 1750 651 Tar-d.
1765 633 1787 658 ς,
1803 633 1822 652 1.
2166 635 2168 637 ·
2276 627 2284 641 s

213 663 246 705 D'.
261 679 299 704 De
311 676 392 708 capite
404 670 529 702 minutis,
548 670 636 695 Morte
649 667 758 702 quidem
773 664 895 700 legatarii
909 665 1022 699 legatum
1043 661 1195 693 intercidit,
1212 670 1253 688 ca·
1352 667 1448 688 INTE
1458 667 1503 688 Rc
1514 668 1559 689 VL
1569 667 1586 688 c
1601 667 1638 693 Ο,
1658 664 1712 687 Ere.
1749 659 1925 696 [ἓμφράττω]
1962 669 1990 686 ex
2004 659 2094 690 Caico,
2112 664 2143 686 vt
2156 658 2274 685 Inculco.
2310 660 2362 684 Co-

212 713 275 748 pitis
293 717 377 737 tamen
396 706 574 733 diminutione
588 703 783 730 interueniente
797 702 956 736 perseuerat.
1034 699 1156 726 Libertas
1172 697 1254 724 inter·
1315 697 1407 724 lumel.
1421 705 1457 727 12,
1471 705 1503 730 43
1519 697 1558 725 'Et
1571 697 1694 724 deorsum
1706 695 1796 722 versus
1810 695 1954 731 spe&antes
1968 695 2037 722 ollae
2050 693 2256 730 componuntur,
2271 693 2309 721 ita
2323 693 2363 720 di·
2388 703 2396 717 ι

212 747 291 777 cidit,
315 748 332 771 i.
346 746 416 779 Perit
434 741 540 776 leian.
554 740 582 767 in
598 740 614 764 l.
635 739 661 764 Si
677 737 784 764 debitor
804 735 827 773 §.
841 736 889 762 vlt.
909 736 941 763 D.
960 734 993 762 de
1012 733 1203 761 fideicommiff.
1222 732 1254 759 li·
1273 739 1299 766 ις
1315 733 1425 762 stantes,
1443 738 1473 758 vt
1485 732 1652 758 interculcari
1667 731 1758 766 poinnt
1770 732 1888 759 vinacea.

211 780 335 811 her-tatib.
427 775 560 803 Memoria
580 774 716 801 intercidit
733 773 793 798 Liu.
809 781 837 804 2,
857 777 878 801 8.
922 771 996 807 Coris.
1015 771 1107 797 lustin.
1127 778 1153 801 2,
1171 779 1198 801 4,
1218 776 1254 800 33..
1351 774 1393 794 IN
1404 771 1620 794 TERCVRRO
1631 785 1638 797 ,
1667 767 1756 798 curri,
1782 769 1904 798 cursum,
1930 768 1984 791 ere.
2030 763 2158 800 [dioefle'Q
2176 763 2364 800 παρεμπίπτω]

211 817 317 844 Nomen
331 811 416 846 longis
431 810 565 838 intercidit
582 809 657 837 annis
678 808 758 836 Ouid.
774 807 838 834 Fast.
854 816 876 839 2,
891 815 953 840 443.
1046 804 1155 833 Obsides
1175 805 1256 830 inter·
1316 804 1486 833 Interuenire,
1498 808 1530 828 ,ει
1540 800 1823 831 intercedere-celeriter.
1859 801 1916 827 Cic.
1924 800 2036 835 Philipp.
2049 807 2062 830 8
2082 810 2102 828 c.
2113 803 2128 827 6
2147 802 2280 834 Pugnatur
2296 806 2366 825 acer·
2395 797 2401 801 ’
2442 799 2445 807 ⁴

211 851 329 877 ciderunt
349 848 451 881 leian.
466 848 493 873 in
511 847 528 872 l.
544 855 552 872 1
578 847 610 872 D.
625 844 656 871 ad
671 844 688 870 l.
703 843 799 870 Iuliam
820 842 920 869 maiest.
989 841 1052 868 Liu.
1067 850 1106 872 21,
1128 845 1141 870 55
1168 839 1256 866 Nullo
1317 840 1407 866 rime:
1432 838 1480 872 qui
1499 837 1704 865 inter-currerent
1722 836 1839 865 misimus
1859 842 1911 864 tres
1931 836 2062 870 principes
2077 836 2209 862 ciuitatis:
2235 835 2284 861 hos
2304 842 2365 860 con.

211 887 280 913 inter
293 891 365 910 arma
377 890 542 916 corporaque
558 889 627 907 vano
641 879 820 906 intercidente.
829 878 914 904 Telo.
991 879 1022 903 Et
1041 882 1086 909 33,
1106 884 1138 904 22.
1165 876 1256 909 Qui-m
1317 873 1412 902 temsit.
1468 871 1529 900 Liu.
1542 880 1564 907 ς,
1602 893 1608 900 .
1646 892 1652 899 .
1710 871 1768 899 Cic.
1779 873 1864 900 Tusc.
1877 881 1902 903 2,
1915 874 1946 904 36
1973 872 2042 906 Ergo
2056 872 2098 899 his
2113 870 2251 898 laboriosis
2266 869 2366 896 exerci-

211 929 265 955 quo
278 920 364 954 plures
384 927 413 944 ac
432 917 562 944 densiores
579 922 670 945 erant,
690 914 823 940 eominus
841 913 904 940 vani
919 912 1065 947 quidquam
1086 912 1255 938 intercideret
1265 915 1301 934 20
1317 908 1466 937 tationibus
1484 914 1511 934 et
1524 908 1601 936 dolor
1621 908 1785 936 intercurrit.
1854 909 2056 941 Intercurrunt,
2075 908 2239 942 cinguntque
2256 906 2303 932 has
2323 914 2367 933 vr-

210 955 286 983 Teli.
340 956 382 981 lta
395 959 418 979 et
433 956 471 984 26,
484 961 523 985 39.
594 950 674 985 Q¹0d
688 950 705 976 si
720 948 887 976 interciderit
899 949 952 976 tibi
964 957 1032 974 nnnc
1044 946 1146 982 aliquid
1162 947 1257 973 Horat.
1317 948 1365 974 bes
1378 943 1555 972 Tetra-chiae
1571 945 1638 972 Plin.
1653 952 1683 978 ς,
1698 949 1732 974 ι8.

210 992 291 1018 Serm.
305 999 328 1022 2,
343 998 370 1022 4,
386 991 402 1015 6
427 989 452 1016 Sz
462 995 509 1023 per
521 997 596 1013 meam
610 985 832 1021 znterpellationem
848 985 948 1012 turbato
964 984 1014 1010 tihi
1025 982 1125 1018 aliquid
1138 982 1260 1008 exczdmt
1354 989 1365 1008 1
1374 987 1396 1007 Ν
1406 988 1427 1007 T
1436 987 1453 1006 E
1462 986 1481 1006 R
1492 985 1509 1006 c
1521 986 1541 1006 v
1553 987 1573 1007 R
1584 988 1603 1007 R
1614 987 1629 1006 E
1640 988 1662 1007 N
1673 987 1685 1007 s
1695 1000 1704 1012 ,
1724 979 1801 1005 entis.
1836 978 1932 1005 Partic.
1968 978 2182 1014 [παρεμπίπτων]
2217 976 2285 1004 Plin.
2300 984 2341 1009 12,
2355 984 2367 1009 3
2381 979 2387 983 ·
2430 976 2442 1008 ,ἶ
2456 994 2457 1003 ,
2473 971 2475 1002 ἶ

209 1028 332 1054 memoria.
403 1024 464 1051 Liu.
478 1032 500 1056 3,
514 1032 542 1049 10
562 1022 641 1055 Quod
655 1021 802 1053 intercidit,
821 1030 871 1047 non
883 1026 983 1055 raptum
995 1028 1011 1046 a
1023 1017 1175 1050 volucribus,
1189 1018 1258 1052 spat·
1317 1017 1424 1046 Folium
1438 1015 1503 1042 mali
1515 1016 1628 1049 Assyriae
1641 1015 1677 1043 est
1690 1015 1819 1042 vnedonis
1832 1014 2068 1041 intercurrentibus
2081 1014 2171 1049 spinis.

210 1064 267 1090 sum
281 1062 317 1087 ita
331 1059 436 1086 iacuisse
454 1068 501 1094 per
518 1058 621 1093 aliquot
638 1056 708 1089 dies,
728 1063 758 1084 vt
771 1055 840 1083 nihil
857 1056 925 1083 odor
937 1061 1062 1082 mutaret.
1148 1054 1175 1080 Si
1191 1061 1258 1088 quae
1356 1060 1396 1080 IN
1407 1058 1426 1077 Τ
1437 1059 1453 1079 Ε
1464 1059 1483 1077 R
1494 1058 1540 1078 CV
1550 1058 1570 1078 R
1581 1058 1593 1079 s
1603 1058 1624 1078 v
1634 1059 1665 1085 s,
1684 1060 1715 1085 a,
1735 1061 1790 1077 um.
1826 1050 1887 1078 Adi.
1924 1049 2057 1077 Ammian.
2073 1058 2112 1081 15,
2133 1058 2163 1075 10
2188 1047 2370 1075 Intercursum
2403 1051 2406 1056 “

208 1096 418 1128 interciderunt,
437 1104 491 1121 non
504 1100 556 1121 tam
571 1103 614 1125 re,
635 1101 713 1128 quam
729 1092 877 1127 suspicione
890 1091 991 1118 violata
1003 1091 1060 1118 Cic.
1072 1089 1145 1117 Fam.
1158 1098 1181 1124 ς,
1193 1094 1216 1119 8.
1236 1092 1257 1115 i.
1274 1094 1306 1121 25
1318 1089 1431 1124 spatium
1443 1086 1533 1114 maris.
2362 1104 2364 1107 ,

206 1132 365 1162 inciderunt,
383 1134 450 1157 inter
463 1131 520 1157 haec
533 1129 685 1156 acciderunt.
1357 1131 1367 1150 1
1380 1130 1402 1150 N
1414 1130 1436 1150 T
1445 1130 1462 1149 E
1471 1129 1490 1149 R
1498 1129 1515 1149 C
1523 1128 1544 1148 v
1553 1129 1622 1150 Rsv
1631 1129 1644 1150 S
1652 1142 1659 1154 ,
1679 1121 1717 1149 ὓς.
1738 1131 1774 1149 m.
1806 1121 2016 1156 [παρέμπτωσις]
2052 1122 2213 1148 Inter-uentus
2224 1115 2370 1152 intercqffio.

245 1174 288 1195 1N
300 1175 321 1196 T
331 1174 346 1193 Ε
355 1174 373 1193 R
384 1173 399 1193 c
410 1174 418 1191 I
429 1174 445 1192 L
455 1173 462 1191 1
474 1172 494 1190 v
503 1172 528 1191 M
537 1184 546 1197 ,
572 1165 591 1191 i.
627 1174 652 1191 n.
688 1163 761 1200 Qod
775 1160 809 1197 est
821 1161 927 1189 medium
947 1164 1015 1188 inter
1026 1161 1102 1194 cilia,
1115 1159 1171 1195 fine
1183 1160 1260 1196 pilis.
1320 1160 1384 1187 Liu.
1397 1168 1422 1191 2,
1434 1167 1469 1191 29
1488 1158 1633 1185 Consulum
1645 1158 1793 1185 intercursu
1808 1157 1866 1184 rixa
1879 1157 1963 1183 sedata
1977 1157 2022 1183 est.
2070 1157 2112 1183 Sic
2124 1165 2167 1188 30,
2185 1163 2208 1182 11
2228 1160 2293 1181 extr.
2319 1153 2373 1179 De-

208 1203 289 1231 Gloss.
302 1204 348 1229 Gr.
361 1204 416 1228 Lat.
429 1200 570 1235 μεσόφρυον.
1322 1196 1386 1223 inde
1399 1201 1427 1222 vt
1441 1194 1518 1229 pedes
1531 1194 1664 1221 Romanus
1678 1194 1819 1228 repentino
1835 1201 1883 1227 per
1896 1198 1996 1219 turmas
2009 1192 2065 1218 suas
2078 1192 2152 1219 viam
2169 1191 2271 1217 danteis
2290 1189 2371 1217 inter-

246 1246 256 1265 1
266 1246 288 1265 N
297 1245 318 1265 T
327 1244 344 1264 E
353 1244 397 1264 RC
406 1238 444 1263 i'N
454 1243 488 1269 O,
509 1236 577 1267 inui,
597 1240 699 1267 entuni,
713 1235 768 1260 ere.
804 1230 952 1267 [μισῳδέω]
988 1226 1101 1259 Horsin
1112 1231 1176 1258 Arte
1184 1232 1258 1258 Poet.
1322 1232 1401 1258 cursu
1415 1229 1536 1257 stabilem
1549 1230 1632 1256 aciem
1648 1229 1727 1261 fecit,
1746 1236 1792 1256 stc.
1857 1227 1926 1255 Add.
1939 1236 1988 1261 34,
2009 1236 2031 1260 3.
2102 1227 2197 1254 Tacit.
2210 1224 2279 1252 Hist.
2295 1233 2321 1256 2,
2339 1225 2372 1256 36

210 1283 258 1308 ¹94
282 1288 327 1295 ··—
348 1273 408 1299 Neu
424 1272 490 1307 quid
505 1271 607 1297 medios
621 1271 762 1297 intercinat
776 1269 865 1301 aditus,
884 1268 965 1303 Qiod
979 1277 1033 1295 nou
1049 1267 1184 1303 proposito
1198 1275 1259 1293 con·
1276 1271 1310 1297 30
1322 1269 1415 1301 Qum
1429 1266 1577 1293 intercursu
1590 1265 1799 1297 Tribunonma,
1814 1264 2064 1299 Centurionumque
2078 1263 2238 1297 protegitur.
2309 1260 2372 1287 Liu.

209 1310 300 1341 ducat,
320 1314 346 1335 et
361 1309 466 1335 haereat
480 1313 554 1343 apte,
581 1310 599 1334 i.
613 1307 679 1333 nihil
691 1305 808 1332 audiatur
821 1305 961 1340 insubida,
979 1304 1044 1340 quod
1062 1313 1110 1330 non
1126 1303 1160 1329 ad
1166 1309 1260 1339 propo·
1323 1311 1365 1338 37,
1378 1311 1414 1336 42
1434 1302 1465 1328 Et
1480 1300 1623 1336 impeditus
1635 1301 1784 1327 intercursu
1798 1300 1906 1326 suorum
1920 1300 1981 1326 vsus
1997 1300 2198 1334 praelongarum
2212 1296 2353 1324 hastarum.

200 1345 278 1380 fitam
288 1344 384 1380 faciat.
1360 1345 1370 1364 1
1380 1345 1402 1363 N
1413 1344 1435 1364 T
1445 1344 1462 1364 E
1471 1344 1491 1364 R
1500 1343 1517 1363 e
1525 1344 1546 1363 v
1554 1343 1573 1364 R
1583 1344 1595 1364 s
1604 1343 1623 1363 o
1632 1357 1639 1368 ,
1666 1340 1733 1363 ares
1756 1337 1957 1370 [παρεμπίπτω]
1991 1336 2159 1370 Frequentat.
2199 1333 2267 1360 Plin.
2288 1340 2319 1365 29
2327 1351 2335 1364 ,
2354 1338 2375 1364 4

245 1388 255 1407 1
266 1388 287 1406 N
300 1387 321 1406 T
330 1387 346 1406 Ε
355 1387 374 1406 R
384 1385 401 1406 C
414 1385 423 1404 Ι
435 1385 457 1404 Ν
469 1385 486 1405 c
496 1384 518 1406 Τ
527 1384 569 1404 vs
579 1397 587 1409 ‚
608 1386 632 1410 a,
650 1386 705 1404 um.
741 1375 836 1403 Partic.
854 1375 884 1402 ab
897 1374 1058 1409 Intercingo.
1094 1374 1161 1400 Plin.
1176 1381 1218 1408 37,
1234 1381 1262 1398 10
1324 1373 1515 1401 Vnuinrsimile
1528 1372 1672 1404 formicae,
1692 1371 1736 1397 sed
1750 1370 1836 1397 multo
1850 1371 1936 1397 maius
1945 1390 1952 1402 ‚
1971 1370 2042 1398 ruffo
2061 1370 2162 1405 capite,
2181 1368 2286 1403 reliqua
2299 1372 2374 1402 parte

207 1415 329 1443 Candore
348 1414 508 1442 intercincto
533 1413 615 1440 variis
637 1411 784 1441 coloribus.
853 1411 980 1437 Gelenius
999 1412 1062 1450 legit
1079 1408 1260 1437 Interstindto.
1289 1436 1292 1439 Δ
1323 1410 1445 1445 eorporis
1457 1409 1542 1443 nigra,
1560 1408 1627 1434 albis
1641 1405 1876 1433 intercursantibus
1889 1407 2034 1440 respersum
2047 1406 2138 1442 guttis.
2175 1405 2250 1440 Conf.
2262 1404 2337 1432 Idem
2350 1410 2376 1437 3,

207 1452 283 1480 Ideni
297 1454 337 1484 36,
353 1457 366 1481 8
388 1450 544 1478 Thebaicus
559 1448 730 1475 intercinctus
744 1447 831 1474 aureis
843 1447 941 1481 guttis,
956 1446 1096 1473 inuenitur
1110 1447 1138 1472 in
1153 1444 1259 1472 Africae
1277 1447 1306 1474 35
1323 1448 1365 1473 26.
1407 1445 1468 1472 Liu.
1482 1453 1522 1477 21,
1536 1451 1563 1477 35
1582 1441 1822 1471 intercursantibus
1835 1441 1965 1468 barbaris.
2265 1466 2269 1468 ,

207 1494 281 1523 parte
294 1490 413 1522 Aegypto
427 1486 580 1520 adscriptae.
1196 1503 1199 1507 .
1359 1486 1370 1507 1
1380 1487 1400 1507 N
1412 1487 1485 1508 TER
1494 1486 1510 1507 c
1519 1486 1539 1505 v
1548 1487 1561 1506 s
1570 1499 1578 1512 ,
1606 1480 1667 1505 titis.
1703 1477 1765 1504 Adi.
1803 1473 2016 1512 [stfosgiidfodae]
2058 1475 2132 1511 Quod
2148 1478 2215 1502 inter
2233 1483 2332 1502 carnem
2350 1479 2376 1509 es

246 1529 396 1549 INTERC
408 1529 418 1548 1
430 1528 483 1552 siz,
518 1525 719 1553 1NTr2Rc1s10,
750 1524 952 1549 1NTERCISVS,
983 1516 1037 1544 vid.
1065 1518 1259 1543 INTERciDO.
1321 1523 1402 1544 cutem
1416 1514 1466 1549 est,
1483 1513 1628 1548 Intestinus.
1683 1513 1739 1539 Cic.
1756 1512 1809 1540 Off.
1824 1521 1847 1545 3,
1861 1521 1895 1546 92
1921 1521 1943 1539 c.
1961 1521 1997 1545 24
2023 1511 2050 1538 Si
2070 1511 2130 1546 quis
2149 1506 2375 1538 medicamentum

247 1564 288 1586 ιΝ
300 1564 322 1584 Τ
333 1565 375 1584 ER
385 1558 461 1585 ciri
473 1562 492 1583 o
502 1576 510 1588 ‚
529 1557 585 1591 epi,
605 1562 696 1590 eptum
705 1575 713 1588 ,
733 1557 787 1580 ere.
809 1551 1004 1587 [διαλωμξηίνω]
1040 1552 1132 1587 Capere
1145 1553 1260 1588 aliquem,
1321 1552 1439 1587 cuipiam
1453 1551 1557 1578 dederit
1570 1550 1602 1577 ad
1615 1558 1710 1584 aquam
1724 1549 1894 1581 intercutem,
1910 1548 2106 1582 pepigerkque,
2118 1552 2163 1573 etc.
2199 1545 2252 1572 vid.
2269 1551 2374 1585 AQVA.

209 1594 251 1620 vel
267 1593 364 1627 aliquid
384 1595 450 1619 uelut
469 1592 496 1618 de
519 1592 598 1618 media
615 1595 673 1623 via,
692 1597 756 1618 certe
775 1589 804 1616 de
822 1589 970 1624 improuiso,
991 1598 1020 1614 cx
1037 1588 1196 1624 trarzfiierso,
1213 1593 1260 1613 etc·
1323 1588 1393 1615 Gell.
1410 1597 1445 1620 13,
1459 1592 1473 1617 8
1491 1594 1556 1613 extr.
1581 1584 1759 1612 intercutibus
1772 1584 1847 1611 vitiis
1858 1584 2008 1615 madentes,
2030 1592 2091 1619 quae
2103 1591 2151 1613 nort
2160 1581 2234 1617 foris
2244 1586 2377 1618 apparent,

211 1629 286 1657 Caes.
299 1629 364 1654 Bell.
378 1628 445 1654 Gall.
459 1636 483 1660 ς,
500 1632 527 1657 38
560 1627 709 1660 Repentino
725 1627 845 1660 equitum
860 1626 1012 1651 interuentu
1026 1623 1259 1658 interciperentur.
1273 1629 1311 1655 40
1313 1624 1362 1661 sed
1372 1626 1475 1659 penitus
1486 1622 1550 1658 sunt
1561 1621 1684 1649 imbibita.
1760 1619 1941 1647 Intercutibus
1963 1619 2058 1654 stupris
2076 1617 2204 1645 obstinati
2224 1618 2292 1644 Cato
2310 1615 2379 1653 apud

211 1663 286 1698 Conf.
302 1664 408 1689 Sueton.
424 1662 531 1696 August.
551 1671 572 1687 c.
590 1671 627 1695 14.
699 1662 774 1687 Curt.
789 1669 815 1693 9,
830 1663 862 1692 6,
879 1669 913 1686 12.
986 1660 1087 1693 Agrum
1107 1659 1166 1685 Liu.
1180 1667 1209 1691 3,
1229 1666 1259 1692 71
1320 1660 1444 1688 Priscian.
1460 1660 1476 1685 6
1506 1667 1531 1693 p.
1546 1666 1595 1692 719
1614 1663 1680 1684 extr.
2218 1649 2224 1672 ζ
2348 1655 2353 1663 ¹

211 1705 277 1725 extr.
300 1698 416 1724 dicuntur
429 1699 548 1728 Romani,
566 1706 619 1722 cum
637 1696 731 1722 arbitri
744 1697 838 1730 Jumti,
856 1704 943 1730 agrum
963 1695 1099 1730 litigiosum
1112 1694 1157 1727 libi
1174 1694 1260 1720 vindi-
1360 1702 1370 1722 1
1383 1703 1405 1722 N
1417 1702 1438 1722 T
1448 1701 1465 1721 E
1480 1701 1500 1721 R
1514 1699 1531 1720 C
1545 1700 1567 1720 V
1579 1699 1592 1719 S
1604 1700 1617 1721 s
1632 1699 1653 1719 V
1667 1698 1697 1725 s,
1723 1689 1763 1718 ste.
1799 1699 1836 1718 m.
1872 1690 2017 1718 Intercuffu
2031 1689 2142 1716 luminis
2160 1688 2256 1716 Seneca
2267 1686 2376 1722 Quest-

211 1740 278 1761 cant.
331 1733 387 1759 Cic.
409 1741 457 1766 pro
473 1731 577 1758 Cluent.
591 1733 637 1757 166
664 1730 692 1755 Id
714 1739 796 1764 quum
814 1729 920 1754 daretur
937 1729 967 1754 in
986 1730 1089 1761 mulso,
1104 1730 1260 1756 Balbutium
1320 1732 1416 1758 Natus.
1438 1739 1467 1762 3,
1488 1737 1530 1763 27.
2230 1750 2236 1753 ,
2358 1750 2360 1753 ,
2438 1749 2441 1754 ,

212 1767 344 1803 quendam
360 1768 417 1793 eius
437 1767 596 1793 familiarem
617 1766 796 1800 intercepiffe,
814 1763 907 1790 bibiffe
922 1774 928 1788 :
960 1763 1101 1797 statimque
1122 1765 1170 1790 effe
1188 1772 1260 1790 iuor-
1357 1772 1369 1791 1
1382 1773 1404 1791 N
1416 1771 1493 1791 TER
1504 1770 1521 1789 C
1533 1771 1554 1790 v
1566 1769 1589 1790 T
1600 1769 1712 1795 1TVS,
1742 1762 1762 1790 i.
1797 1770 1835 1789 m.
1871 1761 1948 1788 Festo
1968 1759 2141 1788 vehementer
2158 1759 2271 1793 cutitus,
2289 1758 2328 1786 id·
2339 1758 2377 1786 est
2414 1782 2417 1786 ,
2439 1784 2442 1787 ,

211 1810 297 1831 tuum.
366 1802 480 1836 Epistola
493 1801 636 1833 intercepta
652 1801 727 1826 Curt.
740 1803 766 1832 6,
779 1808 846 1832 9,13.
882 1798 934 1824 vid.
950 1808 1006 1824 mox
1019 1799 1132 1824 Literas.
1182 1799 1261 1824 Exer-
1275 1806 1309 1832 45
1320 1799 1399 1826 valde
1418 1799 1556 1832 stupratus.
1570 1810 1573 1811 ν

211 1839 294 1866 eitum
309 1838 467 1870 intercipere
479 1836 569 1875 Tacit.
583 1835 672 1868 Agric.
684 1842 705 1866 ς,
722 1844 750 1868 4.
823 1834 914 1868 Nepos
928 1842 965 1863 11,
985 1842 1017 1865 2,
1032 1842 1053 1865 3,
1124 1833 1179 1859 Iter
1199 1833 1260 1859 Liu.
1360 1841 1370 1859 1
1380 1840 1431 1860 NT
1444 1839 1460 1858 E
1471 1838 1516 1858 RD
1526 1830 1578 1858 Ᾱ’Τ
1588 1837 1647 1864 Vs,
1666 1839 1692 1863 a,
1712 1839 1766 1857 um.
1805 1830 1865 1856 Adi.
1902 1828 2057 1864 [διαδοθεὶς]
2092 1831 2233 1863 Lucret.4,
2244 1833 2296 1861 866
2313 1831 2379 1857 Pro-

212 1877 239 1907 6,
251 1883 267 1906 9
291 1873 335 1899 vbi
349 1872 558 1904 aI.‡intersept1s.
630 1870 705 1895 Curt.
720 1879 753 1902 4,
774 1876 802 1898 2,
821 1876 847 1900 9.
919 1868 1037 1894 Laudem
1057 1867 1167 1894 Phaedr.
1179 1877 1208 1901 4,
1230 1877 1261 1894 11.
1322 1875 1412 1904 pterea
1425 1868 1528 1902 capitur
1543 1866 1632 1897 cibus,
1649 1872 1678 1892 vt
1695 1864 1827 1893 suffulciat
1844 1870 1931 1897 artus,
1968 1866 1999 1892 Et
2011 1872 2114 1898 recreet
2133 1866 2204 1893 vires
2218 1866 2377 1900 interdatur,

211 1909 324 1936 Librum
344 1906 476 1941 Qiinftil.
489 1916 516 1932 in
529 1913 649 1940 prooem.
666 1913 685 1929 1.
779 1903 882 1928 Literas
896 1902 1073 1935 intercipere,
1091 1905 1191 1929 Interea
1203 1903 1262 1928 dum
1323 1908 1342 1930 i.
1357 1907 1424 1929 inter
1435 1910 1564 1936 corporeos
1577 1908 1672 1927 meatus
1684 1901 1789 1934 diuisus.
1826 1899 1880 1925 vid.
1900 1906 2055 1925 1NTERDO.
2224 1898 2229 1902 ⁷

206 1944 388 1981 pcrferumum
406 1949 524 1978 occupare
541 1948 564 1967 e!
582 1941 706 1975 reserare,
719 1937 807 1974 insciis
824 1937 887 1969 illis,
902 1937 936 1962 ad
949 1946 1008 1972 quos
1022 1939 1166 1962 mittuntur.
1203 1937 1261 1962 Cic.
1358 1944 1367 1962 1
1378 1944 1400 1962 N
1410 1942 1513 1963 TERD
1524 1937 1565 1961 ιᾹ
1575 1941 1628 1961 NV
1638 1941 1668 1965 s,
1695 1943 1724 1963 a,
1750 1942 1806 1958 um.
1844 1933 1906 1958 Adi.
1940 1935 2071 1965 Diurnus,
2089 1934 2120 1960 ab
2139 1931 2266 1961 interdiu.
2303 1934 2377 1962 Cael.

213 1982 251 2014 Q
263 1981 345 2006 Fratr.
359 1987 381 2011 3,
396 1987 408 2004 2
433 1979 487 2012 Ego
501 1977 533 2003 ad
546 1983 586 2009 te,
607 1984 639 2001 ne
652 1975 714 2001 haec
731 1972 841 2008 quidem
854 1972 959 2005 scribo,
980 1980 1048 2006 quae
1068 1971 1153 2006 palam
1169 1970 1197 1996 in
1211 1972 1260 1996 Re·
1273 1976 1307 2002 50
1323 1973 1389 1999 Aur.
1403 1971 1490 1997 Tard.
1504 1978 1528 2002 3,
1542 1977 1559 2004 7
1579 1969 1636 1995 Post
1650 1967 1831 1995 interdianum
1846 1965 1935 1993 cibum
1949 1967 2131 1995 deambulatio
2150 1969 2308 1998 adhibenda.

211 2015 317 2050 publica
337 2013 494 2045 turbantur,
519 2021 552 2038 ne
573 2011 726 2044 cuiusquam
747 2009 866 2035 animum
887 2017 962 2034 meae
985 2008 1080 2033 literae
1100 2007 1261 2041 interceptae
1362 2009 1685 2035 INTERDIARIVS‚
1715 2003 1735 2030 i.
1773 2012 1809 2030 m.
1847 2002 1927 2029 Gloss.
1939 2003 1997 2030 Lat.
2012 2004 2058 2031 Gr.
2079 2005 2271 2039 Interdiarius,
2291 2005 2376 2042 ἧμιρσ-
2411 2007 2426 2026 ⁴.

211 2050 354 2078 offendant.
391 2049 460 2076 Αάά.
474 2048 531 2075 Cic.
544 2048 598 2073 Att.
613 2055 633 2079 1,
650 2054 683 2078 13.
720 2044 795 2080 Coris.
808 2045 872 2070 Cass‘.
887 2044 918 2069 ad
933 2043 989 2069 Cic.
1000 2043 1071 2068 Fam.
1083 2051 1118 2074 ιε,
1134 2051 1167 2068 12.
1216 2043 1262 2068 Pe·
1323 2043 1444 2073 κλέπτης,
1464 2041 1507 2067 cui
1525 2039 1674 2066 contrarius
1688 2037 1854 2075 ἧμερόκοιτος,
1871 2039 2110 2073 Dormitator,fur
2122 2040 2276 2069 no6turnur.
2316 2042 2377 2070 Vid.
2419 2032 2423 2058 Ῑ

212 2086 318 2113 cuniam
338 2088 442 2111 sueton.
458 2084 559 2110 Domit.
580 2092 601 2108 c.
617 2091 650 2114 17.
722 2081 843 2114 Regnum
859 2079 929 2107 Vici.
945 2079 977 2104 de
992 2078 1065 2104 Viris
1078 2078 1176 2104 Illustr.
1199 2087 1220 2104 c.
1236 2080 1262 2104 6.
1323 2079 1408 2105 cuiae.
1424 2077 1525 2113 Obseru.
1541 2086 1575 2108 11,
1590 2085 1631 2110 27.

213 2123 265 2149 Res
285 2121 395 2147 alicuius
414 2119 495 2146 Ouid.
509 2120 573 2144 Met.
587 2127 617 2149 ι),
633 2124 686 2142 122..
781 2115 935 2141 Sermonem
953 2113 1087 2145 medium,
1105 2114 1263 2148 interpellare
1361 2120 1372 2139 1
1384 2120 1406 2140 N
1418 2114 1611 2144 TERDico,
1629 2109 1674 2143 xi,
1691 2109 1773 2142 etum,
1794 2111 1849 2136 ere·
1886 2109 2080 2145 [παραγγέλλω
2096 2110 2162 2147 ἔργω
2219 2114 2324 2148 Proprie
2337 2112 2377 2140 in-

214 2157 345 2190 Quinffil.
359 2159 390 2186 6,
406 2165 433 2189 4.
503 2153 655 2181 Vi&0ria1n
674 2150 762 2177 alieno
782 2150 874 2177 labore
894 2149 1037 2184 quaesitam
1056 2148 1125 2176 Vi&
1142 2148 1173 2174 de
1189 2148 1263 2174 Viris
1280 2149 1310 2176 55
1324 2148 1458 2183 terloqui‚
1478 2154 1501 2174 et
1516 2147 1587 2173 inter
1598 2148 1674 2173 alium
1682 2145 1817 2181 sermonem
1831 2145 1930 2181 usiquid
1941 2145 2030 2173 άίεενε.
2068 2147 2109 2174 sic
2122 2148 2180 2174 Aue
2193 2169 2198 2174 .
2213 2148 2244 2175 ad
2259 2149 2377 2176 Hei-eun.

213 2192 312 2220 fflustr·
332 2201 353 2218 c·
368 2194 402 2217 60
418 2198 459 2225 Pr,
535 2187 650 2216 Obliuio
671 2185 810 2219 intercipit
830 2185 934 2219 aliquid
955 2185 1021 2211 Plin.
1035 2185 1063 2210 in
1077 2185 1169 2218 Paneg.
1189 2193 1210 2209 c.
1221 2191 1263 2218 75,
1325 2193 1351 2217 2,
1365 2191 1393 2218 ¹7
1415 2193 1436 2210 c.
1453 2191 1476 2209 ιι
1504 2183 1534 2209 In
1548 2181 1757 2217 praesentiarum
1772 2181 1822 2208 hoc
1837 2181 1997 2208 interdicere
2009 2191 2065 2208 non
2081 2182 2199 2210 alienum
2211 2184 2273 2212 fuit.
2326 2181 2378 2212 De-

215 2237 236 2255 ι.
290 2228 357 2254 Ter.
373 2227 436 2252 Eun.
453 2235 471 2257 1,
487 2234 495 2251 1
515 2232 578 2251 extr.
603 2224 672 2250 Nan-1
685 2222 759 2257 quod
777 2230 825 2247 nos
846 2229 939 2254 capere
958 2225 1081 2254 oportet,
1102 2219 1167 2245 haec
1181 2219 1264 2245 inter·
1323 2219 1381 2246 inde
1400 2217 1534 2252 usitatius,
1554 2224 1583 2244 vt
1601 2217 1783 2249 intercedere,
1797 2217 1930 2252 prohibere
1943 2217 2084 2254 sigizficat.
2141 2220 2214 2247 Caes.
2227 2220 2291 2247 Bell.
2306 2220 2377 2248 Gall.

214 2263 290 2298 cipit.
314 2264 316 2268 '
383 2263 545 2295 Interceptus
564 2259 725 2286 mortalitate
744 2265 804 2289 rex,
832 2258 999 2288 Praeuentus,
1013 2254 1177 2291 praepeditus
1196 2255 1263 2281 Plin.
1325 2262 1349 2288 5,
1362 2259 1390 2287 58
1411 2253 1542 2287 Praecipit
1560 2258 1640 2288 atque
1660 2252 1813 2285 interdicit,
1834 2253 1985 2287 perterritis
1998 2253 2132 2287 hostibus,
2151 2262 2230 2291 atque
2242 2257 2272 2283 in
2284 2257 2376 2291 fugam

213 2299 293 2334 Epist.
308 2307 344 2328 10,
359 2305 399 2330 50·
453 2298 508 2328 Sic,
528 2295 655 2329 intercipi
669 2292 765 2320 morbo
778 2292 884 2319 Colum,
898 2300 922 2324 9,
937 2300 959 2324 3,
1326 2289 1476 2322 conuersis,
1495 2295 1541 2315 etc.
1645 2290 1767 2315 Datiuum
1784 2298 1837 2314 cum
1851 2288 1971 2316 Ablatiuo
1984 2289 2185 2324 frequentissime
2201 2295 2278 2328 regit.
2312 2287 2383 2319 Liu.-

252 2340 323 2360 1NT
334 2339 376 2359 ER
387 2339 404 2359 C
414 2339 431 2359 E
442 2339 458 2359 p
469 2339 489 2357 T
500 2339 509 2357 1
520 2339 555 2363 0,
585 2331 652 2357 ῡῃῑς,
689 2330 707 2356 f.
746 2326 900 2362 [διαέληψις]
940 2326 997 2353 Cic.
1020 2335 1069 2361 pro
1089 2326 1194 2352 Cluent.
1217 2327 1263 2360 167
1280 2326 1317 2350 60
1325 2333 1349 2360 5,
1361 2334 1373 2358 3
1393 2332 1457 2352 extr.
1478 2325 1521 2351 Sic
1533 2332 1583 2350 vos
1596 2323 1754 2351 Interdicitis
1763 2323 1883 2351 Patribus
1896 2325 2056 2351 commercio
2070 2320 2164 2359 plebis,
2179 2334 2220 2357 ne,
2237 2334 2284 2353 etc.
2328 2328 2374 2353 Al·

215 2380 238 2397 c.
252 2372 286 2397 60
313 2370 360 2395 Per
380 2377 460 2401 quem
480 2376 562 2403 porro
581 2366 687 2393 datum?
719 2364 789 2392 vnde
802 2364 920 2391 sumtum
934 2364 943 2389 Ξ
979 2371 1048 2397 quae
1065 2361 1161 2388 deinde
1184 2362 1265 2387 inter·
1328 2362 1380 2388 teri
1394 2361 1476 2387 domo
1491 2359 1632 2388 interdixit
1646 2360 1752 2386 Sueton.
1767 2359 1873 2394 August.
1893 2367 1914 2385 c.
1928 2362 1972 2386 66.
2060 2360 2278 2396 Imperfhnaliter:
2314 2362 2372 2389 Cic.

213 2405 301 2441 ‘eptio
319 2404 432 2439 pomli3
1327 2397 1360 2423 de
1378 2396 1480 2423 Senee't.
1500 2405 1527 2422 22
1560 2396 1595 2422 Vt
1615 2394 1840 2431 quemadmodum
1860 2395 1951 2423 nostro
1972 2403 2048 2422 more
2067 2396 2135 2421 male
2151 2405 2207 2423 rem
2221 2396 2374 2431 gerentibus

253 2446 260 2467 ι
276 2446 295 2466 N
309 2446 432 2467 TERCE
442 2446 457 2466 p
467 2445 488 2464 ‘r
498 2445 543 2465 on
553 2457 561 2470 ,
580 2437 643 2464 oris.
680 2446 716 2462 m.
753 2435 815 2462 Liu.
830 2442 864 2467 4,
883 2441 915 2467 50
940 2431 1087 2459 Praedaene
1106 2431 1266 2465 intercepto·
1326 2432 1463 2466 patribus,
1482 2431 1562 2458 bonis
1581 2430 1706 2458 interdici
1720 2431 1795 2458 solet.
1867 2431 1933 2458 Plin.
1946 2430 2026 2465 Epist.
2043 2439 2073 2465 4,
2086 2439 2108 2458 11
2124 2437 2167 2467 pr.
2193 2432 2289 2465 Carent
2302 2433 2376 2459 enim

216 2486 273 2504 rem
294 2476 528 2509 fraudatoremque
552 2474 633 2500 etiarn
658 2473 760 2499 malurn
781 2469 879 2497 minari
899 2468 1052 2494 militibus?
1106 2467 1165 2493 Liu.
1188 2477 1214 2498 3,
1233 2473 1266 2501 72
1327 2474 1405 2501 togae
1419 2467 1497 2499 iure,
1516 2466 1614 2501 quibus
1627 2475 1694 2501 aqua
1706 2473 1732 2493 et
1746 2468 1802 2502 igni
1814 2466 1988 2493 interdictum
2002 2466 2046 2493 est.
2101 2470 2227 2503 Antiqui,
2246 2476 2313 2504 quem
2326 2469 2376 2495 Ro.

216 2513 323 2539 Clarum
343 2511 391 2538 hac
412 2511 472 2536 fore
491 2510 606 2544 imagine
627 2509 774 2543 Scaptium,
794 2505 886 2540 Popul.
906 2505 984 2530 Rom.
1006 2502 1221 2537 quadruplatoris
1241 2507 1266 2528 et
1279 2500 1311 2532 65
1327 2512 1400 2529 mana
1414 2501 1663 2538 ciuitatepellebant,
1682 2505 1704 2527 ei
1717 2510 1784 2536 aqua
1799 2508 1825 2529 et
1838 2503 1895 2536 igni
1908 2502 2117 2534 interdicebant,
2135 2507 2299 2532 communione
2310 2506 2378 2530 omni

217 2548 401 2581 interceptoris
415 2546 470 2572 litis
490 2546 589 2572 alienae
605 2546 740 2579 personam
755 2542 880 2569 laturum.
917 2540 971 2566 vicl.
987 2540 1056 2565 Tac.
1070 2538 1138 2565 Hist.
1154 2546 1177 2570 3,
1192 2546 1230 2569 10,
1244 2546 1267 2569 3.
1327 2541 1442 2565 ciuitatis
1455 2540 1586 2573 priuatum
1598 2536 1774 2573 significantes
1789 2548 1796 2562 :
1831 2537 1898 2572 quod
1915 2537 2007 2564 duobus
2026 2538 2066 2564 his
2079 2540 2201 2565 elementis
2217 2542 2323 2566 maxime
2334 2539 2377 2566 hu-

252 2592 261 2609 1
271 2591 292 2610 N
302 2589 322 2608 T
332 2588 402 2609 ERC
416 2588 434 2609 E
447 2588 463 2608 P
476 2587 496 2606 'r
507 2588 527 2607 v
538 2589 550 2608 s
560 2600 568 2613 ‚
586 2580 624 2606 sis.
643 2589 679 2606 m.
716 2578 838 2613 Fulgent.
851 2575 937 2609 Myth.
950 2584 963 2608 3
988 2575 1105 2601 Astatiae
1118 2574 1267 2608 interceptu
1327 2583 1400 2600 mana
1417 2574 1516 2609 indiget
1535 2575 1599 2599 vita.
1669 2573 1725 2599 Cic.
1747 2581 1796 2607 pro
1810 2573 1898 2599 Domo
1917 2581 1954 2608 47
1977 2582 1999 2599 c.
2014 2579 2037 2602 18
2071 2574 2105 2600 At
2123 2573 2188 2608 quid
2206 2574 2271 2601 tulit
2287 2575 2378 2609 legum

216 2618 411 2652 transmigrare.
1329 2610 1442 2644 scriptor
1459 2608 1558 2643 peritus
1575 2614 1601 2634 et
1621 2607 1732 2634 callidus
1746 2609 1755 2634 3
1805 2608 1917 2640 Velitis,
1934 2607 2064 2642 iubeatis,
2089 2615 2119 2635 vt
2136 2610 2174 2636 M.
2188 2610 2288 2637 Tullio
2307 2620 2376 2646 aqua

252 2662 293 2682 IN
303 2661 323 2680 T
333 2661 348 2681 Ε
358 2661 377 2680 R
388 2660 405 2680 c
422 2659 438 2678 L
450 2651 472 2678 Ᾰ
483 2657 509 2677 Μ
521 2657 540 2678 0
550 2670 558 2683 ,
578 2653 629 2677 ire.
664 2648 798 2676 Ammian.
811 2656 851 2681 31,
868 2656 892 2680 13
919 2645 1014 2674 Nostri
1033 2645 1124 2672 multis
1145 2643 1267 2671 intercla·
1330 2651 1357 2672 et
1375 2645 1432 2679 igni
1449 2643 1626 2670 interdicatur
1642 2645 1651 2670 3
1705 2643 1834 2676 Crudele,
1853 2644 2001 2677 nefarium,
2018 2653 2051 2670 ne
2071 2644 2100 2670 in
2114 2645 2305 2673 sceleratisiimo
2319 2648 2377 2682 qui-

218 2690 349 2718 mantibus
366 2688 527 2716 restiterunt,
867 2718 873 2721 μ
1281 2688 1318 2716 7ο
1330 2680 1392 2709 dem
1404 2681 1459 2708 ciui
1472 2680 1524 2706 sine
1539 2679 1642 2706 iudicio
1656 2679 1807 2707 ferundum.
1862 2680 1927 2706 Non
1940 2680 2018 2713 tulit,
2037 2686 2066 2706 vt
2083 2680 2265 2709 interdicatur.
2302 2681 2376 2717 Qud

254 2734 264 2752 1
274 2734 295 2753 N
307 2732 327 2751 T
338 2732 353 2752 Ε
362 2732 381 2752 R
391 2731 407 2751 C
417 2732 433 2751 L
445 2731 454 2751 ι
465 2730 515 2750 NV
524 2730 553 2755 S,
573 2730 598 2755 a,
621 2729 676 2748 um.
713 2718 774 2746 Adi.
810 2718 914 2745 Ciuitas
928 2716 1070 2744 interclIna
1081 2715 1193 2750 rupibus
1204 2716 1267 2742 Am·
1329 2725 1394 2752 ergo
1406 2717 1416 2743 3
1440 2722 1469 2742 vt
1487 2714 1660 2742 interdi&um
1680 2715 1718 2741 sit.
1765 2716 1790 2742 O
1805 2724 1914 2742 caenum
1923 2735 1931 2748 ,
1952 2724 1970 2742 o
1987 2721 2157 2750 portentum,
2182 2726 2200 2743 o
2214 2718 2295 2744 scelus
2329 2733 2376 2740 -·-
2418 2727 2420 2729 ’

216 2762 287 2790 bron
300 2762 328 2788 in
340 2760 464 2799 Egefippl-
1329 2758 1358 2779 vt
1375 2751 1551 2780 interdictum
1568 2751 1613 2783 sit,
1632 2750 1675 2778 cui
1689 2760 1743 2777 non
1759 2751 1789 2777 sit
1802 2751 1997 2778 interdicutm?
2033 2767 2077 2772 —
2113 2752 2194 2786 ond
2209 2753 2307 2780 fassum
2321 2762 2377 2781 non

257 2805 266 2823 1
277 2805 297 2823 N
308 2795 408 2823 'IIERC
420 2800 537 2826 Lvno,
554 2791 588 2823 fi,
609 2792 683 2824 sum,
702 2791 756 2817 ere.
791 2786 937 2823 [διακλάω,
955 2785 1142 2820 οἷπολαμξοένω,
1157 2784 1267 2826 didym]
1329 2788 1381 2819 est,
1400 2794 1430 2814 vt
1447 2787 1478 2813 sit
1493 2787 1609 2821 faemos,
1628 2787 1695 2814 ferri
1711 2787 1744 2814 ad
1760 2787 1978 2822 populu1n,·aut
1997 2787 2088 2814 verbis
2108 2788 2171 2814 vilis
2194 2789 2305 2821 sanciri,
2330 2794 2376 2817 aut

220 2834 380 2868 lutei-fnonere
396 2830 508 2867 aliquid,
526 2837 571 2864 quo
585 2829 678 2864 aliquis
691 2824 850 2855 excludatur,
871 2828 889 2850 ι’.
905 2824 1070 2860 prohibeatur
1083 2823 1163 2849 aditu.
1210 2823 1267 2848 Cic.
1328 2823 1459 2858 suffragiis
1477 2823 1631 2850 confirmari
1650 2823 1751 2857 potest3
1793 2823 1868 2859 Conf.
1888 2828 1919 2853 82
1948 2832 1970 2849 c.
1991 2831 2015 2855 31
2052 2823 2105 2850 Vbi
2125 2824 2197 2851 enim
2216 2825 2314 2852 tuleras
2347 2829 2378 2852 vt

221 2870 292 2896 Fam.
316 2877 361 2902 14,
380 2876 410 2900 14
440 2867 524 2893 Etiam
546 2863 613 2890 illud
633 2869 742 2894 metuo,
757 2870 790 2887 ne
810 2861 863 2888 iam
881 2859 1114 2889 intercludamini,
1134 2865 1163 2884 vt
1183 2866 1266 2892 quum
1282 2864 1315 2892 73
1330 2859 1399 2886 mihi
1412 2867 1479 2894 aqua
1493 2864 1518 2885 et
1532 2858 1589 2893 igni
1603 2857 1808 2885 interdiceretur
1823 2860 1832 2885 3
1857 2857 1929 2893 quod
1947 2858 2078 2885 Gracchus
2099 2858 2131 2886 de
2144 2860 2170 2887 P.
2183 2846 2375 2895 BopiffloJSa-

221 2904 310 2931 velitis
330 2904 417 2936 exire,
437 2911 491 2927 non
512 2901 598 2926 liceat.
693 2897 790 2931 Virgil.
805 2897 869 2922 Aen.
885 2903 911 2928 2,
933 2903 973 2922 110
997 2896 1077 2930 Saepe
1098 2894 1159 2932 illos
1178 2895 1268 2928 aspera
1329 2895 1433 2923 turnius
1451 2894 1483 2920 de
1497 2894 1608 2920 Metello
1626 2894 1689 2920 tulit
1704 2905 1710 2921 :
1738 2893 1862 2921 homines
1877 2894 2058 2921 seditiosislimi
2073 2894 2105 2921 de
2118 2895 2227 2930 optimis
2247 2901 2273 2922 et
2285 2896 2377 2923 fortis-

221 2940 299 2967 Ponti
337 2937 483 2965 Interclulit
509 2936 611 2967 hiems,
630 2939 655 2960 et
670 2933 767 2960 terruit
781 2932 874 2958 Auster
894 2938 993 2957 euntes.
1066 2930 1160 2956 Aditus
1174 2930 1206 2955 ad
1219 2929 1268 2955 ali·
1328 2931 1399 2958 simis
1413 2930 1519 2956 ciuibus
1533 2939 1588 2956 non
1601 2936 1630 2956 vt
1642 2931 1703 2957 esset
1717 2929 1901 2963 interdiEmm,
1909 2930 1980 2964 quod
1993 2929 2051 2956 fieri
2064 2939 2118 2957 non
2131 2935 2242 2965 poterat,
2249 2931 2377 2964 tulerunt,

223 2984 302 3008 quem
321 2975 376 3000 Cic.
390 2982 437 3008 pro
451 2973 524 2999 Rosc.
540 2973 628 2997 Aruer.
649 2977 698 2996 110.
747 2967 898 2994 Aduentum
918 2967 1091 2993 inimicorum
1110 2964 1268 3000 corporibus
1329 2967 1372 2994 sed
1387 2972 1416 2993 vt
1429 2965 1640 2993 interdiceretur.
1677 2967 1729 2992 Hic
1743 2967 1812 2992 iocus
1826 2965 1938 3001 Sophzsta
1950 2966 2065 3003 dignior,
2085 2975 2156 3002 quam
2173 2967 2264 2994 Tullio.
2305 2969 2376 2994 Non-

223 3011 275 3037 suis
295 3010 366 3036 Idem
380 3009 408 3034 in
422 3008 511 3035 Parad.
527 3017 545 3033 1.
617 3004 791 3034 Tacit.-..Ann.
806 3005 831 3035 6,
846 3012 876 3036 50
902 3003 1046 3029 interclusa
1062 3002 1166 3033 Anima,
1187 3001 1269 3027 credi·
1329 3012 1358 3029 m
1371 3005 1445 3029 etiam
1457 3003 1545 3028 Graeci
1565 2999 1676 3034 δεδόχθω
1692 3002 1725 3034 τῇ
1740 3000 1808 3034 ᾂόλῇ
1821 3008 1845 3027 et
1857 3005 1874 3027 i,
1906 3022 1911 3028 ,
1925 3011 1947 3028 α,
1960 3004 1975 3026 ,2
2009 3001 2062 3028 ψη,
2075 3006 2222 3028 EXILIVM.
2271 3003 2377 3037 poffi-ue,

223 3051 264 3072 tus
277 3046 312 3072 est
325 3045 512 3071 mortalitatem
531 3041 680 3076 expleuiffe.
715 3039 769 3066 vid.
784 3039 842 3064 Liu.
858 3047 886 3070 23
896 3058 903 3070 ‚
922 3046 948 3072 7.
1014 3038 1111 3064 Anima
1131 3037 1270 3063 interclusa
1284 3039 1316 3064 80
1330 3039 1387 3066 Cic.
1400 3039 1472 3065 Fam.
1484 3046 1513 3070 11,
1530 3045 1539 3062 1
1566 3038 1601 3063 Vt
1612 3045 1679 3071 aqua
1694 3042 1719 3063 et
1733 3037 1791 3072 igni
1804 3038 1875 3064 inter
1895 3039 2004 3064 icamur.
2074 3037 2147 3063 Idem
2161 3036 2227 3063 Phil.
2242 3046 2260 3069 1,
2275 3047 2302 3064 22
2323 3048 2345 3066 c.
2357 3047 2376 3072 9

223 3082 307 3108 nimia
325 3080 358 3107 ab
380 3080 536 3110 dulcedine,
555 3077 634 3112 aquai
654 3077 760 3102 Lucret.
774 3077 807 3107 6,
826 3076 896 3107 1264.
924 3077 942 3100 i.
961 3073 991 3100 ab
1008 3082 1071 3109 aqua
1091 3075 1167 3099 nimis
1184 3073 1270 3107 cupide
1330 3075 1412 3109 Leges
1426 3073 1543 3100 Caesaris
1560 3072 1668 3105 iubent,
1687 3073 1729 3104 ei,
1747 3073 1795 3109 qui
1815 3072 2109 3104 maiestatisdamnatus
2123 3071 2167 3105 sit,
2188 3081 2253 3107 aqua
2273 3080 2299 3100 et
2318 3074 2376 3109 igni
2424 3100 2427 3102 .

224 3115 309 3150 hausta
317 3116 448 3152 suffocati.
519 3115 705 3140 Commeatum
720 3110 847 3140 inimicis,
867 3109 996 3144 Impedit-e,
1011 3116 1033 3134 et
1047 3112 1142 3136 itinera
1155 3108 1269 3142 obsidere,
1330 3109 1466 3137 interdici.
1538 3109 1610 3134 Caes.
1624 3108 1650 3134 B.
1665 3108 1696 3134 G.
1712 3110 1739 3140 6,
1752 3111 1789 3141 46
1817 3109 1922 3143 Qiibus
1943 3117 2025 3143 quum
2038 3115 2105 3142 aqua
2124 3115 2202 3141 atque
2217 3109 2272 3144 igni
2293 3103 2381 3138 inter-¹

224 3161 253 3177 nc
271 3155 381 3178 inimicis
394 3156 539 3177 commeatus
549 3148 625 3185 poffit
643 3147 740 3182 dcferri
757 3146 839 3173 Plaut.
852 3145 934 3172 Milit.
948 3153 973 3177 2,
987 3153 1010 3176 2,
1026 3147 1066 3174 68.
1119 3144 1222 3170 Auctor
1236 3143 1269 3170 ad
1330 3146 1443 3172 dixisset.
1492 3144 1565 3179 Conf.
1580 3144 1676 3170 Patere.
1691 3153 1719 3175 2,
1734 3148 1777 3177 69,
1796 3152 1817 3177 5.
1851 3148 1883 3171 it.
1904 3151 2014 3182 AQVA
2032 3151 2057 3168 n.
2073 3151 2099 3175 4.
2152 3145 2232 3178 Qiod
2253 3145 2377 3173 moribus

225 3189 341 3214 Hei-eun.
364 3194 388 3219 1,
427 3206 432 3212 .
470 3206 476 3212 .
573 3184 645 3210 Caes.
659 3183 721 3210 Bell.
736 3182 805 3209 Gall.
819 3190 847 3213 2,
862 3189 892 3213 23
920 3181 951 3206 In
970 3179 1157 3205 consuetudine
1175 3179 1269 3213 Populi
1331 3190 1426 3207 eorum
1441 3189 1496 3206 non
1510 3185 1613 3214 poterat
1626 3179 1751 3205 interdici
1769 3181 1860 3207 socero
1877 3188 1957 3215 gener
1976 3179 2043 3211 Nep.
2057 3186 2100 3210 22,
2113 3186 2136 3211 3,
2150 3188 2172 3205 2.
2266 3181 2322 3207 cic,
2342 3182 2375 3208 de

225 3223 338 3249 Romani
356 3223 413 3248 loca
427 3229 533 3256 capere,
554 3220 634 3246 castra
652 3219 776 3250 munire,
794 3215 994 3244 Commeatibus
1014 3215 1190 3255 intercludere
1211 3214 1270 3240 insi·
1286 3216 1314 3244 85
1331 3217 1389 3244 Fin.
1404 3225 1423 3247 1,
1437 3224 1453 3251 7
1476 3215 1526 3241 Sed
1539 3215 1567 3242 id
1579 3223 1665 3249 neque
1682 3215 1734 3241 feci
1748 3215 1848 3247 adhuc,
1865 3225 1913 3242 nec
1931 3213 1998 3241 mihi
2018 3219 2105 3239 tamen
2124 3223 2158 3240 ne
2175 3214 2271 3242 faciam
2292 3216 2375 3244 inter„

225 3257 302 3284 stunt.
337 3259 370 3284 al.
384 3258 532 3284 instituunt.
625 3254 698 3281 Idem
712 3255 740 3280 B.
756 3254 789 3280 G.
803 3261 823 3285 1,
836 3257 868 3286 48
897 3252 934 3278 Eo
947 3250 1058 3277 consilio
1074 3256 1112 3276 vti
1126 3251 1269 3277 Frumento
1330 3252 1432 3279 diffium
1451 3257 1524 3286 puto.
1604 3250 1686 3276 Habet
1706 3254 1779 3277 etiam
1799 3251 1973 3287 Accusatiuum
1996 3258 2049 3275 cum
2069 3250 2181 3283 Dotiuo,
2198 3251 2246 3286 sed
2267 3255 2353 3279 rarius
2366 3263 2376 3278 :

226 3294 452 3328 Commeatuque,
469 3292 516 3328 qui
535 3299 566 3316 ex
580 3290 706 3323 Sequanis
729 3295 754 3315 et
774 3288 876 3314 Heduis
896 3288 1109 3322 supportaretur,
1131 3286 1269 3312 Caesarem
1330 3289 1438 3315 sueton.
1453 3286 1559 3314 Domit.⁴
1575 3295 1597 3312 c.
1612 3293 1629 3320 7
1655 3286 1799 3313 Interdixit
1815 3284 1989 3313 histrionibus
2002 3285 2111 3312 scenam.
2182 3286 2256 3314 Idem
2270 3287 2376 3316 Neron.

227 3328 421 3354 intercluderet.
513 3325 685 3351 innocentiae
704 3324 827 3350 Defensio
847 3323 985 3350 interclusa
1010 3322 1121 3355 respirat
1139 3321 1195 3347 Cic.
1219 3331 1267 3354 pro
1332 3332 1354 3349 c.
1373 3332 1409 3354 33-
1476 3322 1535 3348 Liu.
1552 3330 1599 3354 34,
1617 3328 1635 3353 7
1661 3322 1779 3348 Feminis
1796 3322 1921 3348 duntaxat
1938 3320 2012 3347 Vsum
2031 3329 2163 3355 purpurae
2178 3321 2387 3351 interdicemu„

228 3363 331 3388 Cluent.
355 3372 377 3388 c.
389 3365 428 3394 63.
501 3360 685 3387 Frumentaria
700 3368 729 3385 rc
742 3358 884 3384 intercludi
903 3359 974 3384 Caes.
989 3359 1016 3384 B.
1034 3358 1064 3383 G.
1082 3365 1101 3389 1,
1114 3364 1153 3388 23.
1208 3357 1265 3382 Cic.
1332 3357 1406 3392 Cous.
1422 3357 1528 3383 Gronou.
1545 3355 1578 3381 ad
1590 3354 1647 3380 Sen.
1660 3354 1739 3388 Epist.
1755 3360 1779 3385 18
1805 3364 1830 3389 p.
1844 3356 1884 3384 36.
1954 3355 2011 3378 Cum
2025 3356 2157 3389 Infiniu'uo
2170 3366 2177 3381 :
2212 3357 2281 3384 Suet,
2295 3358 2375 3386 Gan„

231 3399 282 3423 Att.
295 3406 320 3431 7,
336 3406 370 3438 η
394 3399 427 3423 At
441 3397 517 3435 illum
532 3404 619 3435 ruere
629 3395 768 3437 nuntiant,
787 3394 840 3420 iam
859 3394 965 3434 iamque
984 3392 1081 3424 adesse,
1098 3400 1151 3417 non
1166 3397 1194 3417 vt
1213 3400 1266 3416 ma-
1279 3402 1314 3427 90
1334 3401 1356 3418 c.
1370 3395 1386 3418 6
1407 3391 1550 3418 Interdixit
1564 3397 1725 3431 commeatus
1739 3390 1802 3425 peti.
1871 3387 2013 3415 interdixit
2025 3388 2084 3429 sieri
2099 3390 2168 3418 Ter.
2181 3391 2288 3420 Phorm.
2303 3403 2331 3427 4,
2345 3403 2377 3428 4,

231 3441 293 3458 num
305 3436 420 3459 conserat
439 3435 565 3466 (quicum
579 3432 685 3459 enimi)
704 3430 746 3456 scd
760 3436 788 3455 vt
803 3430 900 3463 Fugam
915 3427 1080 3455 intercludat.
1115 3427 1187 3453 Caes.
1203 3426 1268 3453 Bell.
1332 3436 1375 3462 27.
1446 3429 1566 3454 Datiuum
1584 3434 1683 3452 vmcmn
1701 3428 1783 3487 νεὲἱι,
1800 3431 1850 3459 pro
1870 3422 1943 3456 Olfio
1956 3434 1964 3449 .·
2000 3425 2056 3451 Cic.
2070 3426 2146 3452 Verr.
2161 3435 2192 3459 2,
2211 3436 2242 3460 30
2264 3430 2375 3456 Praetor

232 3467 298 3492 Gall·
313 3475 337 3500 7,
352 3476 381 3493 ιι.
474 3467 567 3494 Hostes
585 3466 618 3492 ab
632 3465 732 3500 oppido
747 3471 772 3491 et
791 3471 886 3499 ponte,
906 3471 931 3491 et
945 3469 1094 3491 commeatu
1108 3463 1183 3489 omni
1197 3462 1270 3488 Idem
1331 3462 1486 3496 improbus,
1505 3462 1548 3489 cui
1561 3469 1640 3487 nemo
1653 3461 1722 3487 inter
1741 3461 1809 3488 icere
1822 3458 1911 3493 ponit,
1928 3458 1981 3490 det,
1993 3469 2072 3495 quem
2086 3461 2152 3487 velit
2165 3463 2289 3491 iudicem.
2327 3463 2376 3493 Sed
2470 3468 2471 3473 ¹

234 3502 260 3527 B.
273 3502 332 3528 Ciu.
349 3511 365 3532 ι,
380 3505 419 3532 68.
460 3504 501 3531 Sic
514 3503 574 3529 Liu.
590 3511 608 3533 1,
624 3510 651 3532 27
671 3508 736 3527 extr.
775 3507 799 3526 et
813 3500 850 3526 Id.
861 3508 900 3534 27,
914 3509 957 3534 42.
1030 3499 1085 3525 Iter
1099 3498 1270 3524 interclusum
1328 3501 1441 3524 meliores
1460 3498 1550 3524 hahent
1567 3495 1738 3523 intercedere.
1808 3494 1940 3520 Subaudito
1954 3496 2065 3520 Datiuo:
2086 3497 2154 3521 Ter.
2168 3495 2232 3521 Hec.
2247 3504 2274 3528 4,
2293 3508 2319 3529 1,
2340 3505 2376 3531 4ss
2422 3491 2426 3496 ’

235 3536 359 3576 Cic3Att3
373 3544 395 3569 8,
410 3547 441 3564 11.
511 3538 609 3565 Itinera
629 3538 701 3563 Caes.
716 3535 779 3562 Bell.
793 3535 859 3561 Gall.
875 3543 901 3569 7,
911 3544 943 3561 ιι.
978 3541 1002 3560 et
1014 3535 1042 3561 Β.
1058 3535 1088 3561 C.
1102 3542 1127 3565 2,
1141 3542 1167 3559 21
1188 3534 1271 3560 Inter·
1330 3534 1479 3564 Interdico,
1500 3542 1533 3559 ne
1546 3531 1662 3558 extulisse
1673 3539 1747 3559 extra
1757 3528 1844 3556 aedeis
1857 3538 1967 3563 puerum
1982 3538 2093 3564 vsquam
2106 3529 2181 3556 velis.
2234 3531 2375 3569 lilio-221

233 3571 304 3611 (11de
323 3573 428 3601 Itinere.
529 3574 586 3600 Cic.
609 3582 657 3607 pro
670 3574 699 3599 L.
713 3573 775 3605 Agr.
790 3579 812 3602 2,
827 3578 858 3605 75
886 3570 969 3597 Iidem
985 3570 1096 3597 vestram
1109 3568 1271 3595 Libertatem
1288 3580 1317 3605 95
1332 3569 1462 3595 Interdixi
1476 3568 1528 3595 tibi
1541 3567 1572 3593 de
1585 3562 1703 3593 medicis.
1738 3575 1767 3592 ex
1780 3564 1873 3591 caton.
1887 3565 1931 3600 ΕΡ.
1952 3566 1984 3591 ad
2004 3565 2100 3591 silium.
2172 3565 2227 3593 Cic.
2246 3576 2295 3601 pro
2310 3568 2376 3594 Cae-

237 3608 286 3632 suis
301 3607 434 3641 praesidiis
448 3614 472 3634 et
486 3609 598 3635 coloniis
616 3608 784 3634 interclusam
804 3606 939 3632 tenebunt.
1010 3606 1095 3631 Locus
1116 3604 1272 3630 interclusus
1334 3605 1385 3631 cin.
1399 3613 1430 3636 23
1449 3605 1497 3630 His
1511 3603 1589 3631 rebus
1602 3602 1638 3628 ita
1654 3602 1729 3637 gestis
1741 3602 1766 3631 P.
1776 3600 1914 3627 Dolabella
1927 3601 2035 3628 Praetor
2048 3600 2203 3634 interdixit,
2220 3608 2249 3629 vt
2261 3602 2298 3629 est
2312 3611 2374 3630 con.

237 3642 315 3668 dut‘to
330 3642 400 3668 vallo
413 3642 527 3676 Obsequ.
547 3654 568 3670 c.
584 3653 635 3676 130.
730 3642 882 3676 Perfugium
898 3642 1021 3668 fortunae
1035 3641 1092 3667 Cic.
1100 3640 1176 3666 Verr.
1190 3647 1210 3671 ς,
1227 3648 1272 3671 131.
1334 3640 1459 3671 suetudo,
1484 3639 1517 3665 de
1535 3639 1564 3665 vi
1581 3637 1735 3664 hominibus
1757 3636 1872 3663 armatis.
1928 3636 2068 3664 Interdicit
2087 3637 2196 3663 Praetor
2214 3637 2247 3664 de
2265 3637 2308 3668 vi,
2329 3636 2395 3672 est,—
2444 3659 2460 3664 .

236 3677 373 3711 Prosper-'lu
392 3678 462 3703 visus
482 3678 647 3705 interclusere
666 3678 765 3704 nefasto
779 3678 840 3704 Stat.
855 3676 946 3704 Theb.
961 3678 986 3707 6,
998 3684 1052 3707 205.
1147 3674 1273 3701 Reditum
1334 3675 1473 3703 InterdiHo
1498 3674 1527 3701 de
1549 3676 1577 3701 ui
1597 3670 1759 3708 pronmzciat'o
1782 3673 1862 3704 iubet,
1879 3681 1946 3704 eum,
1970 3675 2014 3708 qui
2032 3675 2084 3698 vim
2100 3672 2219 3708 fecerat,
2238 3671 2375 3705 restituere.

237 3712 314 3738 alicui
330 3713 418 3739 Iullin.
432 3722 457 3745 2,
471 3720 493 3745 ς,
508 3722 543 3739 io.
583 3721 606 3740 rt
626 3723 648 3744 2,
662 3722 695 3745 13,
710 3721 731 3745 ς.
825 3713 884 3739 Liu.
901 3715 948 3743 26,
965 3720 996 3744 39
1023 3712 1099 3745 Spem
1112 3717 1273 3737 commeatus
1322 3711 1393 3747 ‚eie
1407 3720 1457 3746 pro
1470 3710 1575 3737 Caecin.
1589 3709 1618 3739 36
1642 3709 1751 3734 Praetor
1764 3707 1917 3740 interdixit,
1937 3713 1966 3733 vt
1985 3707 2054 3734 vnde
2073 3706 2190 3734 deicc'tus
2204 3708 2279 3740 esset,
2299 3709 2376 3741 resti..

238 3755 341 3781 quoque
355 3748 488 3787 nostibus,
507 3748 524 3774 si
545 3750 628 3775 nauali
645 3749 746 3783 praelio
767 3748 941 3782 possessionem
963 3747 1043 3774 maris
1065 3746 1212 3776 ademisset,
1235 3747 1328 3773 iii-100
1336 3752 1472 3777 tueretur,
1498 3749 1516 3772 i.
1536 3744 1622 3771 edixit.
1693 3743 1818 3777 leianus
1836 3744 1865 3769 in
1882 3743 1971 3769 locum
1995 3741 2019 3779 §.
2038 3742 2056 3769 si
2068 3743 2128 3778 quis
2142 3742 2204 3769 dolo
2229 3743 2261 3769 D.
2273 3744 2306 3770 de
2320 3736 2381 3772 tab.¹

238 3783 396 3822 tei-clusus&
414 3819 420 3823 .
451 3784 563 3818 Spiritus
579 3785 734 3810 interclusus
755 3785 830 3810 Curt.
846 3793 868 3815 3,
882 3786 908 3817 6,
923 3792 960 3817 14.
996 3789 1020 3808 et
1039 3790 1067 3817 7,
1082 3789 1104 3814 ς,
1121 3789 1154 3813 ις.
1210 3782 1272 3808 Vias
1334 3781 1476 3808 exhibend.
1504 3781 1531 3807 Si
1547 3786 1633 3813 neque
1651 3779 1797 3811 amouerit,
1816 3787 1902 3813 neque
1918 3778 2044 3805 celauerit
2058 3778 2158 3805 tabulas
2172 3787 2178 3803 :
2208 3778 2251 3804 sed
2271 3779 2374 3807 idcirco

238 3824 326 3843 omnes
347 3818 504 3857 seditionum
523 3819 578 3845 Cic.
593 3828 640 3854 pro
654 3819 744 3846 Rabir.
758 3819 884 3853 perduell.
901 3828 912 3850 3
937 3828 958 3845 c.
974 3827 993 3844 1.
1100 3817 1172 3842 Voce
1192 3817 1274 3844 inter·
1336 3817 1383 3844 alii
1401 3815 1555 3847 tradiderit,
1577 3822 1610 3840 ne
1631 3822 1673 3839 eas
1693 3814 1861 3841 interdicenti
1883 3813 2030 3841 exhiberet.
2105 3814 2266 3848 Pomponius
2285 3815 2313 3840 in
2331 3814 2349 3841 l.
2363 3823 2376 3842 ι

239 3852 305 3877 clusa
322 3852 408 3878 lustin.
424 3862 453 3885 ιι,
467 3859 491 3886 8,
505 3863 532 3887 4.
597 3855 696 3881 Dolore
709 3855 867 3886 intercludi,
888 3857 906 3880 i.
919 3853 1036 3888 impediri
1050 3851 1106 3878 Cic.
1116 3853 1168 3878 Att.
1180 3857 1201 3883 8,
1213 3859 1235 3882 8.
1337 3852 1370 3879 de
1383 3853 1448 3879 locis
1465 3857 1491 3877 et
1508 3851 1567 3877 itin.
1587 3849 1658 3883 publ.
1678 3849 1863 3880 interdicitur,
1889 3849 1968 3876 intell.
1982 3858 1999 3876 a
2014 3850 2139 3876 Praetore.
2245 3850 2375 3884 leianu·
2431 3844 2435 3853 ¹

279 3893 316 3911 ’Ν
330 3893 349 3911 's
359 3894 374 3912 ['
384 3894 449 3913 ΚΜ·
459 3896 477 3915 V
490 3896 502 3915 S
512 3896 520 3914 1
531 3895 566 3920 O,
592 3891 658 3916 ‘'mis-
694 3890 714 3915 f·
751 3891 763 3923 [
777 3888 902 3915 διάκλεισιν
916 3890 929 3922 ]
967 3887 1182 3928 Impedimentwn,
1206 3897 1275 3915 occu-
1335 3889 1364 3914 in
1378 3889 1396 3914 l.
1410 3896 1426 3914 2
1469 3907 1474 3912 .
1489 3885 1538 3912 hoc
1552 3884 1721 3912 interdictum
1740 3886 1770 3912 D.
1784 3894 1818 3912 ne
1832 3885 1896 3920 quid
1909 3885 1939 3912 in
1951 3884 2011 3911 loco
2023 3885 2066 3912 vel
2079 3885 2174 3913 itincre
2191 3883 2300 3917 publico
2319 3885 2375 3919 fiat,
2401 3886 2404 3893 ⁴

236 3924 316 3953 patio.
352 3923 407 3948 Cic.
421 3922 452 3948 de
464 3924 537 3950 Orat.
551 3933 576 3957 3,
591 3932 638 3959 ¹79
663 3934 684 3951 c.
700 3927 732 3957 4⁶
763 3925 898 3952 Clausulas
916 3924 990 3952 enim
1008 3929 1089 3959 atque
1107 3924 1274 3958 interpuncta
1284 3925 1369 3961 105Vt
1382 3923 1400 3950 si
1413 3920 1478 3958 quid
1494 3921 1550 3948 illic
1566 3919 1649 3954 fieret,
1662 3921 1732 3956 quod
1745 3921 1852 3956 priuato
1863 3926 1980 3954 noceret,
1993 3921 2100 3949 Praetor
2111 3919 2280 3949 interdiceret
2293 3921 2376 3984 ὶὲιιὸςῐπ-
2422 3924 2433 3950 ἰ

2319 3966 2328 3983 ι
2356 3964 2374 3984 ο
2443 3966 2445 3968 ·
