2479 4225
621 150 900 197 INT

625 246 708 272 Plaut.
740 251 798 269 oen.
812 249 832 272 1,
847 247 870 270 3,
884 245 911 269 35
936 235 1007 262 Nam
1021 234 1064 262 isti
1078 233 1188 269 quidem
1201 231 1261 258 lier-

223 185 296 222 1191

224 268 263 321 il}
276 251 596 320 {ai-aiibcinig'edfiiiibmdpus
616 282 652 308 est
669 279 833 306 commitere,
852 273 899 307 qui
919 271 1029 306 Sphingi
1050 271 1178 304 interpres
1198 268 1260 294 fuit.

225 330 299 362 Virg.
313 328 377 352 Aen.
388 332 411 356 3,
425 330 470 354 559
496 319 656 352 Troiugena
670 317 794 346 interpres
815 307 917 335 diusun.
960 342 964 346 ⁴
981 307 1028 333 Vbi
1038 307 1158 346 Seruius:
1179 305 1261 344 Inter-

225 373 300 400 pres,
314 360 494 388 Vaticinator‚
513 355 560 390 qui
589 358 702 379 mentem
725 348 834 373 deorum
859 342 1018 369 mortalibus
1041 341 1166 376 publicat.
1221 340 1263 378 ξιι·

225 395 389 432 Augurisim,
407 400 486 427 atque
492 389 582 418 extum
591 379 821 423 interpretes-apud
830 379 885 405 Cic.
894 379 921 404 in
928 378 1059 410 Orat.133.

529 426 622 452 idicant
630 441 638 453 ,
650 422 729 452 sintne
741 414 805 449 tusta
820 414 893 441 Idem
903 413 935 439 dc
944 413 981 440 N.
990 413 1022 439 D.
1032 422 1043 438 2
1051 421 1073 438 c.
1081 420 1109 444 4.
1145 411 1263 437 Concor-

227 470 284 496 d'ae
298 467 399 494 ciuium
411 465 539 497 interpres
551 457 717 488 arbiterque,
734 454 752 478 i.
773 451 919 477 conciliator
925 468 933 480 ‚
939 449 964 484 s
978 457 1023 484 quo
1042 451 1177 486 interprete
1191 455 1217 471 ea
1230 454 1267 471 re-

218 479 315 539 stk'mm
327 500 360 535 2st
390 500 441 526 Liu
461 507 475 524 2
500 505 524 528 “3
538 499 600 520 extr.
622 490 649 515 de
662 490 778 524 Agrippa
790 487 914 512 Menenio.
985 482 1117 510 Curaruin
1135 487 1266 514 interpres

228 514 277 565 Vl'·
317 520 375 564 Aeri
439 514 510 561 605}2
566 525 729 555 Hominum,
742 520 889 555 diuumque
907 520 1036 554 interpres
1056 517 1130 544 Idem
1144 517 1208 542 Aen.
1227 524 1267 546 io,

228 547 303 601 [ιβ’
352 545 536 598 Pari'entorum
563 562 718 594 interpretes
737 556 863 583 Galeotae
891 556 920 581 in
943 554 1035 581 Sicilia
1056 551 1265 592 nominabantur

229 582 281 636 gi}
299 607 331 634 de
342 606 431 633 Diuin.
446 612 466 633 1,
478 608 517 632 39.
587 597 774 622 Portentorum
792 590 928 622 coniecior
947 589 1070 629 quidem,
1090 594 1116 614 et
1136 594 1267 628 interpres

229 629 304 672 ldein
318 643 349 669 de
362 639 450 667 Diuin.
463 645 485 666 2,
500 637 531 659 62
552 640 573 657 c.
588 636 624 661 28.
699 628 884 658 Somniorum,
899 632 978 660 atque
996 633 1118 664 omnium
1137 629 1267 656 interpre-

228 688 266 707 tes
297 675 454 704 conicetores
467 676 589 695 vocamus
606 664 737 699 Qiinffii.
752 672 774 696 3,
788 665 813 689 6.
885 663 1017 696 interpres
1032 662 1104 700 Iouis
1115 666 1141 685 et
1156 658 1266 699 satelleS,

229 725 244 743 a
265 698 317 740 11113
333 711 387 738 Cic.
402 708 433 733 de
447 704 537 732 Diuin.
557 710 582 735 2,
598 710 642 733 ¹¹4·
716 701 872 733 Interpretes
891 703 916 723 et
938 697 1098 723 internuntii
1117 695 1206 734 Iouis,
1221 702 1266 719 au-

246 725 303 776 3185
328 746 400 772 Idem
414 741 527 775 Philipp.
549 746 580 769 ις,
597 746 630 763 12.
700 736 858 768 Interpretes
873 733 1013 758 Poetarum
1033 730 1198 770 grammatici
1226 728 1266 754 Id.

228 760 260 812 {e
272 783 362 810 Diuin.
381 788 400 809 ι,
416 786 454 811 34.
527 775 658 807 interpres
678 770 744 797 iuris
768 769 823 796 Cic.
836 769 865 795 in
879 768 979 802 Topic.
993 776 1020 800 4.
1092 764 1266 805 Sanenssfimns

226 821 251 846 le
270 827 312 844 um
326 817 416 842 quen.
430 813 481 838 Sat.
499 819 527 843 4,
546 816 589 843 79.
680 806 736 832 Cic.
748 805 819 831 Fam.
833 812 860 838 7,
873 812 907 830 20
944 803 1055 829 Nullam
1075 808 1158 829 artem
1181 801 1268 826 literis

224 829 276 881 finge
292 853 448 884 interprete,
469 852 494 872 et
510 844 562 870 sinc
576 843 664 877 aliqua
679 840 868 867 exercitatione
882 838 983 873 percipi
996 839 1074 872 posse.
1145 836 1218 863 Idem
1232 835 1267 875 de

226 889 317 917 Diuin.
334 894 354 917 1,
369 886 396 910 16
422 881 501 915 Qiod
515 886 589 905 erant
608 878 692 903 multa
712 875 839 907 obscura,
850 874 934 901 multa
953 874 1092 908 ambigua,
1106 872 1270 907 explanatio-

223 933 267 951 nes
281 920 415 949 adhibitae
428 919 486 944 sunt
499 916 683 948 interpretum.
823 947 828 950 ῃ

223 960 279 986 Cic.
294 958 324 983 dc
339 957 400 989 Opt.
413 962 471 988 gen.
486 952 560 977 Orat.
576 957 605 981 ¹4
630 949 688 975 Nec
708 953 831 973 conuerti
849 952 876 972 vt
898 946 1045 979 interpres,
1058 944 1102 970 sed
1119 950 1147 970 vt
1166 948 1269 974 orator,

223 992 357 1022 sententiis
377 989 487 1019 iisdem,
507 992 532 1011 et
550 993 640 1011 earum
660 983 756 1009 formis
775 990 899 1016 tanquam
920 980 1029 1016 figuris,
1055 979 1146 1005 verbis
1170 979 1202 1005 ad
1220 986 1268 1004 no-

223 1030 301 1058 stram
314 1023 529 1053 consuetudinem
547 1020 624 1055 aptiS.
680 1019 758 1045 Fidus
778 1019 846 1044 Hor.
860 1017 889 1043 in
903 1018 967 1043 Arte
980 1017 1052 1042 Po'e't.
1069 1023 1116 1047 133.

259 1072 269 1090 1
280 1070 300 1089 Ν
311 1070 331 1089 Τ
341 1068 357 1088 13
366 1068 385 1087 R
394 1068 409 1087 i>
419 1067 437 1086 R
447 1066 463 1085 E
472 1065 493 1084 T
502 1058 551 1083 ᾹΤ
561 1063 580 1083 o
591 1062 627 1087 R,
646 1055 711 1081 oris.
731 1063 768 1080 m.
794 1053 872 1080 Idem.
895 1051 1015 1079 Tertull.
1029 1049 1090 1076 adu.
1105 1051 1179 1076 Prax.
1195 1057 1217 1074 c.
1232 1056 1270 1081 19.

225 443 285 463 runi
294 453 302 464 ,
315 431 438 467 aruspices
457 430 500 464 qui
511 430 528 452 Ῐι

1203 375 1209 378 ¹
1324 346 1445 375 purgare·

1131 377 1262 402 Comitio·
1285 378 1301 405 ς

2394 0 2447 74 a

1709 142 1726 181 1
1818 144 1859 183 Ν
1941 146 1984 184 Τ
2238 152 2244 156 “
2283 159 2365 198 1192

1324 240 1396 260 raen.
1413 240 1443 265 25
1457 242 1478 260 c.
1488 241 1510 260 ιι
1531 233 1582 260 Res
1597 231 1668 259 enini
1682 232 1739 259 sunt
1753 241 1864 269 paruae,
1884 241 1967 269 prope
1982 234 2010 260 in
2022 235 2128 270 singulis
2141 235 2226 263 literis
2239 240 2317 271 atque
2329 236 2369 262 in-

1323 268 1553 303 tei-punefionibus
1567 268 1712 295 verborum
1727 275 1874 302 occupatae.

1363 311 1402 330 1N
1412 311 1433 330 T
1443 311 1460 331 Ε
1470 311 1570 331 RrvR
1582 310 1602 330 G
1615 311 1649 336 o,
1668 308 1719 330 are.
1757 302 1945 339 [διακαθαξρω]
1977 311 2026 340 pro
2044 306 2169 341 Pur-gare,
2189 313 2232 333 aut
2257 306 2367 337 Circum-
2399 320 2406 324 -

1481 340 1548 366 Plin.
1566 346 1600 372 18,
1614 341 1645 365 26
1658 339 1714 372 s.65
1735 339 1812 365 Ficus
1826 339 2002 374 interpurgari
2012 361 2020 372 ,
2033 341 2171 368 seminaria
2184 342 2252 369 sieri.

1363 382 1372 400 1
1382 382 1403 400 N
1414 381 1435 401 Τ
1443 382 1459 401 E
1469 382 1488 402 R
1497 383 1512 402 P
1521 374 1541 402 x?
1551 382 1572 401 Τ
1583 381 1602 401 o
1612 395 1620 407 ,
1655 378 1706 400 are.
1743 372 1930 410 [διακαθαίρω]
1967 377 2035 402 Hinc
2055 377 2111 402 inde
2134 377 2266 403 excidendo
2288 383 2371 402 ramos

1329 409 1456 440 arborem,
1471 414 1546 436 vitem
1556 431 1564 443 ,
1578 418 1669 445 putare
1682 416 1705 435 et
1717 416 1836 446 purgare.
1871 411 2003 437 Columel.
2018 411 2050 437 de
2064 411 2200 438 Arb.extr.
2221 411 2372 439 Sedomni-

1329 445 1377 472 bus
1391 445 1464 471 annis
1478 446 1536 472 fodi
1550 453 1609 472 ante
1623 445 1748 472 Calendas
1762 446 1870 472 Martias
1886 452 1911 472 et
1926 446 2085 481 interputari
2095 452 2211 481 oportet.
2302 447 2371 473 Cato
2434 474 2443 478 Η

1328 491 1349 507 c.
1363 489 1394 513 50
1414 480 1489 506 Ficus
1503 482 1679 516 interputato,
1698 487 1723 506 et
1739 481 1766 506 in
1780 482 1857 507 vinea
1870 480 1933 507 ficos
1948 482 2076 509 succidito
2099 483 2165 514 alte,
2184 491 2217 508 ne
2239 491 2281 509 eas
2303 483 2373 509 vites
2416 499 2431 508 ψ,

1329 515 1457 543 scandant.
1505 517 1563 544 Vid.
1579 518 1655 543 Varr.
1668 517 1700 543 de
1715 518 1746 542 R.
1761 516 1792 542 R.
1808 525 1826 546 1,
1840 525 1880 548 3ο.
2427 518 2431 526 ’

1367 559 1375 577 ι
1388 558 1410 577 Ν
1420 557 1443 577 ‘r
1453 557 1552 592 13qu
1562 550 1604 579 ER
1616 558 1636 578 o
1647 559 1665 577 R
1674 572 1683 584 ,
1701 551 1806 586 questus
1824 552 1880 578 sum
1889 571 1897 583 ,
1914 552 2001 586 queri.
2037 552 2098 578 Liu.
2111 561 2148 585 33,
2164 561 2190 586 35
2214 551 2372 578 Aetolorum

1328 587 1459 622 principes
1474 586 1625 622 interquesti
1639 588 1712 618 sunt,
1728 587 1800 622 quod
1813 596 1867 613 non
1881 587 1950 613 idem
1966 596 2025 621 erga
2038 589 2110 614 suani
2124 595 2228 622 gentem
2242 588 2375 614 Romano-

1328 632 1390 650 rum
1405 622 1507 648 animus
1519 624 1577 650 esset
1589 622 1645 658 post
1658 622 1801 649 vidioriam
1811 641 1818 652 ,
1835 622 1881 657 qui
1894 623 1922 648 in
1935 622 2006 649 bello
2025 624 2119 650 fuisset.

1367 665 1375 684 1
1386 666 1408 685 Ν
1419 664 1440 684 Τ
1451 664 1467 684 Ε
1476 664 1494 684 R
1504 664 1550 694 QV
1559 667 1568 685 1
1576 666 1593 686 Ε
1602 667 1614 685 s
1625 664 1642 685 C
1654 665 1673 685 Ο
1682 678 1691 690 ,
1732 659 1825 692 quieui
1834 678 1842 691 ,
1882 659 2020 692 quietum,
2060 662 2114 685 ere.
2158 657 2375 692 [μεταπαύομαι]

1328 694 1456 730 ,Qiiescere
1469 699 1492 718 et
1499 693 1626 729 subjistere
1638 693 1760 728 paullum,
1779 700 1809 720 vt
1822 703 1878 720 mox
1890 697 1980 720 iterum
1993 697 2102 729 incipias
2116 701 2139 721 et
2147 702 2250 730 pergas.
2307 693 2376 719 Cato

1293 733 1320 760 ¹5
1329 739 1350 756 c.
1366 734 1406 762 158
1424 728 1544 756 Indidem
1557 731 1627 755 suine
1641 729 1692 755 tibi
1706 729 1851 755 sextarium
1865 728 1984 764 tepidum
1999 740 2004 755 :
2038 729 2103 756 adde
2116 731 2175 757 vini
2188 729 2240 756 Coi
2253 727 2376 761 cyathum

1328 774 1432 791 vnum:
1466 763 1549 791 bibe:
1583 765 1777 799 interquiescet.
1814 765 1842 790 de
1871 767 1926 791 aluo
1958 764 2105 791 deiicienda.
2179 766 2235 792 Cic.
2255 764 2286 790 de
2305 763 2377 790 Clar.

1331 801 1405 827 Orat.
1423 808 1450 831 91
1473 808 1494 825 c.
1514 808 1540 832 23
1564 802 1655 834 Qnuu
1678 799 1742 826 haec
1765 799 1902 832 dixissem,
1920 806 1947 826 et
1971 800 2117 834 paullulum
2140 799 2377 835 interquieuiii'em,
2421 791 2452 812 ’ἶ

1329 835 1402 870 Quid
1417 835 1516 869 igitur,
1533 835 1634 871 inquit,
1654 842 1700 862 etc.

1368 880 1376 897 1
1389 878 1410 897 N
1423 877 1445 896 T
1456 877 1473 897 E
1482 877 1500 897 R
1509 872 1584 898 RED
1595 879 1614 898 0
1623 892 1631 904 ,
1648 871 1695 897 rasi
1704 891 1712 903 ‚
1731 871 1816 897 rasum
1825 890 1832 902 ,
1851 872 1904 897 ere.
1942 868 2062 905 [διαξὲω]
2099 871 2168 896 Hinc
2193 869 2262 897 index
2280 867 2380 910 aliquid

738 912 789 947 Qu·
802 913 925 937 conuertit
939 919 968 935 ex
981 919 1031 935 vna
1043 910 1164 944 linguam
1176 909 1251 934 aliam
1262 912 1312 931 :20
1331 906 1413 933 orado.
1448 906 1578 933 Columel.
1593 907 1624 933 de
1639 907 1735 934 Arbor.
1750 916 1771 933 c.
1787 915 1815 939 19
1843 907 1913 933 Nam
1927 906 1944 932 si
1961 907 2033 940 spisse
2048 906 2181 940 posueris,
2200 914 2286 939 neque
2307 905 2379 931 infra
2433 934 2436 939 ¹

1331 943 1478 977 quidquam
1492 942 1576 969 serere
1590 943 1690 977 poteris
1704 953 1709 968 :
1744 950 1792 968 nec
1806 941 1838 968 sic
1853 942 1922 976 ipsae
1935 942 2086 968 fructuosae
2099 948 2193 974 erunt,
2211 941 2260 967 nisi
2279 949 2321 967 eas
2338 940 2397 974 in·s

1331 977 1475 1005 terraseris.
1545 978 1610 1005 Plin.
1626 987 1660 1012 15,
1676 987 1685 1004 1
1706 978 1788 1004 Oleae
1800 977 1971 1004 attondentur
1983 977 2047 1004 sicut
2061 983 2087 1004 et
2099 977 2167 1003 vites
2176 997 2184 1010 ‚
2204 983 2283 1011 atque
2296 975 2379 1002 etiam

1332 1012 1462 1041 interradi
1476 1012 1596 1047 gaudent.
1666 1013 1734 1040 Add.
1748 1013 1821 1039 Idem
1837 1018 1872 1045 18,
1884 1021 1923 1046 25.

1333 1050 1417 1084 virgis
1431 1048 1552 1075 'Paullim
1565 1049 1630 1076 Nol.
1647 1050 1736 1076 Po'e'm.
1749 1058 1790 1082 24,
1802 1057 1861 1082 254.

2012 1014 2141 1040 Interrasa
2159 1012 2266 1039 variatis
2281 1011 2381 1038 cortice

1970 1048 2036 1075 Plin.
2050 1057 2086 1081 33,
2102 1057 2124 1075 11
2138 1049 2155 1074 s.
2171 1057 2207 1088 49
2242 1049 2297 1074 Iani
2312 1054 2380 1074 vero

258 1106 267 1125 1
277 1106 298 1125 N
308 1105 329 1125 'r
338 1105 354 1123 E
365 1103 384 1122 R
396 1102 410 1121 i>
420 1102 439 1121 R
448 1101 464 1120 E
473 1099 494 1119 T
503 1099 524 1119 Α
533 1098 550 1119 Β
560 1091 595 1118 ⁸1¹1.
606 1098 615 1117 1
625 1098 636 1117 S
645 1110 654 1123 ,
672 1099 695 1116 e.
722 1089 784 1115 Adi.
820 1087 940 1115 Tertull.
954 1093 1046 1114 contra
1054 1085 1111 1113 Val.
1123 1094 1144 1112 c.
1160 1093 1191 1119 14
1212 1085 1271 1111 No·
1279 1086 1307 1113 25
1332 1086 1432 1112 mensas
1445 1084 1607 1118 repositoriis
1620 1085 1784 1120 imponimus
1792 1104 1800 1116 ‚
1819 1091 1845 1111 et
1860 1084 1892 1110 ad
1906 1084 2054 1110 sustinenda
2067 1084 2177 1119 opsonia
2192 1083 2381 1109 interradimus

222 1144 283 1163 men
302 1128 508 1166 interpretabile.
1014 1157 1023 1163 ·

255 1178 266 1196 1
279 1176 302 1196 N
313 1175 334 1195 T
343 1175 360 1195 E
371 1174 389 1193 R
400 1174 414 1193 Ρ
426 1171 445 1192 R
456 1163 474 1191 ἑ
483 1169 504 1189 Τ
513 1170 532 1190 o
544 1168 576 1194 R,
585 1161 633 1188 ari.
650 1160 715 1195 Dep.
738 1157 1055 1194 [ἕρ,ιιηνεύω,μετοιφροίςω]
1077 1157 1217 1191 Εκροηενε,
1231 1163 1269 1195 ςκ-

215 1207 314 1243 plicare
346 1203 484 1237 explanare.
519 1197 636 1226 eicon]
653 1205 675 1228 2,
690 1204 702 1228 5
723 1196 780 1222 Nec
795 1194 941 1229 quidquam
954 1193 1027 1220 aliud
1042 1192 1078 1219 est
1091 1190 1270 1230 philosophia,

222 1242 241 1269 si
263 1225 432 1273 intespretari
451 1235 534 1268 velis,
561 1242 640 1268 quam
660 1231 776 1258 studium
794 1230 947 1265 sapientiae.
1018 1230 1048 1254 In
1067 1228 1203 1254 diuersum
1224 1226 1271 1251 ali-

221 1276 286 1312 quid
300 1272 431 1308 Quinctil.
446 1280 466 1304 3,
480 1273 505 1297 6.
760 1303 763 1307 1
867 1302 871 1306 ⁴
911 1301 916 1306 .
1094 1300 1097 1304 ¹

221 1311 318 1347 pretari
335 1308 474 1336 Iabolenus
489 1307 517 1332 in
533 1305 549 1331 l.
565 1313 577 1337 3
592 1305 623 1330 D.
637 1303 669 1329 de
683 1303 816 1329 constitut.
830 1303 993 1335 Principum.
1065 1299 1143 1325 Dieia
1157 1298 1269 1337 obscure

221 1346 353 1381 Qiinclil.
366 1353 389 1377 3,
401 1352 427 1376 4.
498 1343 568 1375 Lege
588 1339 772 1373 interpretari,
786 1344 811 1363 et
831 1337 965 1371 aequitate
983 1334 1114 1369 explicare
1133 1335 1189 1361 Cic.
1202 1332 1271 1372 Phil.

219 1392 237 1417 9
262 1392 297 1408 io.
344 1388 348 1391 ’
369 1380 442 1406 idem
456 1377 488 1404 de
500 1379 575 1404 Orat.
590 1384 608 1406 1,
626 1380 665 1407 158
683 1383 705 1400 c.
717 1382 750 1406 34
787 1374 919 1399 Omnium
940 1372 1070 1398 bonarum
1090 1370 1188 1396 artium
1208 1369 1270 1394 seri—

218 1403 307 1454 piores
321 1425 349 1443 ac
368 1414 491 1442 doeiores
505 1418 531 1438 et
550 1410 654 1445 legendi
670 1416 696 1436 et
715 1408 920 1444 peruolutandi,
935 1412 960 1434 et
978 1406 1176 1433 exercitationis
1196 1405 1272 1431 causa

219 1452 395 1484 laudandi,et
416 1446 623 1483 interpretandi,
644 1453 694 1485 etc.
795 1480 799 1484 .

472 1483 625 1518 Religiones
642 1482 773 1515 sapienter
793 1477 994 1513 interpretando
1007 1478 1099 1512 Remp.
1114 1477 1271 1503 conseruant

455 1529 503 1555 pro
523 1520 611 1545 Domo
626 1524 670 1552 pr.
749 1515 901 1541 Verborum
921 1515 977 1540 vim
997 1513 1070 1540 Idem
1089 1513 1120 1539 de
1142 1513 1206 1539 Fato
1225 1520 1269 1537 20.

571 1552 650 1587 Qasi
666 1560 732 1578 vero
746 1551 860 1585 priscum
873 1548 983 1584 aliquod
1002 1555 1046 1575 aut
1059 1549 1197 1575 insolitum
1211 1555 1270 1573 ver-

601 1589 657 1615 Cic.
673 1586 705 1613 de
718 1587 810 1613 Diuin.
826 1596 845 1619 1,
858 1589 892 1619 46
914 1595 935 1612 c.
951 1594 980 1617 23
1010 1585 1047 1611 Ex
1071 1593 1125 1619 quo
1145 1584 1182 1610 ita
1203 1582 1271 1608 illud

218 1490 288 1517 Plin.
311 1496 342 1520 13,
362 1495 399 1513 22.

219 1523 359 1552 Pontifices
379 1522 435 1548 Cic.

218 1562 251 1588 Et
265 1569 314 1595 pro
330 1559 410 1585 Corn.
426 1556 498 1582 Balb.
515 1557 543 1587 36

220 1596 286 1623 bum
306 1595 530 1627 interpretaretur.

219 1631 356 1658 somnium
376 1629 423 1654 etse
444 1628 646 1660 interpretatum
655 1643 663 1655 ,
676 1629 718 1655 vt,
731 1629 777 1648 etc.

219 1668 293 1701 spem
306 1665 337 1691 ad
355 1663 519 1690 voluntatem
533 1658 766 1694 interpretantibus
781 1658 894 1688 fecerat,
914 1657 1040 1682 cessurum
1055 1657 1160 1682 Patrum
1181 1653 1271 1680 aueto-

220 1702 296 1730 ritati
309 1701 366 1726 esse.
438 1697 526 1728 Male,
539 1702 587 1730 pro
603 1696 716 1729 Maligne
728 1696 838 1727 accepere
858 1693 946 1718 Senec.
961 1692 1040 1725 Epist.
1055 1694 1100 1725 64.
1173 1690 1270 1723 Neque

220 1737 294 1766 reeie
309 1745 343 1762 an
357 1742 511 1769 perperam,
525 1731 692 1764 interpreter.
728 1727 884 1766 Fueritnista
897 1727 954 1752 eius
968 1727 1138 1766 deliberatio,
1153 1727 1200 1764 qui
1215 1725 1271 1765 bel-

219 1773 276 1799 lum
292 1769 403 1803 suscepit
416 1769 477 1795 Liu.
491 1776 510 1799 i,
523 1774 562 1798 23.
634 1763 765 1791 iudicare:
801 1763 858 1789 Cic.
873 1762 925 1788 Off.
944 1770 966 1793 3,
979 1770 1014 1793 113
1042 1761 1139 1787 Reditu
1154 1769 1227 1786 enim
1241 1768 1271 1786 in

220 1808 317 1839 castra,
343 1805 486 1831 liberatum
508 1802 533 1827 se
553 1801 601 1826 esse
620 1797 796 1825 iureiurando
810 1817 819 1829 ,
845 1796 1086 1831 interpretabatur,
1112 1805 1166 1821 non
1190 1794 1312 1825 re&e.45
1354 1799 1445 1821 cicitur.
1487 1794 1545 1819 Vid.
1560 1794 1620 1819 Liu.
1637 1802 1657 1825 i,
1672 1802 1706 1825 17.

220 1843 300 1871 Miles
314 1841 361 1876 qui
373 1839 436 1866 iussa
443 1839 539 1864 ducum
554 1834 725 1868 interpretari
738 1842 817 1867 quam
826 1833 935 1866 exsequi
948 1832 1039 1858 mallet
1047 1832 1115 1857 Tac.
1125 1831 1191 1856 Hist.
1200 1837 1271 1861 2‚39‚

220 1888 244 1913 3.
281 1877 337 1904 Cic.
351 1876 445 1902 Planco
458 1874 510 1900 Att.
523 1873 560 1903 16,
569 1872 596 1896 16
623 1868 704 1902 Quod
717 1868 735 1894 si
748 1876 762 1894 a
775 1874 801 1894 te
815 1868 866 1893 erit
878 1868 1064 1901 impetratum,
1077 1866 1109 1891 sic
1123 1865 1205 1891 velim
1216 1865 1271 1890 exi-

221 1914 311 1942 stimes
340 1920 382 1938 me
396 1910 428 1936 de
447 1914 492 1935 tua
504 1905 665 1933 liberalitate
685 1904 721 1930 ita
735 1903 986 1936 interpretaturum,
999 1907 1029 1926 vt
1042 1907 1088 1926 tuo
1108 1902 1211 1926 summo
1228 1900 1273 1925 be-

221 1933 375 1976 neficio'me
382 1945 504 1972 affectum
518 1941 642 1969 iudicem.
678 1940 729 1966 Pro
743 1939 786 1964 sua
795 1937 922 1971 sapientia
931 1936 1034 1971 aliquid
1042 1936 1178 1962 Cic.Fam.
1189 1943 1273 1968 13,,73.

220 1982 393 2018 Interpretari
406 1986 481 2015 grato
496 1979 585 2004 animo
606 1976 660 2003 Cic.
674 1974 706 2000 de
720 1974 790 2000 Clar.
804 1974 878 2000 Orat.
895 1980 916 2006 5.
934 2008 939 2012 .
1145 2006 1148 2010 .
1201 2006 1210 2009 “
1233 2004 1236 2008 ⁴

221 2024 342 2055 accipere.
424 2016 504 2042 Grate
517 2011 687 2045 interpretari
699 2009 828 2036 beneficia
847 2008 880 2035 ab
905 2008 960 2034 alio
980 2011 1085 2040 accepta
1113 2004 1271 2045 Pluuhpisi.

223 2065 246 2087 2,
261 2064 295 2088 13.
393 2052 430 2078 Ex
445 2061 450 2076 1
488 2050 545 2076 Cic.
559 2047 591 2073 de
605 2046 713 2072 Amicit.
727 2053 754 2071 21
773 2046 828 2071 Iam
842 2045 969 2070 virtutem
985 2051 1016 2068 ex
1029 2040 1218 2068 consuetudine
1233 2048 1273 2065 vi-

219 2097 263 2119 tae
278 2087 460 2121 sermonisque
472 2084 555 2110 nostri
569 2083 784 2115 interpretemur.
893 2080 948 2104 Cic.
961 2087 1009 2112 pro
1023 2079 1143 2103 Muraen.
1159 2080 1194 2110 64
1221 2076 1274 2115 Aut

222 2127 361 2154 mitiorem
375 2124 403 2149 in
415 2126 515 2157 partem
530 2119 747 2150 interpretarere.
818 2115 1010 2148 Interpretatur
1024 2113 1132 2139 Numen
1145 2113 1219 2137 suum
1234 2119 1273 2136 vi·

223 2162 292 2190 olari
307 2172 312 2186 z
346 2163 364 2186 i.
378 2156 509 2187 Existimat
521 2160 544 2181 et
558 2153 653 2179 iudicat
678 2151 745 2177 Pliu.
760 2150 788 2176 1ι1
801 2151 894 2183 Paneg.
908 2159 927 2175 c.
943 2157 969 2181 33
983 2154 1047 2174 extr.
1142 2182 1149 2186 Ι

223 2197 334 2225 diabolo
367 2187 572 2227 interpretamur
601 2186 720 2214 Tertull.
745 2185 777 2212 de
800 2186 874 2218 Virg.
889 2185 942 2211 vel.
955 2194 976 2209 c.
993 2191 1025 2215 15.
1063 2186 1082 2209 i.
1097 2182 1270 2222 adscribimus.

223 2232 346 2261 Peruerse
361 2226 544 2263 interpretaris
563 2224 644 2250 Plaut.
657 2223 743 2249 Truc.
758 2230 777 2253 ι,
792 2229 818 2252 2,
832 2229 873 2253 4¹-
982 2220 1074 2251 Quum
1095 2217 1174 2256 huius
1192 2216 1275 2243 verba

223 2270 387 2302 interpretor
402 2276 408 2291 :
443 2264 468 2291 h.
491 2272 511 2288 e.
541 2262 667 2295 Quantum
689 2267 717 2284 ex
739 2257 812 2283 huius
835 2255 918 2282 verbis
938 2254 1051 2290 colligere
1069 2252 1164 2288 poſjum
1191 2252 1273 2278 Plaut.

222 2304 315 2332 Bacch.
331 2311 358 2335 4,
374 2310 397 2331 z,
414 2308 448 2332 15.
538 2294 709 2329 Interpretari
727 2292 874 2319 memoriae
887 2290 1016 2321 alicuius,
1034 2292 1052 2315 i.
1066 2290 1133 2315 illam
1149 2287 1277 2322 adiuuare,

224 2339 345 2369 Reduc-ere
358 2340 385 2363 in
395 2337 536 2362 memoriam
553 2331 634 2358 Plaut.
649 2328 722 2364 Epid.
737 2337 766 2362 4,
781 2336 801 2360 i,
816 2335 853 2360 25.

224 2374 357 2403 Ammian.
373 2381 409 2404 23,
425 2379 461 2397 12.
495 2371 526 2395 it.
540 2376 585 2400 24,
598 2375 634 2393 21.
854 2397 860 2401 Ι
1154 2393 1158 2401 Ι

263 2417 302 2436 1Ν
312 2415 383 2436 TER
398 2413 412 2433 t·
424 2412 468 2432 RE
478 2410 499 2430 T
509 2405 562 2430 ᾹΤ
576 2409 594 2428 ν
609 2409 636 2432 s,
657 2410 685 2431 a,
711 2407 764 2426 um.
791 2398 885 2424 Partic.
899 2394 965 2429 Paffi
1003 2393 1190 2429 [ἕρμηνευθεις]
1229 2393 1277 2418 Ex.

220 2445 332 2483 positus,
355 2444 500 2478 explicatus.
556 2439 612 2465 Cic.
626 2437 657 2463 de
670 2435 762 2470 Legib.
779 2442 799 2464 2,
812 2441 846 2465 29
872 2431 949 2458 Vesta
961 2430 1031 2471 quasi
1048 2430 1122 2455 focus
1136 2427 1227 2467 vrbis,
1247 2434 1277 2453 vt

225 2483 328 2508 Graeco
347 2478 457 2505 nomine
476 2475 512 2502 est
530 2473 659 2508 appellata
675 2482 680 2499 2
716 2469 790 2505 quod
810 2477 859 2495 nos
873 2476 955 2502 prope
969 2466 1039 2492 idem
1053 2466 1183 2491 Graecum
1197 2471 1277 2489 inter-

226 2521 359 2552 pretatum
379 2521 475 2539 nomen
497 2516 623 2537 tenemus.
692 2542 696 2547 .
850 2540 855 2544 .
1073 2543 1076 2546 ἢ

225 2551 352 2580 conuersa
374 2555 452 2583 atque
475 2548 647 2580 interpretata
671 2542 796 2568 dicuntur
824 2541 880 2566 Cic.
908 2538 940 2565 de
960 2537 1054 2571 Arusp.
1078 2535 1154 2568 Resp.
1189 2542 1210 2560 c.
1237 2541 1274 2568 17.

227 2589 297 2615 Suet.
311 2587 415 2613 Neron.
428 2593 450 2609 c.
465 2591 489 2614 13
509 2580 596 2607 Verba
609 2578 732 2613 supplicis
752 2577 929 2610 interpretata.
1040 2607 1044 2612 ἰ
1088 2607 1093 2612 υ
1191 2604 1196 2609 ι

266 2630 275 2648 1
284 2630 307 2648 Ν
316 2629 338 2648 Τ
347 2628 363 2646 E
372 2627 392 2646 R
402 2626 418 2645 r
430 2625 449 2644 R
458 2624 474 2643 Ε
483 2624 504 2643 Τ
514 2623 533 2642 Α
545 2623 565 2642 Τ
575 2622 583 2640 1
595 2623 615 2642 o
625 2635 633 2647 ‚
660 2614 728 2640 onis.
771 2612 791 2638 f.
828 2608 976 2645 [ἑρμηνεία]
1014 2608 1070 2634 Cic.
1086 2615 1114 2632 in
1129 2606 1218 2632 Partit.
1234 2610 1276 2637 27.

226 2661 259 2686 Et
272 2658 305 2684 de
319 2657 393 2683 Orat.
410 2663 429 2685 1,
443 2661 472 2684 23
496 2652 592 2685 Neque
607 2659 636 2676 ea
650 2648 868 2681 interpretatione
883 2654 941 2671 mea
953 2650 998 2671 aut
1011 2642 1130 2669 ornatius
1145 2639 1279 2679 explicari,
1497 2675 1502 2679 1
1532 2676 1537 2679 ¹
1685 2675 1690 2680 ·
1955 2677 1960 2681 ι
2079 2677 2083 2682 .

1137 2675 1238 2703 Callida
1253 2681 1323 2710 et70
1341 2676 1421 2702 credo
1434 2683 1517 2708 magis
1531 2674 1575 2701 illa
1589 2684 1668 2709 quam
1683 2681 1798 2701 interrex
1813 2674 1900 2702 noster
1911 2677 1988 2709 tulit,
2008 2685 2036 2703 vt
2051 2677 2189 2710 Di&atoi·,
2208 2687 2298 2713 quem,
2310 2679 2392 2706 vellet

228 2700 272 2721 aut
287 2693 389 2727 planius
403 2687 517 2723 exprimi
531 2685 630 2721 poffint.
717 2684 789 2709 Dura
808 2681 939 2714 Quinctil.
953 2689 979 2718 2,
995 2688 1045 2720 14..
1102 2715 1105 2719 Ι

229 2728 365 2756 Malitiosa
379 2725 444 2752 iuris
467 2723 523 2750 Cic.
539 2721 591 2747 Off.
607 2729 615 2746 ι
630 2729 651 2745 c.
666 2728 701 2745 io.
810 2718 1014 2749 interpretatio,
1035 2719 1118 2748 inquit
1132 2711 1233 2738 Auffior
1245 2710 1278 2751 ad

229 2765 330 2790 Heren.
351 2771 369 2794 4
405 2768 435 2792 39
462 2758 507 2790 esi,
521 2759 596 2790 Qiae
610 2764 662 2781 non
679 2755 776 2779 iterans
791 2752 861 2778 idem
876 2751 1038 2784 redintegrat
1051 2747 1173 2779 verbum,
1195 2746 1237 2773 sed
1250 2745 1278 2772 id

230 2782 386 2829 commutat:
401 2794 474 2830 quod
490 2792 602 2827 positum
615 2790 667 2821 est,
687 2789 742 2814 alio
755 2788 849 2819 verbo,
857 2786 929 2825 quod
942 2786 1014 2811 idem
1030 2784 1124 2810 valeat.

230 2834 345 2870 pretatio
358 2830 474 2858 foederis
493 2828 549 2854 Cic.
564 2835 611 2860 pro
625 2824 707 2852 balbo
717 2826 771 2849 c.6.
793 2826 810 2848 i.
825 2826 876 2853 vis,
889 2826 1024 2857 sententia.

230 2870 381 2935 1ι1ῗιίςι1ἶει1γ11,
401 2910 449 2928 nec
463 2898 578 2926 traditur
590 2903 705 2925 certum,
727 2903 773 2920 nec
787 2893 971 2927 interpretatio
984 2891 1020 2917 est
1036 2891 1130 2917 facilis.

271 2948 279 2966 1
293 2948 313 2966 N
326 2939 650 2966 'rr-,RPRETA‘rivN
664 2937 681 2956 c.
695 2929 769 2955 &LA
781 2949 788 2961 ,
817 2938 855 2955 ae.
886 2928 906 2954 f.
943 2928 1055 2953 Hieron.
1079 2925 1157 2960 Epist.
1179 2930 1209 2958 89
1228 2927 1279 2965 c.¹6

232 2976 330 3005 Miror,
345 2972 417 3009 quod
429 2970 592 3005 septuaginta
606 2969 782 3000 interpretum
796 2964 880 2990 libros
893 2963 961 2997 legas
976 2972 1029 2989 non
1042 2971 1135 2996 puros,
1154 2967 1181 2987 vt
1196 2962 1229 2987 ab
1242 2969 1280 2987 eis

233 3012 300 3038 editi
314 3012 386 3041 sunt,
404 3013 430 3034 ct
443 3005 588 3033 Christiani
602 3002 719 3029 hominis
733 2999 1022 3035 interpretatiunculam
1035 3006 1089 3023 non
1103 2998 1225 3032 sequaris.

272 3054 313 3073 IN
321 3053 343 3073 Τ
352 3052 367 3071 E
377 3052 394 3071 R
406 3051 420 3070 Ρ
430 3050 449 3069 R
458 3049 474 3068 E
483 3048 505 3068 T
514 3048 535 3066 A
544 3047 566 3067 Τ
575 3047 594 3067 0
604 3046 622 3066 R
632 3058 639 3070 ‚
655 3038 718 3064 oris.
757 3045 793 3062 m.
830 3035 946 3061 Tertull.
961 3033 1019 3060 adu.
1036 3035 1108 3060 Prax.
1123 3042 1144 3059 c.
1159 3041 1195 3066 19.

231 3089 332 3118 terprcs
352 3082 420 3107 Iren.
441 3087 465 3109 1,
481 3086 500 3103 ι.
776 3105 782 3111 .

273 3114 756 3146 iNTERPRETAMliNTVM,
775 3114 794 3132 i.
814 3115 840 3131 11.

877 3104 1062 3139 [patriamqne]
1099 3104 1175 3131 Idem.

236 3174 309 3215 Ideni
324 3190 350 3220 6,
364 3195 378 3213 2
399 3187 663 3218 Interpretamentum
678 3178 824 3205 obscurius.

237 3229 437 3258 pretainentiim.
508 3218 576 3246 Add.
609 3216 683 3242 Idem
719 3222 751 3247 13,
785 3221 811 3246 9.

234 3261 477 3293 interpretamenta.

274 3293 684 3321 iN‘rERrRE'rANDvs‚
723 3293 753 3315 a,
794 3293 848 3310 11111.
889 3283 956 3309 Part.
989 3279 1053 3315 Paff.

239 3366 307 3391 llaec
322 3364 402 3390 verba
414 3362 446 3389 sic
460 3357 655 3394 interpretanda
676 3358 742 3382 sunt.
784 3390 788 3394 ·

278 3408 283 3425 1
298 3400 674 3426 NTERPRETAssiiis,
694 3401 718 3418 e.
740 3390 799 3417 Adi.

275 3437 620 3461 iN‘riaRrRI-t'rivai,
645 3429 663 3454 i.
685 3437 711 3453 n.

246 3469 324 3504 Vtilis.
341 3470 367 3495 111
382 3468 513 3495 Aininian.
532 3471 571 3496 28,
586 3474 604 3491 1.

279 3511 456 3530 iN'ranv
470 3509 565 3533 NGO,
585 3503 637 3526 ere.

987 3466 999 3477 o

232 3574 407 3635 fi›11e.gtsss¹{R
420 3614 434 3632 r
446 3615 466 3633 v
475 3613 495 3632 N
505 3613 550 3634 c'r
559 3614 580 3632 v
592 3613 604 3632 s
617 3626 625 3638 ‚
649 3614 678 3637 a,
705 3612 760 3630 uir..
783 3603 849 3629 Part.
886 3598 1042 3634 [didi-mm]
1078 3598 1152 3633 de
1177 3597 1283 3633 punffls

242 3642 385 3676 dislint‘lum
399 3640 440 3672 cll.
477 3643 532 3668 Cic.
545 3642 576 3668 de
589 3643 662 3668 Orat.
679 3649 704 3672 2,
719 3644 760 3671 328
775 3648 795 3664 c.
811 3643 843 3668 80
872 3636 921 3663 Sed
950 3642 975 3661 et
1006 3635 1175 3660 festiuitatem
1204 3634 1283 3660 habet

241 3680 358 3705 narratio
373 3676 494 3704 distin&
508 3677 637 3710 personis,
659 3682 684 3702 et
700 3673 866 3709 interpuncTia
881 3672 1054 3698 sermonibus.

243 3722 263 3739 c.
277 3723 314 3746 44
334 3712 554 3747 Interspirationis
568 3713 654 3743 enini,
675 3720 728 3736 non
742 3707 940 3741 defatigationis
960 3706 1078 3745 nostrae,
1097 3714 1182 3745 neque
1204 3705 1283 3731 libra·
1705 3739 1709 3743 ἡ
1765 3741 1768 3744 Δ

242 3749 345 3775 riorum
358 3749 442 3778 notis,
462 3746 505 3772 sed
518 3747 659 3772 verborum
673 3753 698 3772 et
712 3746 899 3772 sententiat-iun
917 3742 997 3769 niodo
1017 3741 1195 3775 interpunclas
1213 3741 1335 3772 clau-100
1347 3751 1413 3776 rogo
1426 3751 1458 3768 an
1472 3741 1618 3773 audierim,
1638 3748 1671 3766 an
1684 3739 1797 3766 Viderint
1820 3741 1884 3767 Plin.
1898 3741 1926 3766 in
1939 3742 2030 3775 Paneg.
2045 3750 2065 3767 c.
2082 3744 2126 3774 64.

244 3783 309 3809 sulas
322 3784 347 3809 in
362 3782 527 3810 orationibus
540 3783 586 3808 ess'c
601 3783 752 3808 volucrunt.
824 3779 890 3806 Add.
911 3778 951 3804 Ib.
966 3787 986 3803 c.
1004 3779 1047 3809 46.

283 3824 637 3849 iN'i'ERPvNCTVM,
666 3818 684 3843 i.
724 3826 749 3842 n.

245 3886 280 3912 lio
293 3894 317 3913 et
330 3889 459 3921 angustiae
474 3889 577 3921 spiritus
592 3889 743 3914 attulerunt.

281 3929 287 3946 1
300 3930 317 3946 N
327 3930 348 3948 T
358 3930 371 3948 12
382 3930 398 3948 R
410 3929 425 3947 r
436 3929 455 3948 v
465 3930 485 3947 N
495 3929 512 3949 C
526 3928 547 3948 T
560 3929 596 3948 io
606 3943 614 3952 ,
646 3922 713 3948 otiis.
744 3921 764 3947 s.
800 3918 937 3953 [διάε-ιξις]
974 3918 1050 3946 Idem.
1087 3917 1143 3944 Cic.
1159 3926 1206 3951 pro
1221 3917 1375 3953 Mai-105ne
1390 3917 1510 3953 quadi-ati
1531 3917 1586 3943 Cic.
1599 3916 1679 3943 Tute.
1694 3925 1713 3950 i,
1727 3925 1766 3952 57.

954 1972 978 1998 b.
992 1981 1011 1997 e.
1033 1972 1063 1997 In
1077 1971 1163 1996 bonam
1173 1977 1274 2004 partem
1281 1978 1313 2003 50

1154 2148 1213 2173 Hoc
1226 2155 1274 2171 nos
1281 2157 1309 2182 55

938 2324 1033 2360 Paffiue
1047 2327 1130 2350 utitur
1143 2324 1189 2350 hoc
1202 2323 1275 2349 verbo
1285 2324 1320 2348 60

733 2504 836 2535 Verba,
854 2512 922 2538 quae
940 2511 971 2528 ex
987 2501 1101 2527 Etruscis
1116 2498 1194 2524 libris
1210 2499 1237 2524 in
1252 2503 1277 2523 te
1290 2501 1322 2532 σς
1334 2497 1420 2533 postea
1435 2497 1567 2523 iudicauit,

1341 2542 1411 2560 mam
1421 2532 1750 2573 diffiiiii‘llimamque‘legis
1764 2535 1812 2559 esse
1825 2534 1943 2560 arbitror
1956 2544 2022 2565 eam,
2032 2545 2110 2569 quam
2123 2536 2152 2561 L.
2161 2536 2266 2562 Flaccus
2274 2535 2392 2563 interrex
2431 2556 2438 2572 3

1340 2569 1373 2595 de
1387 2569 1458 2595 Sulla
1473 2568 1549 2600 tulit,
1569 2574 1597 2594 vt
1612 2577 1902 2603 oninia,quaecumque
1916 2569 1961 2595 ille
1976 2571 2093 2603 fecisset,
2111 2571 2190 2597 efl'ent
2208 2578 2274 2600 rata.
2347 2573 2392 2598 Eo·
2429 2584 2434 2589 ·

1196 2784 1279 2808 Inter-

1097 2817 1242 2844 ConieHura
1256 2824 1280 2843 et

409 2866 469 2892 Liu.
485 2873 504 2895 ι’,
517 2869 530 2893 8
551 2863 615 2889 Non
628 2859 770 2887 crediderit
783 2858 897 2889 saelum,
916 2866 948 2883 an
969 2861 1070 2882 tantum
1087 2855 1178 2881 animo
1198 2853 1324 2886 rubo-75
1343 2854 1404 2881 Liu.
1421 2863 1438 2883 ι,
1454 2862 1479 2884 32
1488 2860 1529 2888 pr.
1561 2854 1671 2880 Mortuo
1688 2854 1776 2880 Tullo
1788 2863 1829 2880 res
1842 2854 1873 2880 ad
1886 2861 1971 2889 patres
1985 2856 2116 2886 redierat,
2134 2856 2216 2891 hique
2230 2858 2391 2896 interregem
2434 2863 2449 2884 ¹.

1213 3103 1281 3130 Gell.

325 3172 331 3179 .
369 3152 405 3178 Ex
439 3148 535 3184 quibus
566 3145 675 3172 Latinae
706 3143 811 3176 linguae
851 3141 1082 3174 interpretamenta
1116 3140 1280 3179 collegimus.

895 3175 968 3202 Idem
983 3184 1004 3208 5,
1019 3181 1042 3205 18
1063 3176 1187 3201 Latinum
1202 3181 1286 3209 inter-⁴

883 3212 989 3238 Petron.
1008 3220 1030 3237 c.
1053 3219 1080 3236 io
1112 3211 1283 3236 Somniorum
1308 3210 1514 3244 85inagistratu,
1534 3209 1647 3244 auspicia
1658 3209 1690 3236 de
1705 3211 1809 3245 integro
1823 3217 2010 3245 repeterentur,
2029 3215 2054 3235 et
2070 3210 2250 3245 interregnum
2264 3212 2389 3239 iniretur.
2405 3238 2409 3245 .
2433 3215 2435 3218 “

1029 3311 1032 3314 ⁴
1111 3280 1283 3315 Exponcmlus‚

238 3329 409 3356 declar-andus.
444 3325 560 3352 Iulianus
573 3323 601 3349 in
616 3322 633 3348 l.
643 3324 733 3354 Quini
748 3322 776 3346 in
789 3319 943 3346 testamento
957 3318 988 3344 D.
996 3317 1026 3343 dc
1035 3316 1124 3344 hered.
1133 3316 1283 3343 institucnd.

835 3388 952 3415 Tertull.
966 3393 1058 3414 contra
1070 3387 1175 3413 Valent.
1191 3396 1211 3413 c.
1227 3395 1262 3417 14.
1290 3395 1325 3419 90
1344 3388 1484 3413 Patricium
1499 3389 1562 3419 esse,
1582 3392 1607 3413 et
1621 3395 1636 3412 a
1650 3388 1763 3413 Patricio
1778 3388 1855 3421 prodi
1867 3387 1963 3412 necell'e
1979 3387 2023 3413 est.

748 3428 853 3453 Lucrum
867 3428 1023 3451 intercmtmn
1035 3430 1059 3449 et
1072 3422 1207 3449 uenditum.
1225 3422 1282 3448 isid.

673 3498 730 3524 Sen.
740 3496 861 3530 Epist.40
883 3495 940 3521 Nos
952 3503 1010 3520 cum
1025 3492 1180 3525 scribimus,
1202 3493 1283 3519 inter-

241 3547 357 3572 pungere
389 3539 592 3567 consucuimus‚
619 3533 682 3568 stilo
721 3530 833 3568 improesto
856 3529 977 3566 pwzflum
1006 3530 1095 3566 facere
1127 3533 1193 3555 inter
1224 3528 1285 3554 duas

1291 3574 1322 3600 95
1346 3573 1364 3596 ¹³
1381 3573 1400 3596 3·

1126 3669 1194 3695 lbid.
1210 3678 1231 3701 3,
1243 3678 1282 3704 ¹73

785 3813 946 3848 [διαέςιγμα]
983 3809 1130 3844 Dzstinflio.
1165 3812 1222 3837 Cic.
1248 3811 1281 3838 de

245 3853 317 3878 Orat.
327 3862 347 3884 3,
361 3861 394 3887 79
413 3853 545 3878 Clausulas
559 3853 629 3879 enim
644 3859 669 3878 et
681 3851 846 3885 interpunEta
859 3849 1021 3880 verborum,
1040 3847 1144 3874 animae
1156 3847 1281 3873 interclu-

1332 1122 1414 1147 latera
1430 1130 1436 1146 t
1470 1125 1496 1146 et
1509 1120 1614 1147 interest
1628 1130 1706 1155 quam
1721 1120 1865 1155 plurimum
1877 1120 1940 1146 lima
1955 1119 2117 1154 perdiderit,
2136 1123 2154 1146 i.
2167 1120 2327 1155 perforamus
2340 1127 2382 1144 ar-
2414 1127 2417 1130 ·

1330 1156 1451 1193 uficiofi’,
1467 1162 1496 1182 vt
1509 1162 1642 1191 appareat,
1662 1156 1695 1182 ad
1707 1157 1771 1189 sicca
1785 1163 1881 1182 tantum
1896 1155 1995 1191 opsonia
2009 1155 2118 1192 faftas,
2138 1162 2162 1181 et
2178 1155 2286 1181 corbium
2300 1154 2383 1188 plexi·

1329 1194 1436 1227 liumque
1448 1192 1598 1218 calathorum
1606 1192 1720 1228 formam
1733 1192 1845 1218 habeant.
1915 1191 1954 1218 Id.
1974 1199 2010 1224 35,
2030 1200 2039 1217 1
2067 1191 2124 1218 Nec
2137 1196 2240 1217 tantum
2252 1196 2281 1216 vt
2294 1189 2380 1224 parie-

1333 1234 1370 1254 tes
1383 1228 1434 1253 toti
1448 1227 1616 1261 operiantur,
1634 1235 1728 1254 verum
1741 1233 1767 1253 et
1780 1228 1909 1254 interraso
1926 1235 2077 1258 marmore,
2096 1226 2331 1260 vermiculatisque
2350 1223 2383 1251 ad
2426 1245 2432 1248 .

575 1267 736 1295 Beneficium
749 1266 921 1301 Imperatoris
938 1273 1018 1299 quam
1029 1263 1173 1298 pleniffime
1188 1263 1270 1288 inter·
1283 1267 1315 1291 30
1331 1262 1431 1298 effigies
1444 1271 1533 1289 rerum
1544 1268 1569 1289 et
1582 1262 1739 1289 animalium
1751 1262 1851 1289 crustis,

1369 1306 1408 1326 1N
1420 1305 1441 1329 T
1455 1305 1472 1325 E
1482 1305 1501 1325 R
1512 1300 1642 1325 RAs'i'Ll
1654 1305 1667 1325 s
1679 1318 1688 1330 ,
1705 1307 1728 1324 e.
1748 1298 1808 1324 Adi.
1846 1296 1987 1333 [διαξιςδς]
2022 1297 2089 1324 Plin.
2102 1305 2136 1329 12,
2144 1305 2172 1330 ¹9
2187 1297 2245 1323 s.22
2264 1296 2384 1322 Coronas

1334 1343 1366 1361 ex
1381 1335 1523 1366 cinnamo,
1542 1333 1682 1361 interrasili
1695 1342 1760 1360 auro
1775 1333 1893 1359 inclusas.
1915 1337 1932 1359 i.
1945 1333 2126 1369 inperforata
2136 1352 2144 1365 ,
2160 1339 2189 1359 ut
2207 1341 2268 1358 auro
2288 1330 2385 1366 quidem

1333 1369 1517 1397 circumdentur
1541 1377 1565 1395 et
1583 1370 1747 1396 includantur
1764 1369 1863 1405 surculi
1885 1369 1939 1401 illi,
1952 1369 1999 1404 seii
2014 1377 2060 1404 per
2080 1369 2123 1394 illa
2131 1368 2266 1404 foramina
2271 1367 2386 1403 figuram

1327 1406 1464 1442 speciosam
1485 1404 1599 1432 habentia
1613 1405 1724 1440 florum,
1744 1412 1787 1430 aut
1805 1406 1911 1430 aliarum
1928 1414 2027 1437 rerum,
2046 1411 2224 1438 transpareat,
2244 1409 2269 1430 et
2288 1402 2385 1429 odorem

782 1443 954 1478 Interpretari
971 1442 1082 1468 nomine
1102 1441 1208 1475 alique,
1223 1447 1306 1478 cte-35
1333 1444 1504 1468 transmittat.
1540 1441 1675 1468 Fortunat.
1689 1440 1778 1465 Carm.
1793 1447 1846 1471 1,13
1865 1440 1916 1465 Hic
1930 1439 2042 1473 sculptae
2055 1448 2171 1466 camerae
2187 1439 2265 1465 decus
2277 1438 2387 1464 interra-

1333 1477 1379 1504 sile
1393 1476 1496 1511 pendet.
1587 1477 1719 1502 Recentior
1737 1482 1806 1501 aetas
1816 1474 1900 1510 pofiiit
1908 1481 1957 1509 pro
1969 1475 2129 1509 Anaglypliis
2137 1476 2153 1500 s.
2162 1476 2254 1501 caelato
2268 1481 2347 1509 opere,
2358 1476 2386 1499 in

1334 1522 1381 1549 quo
1388 1512 1477 1548 figura
1489 1514 1578 1538 eminet
1591 1517 1614 1537 et
1627 1509 1707 1543 exstat
1721 1520 1729 1535 .·
1764 1510 1829 1546 quod
1840 1511 1877 1536 ita
1890 1508 1972 1545 potest
1992 1511 2116 1546 intelligi,
2132 1509 2152 1543 Ji
2166 1517 2288 1545 potiamur
2299 1508 2386 1544 fundo

1333 1550 1457 1584 aequabili
1470 1554 1493 1573 et
1503 1548 1582 1582 polito
1595 1553 1654 1581 opus
1667 1546 1813 1572 interrafile
1822 1566 1831 1578 ,
1867 1547 1920 1571 uale
1932 1544 2103 1582 descrrPfimus
2110 1565 2118 1578 ,
2149 1541 2345 1580 uperindut‘sum,
2357 1549 2389 1570 vt

1328 1591 1377 1619 per
1389 1593 1450 1610 caua
1462 1583 1530 1609 illius
1537 1582 1562 1617 s.
1570 1582 1704 1617 foramina
1711 1581 1814 1617 fundus
1826 1584 1845 1614 ι]
1859 1591 1870 1607 e
1882 1588 2010 1616 appareat.
2055 1582 2086 1607 In
2099 1588 2196 1607 tantum
2209 1583 2290 1616 igitur
2303 1578 2389 1606 audiri·

849 1622 910 1647 Liu.
924 1630 966 1654 39,
979 1629 1009 1653 39
1036 1620 1129 1647 Medio
1144 1618 1270 1653 responso
1278 1630 1316 1655 40
1327 1617 1411 1655 potest
1423 1629 1449 1645 υ.
1462 1628 1492 1660 g.
1504 1619 1611 1652 Papias,
1630 1627 1685 1644 cum
1697 1620 1752 1650 ait,
1772 1616 1945 1650 interrasilis,
1966 1616 2138 1651 Anaglypha,
2159 1615 2271 1650 sculpta:
2305 1621 2329 1642 et
2340 1616 2388 1642 alii

1331 1655 1399 1691 apud
1411 1655 1541 1689 Congium.

1372 1697 1381 1716 1
1392 1697 1413 1715 N
1423 1696 1445 1716 T
1456 1697 1472 1716 Ε
1481 1696 1500 1716 R
1511 1696 1531 1715 R
1539 1695 1560 1715 A
1569 1694 1582 1715 S
1592 1694 1611 1714 O
1619 1695 1655 1720 R,
1676 1687 1738 1715 ὂτίς.
1758 1697 1794 1714 111.
1831 1684 1975 1722 δὶακρινητῆς
1989 1687 2069 1714 Gloffi
2083 1688 2139 1715 Lat.
2155 1687 2202 1714 Gr.

1371 1733 1380 1752 ι
1392 1732 1415 1751 Ν
1425 1732 1446 1751 Τ
1458 1732 1474 1752 E
1486 1732 1505 1751 R
1514 1731 1533 1751 R
1541 1731 1558 1751 E
1566 1730 1587 1750 G
1596 1731 1618 1750 N
1627 1729 1649 1749 v
1659 1730 1683 1749 M
1692 1743 1700 1754 ‚
1721 1724 1739 1750 i.
1764 1732 1791 1749 n.
1828 1723 2042 1757 [μεσοβασΐλαον]
2077 1722 2227 1759 Appellatus·
2245 1721 2275 1748 id
2285 1727 2390 1756 tempus,

1351 1771 1380 1787 uo
1394 1770 1497 1796 regnum
1510 1766 1584 1786 vacat
1599 1769 1607 1784 :
1632 1759 1678 1785 hoc
1689 1757 1738 1792 est,
1753 1765 1810 1785 ante
1840 1768 1894 1784 uam
1908 1762 1935 1784 in
1949 1759 2071 1785 demortui
2083 1761 2161 1786 locum
2173 1767 2252 1784 nouus
2263 1763 2392 1792 rrxprae-

1779 1794 1832 1819 Vie
1846 1814 1851 1819 .
1866 1793 1898 1820 de
1913 1794 1988 1820 Viris
2003 1794 2099 1821 Illuslr.
2113 1804 2134 1821 c.
2149 1804 2160 1826 3
2183 1793 2243 1820 Post
2256 1794 2391 1819 consecra-

1335 1831 1438 1856 tionem
1471 1828 1599 1860 Romuli,
1625 1837 1708 1862 quum
1740 1828 1787 1854 diu
1820 1829 1976 1862 interregno
2007 1830 2150 1856 seditiones
2174 1829 2325 1859 orirentur,
2343 1835 2391 1854 etc.

1335 1867 1397 1892 Item
1412 1874 1486 1899 quum
1499 1865 1550 1890 Ioco
1563 1862 1725 1899 magistratus
1737 1866 1849 1889 interrex
1862 1870 1970 1890 creatur.
2007 1864 2066 1890 Liu.
2081 1875 2109 1898 4,
2122 1872 2141 1899 7
2167 1865 2257 1898 Quini
2271 1863 2324 1889 fine
2338 1863 2391 1889 Cu-

1318 1898 1319 1901 ’
1336 1900 1391 1926 ruli
1410 1899 1563 1932 magistratu
1584 1899 1660 1931 Resp.
1680 1899 1757 1930 ess'et,
1777 1899 1884 1931 patricii
1905 1899 2011 1930 coiere,
2032 1905 2057 1924 et
2079 1901 2240 1933 interregem
2253 1905 2392 1925 creauere:

1338 1934 1491 1962 contentio,
1510 1933 1691 1962 Consulesne,
1711 1940 1743 1957 an
1765 1931 1890 1957 Tribuni
1908 1933 2027 1958 militum
2045 1940 2212 1964 crearentur,
2230 1934 2259 1959 in
2279 1934 2390 1960 interre-

1337 1978 1389 2004 gno
1403 1977 1459 1994 rem
1473 1968 1620 2001 complures
1635 1967 1691 1992 dies
1706 1966 1801 1992 tenuit.
1875 1967 1950 2002 Conf.
1965 1967 2037 1994 Ideni
2051 1977 2074 2000 5,
2088 1978 2122 2001 31.

1338 2040 1370 2066 ad
1390 2040 1581 2073 interregnum.
1686 2037 1758 2064 Fluit
1770 2045 1811 2063 res
1825 2037 1857 2063 ad
1870 2038 2068 2073 interregnum,
2083 2040 2135 2067 vid.
2156 2046 2249 2067 FLvo.
2326 2040 2389 2066 Liu.

1338 2078 1365 2108 6,
1381 2085 1390 2102 ι
1412 2076 1597 2108 Interregnum
1612 2073 1675 2099 iniit
1687 2074 1714 2099 P.
1728 2073 1868 2100 Cornelius
1881 2073 1970 2109 Scipio
1982 2075 2101 2102 interrex
2119 2087 2125 2102 :
2159 2082 2185 2101 et
2203 2076 2260 2110 post
2277 2084 2337 2102 eum
2350 2076 2389 2102 M.

1336 2111 1433 2138 Furius
1447 2109 1575 2137 Camillus
1589 2109 1696 2136 iterum.
1765 2110 1789 2135 Is
1808 2109 1951 2137 Tribunos
1971 2110 2091 2138 militum
2111 2112 2252 2138 Consulari
2265 2111 2392 2146 potestate

1338 2152 1418 2173 creat.
1489 2145 1556 2172 Add.
1570 2145 1644 2171 Ideni
1657 2153 1680 2177 3,
1694 2150 1707 2175 8
1716 2151 1760 2179 pr.
1850 2145 1910 2171 Liu.
1927 2151 1951 2178 8,
1966 2155 1992 2178 23
2007 2154 2071 2173 extr.
2099 2146 2139 2173 Ad
2153 2147 2333 2181 interregnum
2347 2155 2389 2183 ref

1338 2181 1422 2209 rediit
1435 2191 1442 2211 ;
1479 2180 1622 2215 dilatisque
1634 2180 1687 2206 alia
1700 2186 1778 2214 atque
1791 2179 1843 2206 alia
1855 2181 1887 2206 de
1902 2183 1977 2208 causa
1995 2182 2130 2216 comitiis,
2163 2182 2391 2218 quartusdecimus
2420 2208 2434 2218 ,Δ

1339 2217 1446 2243 demum
1460 2216 1576 2242 interrex
1590 2216 1687 2242 Lucius
1700 2215 1830 2242 Aemilius
1843 2217 1971 2244 Consules
1984 2224 2064 2244 creat.
2135 2219 2193 2246 Cic.
2209 2220 2247 2252 Q
2257 2219 2325 2245 Frat.
2340 2227 2360 2250 3.
2374 2227 2392 2245 2

1338 2253 1390 2278 Res
1412 2251 1518 2277 videtur
1539 2251 1654 2285 speelare
1677 2250 1710 2277 ad
1728 2252 1917 2285 interregnum.
2012 2254 2087 2280 Idem
2101 2255 2155 2281 Att.
2167 2263 2193 2288 9,
2208 2263 2232 2281 11
2252 2253 2392 2289 Permagni
2415 2265 2424 2273 ²

1339 2288 1396 2315 eius
1410 2285 1535 2318 interest,
1549 2295 1606 2312 rem
1618 2285 1652 2312 ad
1664 2286 1844 2321 interregnum
1858 2296 1912 2314 non
1929 2289 2031 2315 venire.
2389 2298 2394 2301 ’

1374 2330 1383 2348 1
1394 2330 1415 2349 N
1426 2328 1447 2348 T
1460 2329 1476 2348 Ε
1485 2329 1502 2347 R
1514 2327 1555 2348 RE
1568 2329 1585 2348 X
1594 2338 1604 2351 5
1622 2322 1688 2356 &gh-
1729 2331 1765 2349 m.
1802 2323 1998 2357 [μεσοβασιλεύς
2007 2343 2014 2355 ‚
2029 2323 2222 2358 οἶντιβοισιλεῦς]
2257 2325 2310 2358 Qi
2321 2327 2390 2360 regis

1339 2357 1462 2384 demortui
1481 2359 1560 2383 locum
1580 2364 1661 2389 tenet,
1680 2357 1755 2384 donec
1775 2357 2023 2393 alius-substituatur.
2063 2359 2121 2385 Vid.
2136 2359 2196 2385 Liu.
2214 2368 2234 2391 i,
2248 2367 2285 2393 17.
2356 2360 2389 2386 Et

1333 2393 1382 2429 βψ
1395 2393 1473 2420 libera
1485 2394 1546 2428 ch.
1560 2392 1722 2429 magistratus
1733 2394 1967 2426 extraordinarius,
1985 2397 2028 2429 qui
2046 2397 2147 2420 aemilia
2166 2394 2270 2426 habeat,
2285 2393 2390 2430 consuli-

1339 2429 1383 2454 hus
1394 2436 1438 2454 aut
1450 2428 1560 2454 tribunis
1572 2428 1725 2454 mattarihu:
1736 2429 1861 2465 confitlari
1869 2428 1991 2465 potestate
2003 2429 2129 2456 creandis.
2181 2429 2326 2455 Dictator-is
2333 2429 2390 2455 Sul-

1340 2463 1382 2489 lae
1394 2466 1523 2497 imperium
1534 2463 1716 2497 cumfirmaſjbt
1728 2465 1757 2490 L.
1773 2465 1877 2491 Flaccus
1890 2466 2017 2496 interrex,
2037 2471 2125 2491 contra
2138 2465 2224 2499 Rcmp.
2236 2462 2392 2499 ᾗσι-[1115111111

1624 2498 1679 2524 Cic.
1695 2498 1727 2524 de
1741 2500 1770 2524 L.
1786 2501 1848 2533 Agr.
1863 2509 1884 2531 3,
1898 2508 1911 2532 5
1926 2509 1948 2526 c.
1964 2509 1975 2525 2
2013 2501 2142 2527 Omnium
2163 2499 2250 2534 legum
2264 2498 2391 2535 iniquiffi-

1339 2605 1391 2631 dem
1404 2604 1505 2639 respicit
1519 2604 1552 2630 ad
1566 2604 1619 2630 Att.
1628 2612 1687 2637 9,15
1707 2604 1733 2630 Si
1746 2603 1814 2630 Sulla
1827 2605 1915 2638 potuit
1929 2604 2047 2638 efficere,
2064 2606 2097 2633 ab
2111 2606 2254 2641 interrege,
2268 2606 2392 2634 111χάἰᾶἲᾶ-

1342 2646 1386 2666 tor
1400 2639 1548 2671 diceretur,
1567 2648 1613 2665 cur
1627 2639 1671 2665 hic
1683 2648 1736 2665 non
1751 2640 1824 2673 possit
1840 2641 1847 2665 ἓ
1919 2642 1974 2667 Cic.
1987 2641 2020 2667 de
2035 2641 2128 2675 Legib.
2143 2651 2162 2673 1,
2176 2651 2208 2676 4²
2220 2652 2240 2669 c.
2250 2651 2274 2674 15
2291 2642 2390 2671 Nihilo

1340 2711 1442 2737 ciuium
1455 2710 1557 2736 indicia
1570 2711 1645 2737 causa
1655 2710 1766 2751 impune
1780 2712 1859 2745 posset
1872 2711 2004 2738 occidere.
2039 2713 2087 2740 Sed
2104 2713 2145 2740 hic
2159 2721 2242 2750 nempe
2256 2715 2344 2750 abusus
2358 2713 2392 2748 ist
2406 2729 2410 2732 ⁴

1334 2747 1385 2784 sua
1394 2744 1525 2782 potestate.
1630 2747 1690 2773 Liu.
1712 2753 1735 2779 5,
1747 2755 1772 2779 51
1797 2747 1916 2773 interrex
1941 2754 2046 2775 creatur
2070 2749 2106 2775 M.
2130 2749 2225 2776 Furius
2248 2750 2392 2777 Camillus:

1342 2783 1390 2818 qui
1406 2783 1431 2809 P.
1446 2781 1604 2808 Cornelium
1619 2782 1783 2816 Scipionem,
1802 2783 1824 2808 is
1838 2782 1933 2810 deinde
1948 2784 1976 2811 L.
1992 2784 2131 2811 Valerium
2144 2785 2261 2812 Potitum
2280 2787 2391 2812 interre-
2411 2812 2413 2814 ,
2454 2780 2455 2783 ¹

1342 2828 1401 2853 gem
1416 2817 1535 2852 prodidit
1549 2828 1554 2843 :
1588 2817 1621 2844 ab
1637 2827 1670 2844 eo
1684 2818 1766 2844 creati
1779 2818 1822 2845 sex
1835 2819 1959 2846 Tribuni
1972 2820 2090 2846 militum
2105 2821 2244 2848 Consulari
2257 2822 2392 2856 potestate.

1344 2890 1561 2919 nominatum-ant,
1578 2897 1624 2915 etc.
1715 2890 1774 2915 Liu.
1787 2899 1815 2922 4,
1828 2899 1854 2921 43
1881 2890 1965 2917 Modo
1978 2891 2184 2925 prohibentibus
2198 2892 2332 2919 Tribunis
2346 2892 2391 2918 Pa-

1344 2926 1435 2952 tricios
1448 2925 1521 2951 coire
1536 2925 1565 2951 ad
1581 2924 1746 2959 prodendum
1760 2925 1934 2960 interregem,
1955 2927 2036 2953 modo
2051 2927 2209 2961 interregem
2222 2928 2395 2962 interpellati·
2408 2951 2410 2953 ,

1343 2961 1430 2995 tibus,
1451 2970 1485 2986 ne
1498 2960 1753 2987 Senatusconsultiun
1769 2961 1800 2987 de
1815 2962 1934 2988 comitiis
1948 2962 2136 2988 Consularibus
2150 2963 2256 2989 faceret.
2347 2964 2391 2989 In-

1342 3003 1436 3035 terrex·
1452 2997 1556 3031 (inquit
1576 2996 1700 3022 Asconius
1721 2997 1749 3022 in
1763 2996 1940 3023 Milonianam
1955 3002 1995 3029 13)
2014 2998 2186 3025 comitiorum
2206 2997 2391 3035 habendorum
2428 2985 2448 3000 ‘l

1239 3033 1280 3058 In-
1294 3037 1327 3062 80
1343 3033 1417 3059 causa
1430 3032 1563 3058 interdum
1578 3031 1732 3058 creabatur:

1770 3039 1795 3058 et
1809 3033 1864 3058 eius
1879 3033 1986 3067 imperii
2000 3034 2117 3068 quinque
2125 3032 2181 3059 dics
2194 3039 2294 3060 tantum
2304 3042 2388 3062 erant.

1344 3067 1555 3095 Substituebatur
1568 3073 1656 3093 autem
1670 3067 1710 3094 illi
1723 3073 1749 3093 et
1764 3068 1830 3095 alter
1845 3075 1871 3094 et
1883 3069 1976 3096 tertius
1985 3089 1991 3100 ,
2009 3069 2091 3095 donec
2104 3069 2183 3094 creati
2196 3071 2273 3096 ess‘ent
2284 3070 2392 3098 ordina-

1345 3104 1381 3131 rii
1395 3102 1570 3137 Magistratus.

1345 3140 1454 3174 sequens
1467 3147 1548 3164 annus
1562 3137 1614 3164 sine
1627 3139 1787 3165 Consulibus
1798 3139 1842 3171 fit,
1862 3140 2043 3174 Interregnuin
2056 3139 2163 3166 dicitur.

1342 3182 1384 3210 pr.
1403 3176 1487 3200 Vnam
1502 3173 1680 3209 expiationem
1694 3184 1788 3202 eorum
1802 3176 1867 3208 effe,
1883 3182 1911 3202 vt
1924 3174 2045 3202 Tribuni
2058 3174 2178 3201 militum
2198 3175 2352 3204 abdicarent
2365 3177 2390 3204 se

1345 3247 1380 3272 Ea
1394 3247 1429 3272 ita
1443 3246 1586 3272 faffta-*sunt
1599 3253 1630 3271 ex
1643 3245 1879 3273 Senatusconsulto.
1936 3247 2081 3278 interreges
2098 3252 2149 3272 tres
2167 3247 2288 3282 deinceps
2304 3247 2390 3280 fuere,

1346 3283 1375 3308 L.
1393 3282 1530 3314 ValeriuS,
1552 3283 1590 3315 Q
1601 3281 1730 3307 Seruilius
1744 3281 1870 3314 Fidenas,
1886 3283 1922 3308 M.
1938 3281 2030 3307 Furius
2040 3282 2176 3308 Camillus

1346 3319 1425 3344 Doin.
1441 3322 1467 3349 38
1495 3316 1616 3351 Auspicia
1638 3317 1732 3349 Populi
1752 3318 1882 3350 Romani,
1903 3317 1919 3342 si
1937 3316 2101 3350 magistratus
2120 3317 2226 3344 Patricii
2241 3318 2321 3345 creati
2334 3328 2389 3345 non

1347 3353 1409 3383 sint,
1430 3353 1561 3378 intereant
1585 3352 1682 3377 necesse
1705 3352 1756 3384 est,
1775 3361 1857 3387 quum
1877 3352 1993 3377 interrex
2015 3353 2101 3378 nullus
2116 3353 2159 3382 iit,
2178 3353 2251 3388 quod
2264 3360 2290 3380 et
2302 3354 2389 3388 ipsum
2433 3360 2439 3374 ⁷

2140 3389 2196 3414 Cic.
2211 3389 2263 3415 Att.
2277 3397 2302 3421 9,
2317 3397 2342 3422 15
2362 3389 2390 3416 Si

1344 3422 1412 3449 Sulla
1429 3424 1515 3457 potuit
1528 3422 1645 3453 efficere,
1660 3429 1688 3448 vt
1705 3432 1735 3448 cx
1751 3423 1881 3455 interrege
1893 3421 1966 3447 ficret
1981 3422 2111 3449 Dielator.

1384 3465 1391 3483 1
1403 3466 1423 3485 N
1434 3465 1455 3484 T
1468 3466 1483 3484 1·;
1493 3466 1511 3485 R
1523 3465 1541 3485 R
1553 3460 1562 3483 'i'
1574 3464 1595 3484 T
1606 3464 1627 3483 V
1636 3464 1649 3482 S
1658 3477 1665 3488 ,
1689 3467 1713 3489 a,
1733 3467 1787 3484 um.
1818 3457 1876 3483 Adi.
1913 3456 2042 3492 [ἄφοβος]
2081 3460 2138 3485 Non
2153 3462 2274 3490 territur,
2295 3460 2388 3495 Imper-

1342 3497 1456 3519 tcrritus.
1530 3495 1603 3520 Mens
1615 3492 1737 3520 interrita
1752 3493 1797 3520 leti
1816 3492 1897 3519 Ouid.
1914 3494 1977 3519 Met.
1993 3502 2031 3525 10,
2049 3496 2105 3521 616.
2184 3495 2269 3529 Virgo
2282 3495 2334 3521 sola
2350 3495 2387 3522 est

1346 3530 1469 3556 interrita
1503 3529 1584 3556 Ouid.
1598 3529 1662 3555 Met.
1675 3531 1701 3562 6,
1715 3537 1756 3562 43.
1791 3529 1833 3555 Al.
1855 3528 1918 3554 Non
1931 3529 2033 3555 territa.
2139 3529 2234 3555 Vultus
2254 3530 2386 3564 Qiinelil.

1472 3565 1539 3591 Azld.
1556 3564 1624 3591 Vell.
1640 3573 1664 3596 2,
1679 3572 1724 3598 70,
1739 3573 1760 3590 2.

1381 3607 1421 3626 IN
1431 3607 1452 3626 T
1461 3607 1476 3626 12*
1486 3608 1503 3626 R
1515 3607 1532 3627 R
1543 3599 1562 3628 ὅ
1573 3605 1593 3626 G
1606 3605 1625 3625 O
1635 3619 1642 3631 ,
1661 3604 1712 3625 a‘ire.
1735 3598 1845 3633 [ἓρωτοέω
1854 3619 1861 3630 ,
1881 3598 2023 3634 ἓπερωτοὲω]
2059 3600 2155 3635 Rogare
2169 3599 2283 3634 noscendi
2294 3604 2389 3636 gratia.
2402 3622 2409 3630 ,

1346 3635 1427 3662 Plaut.
1444 3636 1519 3669 Fpid.
1534 3645 1560 3669 2,
1572 3644 1597 3666 2,
1611 3637 1642 3666 65
1674 3634 1716 3661 Ibi
1729 3634 1773 3660 illa
1789 3634 1933 3669 interrogat
1948 3634 2037 3666 illam,
2061 3635 2117 3668 Qu
2132 3635 2179 3661 scis
2193 3636 2202 3661 3
2279 3636 2284 3640 ⁴

1346 3672 1385 3698 xit
1399 3671 1473 3697 tibi?
1588 3670 1670 3697 Plaut.
1688 3671 1765 3696 Poen.
1787 3678 1806 3700 3,
1826 3680 1849 3702 4,
1869 3679 1899 3696 20
1925 3670 1951 3696 Si
1963 3670 2061 3697 exierit
2075 3671 2151 3702 leno,
2173 3671 2280 3705 censetis
2300 3671 2387 3697 hoini-

1345 3715 1405 3732 ncm
1420 3707 1598 3739 interrogem,
1617 3713 1691 3730 meus
1710 3706 1798 3730 seruos
1818 3705 1834 3731 si
1850 3705 1883 3731 ad
1896 3714 1956 3732 eum
1970 3706 2089 3736 venerit,
2108 3714 2189 3731 necne
2203 3707 2212 3731 ’ἒ
2303 3707 2387 3733 Inter-

2203 3741 2260 3766 Cic.
2275 3741 2302 3766 in
2311 3743 2386 3768 Orat.

1344 3785 1387 3812 137
1402 3787 1422 3803 c.
1436 3787 1473 3809 40
1498 3778 1533 3803 Vt
1554 3775 1741 3809 interrogando
1761 3782 1867 3811 vrgeat,
1884 3782 1913 3803 vt
1931 3777 2019 3803 rursus
2034 3776 2103 3811 quali
2117 3775 2148 3802 ad
2162 3776 2322 3810 interrogata
2337 3777 2386 3803 sibi
2412 3794 2413 3797 =

1344 3812 1476 3846 spondeat.
1548 3812 1642 3844 Magna
1657 3810 1801 3837 verborum
1809 3813 1969 3838 contumelia
1977 3813 2140 3846 interrogans
2160 3811 2232 3838 Caes.
2242 3812 2269 3838 B.
2279 3813 2307 3838 C.
2316 3821 2338 3844 3,
2347 3820 2385 3847 71.

1344 3847 1525 3881 Interrogabat
1544 3847 1603 3872 suos
1616 3846 1644 3871 in
1658 3846 1772 3872 clamore
1788 3847 1845 3881 ipso
1859 3847 1917 3881 quis
1933 3848 2002 3879 esset,
2017 3848 2064 3882 qui
2080 3847 2150 3873 fame
2164 3846 2266 3880 plebem
2282 3845 2386 3874 necaret

1343 3884 1399 3910 Cic.
1416 3885 1450 3916 Q
1466 3883 1532 3908 Frat.
1548 3890 1570 3912 2,
1583 3889 1604 3913 3.
1691 3882 1870 3919 Interrogabat
1885 3882 2012 3916 quaedam
2026 3882 2186 3917 geometrica
2201 3881 2232 3907 de
2247 3883 2384 3909 dimensio-

1838 3919 1871 3944 Et
1883 3918 1916 3944 de
1929 3919 2001 3946 Orat.
2015 3927 2040 3951 2,
2056 3926 2101 3945 120
2130 3917 2308 3952 Interrogatus
2320 3917 2385 3952 quid

2270 3953 2383 3980 latraret.

1339 2007 1392 2031 Aut
1408 2004 1425 2030 si
1440 2013 1487 2038 per
1497 2002 1642 2029 Tribunos
1658 2001 1742 2036 plebis
1756 2010 1811 2027 non
1824 2002 1953 2036 patiatur,
1973 2009 2061 2030 tamen
2074 1969 2392 2039 ᾳιιίεΐε31ῗιιῗέη11ε3ςὲὶέι1ε9ὶ
2427 2010 2428 2013 ’
2443 2006 2445 2012 ⁴

1627 3104 1716 3136 Qum
1731 3104 1802 3129 enim
1817 3104 1927 3132 comitia
1941 3114 2024 3139 vsquc
2035 3113 2068 3130 eo
2079 3104 2270 3138 protrahuntur
2280 3125 2288 3138 ,
2308 3111 2337 3132 vt
2350 3103 2391 3134 inp

2259 3141 2350 3174 Liu.;‚
2361 3148 2392 3176 ¹7
2436 3139 2437 3142 ’

2268 3283 2323 3309 Cic.
2339 3291 2389 3317 pro
2429 3293 2434 3299 ·
2456 3294 2459 3311 1

2239 3645 2299 3670 quis
2312 3636 2339 3661 id
2348 3636 2387 3663 di·
2426 3617 2460 3669 ’,Ι
