2479 4225
257 152 314 191 171
643 132 683 174 D
742 131 787 172 {I
843 130 905 171 -G

262 237 335 255 mere
347 226 496 260 dignitatern
506 241 514 253 ‚
531 220 585 247 vid.
599 225 718 248 Ammo.
820 217 968 259 {adiungere
977 213 1152 254 dignitatem,
1171 211 1224 238 vid.
1237 216 1294 238 An-

265 268 380 289 IVNGO.
472 258 525 283 Cic.
541 257 613 282 Fam.
628 264 667 288 io⁷
680 259 695 284 6
722 253 806 281 Crede
824 258 907 287 igitur
917 249 985 275 mihi
996 250 1104 281 Plance,
1124 257 1213 275 omnes
1228 254 1294 280 quos

263 297 346 325 adhuc
359 294 451 329 gradus
465 291 600 326 dignitatis
614 291 762 318 consecutus
777 289 816 321 sis,
830 292 873 331 (es,
882 291 969 325 autem
982 284 1096 325 Adeptus
1109 282 1294 323 amplissinios)

266 341 309 359 eos
330 331 459 356 honorum
478 326 607 353 vocabula
626 326 776 356 habituros,
795 331 849 349 non
867 325 1002 354 dignitatis
1022 323 1140 354 insigma.
1220 317 1295 343 Idem

265 366 316 393 Off.
330 374 348 396 1,
365 367 398 396 69
424 364 458 389 Vt
477 362 652 397 tranquillitas
670 360 753 386 animi
767 363 795 392 ,et
814 356 936 383 securitas
949 354 1028 388 adiit,
1049 364 1115 390 quae
1130 353 1223 380 Adfert
1236 361 1296 380 cum
1316 364 1333 390 ς

266 399 451 430 constantiam,
474 403 530 424 tum
550 399 628 423 etiam
646 395 808 429 dignitatem.
912 391 967 417 Cic.
986 400 1035 425 pro
1052 392 1175 417 Muraeu.
1189 397 1216 414 22
1241 390 1297 421 Qu

264 434 346 470 potest
359 434 495 466 dubitare,
512 433 577 467 quin
589 430 620 457 ad
633 430 801 459 Consulatum
815 426 1009 460 adipiscendum
1027 426 1111 453 multo
1130 424 1186 459 plus
1200 422 1299 463 Affcrat

265 469 400 504 dignitatis
415 469 454 494 rei
468 467 605 496 militaris,
620 473 699 499 quam
716 463 782 492 iuris
799 462 888 488 ciuilis
900 462 987 497 gloria
1001 463 1010 488 3
1112 459 1196 487 Alfert
1213 458 1299 492 digni-

802 499 888 533 Agere
901 507 960 524 cum
976 497 1102 532 dignitate
1122 502 1146 521 ct
1161 494 1296 521 venustate

264 511 343 532 tatem
370 504 477 530 fortuna
501 500 606 536 Qintft.
625 509 653 532 3,
674 507 699 534 7.
1152 530 1156 534 ἡ
1278 529 1283 534 1

888 534 1033 566 Amittere,
1069 530 1237 565 Ampliticare
1258 529 1297 555 di-

265 540 322 566 Cic.
336 539 366 565 de
379 540 452 565 Orat.
466 547 492 569 ι,
508 545 558 570 141,
585 541 613 561 vc
627 535 727 573 dignum
739 529 781 565 est.
1220 566 1224 570 ι

265 576 407 610 gustarem,
428 574 478 600 vid.
496 573 536 598 hh.
549 579 590 596 υυ.
662 571 715 596 Cic.
728 577 776 602 pro
788 568 858 595 Sulla
871 576 884 602 ς
898 571 1033 603 ,Qiorum
1052 576 1101 602 ego
1121 575 1202 600 opera
1218 565 1297 591 illum

265 602 295 637 in
314 613 401 636 locum
421 615 497 642 atque
516 606 543 631 in
564 605 627 632 hane
649 604 804 632 celiiilimam
823 604 910 631 sedem
931 603 1066 638 dignitatis
1085 608 1165 636 atque
1185 600 1297 628 honoris

265 646 355 673 multis
369 645 433 670 meis
450 651 478 669 ac
494 641 592 675 magnis
604 639 738 666 laboribus
755 645 786 667 et:
799 639 922 676 periculis
936 638 1135 665 Adscendissem.
1209 636 1297 677 ⁴Idem

266 689 315 717 pro
330 681 420 706 Planco
433 683 445 706 8
473 686 494 703 c.
507 685 520 708 3
551 677 657 710 Sperare
675 674 768 703 videor
787 680 889 701 tantum
909 674 1061 701 abtitturam
1079 673 1127 700 esse
1147 678 1298 698 orationem

266 725 350 743 meam
365 723 380 740 a
393 713 502 738 minima
522 712 664 745 suspicione
681 710 833 737 offensionis
853 717 930 743 tuae,
950 716 975 737 te
993 716 1021 736 vt
1039 710 1128 745 potius
1147 708 1297 742 obiurgcm‚
1318 722 1343 749 13

265 750 337 786 quod
352 749 471 782 iniquum
492 747 520 772 in
535 746 674 772 discrimen
687 745 800 772 Adducis
812 744 973 781 «dignitatem
993 752 1083 778 tuam,
1102 753 1182 779 quam
1200 750 1229 769 vt
1248 751 1298 777 ego

263 795 320 813 eam
334 784 385 809 vlla
403 782 563 809 contumelia
581 789 661 807 coner
673 781 817 816 Attingcre.
925 782 1027 815 Augere
1046 781 1218 816 dignitatem,
1245 778 1297 805 vid.

262 826 380 848 siv-5150.
449 817 580 850 Colligere
597 816 752 851 dignitatem
771 817 828 847 Cic.
841 816 873 843 ad
887 818 921 851 Q
933 818 1016 844 Fratr.
1032 825 1066 849 ις,
1102 835 1109 843 .
1149 835 1155 842 .
1227 816 1297 841 Con-

260 855 351 882 ciliare
371 852 525 886 dignitatem
543 852 614 882 Hirt.
633 852 666 878 de
681 852 743 880 Bell.
763 853 820 880 Afr.
839 860 881 879 22.
936 880 938 883 ,
985 851 1131 878 Consulere
1156 849 1296 885 dignitati,

258 891 298 917 vel
319 889 414 915 seruire
440 886 494 915 cic.
514 887 584 914 Fam.
605 896 637 920 9,
673 907 680 914 .
791 887 931 916 contineri
949 887 1076 921 dignitate

258 926 401 958 Decerpere
415 931 446 950 ex
460 922 602 956 dignitate,
622 922 674 949 vid.
691 929 838 951 DECERPO.
909 923 997 949 Deess'e
1011 922 1135 958 dignitati
1154 922 1210 949 Cic.
1223 922 1242 948 F
1245 929 1296 947 am.

261 968 300 991 ιο,
315 967 348 985 12.
409 957 565 991 ,Defendere
574 958 734 993 ,dignitatem
745 958 778 988 ab
785 958 922 991 inimicis,
942 958 996 984 vicl.
1015 964 1176 985 DEFENDO.
1248 957 1298 982 De-

253 995 373 1022 formare
385 991 539 1027 dignitatem
554 994 609 1023 Cic.
623 1003 671 1028 pro
684 994 753 1022 Sulla
764 1002 801 1029 7.-
826 1009 828 1016 ·
861 994 934 1020 Idem
952 1002 1000 1028 pro
1013 994 1106 1020 Cat-lio
1119 1002 1131 1025 3
1156 995 1191 1019 Vt
1210 992 1242 1019 ad
1257 1001 1297 1024 ea,

274 1038 323 1056 uae
336 1029 495 1056 accusatores
510 1028 682 1059 deformandi
690 1030 767 1057 huius
781 1030 863 1060 causa,
879 1028 1074 1060 Detrahendae,
1094 1028 1297 1063 spoliandaeque

255 1039 390 1100 dignitatis
407 1064 491 1099 gratia
506 1064 644 1098 dixerunt,
664 1072 712 1093 etc.
742 1092 744 1094 .

254 1109 275 1132 1,
312 1120 319 1127 .
357 1120 364 1127 .
396 1128 399 1132 .
437 1099 581 1130 Dimouere
603 1100 635 1126 de
654 1100 789 1136 dignitatis
804 1101 886 1136 gradu
907 1100 979 1126 Idem
993 1097 1113 1132 Tuschz,
1128 1109 1164 1133 19.
1237 1099 1294 1125 Cic.

254 1135 287 1164 de
300 1137 373 1163 Orat.
388 1144 413 1167 1,
450 1153 456 1161 .
495 1154 502 1161 .
520 1164 522 1166 ,
537 1136 649 1166 interitu
668 1136 726 1162 talis
740 1137 846 1170 auguris
860 1136 1016 1170 dignitatem
1029 1136 1113 1162 nostri
1128 1134 1235 1169 collegii
1248 1135 1295 1161 Di-

251 1171 381 1200 minutam
393 1170 528 1202 dolebam.
615 1171 754 1202 Idenroi’i}
770 1175 837 1206 1,.67
862 1173 892 1197 Et
906 1180 949 1201 ea,
970 1179 1038 1206 quae
1050 1170 1175 1197 videntur
1189 1170 1294 1203 acerba,

252 1215 320 1242 quae
333 1205 416 1232 multa
429 1212 454 1232 et
467 1205 540 1239 varia
557 1205 585 1233 in
599 1205 739 1236 hominum
755 1208 809 1234 vita
819 1207 1143 1241 fortunaqueversantur,
1162 1205 1295 1237 inferre,

251 1248 281 1269 vt
295 1242 362 1268 nihil
380 1250 395 1268 a
407 1240 471 1272 statu
487 1246 593 1268 naturae
609 1241 831 1275 Discedas‚.nihil
851 1251 864 1268 a
885 1242 1012 1276 dignitate
1030 1242 1172 1276 sapientis,
1191 1241 1294 1268 robusti
1302 1253 1334 1278 30

250 1278 336 1305 animi
351 1277 401 1309 est,
421 1284 582 1310 magnaeque
595 1277 762 1307 constantiae.
831 1278 884 1304 Effe
894 1277 1031 1312 ,dignitate
1050 1278 1105 1305 Cic.
1119 1278 1189 1305 Fam.
1205 1286 1243 1309 10,
1257 1285 1292 1303 12.

251 1313 326 1341 Idem
344 1313 375 1339 de
388 1311 471 1337 Amic.
483 1318 523 1349 72·
541 1312 576 1338 Vt
597 1311 614 1337 fi
634 1312 786 1346 parentibus
803 1313 860 1340 nati
877 1314 936 1340 sunt
956 1313 1119 1345 humilibus,
1141 1313 1166 1339 se
1182 1313 1292 1347 propin-

251 1357 318 1383 quos
333 1346 444 1374 habeant
461 1345 667 1379 imbecilliores,
681 1346 725 1375 vel
739 1348 847 1382 auimo,
865 1349 908 1375 vel
921 1349 1047 1380 fortuna,
1067 1357 1162 1375 eorum
1182 1353 1294 1382 augeant

249 1391 329 1418 opes,
349 1382 438 1417 eisque
452 1381 612 1408 honoriSint
623 1388 649 1408 et
663 1383 795 1416 dignitati.
903 1385 1002 1411 Fauere
1016 1384 1141 1419 dignitati
1152 1384 1208 1410 Cic.
1221 1385 1294 1410 Fam.

251 1427 290 1451 10,
307 1427 340 1445 12.
444 1418 574 1450 Frangere
592 1416 748 1450 dignitatem
768 1419 841 1445 Idem
854 1420 926 1446 Fam.
938 1429 964 1452 9,
980 1422 1016 1447 16.

248 1462 321 1480 taen.
334 1461 364 1484 23
391 1453 489 1479 Omnes
503 1451 574 1478 enim
587 1457 672 1490 artes>
692 1458 759 1486 quae
777 1454 856 1480 nobis
871 1455 960 1489 Popul.
977 1456 1088 1482 Roman.
1107 1455 1192 1481 studia
1209 1463 1296 1481 conci-

247 1488 329 1520 liant,
350 1493 376 1514 et
393 1485 582 1525 admirabilem(
592 1485 758 1526 dignitatem,
769 1493 805 1513 «ει
817 1496 965 1522 pergratam
977 1490 1121 1516 vtilitatem
1132 1490 1230 1517 debent
1242 1491 1295 1516 Ha-

247 1523 320 1552 bet-e.
378 1524 485 1550 Summa
506 1521 618 1556 dignitas
640 1521 676 1547 est
700 1528 727 1547 in
749 1522 799 1552 iis,
826 1523 873 1556 qui
894 1524 1008 1549 militari
1028 1524 1105 1550 laude
1125 1525 1294 1551 antecellunt.

249 1560 388 1586 Honorem
402 1557 549 1584 consulatus
562 1556 688 1590 dignitate
695 1557 841 1591 Impetrare
855 1558 913 1584 Cic.
931 1558 963 1584 de
978 1559 1039 1592 Leg.
1053 1560 1146 1592 Agrar.
1156 1567 1172 1585 2
1193 1568 1214 1585 c.
1229 1567 1254 1584 2.
1276 1562 1294 1585 i.

248 1597 355 1622 meritis.
424 1590 572 1626 infringere
585 1592 740 1625 dignitatem
756 1592 882 1624 alicuius,
900 1593 953 1620 vid.
967 1600 1141 1621 INFRLNGO.

247 1629 348 1657 faetare
361 1629 517 1663 dignitatem
532 1627 586 1653 Cic.
602 1635 650 1660 pro
664 1626 756 1654 Rabir.
770 1628 835 1655 Post.
850 1638 896 1661 44.
987 1629 1066 1655 Laesa
1086 1628 1217 1664 dignitas,
1240 1628 1294 1655 vid.

249 1672 364 1693 LAEDO.
453 1664 581 1690 Locatum
595 1662 642 1688 esse
659 1662 686 1688 in
699 1662 820 1690 altissimo
836 1664 1043 1699 ampliffimoque
1056 1665 1141 1699 *gradu
1158 1664 1295 1699 dignitatis

249 1701 308 1728 Cic.
317 1700 429 1734 Philipp.
447 1708 468 1732 1,
481 1707 519 1731 14.
591 1697 683 1723 Metiri
697 1698 787 1725 omnia
800 1699 943 1734 dignitate,
965 1700 1018 1726 vid.
1034 1706 1170 1727 METmR.
1243 1700 1298 1726 Ob—

245 1736 333 1763 tinere
354 1735 510 1769 dignitatem
530 1733 620 1768 Nepos
639 1739 688 1765 25,
704 1742 730 1765 ι’,
742 1738 787 1763 1·-

248 1770 404 1805 dignitatem
419 1770 474 1795 Cic.
491 1770 593 1802 Fragm.
608 1768 686 1802 Epist.
707 1789 730 1796 ,.
767 1789 776 1796 .

246 1804 387 1832 Pei-uenire
399 1803 432 1829 ad
445 1804 601 1837 dignitatem
616 1804 672 1830 Cic.
684 1804 739 1833 Att.
753 1813 774 1837 1,
788 1811 826 1840 17.
897 1806 1012 1832 Praediti
1024 1807 1152 1840 dignitate
1172 1804 1244 1832 Idem
1258 1804 1291 1831 de

243 1842 349 1868 Inuent.
364 1848 389 1871 2,
408 1846 454 1871 111.
523 1837 578 1876 Cic.
593 1837 625 1863 de
639 1839 714 1865 Orat.
729 1848 755 1870 ι,
774 1846 816 1872 198
841 1841 974 1877 Multique
995 1848 1145 1877 praeterea,
1161 1841 1209 1876 qui
1230 1849 1292 1867 cum

245 1876 355 1910 ingenio
371 1874 419 1907 fibi
431 1871 710 1912 audieredignitatem
725 1874 901 1910 Reperissent,
922 1884 968 1903 etc.
1041 1876 1160 1903 Reddere
1179 1875 1291 1909 dignita-

246 1917 301 1939 tem
315 1912 387 1937 Idem
401 1908 457 1943 post
470 1908 525 1934 red.
539 1915 568 1933 in
579 1908 662 1933 Senat.
678 1916 699 1934 ι.
778 1910 834 1936 Cic.
872 1930 878 1936 .
915 1929 922 1937 .
959 1931 966 1938 .
1002 1912 1123 1945 Equestri
1138 1911 1228 1936 ordini
1242 1912 1293 1936 Re-

245 1947 333 1979 stituit
351 1954 404 1972 non
418 1944 501 1975 solum
517 1943 670 1977 dignitatem
679 1963 687 1975 ,
701 1949 746 1970 etc.

248 1985 274 2014 6,
293 1991 318 2016 9.
391 1979 515 2009 Retinere
535 1977 598 2007 faeti·
614 1978 915 2013 alicuius-pulcherrimi
938 1980 1103 2015 splendorem
1125 1980 1231 2012 verbis,
1252 1979 1292 2006 di-

243 2018 428 2054 gnitatemque
441 2016 498 2041 Cic.
512 2022 560 2048 pro
574 2014 662 2039 Domo
676 2013 719 2040 sua
732 2022 777 2047 94.
846 2015 918 2042 Idem
931 2016 963 2042 de
977 2018 1051 2043 Orat.
1063 2025 1084 2048 2,
1104 2025 1145 2043 221
1168 2015 1292 2042 Parcebat

246 2054 319 2081 enim
341 2051 485 2079 aduersarii
499 2048 649 2083 dignitati,
674 2048 703 2077 in
724 2057 777 2083 quo
796 2049 854 2083 ipso
874 2051 997 2077 Sei-nabat
1015 2052 1098 2079 suam.
1186 2052 1291 2078 Seruire

248 2088 372 2123 dignitati
392 2088 482 2122 Nepos
500 2094 539 2117 25,
553 2087 579 2116 6,
594 2093 615 2117 ς.
688 2083 743 2111 Cic.
758 2083 789 2110 de
801 2085 875 2115 Orat.
891 2094 903 2117 3
913 2105 920 2117 ‚
942 2094 964 2112 ιι
992 2087 1160 2119 Quibuscum
1182 2087 1292 2113 coniun-

878 1736 920 1769 Op
924 1744 1039 1770 pugnare
1047 1756 1055 1768 ,
1076 1737 1115 1762 vel
1135 1737 1292 1769 impugnare

247 2124 356 2152 &iffime
374 2123 498 2154 vixerat,
517 2120 565 2147 hos
585 2120 613 2146 in
632 2118 902 2147 tribunitustnttituit
920 2121 1043 2155 Spoliare«
1058 2122 1329 2160 onmi-·dignitate.33

248 2159 389 2194 Suffragari
406 2156 529 2192 dignitati
548 2155 620 2182 Idem
627 2156 706 2182 Fam.
722 2158 811 2190 10‚'7'..
883 2157 1009 2190 Superare
1027 2157 1144 2192 aliquem
1164 2156 1292 2191 dignitate

248 2196 306 2222 Cic.
321 2204 369 2230 pro
384 2194 482 2223 Planco*
493 2195 509 2218 6
528 2200 573 2223 σῃ.
592 2193 611 2221 i.
619 2191 754 2227 digniorem
770 2190 820 2224 effe.
893 2193 957 2218 Eratz
968 2193 1038 2219 inter
1054 2193 1239 2227 eosdignitatc
1253 2201 1293 2219 re-

267 2232 291 2258 ia
309 2231 400 2266 Nepos
419 2239 439 2261 1,
458 2237 483 2260 2,
502 2236 523 2260 3.
551 2255 554 2258 ,
595 2227 723 2253 Sustinet-e
743 2226 867 2261 Reipubl.
886 2226 1043 2262 dignitatem
1065 2229 1122 2255 Cic.
1139 2237 1187 2262 pro
1203 2230 1291 2254 Domo

246 2238 294 2294 {ua
313 2275 334 2299 ς.
405 2265 515 2292 Tenere
535 2263 664 2289 summum
678 2262 706 2288 in
719 2262 811 2297 aliquo
825 2262 975 2296 magistratu
990 2262 1098 2297 gradum
1116 2270 1141 2290 et
1156 2263 1292 2297 dignitatis

248 2309 275 2329 et
290 2302 387 2336 gratiae
402 2300 479 2331 Idem
489 2307 538 2333 pro
550 2298 644 2324 Planco
659 2306 696 2330 32.

247 2338 274 2364 ei
287 2335 446 2370 Tribuenda
460 2335 505 2361 est.
543 2334 614 2368 quod
628 2334 646 2359 si
660 2334 696 2359 ita
708 2333 744 2359 est
754 2354 761 2366 ,
783 2334 916 2360 laudabile
931 2334 960 2360 sit
974 2336 1071 2361 necesse
1088 2335 1133 2361 est.
1188 2335 1292 2361 Bonum

245 2373 331 2407 igitur
351 2381 430 2398 omne
446 2369 595 2404 laudabile„
661 2369 762 2395 Iustitia
775 2369 810 2402 est
831 2369 936 2396 habitus
950 2371 1022 2397 suam
1043 2370 1140 2406 cuique
1154 2370 1293 2396 Tribttens

248 2408 402 2443 dignitatem
417 2402 518 2438 Cic.‡de
532 2406 589 2431 Inu.
602 2413 617 2431 2
638 2414 659 2431 c.
674 2413 709 2437 53.
780 2405 852 2432 Idem
872 2406 901 2431 in
913 2407 995 2432 Bruto
1033 2426 1039 2432 .
1077 2426 1084 2432 .
1122 2426 1128 2433 .
1165 2407 1238 2432 Pono
1259 2406 1295 2432 sa-

246 2445 281 2471 tis
295 2444 323 2470 in
338 2451 369 2468 eo
385 2442 459 2474 fuisse
474 2441 603 2467 orationis
617 2446 696 2474 atque
709 2441 827 2475 ingenii,
844 2450 898 2476 quo
918 2447 942 2468 et
963 2442 1127 2476 magistratus
1147 2443 1295 2476 personam,

246 2487 274 2506 et
287 2478 449 2505 consularem
465 2476 619 2510 dignitatem
632 2476 786 2509 Tueretur,
811 2480 830 2503 i.
837 2479 989 2513 sustineret,
1007 2478 1173 2513 cansarum-ct.

248 2515 304 2542 lare
318 2514 471 2548 dignitatem
491 2513 546 2538 Cic.
558 2512 629 2538 Fam.
645 2520 664 2544 i,
680 2519 706 2545 7.
903 2510 923 2550 ἢ
949 2522 961 2545 3
998 2514 1093 2540 Plural.
1132 2513 1295 2547 Dignitates,

244 2557 295 2586 pro
309 2549 395 2584 dignis
410 2548 499 2574 honore
518 2547 656 2572 hominibus
675 2548 738 2574 dicit
759 2547 868 2581 Qtindt.
885 2557 917 2580 11,
932 2557 951 2581 1,
966 2551 998 2575 62
1026 2548 1171 2575 Praestatur
1185 2548 1234 2575 hoc
1249 2547 1296 2574 ali-

250 2584 356 2621 quando
370 2580 557 2617 dignitatibus,
577 2587 604 2608 vt
623 2581 752 2608 libertatis
766 2583 869 2610 nostrae
883 2590 953 2610 ratio
965 2585 1098 2611 reddatur.

288 2624 549 2648 DIGNITOSVS,
569 2624 599 2647 a,
625 2625 679 2642 um.
717 2616 776 2643 Adi.
813 2618 989 2653 ἀξιωματικός,
1011 2621 1089 2647 Gloss.
1109 2619 1212 2646 Phili-x.
1250 2620 1295 2646 Pe-

1349 211 1423 250 filet.

1353 249 1440 276 tionis
1455 250 1555 284 gratia,
1573 249 1727 284 gloriaeque
1746 246 1838 273 auidos
1853 247 1955 274 Polium
1976 245 2103 279 trafitare,
2124 246 2272 281 colet-eque.

1097 886 1208 920 Qtin&.
1226 895 1254 918 3,
1274 890 1296 915 8.
1306 900 1341 918 20

815 1066 954 1099 Deponere
974 1063 1129 1098 dignitatem
1151 1064 1207 1090 Cic.
1226 1063 1294 1090 Phil.
1303 1078 1348 1103 25<

1089 1420 1145 1446 Cic.
1166 1428 1215 1453 pro
1234 1420 1293 1459 Mu·
1302 1435 1330 1460 33

820 1945 948 1984 Recipere
961 1945 1117 1979 dignitatem
1132 1946 1204 1971 Idem
1218 1946 1291 1971 Fam.
1303 1954 1334 1980 50
1355 1953 1388 1971 ex
1403 1946 1494 1971 federe
1509 1945 1574 1977 insto,
1589 1953 1636 1971 etc.

766 2299 798 2325 Et
810 2298 893 2325 Tusc.
908 2307 932 2331 5,
944 2306 976 2332 45
1000 2299 1069 2333 Ergo
1083 2299 1162 2326 etiam
1177 2299 1291 2333 dignitas
1300 2307 1335 2331 60

1738 77 2010 164 —1‘211

1479 212 1545 241 Plin.
1559 222 1597 246 21,
1613 219 1647 240 ιο
1673 210 1751 240 Polio
1764 210 1882 239 Musaeus
1900 216 1929 238 et
1937 207 2066 238 Hesiodus
2081 210 2193 245 perungi
2203 209 2298 238 iubent
2310 209 2401 272 digena·

2368 254 2402 274 ic.

1359 285 1412 310 Att.
1427 293 1465 318 10,
1487 294 1503 318 9
1528 285 1612 312 Caelii
1625 284 1735 320 quidem
1753 281 1891 316 epistolam
1911 283 2034 317 scriptam
2053 282 2258 314 miserabiliter,
2278 290 2333 308 non
2347 281 2400 308 fine

1359 326 1456 353 magno
1469 321 1532 348 fletu
1545 321 1664 355 legerunt
1677 318 1756 354 pueri
1769 317 1851 343 nostri
1860 337 1869 349 ,
1884 318 1928 344 etsi
1942 318 1960 345 si
1974 326 2049 344 meus
2063 317 2170 352 quidem
2182 317 2218 344 est
2230 318 2339 349 fortior,
2357 324 2401 342 eo-

1360 362 1412 389 que
1431 354 1485 388 ipse
1504 356 1687 382 vehementius
1708 358 1876 385 commouet,
1902 362 1949 379 nec
1966 353 2112 389 quidquam
2130 352 2229 379 nisi-de
2248 352 2403 386 dignatione

1361 389 1480 422 laborat,
1513 393 1531 417 i.
1548 392 1649 418 Nullius
1668 393 1707 417 rei
1719 396 1816 416 tantam
1836 391 1956 415 rarloizem
1973 388 2107 416 habendam
2124 388 2194 414 nobis
2212 388 2309 425 censer,
2330 387 2403 422 idque

1360 428 1431 461 agit,
1455 431 1484 450 vt
1502 425 1704 459 existimationem
1725 433 1798 452 antea
1821 421 1946 450 cometam
1969 429 2086 451 tueamur.
2123 430 2147 449 et
2161 432 2189 449 ne
2208 423 2269 459 quid
2286 431 2404 459 agamus,

1360 460 1426 496 qu‘od
1438 459 1567 495 indignum
1573 461 1611 496 fit
1623 461 1695 489 rohas
1707 470 1724 487 a
1735 460 1806 487 nobis
1818 457 1902 496 gestis.
1940 459 2007 485 H‘aec
2019 460 2139 487 Budaeus.
2185 460 2223 486 De
2234 457 2404 493 dignatione,

1360 499 1380 522 ι’.
1399 495 1428 521 de
1441 495 1577 532 dignitate,
1598 497 1627 523 de
1639 494 1747 530 homsto..
1800 496 1906 521 Sueton.
1921 493 1953 520 de
1966 492 2137 522 Clas..Graiiz.
2154 503 2175 520 c.
2189 502 2216 527 5.
2230 494 2337 521 Saenius
2352 493 2403 521 Ni-

2341 132 2418 172 :qav

1324 543 1353 561 10
1361 539 1442 557 canor
1457 531 1557 565 primus
1571 532 1603 558 ad
1615 532 1713 558 famam
1726 531 1962 566 dignationemque
1975 528 2092 557 docendo
2105 529 2235 566 peruenit.
2247 541 2264 554 .-
2297 529 2364 556 Liu.
2379 537 2407 560 2.

1362 586 1369 593 .
1407 586 1414 594 .
1451 565 1549 600 Appius
1563 566 1633 594 inter
1645 573 1730 602 patres
1742 566 1840 599 ledus,
1856 566 1926 592 haud
1939 565 1977 591 ita
1990 565 2076 591 inulto
2087 566 2143 600 post
2158 564 2350 599 inprincipum
2363 563 2402 590 di-

1359 602 1512 637 gnationem
1527 602 1667 636 peruenit.'
1725 603 1784 629 Liu.
1798 611 1824 637 7,
1839 610 1877 635 25,
1891 610 1918 627 10
1939 599 2070 632 Camillo,
2085 602 2164 628 vnico
2177 599 2352 632 consu-li,2vel
2367 597 2404 626 ob

1360 637 1439 664 aliam
1455 637 1654 671 dignationem,
1669 637 1740 664 haud
1753 637 1942 664 subiiciendam
1955 635 2117 668 difflaturae,
2134 637 2178 664 vei
2210 651 2256 660 -η
2271 633 2404 663 :ididiam-

1361 682 1418 700 rem
1434 673 1570 706 arrogari,
1591 672 1661 698 haud
1679 674 1739 700 satis
1753 673 1877 700 decorum
1895 672 1981 699 visum
2001 671 2037 698 est
2050 670 2176 705 patribus.
2247 670 2405 705 Qisacer-

1360 707 1442 735 dotiis
1461 717 1516 734 non
1537 709 1626 734 minus
1642 707 1780 735 reddamus
1794 709 1946 744 dignatione
1965 707 2054 734 nostra
2066 706 2191 739 honoris,
2209 715 2289 742 quam
2302 713 2404 740 accepe-

1359 753 1449 771 ramus
1463 744 1536 770 Idem
1550 753 1587 776 10,
1601 751 1619 779 7
1638 749 1704 769 extr.
1774 745 1880 771 Sueton.
1895 745 1923 770 in
1938 743 2040 770 Domit.
2059 751 2081 768 c.
2095 750 2108 768 ρ.
2126 743 2326 776 Expeditionem
2339 748 2405 775 quo-

1359 788 1411 814 que
1432 780 1462 806 in
1481 779 1594 805 Galliam
1612 778 1838 814 Germaniasque,
1862 788 1948 814 neque
1967 777 2136 805 necersariam
2156 783 2182 804 et
2199 776 2405 804 dissuadentibus

1359 816 1475 850 paternis
1494 815 1585 841 amicis
1605 813 1759 845 inchoant,
1777 820 1878 842 tautum
1890 822 1920 842 vt
1932 815 2012 842 fratri
2024 814 2065 847 se,
2085 820 2112 839 et
2129 812 2254 848 operibus
2270 819 2296 839 et
2315 812 2407 846 digna-

1358 850 1432 877 tione
1449 850 1615 885 adaequaret.
1669 849 1743 875 Idem
1756 850 1785 875 in
1796 850 1901 884 August.
1915 852 1990 884 c.46,
2063 849 2190 883 Dignatio
2207 848 2324 875 Caesaris
2337 848 2407 875 Tac.

1359 886 1432 916 Hist.
1442 895 1462 919 1,
1479 894 1516 918 19,
1529 894 1558 919 4.
1618 885 1736 912 Partium
1749 884 1869 919 dignatio
1884 886 1951 912 Veli.
1964 895 1991 919 z,
2003 893 2044 918 52⁴,
2059 894 2077 912 1.
2103 888 2121 911 i.
2135 883 2285 911 austoricus.
2307 898 2309 901 ·
2354 884 2406 910 Pro

1359 922 1506 948 Reuerentia
1519 932 1526 946 t
1557 921 1663 948 Sueton.
1678 921 1708 947 in
1721 920 1805 955 Calig.
1826 930 1847 947 c.
1861 930 1896 954 24
1917 921 2042 956 Reliquas
2059 921 2180 952 sorores,
2199 928 2248 947 nec
2263 918 2407 953 cupiditate

1345 961 1445 990 -tanta,
1466 966 1513 983 nec
1527 956 1682 991 dignatione
1694 956 1805 988 dilexit,
1814 962 1851 983 vvt
1866 963 1931 992 quas
1942 958 2016 992 saepe
2031 957 2143 983 exoletis
2156 955 2208 982 suis
2225 954 2408 990 prostrauerit.

1359 993 1402 1020 sic
1419 995 1492 1019 etiam
1511 995 1539 1018 in
1559 993 1632 1019 Caes.
1650 993 1755 1018 eiusdem
1774 1002 1794 1018 c.
1808 1001 1827 1024 4
1850 992 1974 1029 legendum
1989 992 2136 1027 Manfitque
2155 990 2224 1026 apud
2243 999 2289 1017 eos
2304 993 2409 1025 piratas

1360 1028 1450 1063 Caefizr
1464 1037 1518 1054 non
1532 1028 1585 1054 fine
1598 1028 1703 1056 summa*
1719 1026 1882 1062 dignatione.
1901 1038 1905 1043 ·
1924 1028 2096 1065 lltmveaffiah.
2109 1034 2139 1054 *et
2154 1028 2291 1054 Burmann.
2315 1039 2317 1044 ν
2347 1025 2423 1051 Pro—-

1358 1063 1486 1098 pria'viri
1503 1063 1624 1098 dignatio
1643 1064 1718 1090 auxit
1735 1063 1949 1096 inuidiamsetc.
1970 1064 2038 1091 Tac.
2053 1063 2122 1090 Hist.
2137 1072 2159 1096 3,
2170 1068 2209 1093 30.
2282 1059 2408 1094 Modicus

1359 1098 1521 1133 dignationis
1536 1100 1692 1126 Idevann:
1704 1108 1733 1132 4,
1747 1107 1785 1133 32.
1807 1117 1809 1119 -
1847 1098 2071 1133 Afflgnant‘etiam
2084 1098 2211 1134 principis
2225 1096 2409 1132 dignationem

1357 1133 1557 1161 adolescentulis
1571 1136 1638 1162 Tae.
1653 1135 1685 1161 de
1698 1136 1822 1162 German.
1836 1138 1863 1168 6,
1880 1143 1912 1167 13.
1943 1143 1950 1157 ·-
1962 1142 1965 1144 ’
1983 1135 2110 1170 Dignatio
2124 1131 2410 1165 Conciliauit-eihant:

1357 1176 1471 1197 onrem
1485 1170 1553 1197 Vell.
1568 1177 1680 1203 2‚'58,'2.
1788 1171 1882 1197 Gliscit
1899 1170 2019 1204 dignatio
2037 1169 2284 1196 sacerdotumffiac.
2297 1168 2366 1194 Ann-
2377 1176 2410 1201 4,

1360 1207 1399 1232 16.
1471 1206 1545 1232 Idem
1562 1206 1630 1241 Hist.
1651 1215 1677 1239 1,
1696 1214 1724 1240 52
1751 1206 1864 1233 Vitellio
1882 1212 1934 1233 tres
1953 1206 2036 1240 patris
2056 1203 2409 1238 Consulatus‚.censuram,

1359 1241 1504 1275 collegium
1515 1242 1632 1268 Caesaris
1641 1243 1811 1278 ,›1mponere
1836 1238 1994 1276 iampridem
2004 1248 2008 1262 ι
2017 1241 2188 1276 Imperatoris
2200 1257 2203 1263 ι
2214 1239 2407 1276 dignationem.

1359 1277 1456 1303 Brutus
1472 1278 1611 1312 Vatinium
1623 1277 1784 1311 dignatione
1797 1276 1937 1313 Obruerat
1950 1277 2055 1310 Veli-2,
2074 1279 2117 1309 69,
2131 1284 2154 1308 3.
2255 1273 2409 1313 'Secundum
2422 1275 2433 1280 ”

1357 1312 1542 1346 dignationem
1559 1313 1634 1340 inter⁴
1650 1314 1674 1339 se
1693 1314 1846 1340 I'artiuntur
1858 1313 1928 1340 Tac.
1941 1313 1972 1339 de
1988 1313 2112 1339 German.
2125 1313 2169 1338 26.
2187 1330 2199 1344 2.
2216 1331 2219 1334 ,
2238 1311 2352 1344 Retenta
2370 1308 2410 1336 di-

1358 1349 1449 1383 gnatio
1470 1349 1554 1376 ssurro
1573 1358 1623 1384 ope
1643 1349 1753 1376 Senecae
1778 1349 1851 1375 Idem
1870 1350 1937 1375 Ann.
1959 1356 2000 1380 13,
2019 1356 2058 1374 20.
2109 1344 2409 1379 Nauem-accoliti:
2448 1362 2451 1364 -

1357 1389 1458 1418 partam
1483 1383 1666 1418 dignationem
1692 1385 1793 1411 subitae
1808 1384 1933 1411 felicitati
1948 1384 2102 1410 submittere
2117 1383 2298 1410 Tacitaffima
2306 1389 2350 1414 13,
2363 1388 2410 1414 42.

1358 1420 1547 1454 Dignationes:
1584 1421 1652 1446 Tac.
1668 1421 1736 1446 Ama.
1751 1429 1778 1452 2,
1793 1428 1819 1452 33
1842 1419 1986 1446 Distinctos
2005 1420 2113 1445 Senatus
2130 1424 2157 1445 et
2175 1417 2410 1453 equ-immersisti·

1360 1469 1407 1475 —
1442 1461 1470 1482 vt
1484 1455 1565 1488 loci8‚
1585 1455 2103 1490 ordinibus,'dignationibus*antistenn
2149 1473 2152 1476 ⁴
2169 1454 2188 1478 'Ji
2227 1471 2247 1479 .·
2279 1451 2301 1490 fl
2321 1461 2338 1479 2
2362 1451 2411 1485 Di»-

1357 1491 1452 1524 gnatio
1466 1494 1539 1517 etiam
1552 1489 1633 1517 affine
1640 1491 1767 1528 ῥυσίων,
1786 1501 1839 1517 cum
1853 1491 1964 1525 dignum
1975 1491 2046 1517 nobis
2058 1489 2302 1516 iudicamus-:munus
2312 1488 2410 1514 ‘datum-
2444 1504 2449 1507 ·

1357 1525 1505 1558 symmach.
1525 1535 1557 1558 9,
1577 1530 1624 1553 106
1650 1527 1692 1560 Ad
1711 1533 1737 1553 te
1759 1526 2040 1561 misimus‘sportulani
2058 1524 2226 1559 nuptialem:
2242 1530 2409 1558 ,ῳιειιιικιιιη

1358 1567 1463 1593 promta
1482 1561 1639 1594 dignatione
1652 1563 1808 1596 susceperis,
1826 1562 2014 1588 documentum
2031 1561 2121 1592 dabis,
2140 1566 2203 1585 etc..'
2220 1569 2225 1582 ι
2248 1569 2298 1585 ,κως
2321 1570 2326 1584 ῑ
2344 1554 2376 1595 ff
2393 1565 2408 1592 3

1212 1593 1295 1619 Labe·
1303 1611 1341 1635 40
1360 1595 1488 1628 Dignatio
1502 1601 1546 1621 tua
1554 1615 1562 1627 ,
1583 1597 1721 1631 honorifica
1732 1598 1863 1632 appellatio
1877 1601 2044 1633 iam‘temporc
2056 1593 2237 1627 Hieronymi,
2248 1597 2300 1630 ‘qm‘
2307 1593 2346 1621 ad
2360 1596 2410 1620 Ex-

1361 1628 1542 1664 superantium
1563 1630 1610 1657 T.»
1623 1633 1636 1657 I
1662 1632 1682 1657 f.
1703 1640 1734 1664 95
1752 1633 1781 1664 B,
1809 1632 1937 1665 Dignatio
1949 1638 1995 1659 tua
2013 1638 2057 1659 aut
2070 1630 2146 1658 diues
2160 1630 2196 1657 est
2208 1635 2267 1661 ;**et
2280 1629 2360 1656 debet
2371 1629 2410 1655 fa-
2439 1655 2441 1658 ⁴

1360 1673 1428 1698 tere,
1444 1666 1515 1700 quod
1532 1666 1764 1701 praeceptum‘est:
1784 1672 1835 1693 aut
1847 1667 1932 1694 adhue
1945 1668 2049 1698 tenuis-13
2074 1673 2100 1694 et
2112 1675 2167 1694 non
2180 1665 2259 1692 debet
2272 1672 2408 1701 quaerere,

1360 1701 1432 1735 quod
1447 1708 1587 1735 erogatura
1601 1702 1646 1729 est.
2039 1717 2041 1721 ·
2057 1716 2060 1720 ·

1350 1750 1353 1753 -
1395 1743 1432 1762 DI
1444 1742 1466 1761 G
1476 1744 1497 1762 N
1506 1744 1524 1763 O
1534 1743 1581 1771 Ro
1590 1756 1598 1768 ,
1610 1741 1671 1773 ¹are.
1709 1737 1859 1772 Dignorare
1867 1757 1875 1772 ,
1895 1737 1998 1772 signum
2009 1738 2164 1773 imponere,
2183 1728 2286 1765 vtrfie'ti
2300 1735 2368 1763 iblet
2379 1733 2410 1762 in

846 1770 949 1797 Orbarc
963 1771 1108 1805 dignitate,
1127 1771 1181 1797 uid.
1198 1776 1333 1809 mmo-43
1357 1771 1509 1804 pecoribus.
1540 1771 1613 1797 Fest.
1997 1789 2000 1801 ᾖ
2019 1780 2021 1783 -
2109 1778 2112 1790 t

1386 1812 1411 1868 ἐ)
1425 1814 1434 1832 ι
1447 1813 1467 1833 G
1481 1813 1501 1832 Ν
1516 1811 1535 1832 0
1550 1813 1570 1832 R
1583 1812 1606 1833 A
1619 1812 1641 1833 T
1655 1813 1667 1832 Ι
1680 1811 1699 1833 0
1710 1825 1720 1839 ‚
1747 1806 1813 1833 anis.
1850 1806 1871 1834 f.
1909 1807 2083 1834 Tertulliano
2101 1806 2241 1837 tribuitur,
2262 1813 2313 1830 non
2331 1801 2410 1836 νεὲἶρ,

1353 1850 1386 1869 ar
1401 1848 1476 1869 ttror.
1512 1855 1514 1859 ν
1715 1862 1725 1864 -
2255 1853 2257 1857 ·
2439 1862 2441 1864 .

1376 1882 1582 1909 'DiGRED10R‚
1601 1877 1665 1903 effus
1678 1876 1744 1908 sum,
1765 1877 1878 1912 digredi.
1906 1872 1976 1913 ‘Dep
2008 1876 2241 1912 [dnooowirrossmn
2249 1871 2410 1912 &292quou

1356 1912 1496 1946 Discedere.
1534 1911 1594 1937 Liu.
1609 1920 1636 1944 ι,
1656 1914 1690 1937 26
1717 1912 1872 1946 Priusquam
1888 1913 1950 1939 inde
1969 1913 2187 1948 digrederentur,
2202 1908 2311 1943 roganti
2323 1908 2411 1934 Meno

1711 1946 1770 1972 Cic.
1784 1946 1814 1972 de
1830 1947 1925 1973 Natur.
1939 1944 2020 1973 De'or.
2031 1947 2058 1978 '2,
2071 1946 2116 1978 103
2133 1954 2154 1972 c.
2167 1954 2204 1978 40
2224 1945 2300 1970 Luua
2310 1948 2411 1976 autem,

1356 1986 1402 2007 etc.
1431 1981 1527 2007 iisdem
1545 1981 1633 2015 spatiis
1649 1987 1775 2015 vagatur,
1804 1981 1901 2016 quibus
1918 1982 1960 2007 ⁴sol
1975 1992 1981 2008 :
2017 1981 2060 2008 sed
2079 1986 2136 2007 tum
2155 1979 2333 2014 congrediens.
2347 1987 2409 2006 eum

1357 2016 1425 2047 sole,
1446 2022 1502 2042 tum
1516 2016 1681 2051 digrediens,
1701 2022 1746 2042 em.
1856 2017 1878 2043 A
1894 2015 1988 2051 primo‘
1998 2017 2114 2044 carmine
2129 2016 2234 2050 digredi
2243 2014 2348 2042 eatuli.
2362 2015 2412 2041 Ar-
2441 2012 2445 2016 “

1373 2057 1417 2077 on.
1433 2056 1483 2079 116.
1556 2053 1611 2078 Cic.
1626 2053 1697 2078 Fam.
1713 2059 1749 2084 12,
1764 2056 1790 2081 18
1814 2052 1864 2078 Etsi
1879 2052 2158 2087 periniquo'patiebar
2170 2052 2279 2082 animo,
2291 2056 2318 2076 te
2336 2058 2408 2076 ame

1375 2087 1470 2121 igredi.
1508 2086 1801 2123 Co›9⁰.-Ser11.Sulp.Jub
1811 2087 1866 2113 Cic.
1875 2088 1948 2114 Fam.
1983 2107 1991 2120 ,
2006 2095 2043 2114 12.
2082 2087 2211 2113 Laudatur
2224 2096 2253 2113 ex
2268 2086 2329 2113 Liu.
2342 2094 2409 2118 29,z

1355 2122 1568 2157 Gumequitibus
1580 2122 1611 2148 ad
1619 2122 1696 2157 pedes
1709 2122 1847 2160 di'greffiis:
1866 2122 1914 2158 sed
1925 2097 1991 2149 rege

1356 2157 1433 2192 pedes
1443 2158 1571 2190 Liu.29,2.
1582 2159 1603 2184 A
1612 2159 1687 2184 causa
1696 2155 1837 2192 parumper
1845 2158 1950 2192 digredi
1958 2159 2015 2185 Cic.
2023 2158 2152 2185 de‘ClOr.
2162 2166 2244 2190 1,322.
2263 2157 2411 2184 1d.-de1nu.

1353 2201 1377 2224 ι,
1392 2199 1425 2227 97
1446 2193 1535 2219 Nobis
1550 2200 1637 2220 autem
1656 2202 1710 2219 non
1724 2195 1810 2227 placet
1828 2193 1893 2220 hanc
1913 2200 2014 2229 partem
2030 2194 2058 2220 in
2077 2202 2189 2220 nurnero
2205 2193 2318 2229 reponi,
2334 2191 2408 2227 quod

1356 2229 1396 2255 De
1413 2230 1485 2255 causa
1501 2229 1622 2263 digredi,
1642 2229 1690 2256 nisi
1711 2237 1757 2264 per
1771 2229 1860 2256 locum
1880 2238 2049 2256 communem
2062 2229 2190 2264 displicet.
2248 2237 2250 2240 ·
2297 2228 2410 2262 Qun&

1356 2273 1390 2298 ιι,
1404 2273 1426 2297 2,
1444 2265 1466 2291 li
1495 2264 1626 2299 Digressus
1639 2265 1669 2290 in
1683 2265 1771 2291 laudes
1785 2265 1900 2291 Castoris
1913 2271 1938 2292 et
1951 2266 2065 2293 Pollucis
2078 2266 2187 2291 exierat.
2258 2264 2332 2291 Idem
2345 2272 2374 2298 9,
2387 2272 2410 2296 2,

1357 2308 1375 2332 4
1397 2300 1506 2333 Digredi
1522 2309 1536 2326 a
1550 2310 1589 2330 re,
1606 2300 1695 2326 redire
1709 2300 1741 2326 ad
1756 2300 1929 2335 propositum.
1994 2301 2150 2328 Paullulum
2164 2298 2270 2334 digredi
2286 2300 2319 2333 de
2332 2300 2409 2327 cursu

1357 2335 1385 2360 in
1403 2336 1508 2369 reliqua
1528 2336 1649 2362 oratione
1670 2336 1727 2362 Cic.
1743 2336 1771 2362 in
1786 2337 1851 2362 Part.
1865 2345 1894 2370 14
1999 2336 2111 2371 Digredi
2130 2336 2158 2362 in
2170 2335 2239 2361 latus
2259 2335 2327 2362 Plin.
2340 2344 2371 2369 3,
2384 2343 2408 2368 ς.

1353 2369 1438 2396 Ouid.
1453 2371 1517 2396 Met.
1535 2379 1566 2402 9,
1580 2380 1618 2403 42
1648 2371 1820 2405 Digredimur
1839 2372 1973 2406 paullum,
1992 2374 2133 2407 rui-,susque
2156 2371 2189 2398 ad
2208 2370 2277 2398 bella
2295 2371 2410 2398 coimus.

1357 2406 1458 2431 Verum
1472 2406 1511 2432 vti
1526 2406 1698 2438 Lilybaeum,
1718 2406 1787 2432 vnde
1801 2407 1910 2441 digressa
1925 2408 1962 2434 est
1974 2408 2080 2440 oratio,
2099 2412 2248 2434 reuertatur
2260 2406 2317 2434 Cic.
2330 2406 2408 2434 Verr.

1605 2441 1677 2467 Idem
1691 2441 1724 2468 de
1737 2442 1829 2477 Arusp.
1846 2443 1921 2477 Resp.
1936 2452 1948 2475 3
1975 2443 2105 2470 Hesterno
2124 2443 2167 2470 die
2188 2441 2282 2469 dolore
2300 2442 2410 2469 me‘ela-

1358 2449 1381 2473 3,
1397 2443 1438 2473 163
1458 2449 1478 2466 c.
1490 2446 1531 2473 69.

1230 2477 1295 2503 Vio—
1319 2480 1433 2512 63tun1‚
1453 2484 1478 2503 et
1493 2477 1631 2503 iracundia
1649 2477 1756 2511 longius
1777 2487 1859 2512 prope
1879 2478 2020 2512 digressum
2041 2478 2258 2511 arbitrabantur,
2278 2486 2358 2513 quam
2371 2478 2410 2504 sa·
2438 2493 2441 2500 ·

1359 2512 1455 2547 pientis
1467 2512 1595 2549 ,hominis
1613 2513 1728 2546 cogitata
1747 2513 1816 2538 ratio
1837 2513 1994 2546 postulasset.
2099 2514 2157 2539 Cum
2172 2513 2340 2549 Accusaeiuo,
2351 2513 2409 2547 stne

1358 2549 1557 2582 Praeposznone:
1593 2547 1665 2573 Hirt.
1686 2546 1718 2574 de
1738 2548 1803 2581 Bell.
1822 2547 1880 2574 Afr.
1900 2555 1933 2582 37
1965 2548 2030 2574 Inde
2049 2547 2186 2582 paruulam
2208 2547 2409 2582 proeliuitatem

1359 2582 1505 2617 digressus,
1515 2582 1615 2608 sinistra
1629 2587 1702 2617 parte
1717 2583 1801 2617 campi
1815 2590 1924 2617 propter
1937 2592 2010 2610 mare
2022 2583 2140 2618 legiones
2154 2582 2254 2609 educit.

1397 2624 1417 2645 n
1430 2626 1439 2644 1
1449 2625 1469 2644 G
1480 2625 1499 2645 R
1508 2625 1524 2644 E
1533 2625 1551 2645 ι)
1562 2626 1570 2644 1
1580 2625 1596 2644 a
1604 2625 1626 2644 N
1637 2625 1650 2643 s
1659 2638 1667 2650 ‚
1688 2618 1764 2644 entis.
1801 2619 1868 2645 Part.
1906 2617 2169 2652 [ἀπαλλαττόμενος]
2207 2616 2282 2651 Virg.
2296 2617 2362 2644 Aen.
2381 2624 2406 2651 ³»

250 2662 321 2683 (ron.
336 2664 357 2681 c.
373 2661 403 2688 57
422 2654 514 2679 Homo
527 2651 686 2684 dignitosus,
707 2651 780 2676 cuius
796 2652 876 2684 pluris
890 2660 945 2680 erat
959 2656 1072 2690 vnguis,
1089 2664 1168 2690 quam
1182 2662 1211 2682 tu
1224 2661 1295 2683 totus
1311 2670 1347 2699 70
1361 2662 1414 2687 492.
1435 2655 1492 2680 Hos
1506 2662 1554 2688 ego
1568 2652 1721 2687 digrediens
1734 2652 1851 2680 lacrimis
1864 2653 1964 2679 affabar
1976 2653 2090 2679 obortis.

250 2700 287 2720 eg,
330 2690 387 2717 Viti.
401 2688 429 2715 dt’
444 2689 516 2715 huius
530 2692 601 2712 notae
613 2686 736 2712 vocabulis
749 2686 816 2711 Gell.
830 2695 858 2719 4,
870 2696 895 2718 9.

288 2734 324 2753 Dl
335 2732 355 2753 G
366 2733 387 2752 N
397 2732 433 2758 ο,
450 2728 500 2750 are.
522 2723 543 2756 ‚[
553 2720 638 2754 ἱξιόω]
675 2722 784 2756 Dignum
794 2729 894 2756 putare.
931 2723 1059 2749 Pacuuius
1073 2731 1112 2758 ap.
1121 2725 1193 2751 Non.
1208 2734 1231 2756 2,
1244 2733 1296 2759 227

253 2763 321 2796 Qus
342 2762 404 2788 deos
424 2760 556 2787 infernos,
580 2757 677 2791 quibus
697 2756 826 2783 caelesteis
846 2756 934 2791 diguet
953 2757 1077 2783 decorare
1098 2759 1192 2784 hostes.
1229 2760 1296 2785 Adel.

253 2799 326 2825 Non,
339 2805 365 2832 7,
382 2803 419 2830 ¹7·
491 2794 587 2820 Auson.
603 2792 680 2826 Epist.
700 2794 744 2824 16,
762 2800 791 2825 59
817 2791 845 2818 de
863 2792 954 2824 L1l1r0,
981 2793 1085 2826 Cuique
1105 2793 1200 2826 vigiles
1220 2794 1297 2819 lumi-

253 2842 315 2859 num
334 2840 427 2859 vacare
448 2828 593 2865 dignabunt
612 2829 698 2863 κόρους
724 2828 766 2854 vbi
785 2829 899 2854 Vinctum
919 2827 1048 2864 inspicitis.

254 2869 358 2895 lemnius
375 2865 405 2900 cst

291 2909 429 2934 monor,
450 2901 498 2927 ari.
518 2900 583 2934 Dep.
609 2898 764 2933 [αἰξιέομοιι]
793 2897 979 2934 significatione
997 2896 1100 2927 asima,-
1125 2898 1178 2924 h.e.
1188 2899 1298 2933 Dignum

250 2945 328 2976 fure,
340 2937 392 2970 >line
405 2937 493 2963 iudico.
549 2936 623 2968 Virg.
638 2936 703 2961 Aen.
727 2943 752 2966 1,
775 2941 816 2967 335
849 2935 924 2961 Tum
939 2935 1027 2960 Venus
1042 2944 1047 2959 z
1060 2955 1063 2957 .
1078 2933 1155 2959 Haud
1174 2934 1297 2968 equidem

255 2974 303 3001 tali
326 2983 367 2999 ine
385 2973 479 3007 dignor
497 2971 609 2998 honore.

257 3009 346 3036 Laude
366 3009 437 3034 Idem
451 3007 481 3034 de
495 3007 568 3033 Orat.
583 3014 596 3038 3
617 3014 638 3031 c.
652 3013 678 3040 7.

259 3053 361 3078 cunque
381 3044 463 3078 legas,
483 3043 562 3069 venia
581 3041 689 3076 dignare
710 3040 840 3067 libellum.
936 3041 994 3066 Cum
1020 3041 1149 3076 lvtfiizt'liuo
1164 3051 1171 3065 :
1205 3041 1297 3066 Horat.

258 3081 336 3114 Epist.
351 3088 461 3111 1,19,4o
480 3078 542 3105 Non
557 3086 606 3112 ego
619 3076 753 3104 nobilium
768 3077 927 3110 scriptorum
940 3075 1054 3107 auditor,
1070 3082 1094 3102 et
1108 3075 1179 3102 vltro
1207 3076 1298 3115 Graui-

914 3147 987 3181 Virg.
1004 3148 1068 3173 Aen.
1084 3109 1112 3179 Ξ,
1126 3120 1176 3180 57,-
1185 3110 1297 3172 PC‘gniit-

915 3183 1042 3217 Dignatus
1062 3181 1188 3216 fignificat
1207 3182 1300 3222 dignus
1317 3190 1344 3218 85
1362 3182 1437 3216 Virg.
1454 3183 1517 3207 Aen.
1532 3188 1554 3214 8,
1567 3188 1625 3216 482.

259 3116 364 3142 niaticas
384 3114 484 3140 ambire
508 3113 592 3139 tribus
619 3119 644 3139 et
662 3112 763 3147 pulpita
784 3112 888 3147 dignor.

259 3150 401 3184 [ἐξιὲιθαι]
438 3151 547 3184 Dignum
560 3148 658 3179 habco-i,
671 3148 725 3182 fine
740 3147 858 3174 iudicarI.

278 3186 304 3212 io
320 3185 430 3212 Anchisa
447 3184 557 3210 Veneris
575 3183 680 3218 dignate
705 3183 825 3218 superbo.

282 3220 364 3246 abitus
378 3221 451 3247 Non.
463 3229 491 3252 4,
504 3227 553 3251 123.

265 3255 311 3288 qui
325 3255 390 3289 apud
404 3265 452 3281 nos
468 3255 517 3281 hoc
530 3254 637 3280 nomine
655 3252 806 3288 dignantur.

264 3294 349 3316 tamen
365 3290 494 3317 consimili
506 3289 581 3316 laude
595 3289 744 3323 dignentur.

265 3359 325 3385 dam
345 3365 370 3385 et
389 3359 487 3386 honore
514 3360 664 3395 dignantur.

266 3395 338 3420 sacro
360 3393 477 3427 dignatus
496 3395 605 3423 honore.

266 3437 377 3462 rumque
393 3428 528 3456 deciorum
544 3431 671 3458 memoria
685 3431 839 3466 dignantur,
863 3435 881 3458 i.
896 3432 968 3468 digne*
979 3429 1148 3464 aestimantur·

306 3469 324 3488 D
334 3471 341 3488 1
352 3470 371 3488 G
381 3471 402 3489 Ν
411 3470 431 3489 Α
443 3471 462 3488 Ν
473 3472 485 3489 s
495 3484 503 3496 ‚
525 3468 599 3493 antis.
636 3468 702 3494 Part.

270 3506 295 3532 p.
309 3505 328 3529 4
350 3498 444 3523 Munus
459 3498 659 3531 dignantissimae
672 3502 790 3529 visionis.

766 3361 811 3387 Sil.
834 3370 872 3393 11,
908 3382 914 3387 .
953 3381 958 3386 .

308 3538 326 3558 D
336 3539 345 3557 1
356 3538 375 3557 G
387 3539 404 3556 Ν
415 3539 436 3558 Α
446 3541 465 3558 N
475 3540 495 3559 T
504 3540 520 3558 E
531 3541 547 3559 R
557 3554 562 3560 -
597 3537 661 3563 Adu.
680 3536 828 3573 posteri-aris
839 3541 910 3570 attii,
931 3537 992 3564 idem
999 3536 1058 3572 scre
1067 3556 1075 3568 ‚
1095 3536 1158 3571 quod
1177 3536 1304 3572 iizdulgcn-
1313 3561 1317 3564 ,
1325 3547 1358 3573 95
1748 3539 1777 3570 D

966 3572 1092 3605 Vopiscus
1107 3573 1133 3597 in
1148 3572 1238 3598 Tacit.
1253 3582 1273 3598 c.
1289 3577 1302 3602 8

752 3608 896 3641 Symmacli.
912 3615 934 3640 ς,
950 3610 980 3640 6,-
1001 3608 1145 3642 Dignanter
1160 3608 1303 3642 impertias.

268 3573 307 3592 ter
319 3586 326 3598 ,
347 3573 368 3591 ct
381 3575 432 3591 cum
445 3567 730 3606 quadamfigur'ficatione
745 3573 909 3609 dignationis.

269 3602 438 3635 Loquentem
451 3601 585 3635 dignanter
599 3605 692 3633 audite.

267 3635 360 3663 Sidon.
375 3645 403 3667 4,
416 3644 432 3670 7
453 3637 550 3663 intuitu
564 3638 644 3664 nostri
660 3641 794 3675 dignanter
813 3644 942 3670 admissus.

312 3677 375 3697 1)1(;
389 3678 408 3696 N
419 3678 439 3696 Α
449 3678 468 3696 Ν
479 3678 496 3696 υ
508 3678 524 3694 x·
537 3680 548 3697 s
558 3691 565 3703 ‚
592 3681 622 3704 a,
646 3682 697 3700 um.
734 3680 825 3705 Partic-

268 3741 389 3767 matione
403 3740 531 3774 dignanda
544 3741 660 3768 docebat.

310 3783 328 3806 D
340 3783 406 3801 101<
418 3783 437 3801 Λ
449 3783 469 3801 ἰ’
479 3783 487 3800 ι
497 3782 514 3801 o
524 3795 532 3807 ‚
553 3776 620 3801 onis.
654 3777 673 3802 s.
709 3779 756 3811 Fst,

265 3855 289 3871 m
297 3855 409 3880 orumquc
423 3844 576 3877 maustatcm.

698 2970 833 2998 Virtutem
853 2969 956 2996 honore
977 2970 1031 2995 Cic.
1054 2970 1086 2995 de
1101 2970 1158 2995 Inu.
1174 2979 1186 2994 2
1217 2978 1238 2994 c.
1260 2977 1299 3000 39.

713 3025 715 3028 .
750 3004 924 3032 Ouid.Trist.
937 3014 958 3036 3,
974 3014 1002 3038 ¹4
1022 3004 1152 3040 adfinem,
1174 3006 1297 3037 Qialein-
1317 3014 1349 3040 80
1362 3003 1435 3030 Idem
1449 3004 1559 3030 Tuscul.
1580 3013 1612 3035 z,

616 3219 779 3245 meoet-on.
794 3228 803 3246 1
824 3219 915 3245 Homo
930 3227 960 3244 ex
974 3227 1006 3244 eo
1022 3226 1136 3244 numero
1149 3217 1298 3249 hominum,

876 3253 913 3280 Id.
928 3254 959 3279 dc
971 3255 1045 3280 Orat.
1056 3262 1081 3285 ,3,
1096 3260 1125 3284 23
1146 3262 1167 3278 c.
1180 3261 1196 3287 7
1224 3254 1298 3286 Qiae

816 3291 847 3317 Et
861 3289 892 3316 de
908 3291 1008 3316 Inuent.
1023 3297 1047 3317 2,
1063 3291 1101 3315 161
1123 3296 1179 3320 c.‚·3
1205 3288 1299 3314 Obser-

263 3325 363 3357 vantia,
377 3325 413 3350 cst
427 3335 470 3359 per
484 3334 561 3360 quani
578 3325 698 3352 homines
710 3326 800 3360 aliqua
813 3325 941 3360 dignitate
954 3324 1136 3351 antecedentes
1146 3324 1216 3349 cultu
1231 3332 1298 3358 quo-

994 3360 1048 3393 Ipse
1068 3359 1146 3385 desim
1167 3359 1253 3391 cultu,
1278 3364 1302 3385 et
1319 3372 1354 3396 90
1365 3359 1516 3393 proposito,
1547 3358 1732 3395 [naei‘xss‘oem]
1768 3360 1825 3386 Cic.
1846 3360 1878 3386 de
1897 3361 1970 3386 Orat.
1992 3367 2021 3391 3,
2040 3367 2084 3390 203
2110 3368 2131 3385 c.
2153 3366 2193 3392 54.
2220 3360 2254 3386 al.
2289 3357 2403 3393 egreffio.

686 3395 753 3423 Gell.
771 3404 808 3428 19,
824 3405 845 3423 ιι
873 3395 1047 3423 Celebrantur
1063 3394 1184 3421 versiculi
1206 3394 1301 3421 multo<

742 3469 809 3493 Hinc
825 3468 920 3503 Superi.
952 3466 1064 3493 Saluian.
1084 3466 1117 3492 de
1138 3465 1207 3492 Gub.
1221 3465 1271 3492 Dei
1292 3474 1302 3492 1

868 3679 1015 3713 [α’ξιωτέος]
1059 3679 1113 3705 Cic.
1128 3678 1206 3704 Acad.
1224 3687 1251 3711 4,
1273 3681 1303 3710 36

269 3707 350 3738 Qlfflc
365 3711 452 3731 aufem
472 3706 610 3731 secundum
625 3714 740 3737 naturam
757 3714 846 3745 esseut,
865 3724 895 3741 ea
908 3715 1045 3745 sumenda,
1063 3719 1089 3740 et
1103 3713 1214 3748 quadani
1229 3714 1299 3740 aesti-
1312 3722 1435 3753 motare,
1457 3722 1533 3748 quam
1549 3713 1610 3743 scis,
1630 3714 1694 3746 quid
1709 3714 1765 3739 veri
1781 3714 1823 3739 siet
1836 3715 1844 3739 3

438 3814 440 3816 v
773 3782 836 3840 puori
849 3784 936 3810 Gracci
949 3784 1046 3818 α’ξίωμοι
1061 3784 1162 3816 dicunt,
1188 3786 1206 3810 i.
1220 3784 1303 3820 digni.

266 3817 313 3836 tas
327 3817 349 3836 ct
365 3810 609 3845 amplttnduproptcr
622 3811 772 3854 Ipnoi-crgg(
784 3825 820 3847 ος,
833 3824 875 3842 am
889 3823 1067 3854 „mg-istratum,
1088 3822 1126 3846 vel
1137 3826 1237 3854 Propter
1251 3822 1303 3845 oris

306 3884 310 3887 .
384 3884 386 3887 .
579 3882 583 3886 .
614 3847 624 3886 ,ι
641 3846 685 3871 'stl‘'
699 3857 725 3871 ⁷⁰
740 3849 902 3888 ,ἅξῑωματικᾶν
918 3858 1005 3880 Graeci
1017 3862 1121 3887 vocant,
1141 3855 1302 3881 venerandam

266 3889 323 3906 om
337 3879 498 3913 munst-uem,
515 3881 596 3915 qualts
607 3890 634 3906 m
647 3882 831 3920 Pompemfuit,
851 3895 924 3921 quam
938 3889 1032 3918 Cicero
1044 3891 1200 3926 dignitatem
1213 3900 1300 3919 vocare
1309 3904 1355 3931 ως
1365 3890 1452 3920 dicare
1470 3895 1530 3918 vtra
1542 3889 1692 3925 voluptate,
1708 3890 1789 3918 stante
1803 3901 1837 3919 an
1849 3897 1973 3920 mouente
1988 3890 2046 3918 Cic·
2058 3889 2091 3917 de
2103 3890 2162 3918 Flu·
2176 3898 2202 3923 2³
2214 3898 2248 3923 3¹·

1396 2697 1414 2716 D
1424 2697 1433 2715 i
1445 2696 1464 2715 G
1475 2697 1493 2715 R
1504 2697 1519 2715 E
1529 2697 1541 2716 s
1551 2697 1591 2716 sv
1602 2697 1614 2715 s
1625 2708 1634 2722 ,
1653 2697 1681 2721 a,
1702 2697 1757 2715 um.
1793 2689 1860 2714 Part.
1894 2687 2127 2724 [ἀπηλλαγμένος]
2165 2687 2192 2713 Si
2212 2685 2271 2722 quis
2290 2687 2348 2714 vita
2368 2685 2416 2714 di-'

1360 2724 1445 2759 greffis
1458 2725 1493 2751 est
1508 2724 1587 2751 dolor
1605 2724 1737 2751 Ammian.
1750 2732 1798 2756 30,
1816 2733 1834 2750 1.
1865 2726 1883 2749 i.
1901 2727 2014 2750 mortuis.

1360 2760 1495 2785 diuortium
1514 2769 1567 2785 cum
1582 2762 1674 2785 marito
1686 2759 1764 2793 fecit.
1822 2759 1927 2784 Sueton.
1943 2759 1971 2784 in
1985 2759 2057 2785 Caes.
2077 2768 2098 2785 c.
2112 2767 2144 2792 43
2167 2756 2284 2784 Diremit
2302 2756 2408 2790 nuptias

1360 2794 1489 2819 Praetorii
1504 2794 1573 2824 viri,
1600 2794 1647 2827 qui
1666 2793 1801 2826 digressam
1822 2801 1837 2818 a
1856 2793 1954 2820 marito
1974 2794 2031 2829 post
2045 2793 2156 2821 biduum
2174 2792 2261 2819 statim
2280 2790 2408 2824 duxerat,

1104 2829 1150 2855 Sca*
1165 2829 1239 2854 multo
1248 2828 1299 2863 sol·
1314 2834 1345 2861 73
1361 2828 1482 2861 quamuis
1497 2827 1549 2853 sine
1564 2828 1657 2861 probri
1673 2828 1827 2861 suspicione.

1398 2868 1416 2887 D
1428 2870 1435 2887 1
1445 2869 1464 2889 G
1475 2869 1494 2888 R
1505 2869 1520 2889 E
1530 2869 1542 2890 s
1553 2868 1565 2887 s
1575 2870 1595 2888 v
1605 2869 1632 2892 s,
1659 2860 1698 2888 1‘51s.
1734 2871 1770 2888 m.
1807 2862 1990 2900 [ἐπάλλαξις]
2023 2861 2155 2899 Difieffux.
2178 2878 2181 2881 -
2197 2863 2333 2898 Vtrumque
2351 2871 2407 2890 con-

1360 2899 1446 2923 iunxit
1465 2898 1521 2925 Cic.
1542 2898 1573 2923 de
1594 2897 1725 2925 Senectut.
1746 2902 1810 2924 extr.
1845 2900 1932 2932 Quem
1946 2908 1996 2933 ego
2009 2907 2099 2925 meum
2115 2898 2201 2924 casum
2214 2898 2322 2925 fortiter
2335 2898 2408 2926 ferre

1362 2933 1433 2959 visus
1448 2933 1519 2963 sum,
1538 2941 1593 2959 non
1612 2933 1683 2967 quod
1704 2941 1790 2968 aequo
1807 2935 1897 2960 animo
1912 2934 2010 2961 ferrem
2019 2955 2028 2967 ‚
2048 2934 2090 2960 sed
2108 2942 2149 2960 me
2164 2933 2218 2968 ipse
2235 2933 2406 2967 consolabar,

1363 2968 1513 2994 existimans
1536 2977 1590 2994 non
1613 2968 1789 3003 longinquum
1811 2969 1881 2996 inter
1906 2979 1953 2996 nos
1976 2970 2115 3005 digressum
2140 2975 2165 2995 et
2182 2969 2317 2996 discess'um
2337 2970 2407 2996 fore.

1650 3024 1656 3031 .
1692 3024 1699 3030 .
1736 3005 1766 3031 T
1767 3005 1930 3031 enuiffimum
1950 3006 2039 3032 lumen
2058 3005 2122 3032 facit
2141 3005 2278 3040 proximus
2291 3005 2408 3032 Accessum

1363 3038 1395 3065 ad
1409 3039 1500 3071 solem,
1521 3040 1645 3074 digressus
1663 3045 1750 3066 autem
1772 3040 1955 3075 longissimum.
2028 3042 2059 3067 Et
2080 3042 2117 3075 Q
2130 3041 2212 3067 Fratr.
2227 3049 2254 3072 1,
2267 3049 2280 3072 3
2302 3040 2406 3068 Deinde

1362 3076 1508 3109 congressus
1523 3076 1606 3101 nostri
1621 3075 1835 3102 lamentationem
1850 3077 1974 3110 pertimui
1989 3088 1995 3103 τ
2030 3076 2170 3111 digressum
2184 3084 2250 3102 vero
2262 3084 2316 3106 non
2332 3077 2407 3103 tulis-

1362 3111 1424 3137 sem.
1532 3111 1662 3145 Digrcss'us
1683 3122 1697 3137 a
1705 3111 1830 3146 proposito
1844 3112 1952 3146 Quinc‘t.
1968 3121 2005 3142 10,
2017 3121 2036 3143 1,
2050 3121 2094 3145 49.
2165 3111 2238 3139 Idem
2250 3120 2279 3144 4,
2293 3119 2316 3143 3,
2328 3120 2358 3144 14
2378 3112 2406 3139 Si

1362 3146 1464 3180 aliquid
1480 3146 1507 3171 in
1522 3147 1633 3181 digressu
1646 3146 1675 3173 sit
1689 3147 1880 3181 exponendum.
1941 3148 2061 3174 Fundere
2073 3146 2144 3173 dieta
2158 3146 2269 3180 digressu
2282 3147 2408 3180 supremo

1505 3218 1508 3222 .
1734 3183 1789 3209 Cic.
1802 3184 1855 3210 Att.
1870 3192 1891 3215 2,
1905 3191 1918 3216 5
1939 3184 1974 3210 Vt
1992 3183 2108 3218 primum
2129 3191 2144 3208 a
2163 3188 2211 3208 tuo
2226 3180 2338 3216 digressu
2351 3183 2405 3210 Ro-

1362 3226 1430 3243 mam
1450 3226 1520 3243 veni.

1403 3259 1418 3278 Γ
1431 3262 1437 3278 ι
1450 3260 1468 3278 (1
1480 3260 1497 3279 R
1508 3260 1524 3279 Ε
1534 3259 1546 3278 S
1556 3260 1567 3279 S
1579 3260 1586 3278 l
1599 3259 1618 3279 O
1628 3273 1635 3285 ‚
1665 3253 1733 3280 onis.
1770 3254 1790 3280 f.
1826 3253 2008 3288 [ἐπάλλαξις]
2050 3253 2096 3279 Cui
2113 3255 2266 3279 contrarium
2284 3250 2317 3286 est
2335 3253 2406 3280 Cou-

1364 3288 1462 3321 grcssio.
1501 3289 1555 3314 Cic.
1565 3289 1738 3321 QFratr.1‚3
1760 3289 1848 3315 Minus
1859 3289 1994 3320 acerbum,
2009 3288 2095 3314 minus
2109 3287 2234 3315 miserum
2244 3288 2308 3321 fuit,
2327 3298 2406 3322 quam

1364 3324 1450 3349 fuisti-t
1469 3330 1524 3351 tum
1550 3324 1708 3358 congreffio,
1738 3330 1793 3351 tuin
1820 3334 1884 3351 vero
1902 3323 2021 3358 digressio
2039 3323 2135 3350 nostra.
2242 3324 2277 3351 Di
2310 3323 2369 3350 essio
2389 3332 2405 3351 a

1365 3395 1385 3419 A
1402 3396 1530 3427 propolim
1544 3395 1666 3421 oratione
1686 3395 1805 3429 digrcssio
1825 3396 1896 3422 Idem
1911 3395 1942 3421 de
1957 3394 2026 3421 Clar.
2041 3394 2114 3421 Orat.
2130 3403 2175 3427 29¹
2201 3403 2222 3421 c.
2239 3400 2275 3428 85.
2328 3395 2331 3398 ’
2361 3393 2404 3421 Ab

1365 3437 1394 3457 re
1408 3439 1462 3455 nou
1475 3430 1551 3463 longa
1567 3430 1699 3464 digressio,
1719 3436 1775 3456 tum
1790 3431 1890 3457 reditus
1907 3430 1939 3456 ad
1951 3438 2007 3456 rem
2021 3430 2077 3456 Cic.
2092 3429 2123 3456 de
2138 3431 2239 3462 Orat23
2261 3435 2332 3461 c.¹53.

1403 3472 1421 3492 D
1432 3473 1441 3491 1
1451 3470 1470 3491 G
1482 3471 1501 3490 R
1510 3472 1530 3491 v
1539 3472 1559 3491 Ν
1571 3473 1591 3491 Ν
1603 3474 1612 3492 1
1623 3474 1641 3492 o
1648 3486 1657 3499 ,
1683 3470 1730 3493 ire.
1769 3467 1861 3494 Scurra
1873 3465 2012 3501 digrunnit
2029 3466 2104 3500 prior
2117 3464 2227 3493 Phaedr.
2240 3471 2264 3498 ς,
2277 3466 2303 3497 6,
2315 3471 2360 3500 27.

1882 3540 1895 3570 1
1996 3539 2011 3570 Ι

1402 3611 1572 3639 υιιονις,
1603 3607 1698 3642 Iupiter
1709 3608 1844 3643 appellatus
1856 3605 1898 3640 ql).
1938 3608 2228 3639 Vid.D1Esr1⁴rssu.

1403 3650 1489 3670 ni1v
1500 3649 1517 3668 D
1529 3641 1540 3668 ἴ
1549 3648 1610 3673 CO,
1637 3647 1687 3668 are.
1724 3642 1887 3677 [διαδικάζει]
1923 3644 2054 3676 Iudicare,
2073 3643 2163 3671 iudicio
2171 3642 2218 3677 suo
2237 3642 2305 3669 litem
2323 3641 2404 3676 ᾱιᾙόὃο

1367 3687 1438 3710 vere,
1461 3679 1500 3704 vel
1516 3677 1638 3703 dirimere.
1693 3678 1762 3704 Ter.
1777 3680 1870 3704 Heaut.
1886 3687 1912 3711 2,
1934 3687 1956 3711 2,
1977 3684 1989 3709 8
2015 3679 2114 3714 Pergin'
2128 3677 2192 3703 istuc
2212 3678 2285 3712 prius
2305 3677 2404 3704 diiudi-

1922 3715 2066 3741 cic.'rusc.
2080 3723 2099 3745 1,
2110 3721 2135 3743 23
2158 3722 2179 3738 c.
2196 3721 2218 3739 11
2241 3715 2337 3740 Vtrum
2353 3714 2404 3747 igi-

1367 3755 1411 3775 tur
1428 3755 1496 3774 mter
1510 3749 1553 3774 has
1568 3748 1706 3774 sententias
1722 3748 1868 3775 diiudicare
1880 3750 2018 3782 malumus,
2031 3758 2063 3775 an
2077 3748 2108 3775 ad
2122 3748 2285 3782 propositum
2298 3747 2407 3775 redire?

1367 3784 1440 3811 Idem
1457 3783 1508 3810 Off.
1530 3793 1541 3814 3
1565 3793 1586 3808 c.
1600 3792 1618 3816 4
1652 3783 1741 3817 Itaque
1761 3791 1788 3810 vt
1808 3785 1859 3810 sine
1879 3785 1934 3812 vllo
1953 3793 2044 3812 errore
2064 3783 2209 3810 diiudicare
2229 3783 2364 3818 pellimus,
2384 3783 2402 3810 fi

1367 3818 1472 3854 quando
1487 3827 1545 3844 cum
1561 3818 1625 3849 illo,
1643 3819 1714 3851 quod
1729 3818 1863 3846 honestum
1880 3821 2063 3855 intelligimus,
2086 3828 2198 3852 pugnare
2217 3819 2244 3845 id
2257 3819 2405 3851 videbitur,

1367 3853 1439 3889 quod
1452 3854 1608 3888 appellamus
1627 3854 1708 3887 vtile,
1729 3855 1844 3882 soi-mula
1863 3856 1991 3891 quaedam
2010 3854 2188 3880 constituenda
2200 3854 2244 3880 est.
2326 3855 2403 3880 Diiu-

2326 3889 2402 3916 Diiu-

2315 3924 2403 3951 dicare

2001 2122 2221 2157 Gromdegreffus.
2240 2143 2244 2146 .
2258 2120 2410 2157 Digrediad
2442 2144 2453 2152 fl
2468 2132 2471 2135 ’

2081 2723 2198 2757 Digressa
2216 2723 2324 2752 dicitur,
2345 2730 2407 2756 quae
2444 2723 2458 2759 ἦ·
