2479 4225
34 261 95 298 533
399 244 434 284 E
525 244 561 286 X
648 244 676 285 P

3 331 16 347 '
36 335 116 363 Plane.
130 335 157 367 58
175 341 198 359 c.
213 342 245 367 :4
283 333 371 359 Venio
386 333 419 359 ad
433 334 462 360 L.
477 332 587 359 Cassium
607 348 652 353 —
670 332 744 360 cuius
755 339 786 358 ex
805 331 926 357 oratione
938 339 971 356 ne
984 329 1061 356 illum

14 378 16 404 i
31 369 138 405 ‘quidem
151 369 302 407 quentium
318 369 482 403 expostulaui
496 375 542 395 etc.
562 372 580 395 i.
595 367 727 405 postulaui,
741 375 770 394 vt
783 366 888 398 doceret,
901 369 956 401 quir
969 366 1007 392 illc
1022 368 1063 392 lu-

35 404 138 432 vencius
151 402 224 436 estet?
293 405 359 431 Plin.
369 413 393 437 9,
409 413 435 437 35
455 404 623 438 Magnificam
635 404 698 430 alias
710 411 828 433 coenam,
842 411 874 427 ne
888 402 943 427 dies
957 401 1064 435 periret,

37 439 270 502 sedstqpotidianam
289 440 408 467 Antonio
425 440 545 474 apposuit
565 439 703 471 irridenti,
724 438 1002 471 computationemque
1022 446 1065 462 ex-

55 485 70 502 o
93 480 181 501 uanti.

0 530 1 536 .
37 486 183 545 gonqueri,
206 511 251 536 seu
271 511 414 544 Qierelani
433 511 502 545 apud
523 510 680 544 eumipsum
694 508 834 542 deponere,
848 508 895 542 qui
913 508 976 534 fecit
995 508 1064 534 iniu-

34 547 114 576 riam,
127 547 210 581 inquit
222 546 340 573 Donatus
355 547 388 572 ad
399 546 468 573 Ter.
481 547 562 573 Andr.
575 555 602 579 4,
616 554 635 577 ι,
650 552 683 576 ις.
704 552 770 578 quem
784 545 860 570 locum
876 552 931 568 mox
945 542 1064 570 dabimus.

3 592 8 597 “
35 582 105 610 Idem
119 580 192 607 Adel.
205 590 234 614 4,
248 590 269 614 3,
282 591 300 614 4
322 581 378 608 Nisi
393 581 410 608 si
425 591 466 608 nie
478 582 507 608 in
521 581 568 607 illo
581 578 715 606 credidisti
729 579 776 604 esse
791 578 930 605 hominum
943 587 1065 611 numero,

35 617 81 652 q'ui
99 616 136 642 ita
155 622 256 651 putant,
275 616 332 643 Sibi
353 617 412 644 fieri
430 618 571 646 iniuriam3
590 615 660 642 vltro
678 613 696 640 fi
711 622 788 648 quam
802 614 888 640 fecere
909 614 971 648 ipsi,
987 623 1066 648 expo-

0 674 5 681 ,
35 652 140 682 stultiut,
160 658 184 678 et
207 652 277 679 vltro
297 654 421 679 accusant.

0 687 9 718 J
35 688 93 714 noli
105 688 206 720 vereri,
226 696 259 714 ne
274 690 438 723 expostulent
453 693 478 715 et
492 691 635 722 querantur
655 686 680 711 se
693 693 706 710 a
721 685 795 711 beata
815 685 869 711 vita
890 685 938 710 ess'e
951 685 1065 715 reficias,

6 752 7 756 Ἰ
28 723 107 755 ,Idem
125 724 198 750 Verr.
211 731 233 756 3,
247 731 300 758 207
316 733 337 750 c.
351 730 382 757 89
394 732 436 759 pr.
475 723 629 755 Qieruntur
646 729 737 746 omnes
756 720 836 746 liberi
853 720 961 754 populi,
987 730 1066 754 regna

39 758 148 794 denique
168 759 221 785 iam
241 760 332 786 omnia
351 761 382 785 de
406 758 498 785 nostris
518 756 706 791 cupiditatibus
725 762 751 782 et
773 756 879 782 iniuriis
897 755 1067 790 expostulant.

29 793 190 856 ⁹}’lauz5'bMiL
203 803 226 830 3,
242 803 261 826 1,
276 804 321 821 102
355 795 430 821 Tum
451 792 577 819 obstetrix
598 792 774 828 expostulauit
786 799 890 817 mecum
902 800 994 826 parum
1007 794 1067 819 mis-

47 839 89 856 iiiu
111 838 119 854 i
140 837 159 855 i.

0 889 3 895 ,
31 870 61 892 -et
74 873 133 891 cum
154 873 187 891 eo
205 865 331 893 iniuriam
347 865 412 891 hane
431 863 610 899 expostulem?
681 863 720 889 De
742 863 831 897 aliqua
852 871 880 889 re
898 871 957 888 cum
976 863 1068 898 aliquo

0 909 6 927 .·.
34 900 89 927 Cic.
103 900 173 926 Fani.
187 909 210 934 3,
226 910 262 927 ιο.
318 899 470 927 Iracundius
485 905 510 926 et
522 898 703 926 vehementius
717 898 789 924 Idem
803 906 851 933 pro
865 898 934 924 Sulla
947 908 984 932 44
997 908 1018 924 c.
1035 909 1066 932 ις.

31 936 187 969 Minacitci·,
207 936 260 963 vid.
277 934 333 971 pas?
351 940 533 962 MINACIAE.
606 935 666 970 le.
687 935 716 960 in
735 935 753 960 Ι.
773 943 783 960 ι
806 932 830 970 9
844 934 915 968 quod
933 941 1019 960 autem
1034 937 1065 962 D.

0 971 2 975 ’
27 971 66 998 'de
79 970 169 998 officio
183 972 308 1007 praefee‘ti
322 970 397 1001 vrbi,
415 971 534 1006 deseritis
544 977 632 997 contra
645 970 754 996 dominos
766 970 880 1005 loquens,
898 969 947 995 Sed
962 970 979 996 ii
994 980 1066 998 vere-

33 1042 160 1078 primant:
187 1043 204 1068 fi
223 1040 427 1073 obscenitatem,
445 1042 473 1068 in
493 1050 544 1076 qua
563 1050 607 1068 eos
628 1040 803 1075 compulerint
823 1040 865 1066 vel
895 1042 1067 1076 compellant:

5 1087 9 1119 ‘J
32 1077 100 1113 apud
120 1077 282 1117 praesee‘tum
299 1076 360 1103 vrbi
374 1083 514 1112 exponant.
583 1078 669 1103 Locus
687 1075 868 1110 expostulandi
884 1076 939 1102 Cic.
954 1079 1024 1103 Fam.
1040 1088 1066 1112 2,

0 1137 5 1140 .
30 1113 213 1176 {gila-efflant.
225 1113 292 1141 Ann.
311 1120 345 1145 13,
358 1120 390 1148 37
429 1112 553 1140 Mittebat
570 1113 712 1144 Oratores,
728 1111 774 1146 qui
790 1112 838 1138 suo
853 1113 963 1139 nomine
987 1123 1067 1150 expo-

0 1204 6 1251 i·
25 1218 162 1247 -Othonem
176 1218 375 1254 expostulantes.
394 1226 405 1237 0

69 1261 84 1280 Ε
93 1262 111 1295 x
119 1261 134 1281 i>
142 1261 160 1281 ο
169 1261 181 1280 s
190 1260 241 1294 ‘ry
253 1261 268 1279 L
278 1261 298 1294 a
307 1260 327 1279 T
337 1261 357 1280 v
366 1260 379 1280 s
389 1274 397 1287 ,
415 1263 430 1280 a
438 1274 447 1287 ,
465 1263 519 1281 um.
555 1253 649 1280 Partic.
684 1253 852 1289 Expostulata
864 1253 896 1279 ad
910 1255 1067 1290 supplicium

34 1289 126 1318 Galuia
154 1289 244 1316 Tacit.
262 1289 331 1316 Hist.
351 1298 370 1321 1,
389 1297 430 1324 73.
520 1289 614 1316 Causas
633 1289 810 1325 expostulatus
841 1290 960 1316 Tertuli.
974 1290 1005 1318 de
1018 1294 1068 1319 Co-

35 1334 93 1354 ron.
111 1334 132 1352 c.
152 1334 171 1352 ι.

36 1396 72 1424 est
84 1396 151 1432 apud
168 1395 240 1422 illuni
252 1396 354 1431 ipsum,
373 1396 421 1431 qui
434 1402 589 1431 peccauerit.
626 1395 769 1422 Postulatio
789 1396 820 1422 de
835 1396 883 1423 illo
895 1397 963 1432 apud
984 1398 1067 1425 alium

35 1433 128 1459 Donat.
141 1431 174 1458 ad
184 1432 249 1458 Ter.
262 1433 326 1458 Hec.
340 1441 358 1464 1,
374 1441 397 1465 2,
410 1440 461 1460 102.
531 1431 587 1458 Cic.
603 1433 640 1465 Q
651 1433 719 1458 Frat.
737 1440 756 1464 1,
770 1440 786 1458 2.
807 1432 925 1459 Fuerunt
942 1434 1067 1460 nonnulli

32 1467 115 1495 aculei
135 1467 163 1494 in
176 1467 204 1493 C.
218 1467 367 1499 Caesarem,
384 1466 560 1494 contumeliae
578 1468 607 1493 in
626 1467 759 1499 Gellium,
775 1467 995 1502 expostulationes
1009 1477 1068 1496 cum

3 1524 5 1530 ,
30 1501 136 1531 absente
149 1503 283 1537 Pompeio.
353 1504 478 1538 Aequitas
490 1502 709 1538 expostulationis
726 1502 783 1529 Cic.
799 1504 869 1529 Fam.
885 1512 907 1535 3,
921 1511 946 1538 7.
990 1503 992 1509 ‘
1019 1507 1068 1532 Bo-

29 1579 147 1608 poteram
173 1574 245 1600 Idem
259 1583 308 1608 pro
322 1575 409 1600 Domo
424 1574 467 1599 sua
483 1576 520 1599 16.
591 1574 686 1600 Facere
704 1573 942 1607 expostulationem
960 1575 999 1602 Id.
1020 1585 1069 1611 pro

29 1609 132 1636 Cluent.
147 1612 197 1635 161.
269 1610 386 1636 Inserere
405 1608 624 1643 expostulationes
639 1610 711 1640 suas,
730 1608 784 1635 vid.
807 1616 933 1636 INSERO.

0 1666 10 1686 A·
63 1651 79 1671 E
89 1653 107 1671 x
116 1652 131 1671 i>
139 1651 158 1670 Ο
167 1651 179 1670 S
189 1651 210 1671 T
220 1651 240 1670 V
250 1651 266 1670 L
275 1652 297 1671 A
305 1652 327 1671 T
337 1652 358 1671 v
366 1650 379 1670 s
387 1663 396 1676 ,
416 1642 455 1670 iis.
475 1653 511 1670 m.
547 1643 759 1678 Expostulatibus
773 1644 882 1671 modum
894 1645 982 1672 facere
997 1646 1069 1679 Sym-

2 1697 5 1699 *
29 1679 114 1707 inach.
127 1680 204 1713 Epist.
219 1689 244 1712 9,
258 1688 290 1712 ¹3·

66 1717 268 1746 ΕΧΡόΤνε,
287 1723 317 1746 a,
337 1724 391 1741 um.

14 1758 56 1788 iz,
71 1757 124 1784 4,ς
156 1749 229 1783 Quid
247 1750 348 1777 facium
366 1750 402 1777 est
418 1751 468 1777 eo?
487 1757 511 1777 s.
532 1750 680 1782 comesum,
707 1756 847 1784 expotum‚
868 1757 990 1784 exutum,
1016 1752 1070 1777 elo.

27 1790 85 1811 tuni
100 1794 127 1811 in
145 1785 264 1811 baiineis.
766 1795 769 1797 ·

64 1827 287 1847 exrnarrrc
299 1826 388 1851 Tvs,
409 1820 428 1846 i.
453 1828 488 1845 m.
507 1825 530 1844 et
557 1825 603 1844 i-:x
626 1823 781 1843 PRAEFE
793 1823 882 1843 cro.
918 1817 1009 1843 Sidon.
1023 1819 1069 1852 Ep.

30 1863 52 1886 1,
68 1863 99 1880 ιι.
124 1854 280 1887 ‘Pupienum
295 1862 325 1878 ex
339 1853 474 1886 praefecto
488 1852 549 1878 vrbi
564 1852 752 1884 imperatorem
766 1852 866 1877 creauit
880 1852 1025 1885 Capitolin.
1040 1854 1070 1878 in

377 473 397 511 ἥ
426 485 441 502 2
475 475 599 511 Accusare
619 473 668 507 est,
687 473 835 506 [ἔγκαλεῖῃ
857 469 1064 510 δῖκαιολςγεῖιθαι]
1091 479 1104 505 ς

491 652 547 678 Cic.
568 650 650 677 Tusc.
665 656 687 681 ς,
701 658 730 681 ¹4
749 659 770 675 c.
786 657 798 681 ς
839 650 957 675 Virtutes
976 657 1064 676 autem
1083 657 1112 676 10

229 830 298 857 Ter.
313 830 391 857 Andr.
403 838 430 861 4,
445 837 464 860 1,
479 835 503 861 ις
540 827 588 854 Sed
607 827 671 862 quid
690 829 780 862 agam?
799 826 923 853 adeamne
943 827 974 853 ad
994 836 1065 860 eum,
1086 836 1111 862 ις

33 1007 117 1033 eunde
129 1007 304 1042 expostulent:
323 1005 341 1032 li
360 1006 512 1038 saeuitiam,
527 1006 544 1031 si
559 1006 703 1037 duritiam,
717 1004 734 1031 si
750 1005 858 1036 famem,
873 1014 924 1039 qua
938 1014 983 1031 eos
998 1015 1066 1033 com-
1081 1017 1116 1035 20

66 1189 83 1210 Β
91 1191 110 1210 x
118 1190 133 1210 r
141 1190 160 1211 ο
169 1190 181 1209 s
189 1189 210 1208 'r
219 1190 240 1209 v
248 1189 265 1208 1.
274 1189 297 1210 A
305 1190 327 1209 N
335 1189 347 1209 s
356 1202 365 1215 ,
383 1182 459 1209 antis.
490 1183 583 1210 Partic.
618 1182 710 1210 Tacit.
724 1181 792 1210 Hist.
808 1191 827 1214 1,
840 1187 869 1212 82
894 1183 1002 1210 Ostendi
1019 1184 1068 1212 sibi
1084 1194 1113 1222 ης

75 1367 92 1388 ιε
101 1369 120 1389 x
130 1368 144 1388 ι»
155 1366 174 1387 ο
182 1367 194 1387 s
203 1367 224 1388 ‘r
232 1367 253 1388 v
262 1367 278 1387 L
286 1367 355 1388 A'ri
366 1367 384 1387 o
395 1380 403 1393 ,
422 1359 491 1387 onis.
518 1360 538 1386 f.
561 1359 730 1400 [ἔγκλημκ]
766 1360 877 1396 Proprie
891 1362 1067 1397 expostulatio
1086 1376 1117 1399 30

29 1546 125 1564 norum
140 1538 349 1573 expostulatione
361 1538 513 1572 flagitabar,
536 1537 725 1573 improborum
744 1539 861 1565 conuitia
876 1539 1001 1567 sustinere
1015 1550 1069 1567 non
1085 1548 1112 1574 35

426 1715 564 1748 [ἴκπωτος]
601 1713 668 1740 Idem
682 1714 747 1750 quod
758 1715 856 1750 Epotus.
893 1715 975 1742 Plaut.
987 1717 1114 1749 Trin.4o

1508 235 1665 305 EX
1755 233 1783 275 P
2098 246 2168 283 534

1126 331 1183 358 Cic.
1198 339 1246 366 pro
1258 330 1334 358 Rosc.
1352 328 1440 356 Amet.
1453 336 1489 363 47
1503 337 1524 355 c.
1539 329 1568 354 16
1595 325 1698 354 Etenim
1719 323 1782 351 hacc
1798 322 1907 349 confina
1921 323 2038 350 arbitror
2050 331 2065 349 a
2079 322 2167 349 Poetis

1130 368 1192 398 ess'c,
1211 374 1239 393 vt
1251 365 1350 392 efficies
1369 366 1469 391 nostros
1483 373 1568 390 mores
1586 364 1615 389 in
1628 360 1722 388 alienis
1738 358 1871 394 personis,
1892 360 2082 393 exprcss‘amque
2102 359 2167 384 ima.

1130 403 1218 437 gincm
1236 403 1349 429 nostram
1367 400 1437 426 vitae
1456 399 1625 433 quotidianae
1645 396 1804 423 videremus.
1891 393 1981 426 Imago
1996 394 2106 419 alicuius
2121 402 2162 419 ex-

1131 439 1210 472 press'a
1229 438 1257 464 in
1277 446 1334 463 cera
1353 445 1385 462 ex
1399 436 1495 461 annulo
1515 435 1595 460 Plaut.
1610 432 1699 460 Pseud.
1715 440 1735 463 1,
1748 439 1766 462 t,
1780 438 1822 463 54.
1869 463 1874 469 .
1912 429 2036 454 luccss'um
2053 430 2167 455 alicuius

1131 474 1294 507 exprimere,
1314 476 1331 498 i.
1354 473 1454 498 Imitari
1470 470 1551 496 Ouid.
1575 471 1640 496 Met.
1663 477 1695 500 ιι,
1716 469 1774 499 636.
1843 464 1900 490 Cic.
1922 472 1970 497 pro
1992 463 2103 489 Caecina
2129 473 2165 496 49

1132 510 1171 534 An
1185 515 1224 540 tu,
1237 509 1284 543 qui
1305 514 1357 534 tam
1379 506 1535 540 diligenter,
1554 511 1579 531 ct
1598 510 1652 531 tam
1670 501 1765 530 callide
1783 499 1872 527 verbis
1890 498 2092 537 controuersias,
2112 507 2166 525 non

1131 545 1261 578 acquitate
1275 543 1419 572 dijudicas,
1438 546 1463 567 et
1477 541 1535 566 iura
1556 548 1609 565 non
1627 539 1740 565 vtilitate
1753 535 1904 567 communi,
1919 533 1962 560 sed
1981 533 2066 559 literis
2081 535 2165 567 expri-

1130 580 1194 606 mis:
1214 581 1349 614 poterisne
1370 577 1456 603 dicere
1475 575 1606 602 deit-&um
1625 576 1671 600 effe
1685 582 1756 605 cuin,
1769 572 1817 606 qui
1831 569 1913 597 tacius
1927 578 1981 595 non
1995 569 2064 595 erit?
2120 570 2165 595 Le-

1131 624 1189 649 gem
1225 629 1271 634 ·—
1306 623 1337 640 ex
1350 619 1441 639 natura
1455 612 1509 645 ipsa
1525 610 1700 644 animumne,
1715 607 1858 637 hausimus,
1870 604 2033 640 expressimus
2048 605 2103 630 Cic.
2118 613 2168 638 pro

1132 650 1228 677 Milon.
1241 658 1269 676 10
1282 659 1302 675 e.
1317 658 1344 682 4.
1364 651 1401 674 ita
1420 654 1448 673 ut
1465 649 1504 673 lex
1517 645 1555 680 fit·
1575 645 1650 680 ipfius
1670 650 1772 670 naturae
1790 642 1856 678 quasi
1875 645 1956 677 imago
1971 639 2103 676 quaedam,
2124 646 2167 665 aut

1130 696 1189 718 vox,
1205 695 1263 720 quac
1278 684 1345 711 illam
1365 683 1479 710 declaret.
1552 682 1651 707 Literas
1667 679 1782 714 putidius
1796 677 1926 716 exprimi,
1938 683 1964 703 et
1975 675 2111 705 obscurari
2124 683 2169 714 ne—

1131 721 1270 756 gligeutius
1283 729 1337 746 uon
1357 719 1413 745 vult
1430 718 1487 744 Cic.
1501 717 1533 743 de
1547 718 1620 743 Orat.
1636 725 1656 748 3,
1670 721 1708 747 38.
1764 716 1793 740 Et
1808 713 1839 739 de
1852 712 1927 739 Offlc.
1943 721 1962 744 1,
1977 720 2015 743 133
2031 720 2052 737 c.
2065 718 2096 745 37
2123 711 2169 736 Li-

1131 765 1201 784 terae
1208 764 1294 790 neque
1309 754 1545 790 expressae,neque
1557 754 1703 787 oppressae,
1714 759 1746 776 ne
1760 754 1805 776 aut
1817 747 1958 775 obscurum
1971 748 2030 786 effet
2043 746 2168 781 autpiiti-

1132 793 1203 818 dum.
1244 790 1302 818 Vid.
1321 789 1458 824 Appellare
1479 789 1581 820 literas,
1601 791 1628 813 in
1649 791 1798 813 APPELLO.
1871 785 1959 809 Mores
1980 782 2092 809 alicuius
2110 790 2169 808 ora-

1131 829 1204 854 tione
1218 827 1272 853 Cic.
1285 826 1316 852 de
1329 826 1402 852 Orat.
1418 833 1443 856 2,
1458 829 1502 858 184
1516 833 1537 850 c.
1552 832 1593 856 43.
1665 821 1783 857 Expressa
1796 820 1825 846 in
1839 818 1917 845 huius
1932 818 2053 844 Moribus
2065 823 2170 849 natura,

1130 864 1254 898 vitaque,
1274 862 1383 896 persona
1405 860 1450 886 illa
1473 860 1615 889 lutulenta,
1629 858 1712 884 inuisa
1723 877 1731 888 ‚
1745 863 1790 882 etc.
1809 855 1866 881 Cic.
1886 863 1933 889 pro
1947 855 2021 880 Rosc.
2037 853 2112 880 Com.
2127 862 2171 879 20.

1131 900 1260 925 Oratione
1280 897 1427 931 exprimere
1447 895 1549 929 aliquid
1575 894 1648 921 Idem
1661 893 1693 919 de
1706 893 1779 918 Orat.
1795 899 1807 916 2
1824 899 1845 915 c.
1861 898 1892 924 43
1963 890 2121 915 Orationem
2138 888 2172 914 de

1130 935 1223 969 aliquo
1246 933 1282 960 Id.
1304 941 1352 967 pro
1371 931 1461 957 Rabir.
1481 939 1506 965 7.
1544 930 1590 957 Sed
1603 929 1676 965 forte
1697 929 1781 953 melior
1803 927 1882 952 attera
1901 923 1988 954 Ιεέῖίο,
2005 932 2169 958 expromere.

1130 970 1186 996 Cic.
1201 971 1253 996 Att.
1267 977 1293 1001 9,
1310 973 1335 997 ιε
1367 968 1415 993 Sed
1436 966 1487 992 tibi
1503 974 1610 992 omnem
1629 964 1701 990 illius
1720 969 1862 995 meumque
1881 961 2028 986 sermonem
2043 959 2171 986 omnibus

1130 1005 1219 1031 verbis
1232 1004 1374 1038 expressum
1389 1003 1473 1028 statim
1493 1003 1605 1027 mittam.
1627 1003 1645 1025 i.
1670 995 1762 1025 Exafle
1774 996 1807 1021 ad
1820 995 1918 1021 verbum
1931 997 2042 1021 relatum.
2102 995 2170 1021 Plin.

1131 1049 1171 1075 71,
1190 1049 1221 1075 37
1251 1038 1368 1066 Caeteris
1388 1039 1499 1072 septimo
1518 1037 1603 1063 ferme
1621 1042 1691 1061 anno
1711 1033 1857 1059 sermonem
1877 1030 2058 1063 exprimit‚de
2077 1031 2170 1066 lingua.

1130 1076 1202 1103 Idem
1217 1084 1251 1108 [3,
1266 1084 1301 1107 24
1327 1074 1500 1108 Breuiterque
1520 1072 1538 1098 fi
1558 1071 1615 1106 quis
1635 1069 1785 1103 exprimere
1805 1065 2003 1092 similitudinem
2021 1066 2103 1097 velit,
2127 1075 2171 1092 an.

1130 1111 1254 1146 gustioris
1268 1110 1368 1136 trifolii
1381 1110 1477 1135 frutex.
1550 1105 1757 1133 similitudinem
1771 1101 1919 1135 exprimere
1934 1109 1964 1126 ex
1983 1101 2109 1126 membris
2125 1101 2173 1127 ali-

1131 1148 1205 1174 cuius
1218 1147 1312 1172 dicitur
1328 1144 1414 1179 pieior
1429 1145 1494 1171 Plin.
1509 1152 1552 1176 34,
1566 1152 1593 1175 4.
1665 1137 1874 1176 Similitudineni
1886 1136 2017 1176 orationis
2040 1136 2112 1175 Idem
2126 1136 2172 1169 Ep.

1132 1192 1153 1214 1,
1168 1191 1209 1209 20.
1281 1180 1490 1207 Similitudinem
1505 1178 1595 1214 palatii
1614 1176 1676 1203 haec
1697 1175 1789 1201 domus
1802 1178 1928 1207 exprimit
1947 1171 1985 1197 id.
2000 1171 2079 1205 Epist.
2093 1174 2120 1202 6,
2134 1174 2172 1198 16.

1131 1219 1248 1253 Speciem
1268 1217 1384 1251 aliquam
1405 1215 1520 1242 versibus
1547 1214 1604 1240 Cic.
1623 1212 1655 1238 de
1675 1211 1765 1237 Diuin.
1779 1218 1799 1241 ι,
1813 1217 1847 1243 79
1874 1217 1895 1233 c.
1910 1208 1965 1247 36..
2018 1206 2136 1233 Verbum
2157 1215 2174 1232 e

1131 1254 1215 1280 verbo
1230 1253 1258 1279 de
1271 1255 1475 1287 interpretatione
1487 1250 1559 1277 Idem
1567 1249 1599 1275 de
1606 1249 1694 1278 Fin.3,
1708 1254 1732 1279 ις
1745 1255 1766 1271 c.
1782 1255 1809 1278 4.
1847 1244 1877 1270 Et
1891 1243 1922 1269 de
1936 1243 1994 1269 Fin.
2010 1251 2030 1275 1,
2037 1251 2061 1282 ⁴4
2080 1243 2174 1282 Quum

1131 1288 1215 1316 iidem
1228 1288 1337 1315 fabellas
1351 1288 1455 1315 Latinas
1475 1287 1516 1313 ad'
1526 1284 1636 1311 verbum
1658 1283 1690 1308 de
1703 1282 1810 1307 Graecis
1833 1279 1955 1314 expressas
1967 1287 2021 1304 non
2035 1280 2116 1304 inuiti
2135 1277 2174 1304 le·

1132 1331 1202 1360 gant.
1273 1324 1330 1350 Cic.
1345 1322 1422 1350 Acad.
1434 1328 1465 1356 ’4,
1479 1330 1503 1354 3ι
1525 1319 1701 1354 Αιηρίεὲἶιτιιτ
1717 1317 1831 1343 maxime
1853 1315 2034 1348 cognitionem
2052 1319 2078 1339 ct
2096 1313 2174 1340 istam

1133 1358 1288 1392 κατάληψιν,
1315 1368 1411 1394 quam,
1428 1365 1456 1384 vt
1474 1358 1547 1389 dixi,
1561 1354 1679 1382 Verbum
1700 1362 1714 1379 e
1736 1352 1818 1378 verbo
1837 1351 2029 1385 exprimentes,
2051 1357 2172 1383 compre·

1132 1396 1283 1423 henfionem
1297 1395 1422 1421 dicemus.
1476 1394 1545 1420 Ter.
1560 1391 1628 1426 prol.
1641 1389 1716 1416 Adel.
1736 1397 1757 1414 11
1790 1387 1908 1413 Verbum
1923 1387 1954 1411 de
1969 1385 2053 1411 verbo
2072 1385 2174 1419 expres-

1132 1433 1189 1458 sum
1201 1431 1304 1458 extulit.
1374 1430 1431 1456 Cic.
1444 1427 1477 1455 de
1492 1428 1582 1454 Diuin.
1598 1435 1618 1459 ι,
1631 1434 1666 1460 79
1679 1434 1701 1450 c.
1716 1427 1745 1455 36
1778 1424 1864 1457 Atque
1879 1422 1944 1447 hanc
1957 1421 2067 1455 speciem
2085 1420 2175 1460 Praxi-

1132 1468 1195 1494 teles
1208 1467 1320 1493 caelauit
1333 1473 1452 1500 argento,
1472 1470 1497 1490 et
1511 1463 1598 1489 noster
1610 1460 1727 1495 expressit
1740 1459 1848 1485 Archias
1857 1457 1985 1497 yersibus.
2057 1456 2175 1490 Vestigia

1133 1503 1236 1530 sceleris
1249 1503 1362 1536 expressa
1375 1502 1448 1528 Idem
1462 1509 1510 1535 pro
1525 1499 1599 1525 Rosc.
1613 1498 1702 1523 Amer.
1715 1497 1757 1521 62.
1830 1495 1891 1520 Vim
1906 1493 2066 1518 Graecorum
2083 1493 2174 1518 Poeta·

1132 1548 1192 1565 rum
1213 1538 1251 1565 Id.
1272 1537 1350 1564 Acad.
1367 1546 1438 1571 1710.
1510 1535 1565 1561 Cic.
1585 1541 1633 1568 pro
1648 1531 1738 1558 Rabir.
1753 1529 1819 1556 Post.
1840 1538 1859 1562 4
1897 1529 1964 1554 Cum
1990 1527 2174 1561 magnitudine

1132 1574 1231 1606 animi,
1250 1580 1305 1600 tum
1331 1572 1491 1599 liberalitate
1507 1571 1596 1596 Vitam
1614 1568 1694 1603 patris
1719 1572 1744 1592 et
1766 1564 1982 1591 consuetudinem
2008 1563 2174 1597 expresserat.

1133 1612 1230 1636 Vocem
1246 1609 1362 1643 aliquam
1376 1609 1479 1634 Lucret.
1493 1614 1520 1639 4,
1533 1614 1583 1638 533.
1657 1601 1787 1635 Quinctii.
1801 1609 1825 1631 2,
1840 1608 1864 1630 13
1882 1599 1911 1625 de
1923 1597 2035 1633 pistore,
2055 1598 2118 1636 Non
2133 1606 2175 1623 re-

1132 1646 1235 1681 periens
1251 1653 1306 1679 quo
1324 1644 1402 1678 digne
1421 1641 1503 1668 modo
1522 1640 1601 1675 patris
1613 1638 1722 1664 Vultum
1735 1637 1815 1670 posset
1828 1635 1991 1668 exprimere,
2005 1633 2105 1658 velauit
2116 1633 2176 1658 eiua

1134 1686 1253 1715 caput,et
1268 1681 1313 1706 suo
1329 1680 1455 1713 cuiusque
1468 1677 1557 1703 animo
1565 1675 1637 1701 dedit
1644 1671 1841 1709 aestimandum.
1881 1668 2070 1707 Signfifanti-us
2077 1669 2177 1701 eloqui.-

1133 1717 1254 1748 Plin.Ep.
1263 1723 1289 1746 9,
1297 1717 1364 1746 26‚4
1390 1715 1453 1740 Sunt
1462 1712 1533 1738 enim
1541 1709 1656 1736 maxime
1670 1705 1816 1735 mirabilia,
1825 1712 1892 1743 quae
1905 1711 2021 1729 maxime
2036 1702 2177 1736 insperata,

1136 1751 1251 1776 maxime
1264 1749 1420 1782 periculosa,
1434 1755 1517 1781 quae,
1530 1751 1559 1771 vt
1572 1743 1667 1769 Graeci
1679 1742 1762 1774 magis
1776 1744 1928 1773 exprimunt
1937 1736 2093 1776 ‚nocqo‘sa‘fflffi
2130 1738 2177 1764 Pa-

1133 1793 1192 1810 rum
1203 1783 1306 1816 aliquid
1318 1783 1466 1815 exprimere
1473 1780 1553 1807 Trai.
1562 1779 1626 1805 Plin.
1637 1778 1682 1811 Ep.
1692 1785 1729 1808 10,
1737 1777 1780 1809 76.
1796 1778 1813 1814 i.
1828 1774 1952 1810 nonsatis
1961 1772 2071 1808 Exprefle
2085 1772 2176 1800 dicere.

1131 1818 1225 1843 Omnis
1239 1818 1278 1842 vis
1291 1823 1316 1843 et
1329 1817 1399 1842 ratio
1411 1814 1517 1842 dicendi
1531 1815 1559 1840 in
1572 1821 1674 1842 eorum,
1691 1811 1739 1846 qui
1753 1810 1865 1837 audiunt
1878 1808 2012 1836 mentibus
2027 1814 2072 1834 aut
2085 1808 2176 1834 sedan-

1131 1852 1171 1878 dis
1185 1857 1229 1878 aut
1243 1851 1387 1877 excitandis
1399 1849 1569 1885 exprimenda
1585 1849 1621 1875 est
1635 1848 1691 1874 Cic.
1706 1846 1738 1873 de
1753 1848 1827 1872 Orat.
1843 1853 1863 1878 1,
1876 1853 1913 1879 17.
1967 1844 2008 1870 Ad
2021 1844 2106 1870 sensus
2119 1844 2178 1870 ani-

27 1889 136 1917 Maxim.
151 1898 171 1914 c.
186 1897 228 1914 20.
261 1889 440 1914 Praetextatus
453 1895 484 1913 ex
497 1886 558 1913 vrbi
570 1885 722 1919 praefecto,
742 1891 768 1912 et
781 1894 813 1912 ex
825 1886 927 1913 vicario
942 1888 1069 1914 Venustus
1079 1896 1113 1922 43
1131 1887 1169 1914 mi
1182 1886 1369 1927 expriniendos
1384 1887 1472 1913 oratio
1485 1892 1589 1920 reperta
1603 1883 1640 1910 ld.
1656 1884 1684 1909 in
1698 1884 1772 1909 Orat.
1789 1886 1837 1913 τες.

27 1925 157 1952 Aminian.
169 1923 186 1949 l.
202 1929 239 1956 28,
276 1942 282 1949 .
320 1942 326 1948 .

61 1965 266 1989 EXPRESSE,
284 1962 514 1989 EXPRESSiO,
535 1962 771 1989 EXPRESSVS,
796 1957 850 1983 vid.
876 1964 1028 1985 EXPRIMO.

65 1994 261 2027 EXPRiMO,
277 1992 335 2026 elli,
354 1993 449 2025 essum,
468 1995 522 2019 ere.
559 1991 692 2026 [e'nms‘ffm
714 1991 838 2027 ἓκθλίζῖω]
873 1993 1006 2020 premendo
1024 1995 1067 2021 eli-

0 2038 8 2063 a
29 2040 96 2063 cere,
115 2031 153 2057 vel
164 2030 287 2065 capel-lere.
323 2029 388 2055 Plin.
405 2037 442 2061 ιι,
456 2037 484 2054 zi
508 2028 573 2054 Sunt
591 2028 637 2062 qui
653 2026 836 2062 Aethiopicam
858 2028 978 2063 glandem
994 2038 1067 2063 prae-

0 2081 2 2088 v
29 2067 114 2095 ferant
133 2066 226 2093 nucleo
247 2064 357 2099 gracili,
376 2064 482 2099 liquore
501 2064 548 2098 qui
566 2063 727 2098 exprimitur
744 2063 902 2091 odoratiori.

31 2111 100 2130 mere
120 2102 206 2128 oleum
227 2101 292 2127 Plin.
309 2109 344 2132 12,
357 2109 394 2126 21.
430 2100 530 2126 Vinum
550 2099 642 2133 palmis
661 2099 727 2134 apud
744 2099 814 2125 eund.
828 2101 854 2132 6,
867 2105 905 2130 28.
958 2100 1022 2126 Plin.
1038 2108 1064 2135 7,

34 2147 72 2172 44
89 2138 115 2164 de
126 2137 237 2169 Metello,
257 2137 401 2170 Tanquam
416 2144 509 2170 parum
522 2135 582 2161 esset
590 2154 598 2167 ,
619 2135 737 2161 faucium
749 2141 819 2161 certe
831 2135 990 2162 intortarum
999 2156 1006 2168 ‚
1021 2144 1063 2162 ex-

14 2151 15 2209 i
34 2172 153 2208 pressique
171 2181 217 2207 per
233 2181 309 2198 aures
322 2171 470 2206 sanguinis,
488 2179 598 2205 poenam
611 2169 728 2196 exae‘tam
741 2171 799 2196 effe.
837 2172 929 2206 Nempe
947 2170 979 2197 ad
993 2172 1064 2198 Tar-

14 2213 15 2242 ]
31 2224 34 2227 -
54 2217 111 2235 eum
119 2207 202 2270 ¹fimum
214 2207 308 2234 obtorto
321 2208 380 2234 collo
392 2213 479 2241 raptus
488 2206 580 2242 fuerat
592 2215 608 2232 a
623 2206 722 2232 tribuno
731 2207 769 2240 pl.
784 2206 899 2232 Metellus
913 2206 976 2232 Plin.
992 2212 1033 2239 28,
1047 2215 1063 2239 9

14 2254 16 2267 r
75 2244 102 2270 in
129 2244 228 2279 iquatae
248 2252 294 2278 per
313 2243 394 2269 lintea
414 2248 612 2277 exprimantur,
631 2250 660 2268 ac
677 2247 844 2276 reponiuitui·
864 2242 891 2268 in
906 2241 984 2268 fiffiii
998 2243 1064 2269 locis
1080 2246 1108 2273 55
1128 2243 1154 2269 sa
1175 2242 1261 2276 signa,
1281 2241 1323 2267 sed
1343 2240 1496 2268 adumbrata
1516 2240 1656 2265 virtutum.

1129 2277 1275 2313 quandam,
1289 2286 1320 2303 ex
1339 2286 1390 2311 qua
1411 2277 1502 2302 onmia
1525 2275 1638 2309 expressa
1661 2279 1741 2307 atquc
1766 2271 1866 2298 effecta.

1128 2315 1199 2341 Haec
1214 2313 1336 2348 profecto
1351 2312 1423 2338 vides
1437 2317 1537 2346 quanto
1550 2308 1722 2344 expreffiora,
1749 2314 1901 2342 quantoque
1917 2305 2060 2332 illustriora
2082 2306 2176 2332 futura

1129 2350 1186 2377 sint.
1258 2350 1314 2376 Cic.
1328 2349 1359 2375 dc
1373 2349 1409 2375 N.
1425 2349 1457 2374 D.
1471 2357 1490 2379 1,
1504 2355 1535 2381 75
1559 2346 1660 2380 Species
1679 2350 1707 2370 vt
1722 2342 1850 2378 quaedam
1867 2341 1898 2368 fit
1910 2341 2037 2374 deorum,
2054 2350 2121 2376 quae
2134 2342 2177 2368 ni-

1130 2385 1168 2412 hil
1183 2386 1298 2411 concreti
1312 2384 1422 2416 habeat,
1442 2383 1510 2409 nihil
1530 2381 1626 2413 solidi,
1645 2379 1715 2407 nihil
1729 2378 1849 2414 expressi,
1868 2377 1937 2403 nihil
1955 2378 2112 2410 eminentis,
2134 2377 2177 2403 sit-

32 2278 142 2313 frigidis.
177 2279 242 2306 Plin.
257 2278 336 2313 Epist.
350 2284 371 2309 8.
384 2283 407 2310 8,
422 2287 432 2304 1
462 2278 529 2304 Fons
550 2278 709 2312 exprimitur
722 2277 842 2312 pluribus
855 2278 938 2304 venis.
975 2280 1064 2314 Loqui-

29 2321 72 2341 tur
84 2314 112 2341 de
123 2316 249 2346 clitumno,
260 2321 376 2350 tanquam
390 2314 419 2340 de
431 2313 545 2340 machina
563 2313 724 2348 hydraulica,
742 2322 813 2348 quam
826 2320 919 2340 natura
930 2313 1065 2350 fabricata

14 2348 71 2388 est.
223 2349 244 2388 ff
266 2359 280 2376 2
314 2349 427 2385 Metaph.
438 2348 570 2385 fignificat
588 2352 617 2375 vi
635 2356 659 2376 et
672 2349 807 2384 nccefli'tate
829 2352 961 2384 impetrare
980 2357 1003 2376 et
1021 2360 1064 2381 au-

14 2395 16 2413 l
23 2385 112 2423 ferre,
131 2393 160 2413 vt
173 2387 322 2421 Extorquere
341 2386 396 2412 Cic.
405 2394 454 2419 pro
467 2385 560 2418 Qiint.
573 2392 610 2419 47
636 2384 853 2419 Extorquendum
867 2385 903 2412 cst
918 2385 1016 2418 inuito,
1029 2392 1064 2412 at-

12 2426 80 2457 }-que
97 2422 205 2457 ingratis
226 2420 300 2457 quod
319 2430 374 2447 non
390 2420 482 2446 debet:
506 2419 674 2454 eripiendum
693 2426 772 2454 atque
791 2421 992 2454 exprimendum
1013 2421 1064 2447 est:
1077 2421 1112 2447 60
1128 2431 1180 2456 que
1201 2430 1281 2455 pura,
1301 2421 1384 2452 lenis,
1405 2418 1550 2454 perlucida.

1129 2457 1235 2484 Colum.
1250 2466 1277 2489 4,
1290 2467 1316 2490 4,
1332 2465 1341 2482 1
1362 2455 1511 2482 ciiriiaturis
1531 2453 1643 2488 oblique
1664 2450 1786 2478 rotundis
1804 2456 1967 2487 opponuntur.

1128 2493 1240 2520 nubium
1259 2492 1384 2518 confflem
1405 2491 1533 2525 expressius
1558 2490 1614 2516 Cir.
1628 2488 1659 2514 de
1675 2487 1767 2513 Diuin.
1781 2495 1807 2520 2,
1821 2496 1859 2519 44
1879 2495 1899 2511 c.
1916 2493 1952 2516 19.

1128 2536 1202 2564 ptum
1217 2528 1333 2563 expresso
1347 2526 1456 2554 cerebro
1471 2527 1530 2552 Sen.
1545 2523 1649 2551 Troad.
1666 2531 1728 2556 1114.

1129 2567 1196 2592 Hor.
1214 2566 1295 2590 Serm.
1315 2572 1335 2595 i,
1354 2573 1378 2595 7,
1398 2571 1439 2594 29.
1461 2564 1479 2587 i.
1499 2562 1599 2591 crebra,
1623 2560 1693 2594 large
1707 2558 1827 2594 fluentia.

585 2618 592 2625 .
630 2618 636 2624 .
674 2598 756 2625 Tunc
769 2600 839 2625 enim
853 2600 968 2626 Annibal
987 2607 1011 2627 et
1026 2601 1064 2626 in·
1082 2605 1113 2636 65
1127 2601 1277 2627 nostrarum
1292 2598 1400 2624 summis
1420 2596 1532 2631 ingeniis
1546 2595 1687 2629 expressam
1701 2599 1726 2620 et
1746 2592 1855 2627 politam
1875 2591 2027 2624 relinquere
2054 2590 2110 2617 Cic.
2126 2599 2175 2624 pro

1130 2635 1208 2661 Arch.
1226 2643 1265 2666 30.

1129 2678 1190 2696 inen
1205 2668 1348 2703 expressum
1362 2669 1447 2694 ventis
1462 2677 1508 2703 per
1527 2666 1620 2694 nubila
1641 2666 1738 2692 Lucan.
1752 2673 1772 2697 1,
1786 2671 1831 2696 ¹5¹·

1130 2705 1244 2740 pressae,
1265 2712 1350 2738 neque
1373 2705 1505 2740 oppressae
1537 2703 1594 2730 Cic.
1610 2701 1642 2728 de
1657 2699 1734 2728 offic.
1755 2708 1774 2731 1,
1794 2707 1841 2730 133.

1131 2739 1261 2774 Qiine'til.
1277 2748 1298 2773 1,
1312 2749 1322 2767 1
1338 2746 1399 2768 extr.

665 2775 721 2801 Cic·
736 2775 807 2801 Fam·
823 2780 844 2805 8,
860 2783 869 2801 1
901 2776 966 2802 Sane
986 2784 1064 2810 quam
1079 2788 1114 2816 70
1130 2777 1205 2803 Orat.
1219 2786 1241 2809 3,
1254 2785 1301 2810 44.

1130 2813 1242 2847 Compar.
1283 2811 1349 2838 Plin.
1363 2811 1442 2846 Epist.
1457 2819 1479 2842 ς,
1494 2819 1529 2843 ις,
1542 2819 1554 2842 3
1593 2809 1714 2834 Cornuto
1739 2805 1804 2840 quid
1829 2804 1940 2831 melius?
1961 2803 2025 2838 quid
2045 2804 2177 2830 saridfius!

1130 2848 1195 2883 quid
1210 2848 1238 2874 in
1251 2848 1325 2874 omni
1339 2856 1433 2882 genere
1442 2846 1525 2872 laudis
1539 2845 1571 2871 ad
1585 2843 1719 2878 exemplar
1727 2841 1893 2875 antiquitatis
1908 2839 2065 2875 expressius?
2096 2839 2179 2867 'Idem

1131 2893 1170 2916 10,
1184 2893 1219 2917 42
1241 2884 1332 2910 Minor
1352 2882 1494 2914 nobilitas,
1508 2881 1570 2916 quia
1588 2889 1642 2906 non
1660 2887 1692 2905 ex
1707 2878 1855 2912 longinquo
1869 2876 1959 2908 venit,
1972 2874 2014 2901 sed
2035 2874 2177 2910 expressior

1129 2919 1274 2954 loquacitas
1289 2924 1362 2945 certo
1375 2918 1464 2953 generi
1483 2917 1612 2952 picarum.

14 2457 60 2488 ¹de
80 2457 196 2484 fortunis
216 2456 341 2484 omnibus
360 2457 386 2481 P.
400 2456 527 2487 Quintius
548 2454 726 2481 deturbandus
747 2456 791 2481 est.
869 2456 929 2483 Liu.
950 2466 973 2489 3,
1011 2477 1017 2484 .

0 2501 3 2505 ·
25 2493 148 2527 Expressit
168 2493 218 2519 hoc
236 2490 364 2518 necessitas
384 2489 511 2524 patribuS.
564 2490 685 2517 Tantum
705 2500 720 2517 a
742 2491 767 2517 se
786 2492 965 2526 exprimebat,
984 2502 1064 2527 quan-

0 2560 2 2566 Ι
25 2533 83 2554 tum
97 2527 266 2562 concupierat
278 2527 334 2553 Sen.
348 2526 476 2552 Controu.
490 2534 610 2560 prooem.
678 2526 734 2553 Cic.
748 2527 824 2554 Verr.
838 2537 861 2560 2,
877 2530 919 2561 165
945 2530 1000 2555 Iam
1015 2530 1065 2563 igi-

27 2569 72 2589 tur
83 2563 119 2588 est
134 2563 169 2589 ita
184 2563 357 2596 perspicuum,
369 2569 414 2589 etc.
434 2561 532 2588 nullam
546 2561 683 2596 pecuniam
697 2562 838 2590 statuarum
851 2564 960 2590 nomine
972 2565 1020 2591 nisi
1035 2564 1064 2591 vi

27 2598 168 2632 expressam
177 2617 183 2628 ,
195 2603 221 2624 et
234 2598 359 2624 coaetam.
436 2598 497 2624 Liu.
513 2606 548 2630 ει,

0 2649 2 2657 ι
28 2633 212 2673 simulabatur,
229 2640 254 2659 et
264 2633 465 2668 deposcebatur:
482 2643 550 2660 nunc
564 2642 579 2660 a
595 2633 674 2663 nobis
688 2640 714 2661 et
727 2635 850 2662 conscilio
869 2636 959 2670 culpae
978 2636 1065 2669 expri-

26 2676 123 2699 mitur,
144 2675 169 2695 et
181 2675 209 2695 vt
222 2678 237 2695 a
250 2669 366 2695 confcffis
383 2678 424 2696 res
439 2670 569 2703 extemplo
590 2676 752 2704 repetuntur.
824 2671 942 2704 Expressa
963 2670 1065 2696 deditio

26 2703 169 2730 necestitate
183 2704 243 2730 Liu.
260 2709 283 2736 8,
296 2713 320 2731 2.
357 2704 430 2740 Coris.
443 2704 534 2730 Tacit.
549 2705 616 2730 Ann.
630 2713 650 2736 1,
665 2713 703 2736 19,
717 2712 740 2737 ς.
792 2704 861 2730 Suet.
878 2703 906 2730 i'n
920 2705 1025 2739 August.
1043 2714 1064 2730 c.

22 2747 58 2774 57
77 2740 181 2766 Omitto
195 2739 501 2773 Senatusconsulta,quae
514 2740 615 2773 possunt
630 2739 719 2766 videri
732 2738 773 2765 vel
786 2739 929 2766 necessitate
943 2740 1064 2774 expressa,

23 2775 68 2802 -vel
85 2775 254 2801 verecundia.
278 2779 296 2801 i.
320 2775 425 2810 extrusa
445 2782 469 2800 et
488 2781 593 2801 extorta.

27 2819 72 2837 eos
86 2811 218 2837 sermones
232 2810 360 2844 expromt,
374 2810 421 2844 qui
435 2809 466 2836 de
480 2819 512 2836 eo
526 2815 581 2837 tum
599 2810 720 2842 fuerant,
740 2819 823 2844 quum
836 2811 937 2837 Romae
950 2812 1066 2838 essemus.

23 2845 138 2879 Expreffi
159 2852 189 2873 vt
209 2846 340 2872 conficere
361 2845 462 2872 tabulas
485 2847 510 2872 se
529 2851 636 2880 negaret
660 2846 716 2872 Cic.
729 2847 806 2872 Verr.
826 2854 849 2878 3,
870 2855 918 2872 112.
991 2846 1065 2874 Idem

27 2881 105 2908 Verr.
122 2890 143 2914 3,
157 2889 185 2916 71
210 2883 251 2908 An
264 2890 347 2916 quum
360 2890 457 2916 magno
470 2881 590 2908 decumas
603 2881 769 2913 vendidisset,
788 2887 813 2908 te
827 2882 966 2917 expreffiffe
980 2882 1012 2910 ab
1025 2883 1065 2910 in-

26 2916 89 2953 vitis
101 2916 283 2952 Liparensibus
298 2917 364 2943 hanc
378 2917 532 2951 pecuniam}
600 2918 659 2944 Sen.
673 2917 767 2952 Oedip.
781 2926 800 2951 4

8 2964 10 2966 ·
77 2965 85 2978 ι
290 2968 336 2973 -
371 2955 405 2978 At
429 2959 518 2979 taurus
536 2951 603 2979 duos

221 2989 351 3023 Perpessus
365 2988 447 3020 icius,
468 2988 518 3015 huc
531 2994 557 3015 et
571 2987 621 3015 huc
639 2987 735 3015 dubius
748 2989 817 3016 ruit:

69 3058 73 3063 Ι
206 3044 210 3045 ⁷
222 3025 399 3059 Animamque
413 3024 489 3051 fessus
502 3024 548 3051 vix
561 3024 735 3051 reluctantem
748 3025 882 3059 exprimit.

16 3055 136 3096 {Luci-et.
156 3065 179 3090 3,
197 3067 252 3093 494
290 3059 456 3095 Expriinitur
478 3068 560 3094 porro
584 3061 722 3093 Gemitus,
742 3062 805 3096 quia
831 3060 950 3088 membra
971 3060 1067 3088 dolore

17 3089 196 3125 {Afficmntur-
263 3095 331 3122 Ter.
352 3096 417 3122 Eun.
439 3105 459 3128 1,
478 3105 497 3128 1,
510 3104 539 3128 23
576 3097 635 3122 Vna
656 3105 698 3122 me
717 3095 804 3123 hercle
822 3097 885 3124 falsa
906 3097 1067 3130 Lacrimuia,

1169 1929 1186 1948 Ε
1197 1931 1216 1950 x
1225 1930 1239 1949 Ρ
1249 1929 1268 1949 R
1279 1930 1285 1948 1
1297 1930 1321 1948 M
1330 1930 1346 1949 E
1356 1930 1377 1949 N
1387 1930 1400 1949 s
1409 1942 1418 1954 ,
1443 1922 1518 1948 entis.
1555 1920 1648 1946 Partic.
1685 1915 1853 1949 [ἐπεικάζων]
1889 1915 1944 1941 Cic.
1959 1914 1991 1940 de
2005 1915 2079 1941 Orat.
2094 1923 2116 1948 3,
2129 1919 2176 1945 218

1131 1959 1226 1985 Manus
1249 1964 1339 1984 autem
1361 1957 1448 1983 minus
1475 1962 1585 1991 arguta,
1616 1953 1707 1987 digitis
1736 1951 1894 1985 subsequens
1922 1951 2020 1983 verba,
2049 1959 2104 1977 non
2131 1959 2176 1977 ex-

1130 1994 1255 2028 priinens.

1164 2036 1181 2056 E
1193 2036 1210 2055 Χ
1224 2035 1239 2054 1¹
1251 2035 1270 2055 R
1278 2034 1295 2054 E
1303 2035 1315 2055 s
1324 2034 1337 2054 S
1347 2034 1368 2054 V
1377 2035 1390 2055 s
1400 2048 1407 2060 ,
1433 2036 1447 2054 a
1456 2047 1463 2058 ,
1489 2035 1543 2053 iim.
1583 2023 1644 2052 Adi.
1680 2025 1691 2057 [
1705 2022 1876 2055 οἷπεικσεσμένον
1938 2020 1982 2047 Ad
2010 2023 2176 2047 imitationem

974 2065 1066 2099 Expri-
1081 2076 1113 2102 50
1125 2068 1253 2126 pertinent
1270 2062 1334 2097 ista:
1371 2063 1521 2097 Expreffiun
1537 2061 1637 2095 signum
1650 2058 1838 2090 Corinthium,
1859 2066 1872 2083 e
1905 2065 1984 2091 ngens
2007 2057 2091 2082 senem
2105 2057 2174 2083 Plin.

1168 2100 1205 2126 ist.
1257 2102 1281 2126 6.

1127 2109 1206 2162 mlitto
1220 2108 1314 2161 3’Haec
1333 2135 1446 2168 expressa
1466 2132 1517 2159 tibi
1539 2132 1655 2158 carmina
1674 2129 1815 2157 Battiadae.
1839 2131 1856 2154 ι’.
1878 2130 1908 2155 ln
1927 2130 2042 2154 Latinam
2064 2130 2176 2163 linguam

1127 2172 1265 2198 translatos
1282 2170 1426 2196 Callimachi
1441 2171 1547 2195 Graecos
1560 2170 1654 2202 versus.

1128 2206 1190 2238 ille,
1211 2205 1285 2232 ficuti
1300 2205 1447 2232 meminisse
1460 2213 1507 2231 vos
1520 2203 1652 2233 arbitror,
1667 2201 1798 2237 permulta
1816 2200 1992 2226 maximarum
2007 2208 2060 2225 non
2073 2198 2176 2233 expres-

1338 2099 1435 2126 Catull.
1450 2101 1489 2130 63,
1510 2100 1537 2124 16
1577 2096 1625 2123 Sed
1645 2102 1732 2122 tamen
1750 2095 1779 2120 in
1799 2093 1877 2119 tantis
1897 2092 2063 2118 moeroribus
2080 2092 2175 2119 Ortale

1725 2165 1782 2191 Cic.
1795 2173 1844 2199 pro
1852 2164 1923 2190 Cael.
1940 2173 1964 2190 12
1985 2164 2087 2189 Habuit
2101 2163 2176 2190 enim

1727 2237 1801 2263 Idem
1820 2235 1899 2262 Acad.
1921 2243 1941 2267 1,
1960 2236 1992 2260 26
2032 2235 2176 2266 Materiam

1938 2271 1968 2296 Et
1987 2270 2057 2296 Fam.
2074 2279 2094 2302 1,
2109 2278 2134 2305 7.
2148 2275 2176 2301 28

1942 2413 2041 2448 Anguli
2068 2412 2176 2447 expreffi.

2024 2448 2070 2475 Sed
2087 2448 2178 2474 Ardor

1593 2417 1650 2443 Vid.
1676 2422 1868 2443 EMINENS.

2023 2485 2109 2518 Caput
2130 2492 2175 2509 ru-

1799 2521 1925 2548 Couuiiia
1940 2520 2053 2552 expressa
2067 2518 2175 2545 arbusto

1900 2553 2020 2588 Effigiem
2042 2554 2175 2581 virtutum

1338 2631 1480 2666 Expreffius
1499 2631 1631 2664 exemplar
1651 2629 1817 2663 antiquitatis
1834 2627 1898 2654 Plin.
1912 2627 1956 2659 Ep.
1970 2633 1993 2658 ς,
2008 2633 2041 2658 ις.
2115 2626 2176 2652 Ful-

1904 2662 2010 2688 Literae
2026 2670 2112 2696 neque
2131 2670 2175 2688 ex-

1913 2697 2005 2723 Sermo
2035 2697 2177 2732 expreffior

1473 2740 1578 2765 Vitium
1592 2737 1743 2764 imitatione
1758 2743 1787 2760 ex
1801 2734 1893 2768 aliquo
1906 2733 2049 2767 expressum
2071 2733 2127 2759 Cic.
2142 2732 2177 2759 de

1372 2776 1468 2802 Vultus
1485 2773 1591 2810 expressi
1611 2781 1657 2808 per
1675 2771 1774 2798 ahenea
1787 2769 1856 2804 signa
1874 2769 1941 2794 Hor.
1955 2767 2033 2803 Epist.
2047 2776 2070 2798 2,
2084 2777 2103 2801 1,
2116 2773 2177 2801 248.

1166 2962 1306 2982 exrnsss
1316 2962 1328 2981 s
1339 2962 1364 2981 E.
1385 2953 1453 2980 Adu.
1490 2952 1627 2987 [φανερῶς]
1665 2950 1731 2977 Plin.
1747 2947 1826 2983 Epist.
1843 2956 1868 2980 2,
1881 2955 1912 2981 ¹4
1933 2947 1968 2972 Vt
1982 2945 2050 2972 mihi
2065 2946 2175 2972 Attiiius

1129 2991 1217 3017 noster
1231 2991 1344 3026 expresse
1357 2990 1449 3016 dixisse
1464 2988 1600 3019 videatur,
1618 2986 1650 3012 sic
1670 2986 1698 3012 in
1713 2985 1774 3011 foro
1790 2992 1885 3019 pueros
1900 2992 1913 3020 a
1928 2982 2176 3008 Centumuiralibus

1131 3027 1212 3053 caulis
1226 3027 1371 3062 auspicari,
1392 3032 1421 3051 vt
1434 3024 1466 3051 ab
1481 3025 1601 3051 Homero
1617 3023 1645 3048 in
1657 3021 1761 3048 scholis.
1782 3023 1800 3047 i.
1821 3021 1952 3053 Appium,
1967 3024 1995 3043 vt
2030 3021 2112 3051 roprie
2124 3027 2177 3043 rem

1130 3072 1158 3089 ex
1177 3069 1286 3089 rzmeret.

1130 3069 1279 3134 etpformam
1293 3097 1502 3132 praeceptorum)
1515 3100 1621 3130 oportet
1633 3102 1732 3129 ponere
1745 3090 1876 3126 exempla,
1891 3094 1919 3115 vt
1941 3089 1970 3114 in
1982 3087 2045 3114 artis
2057 3087 2174 3114 formam

1355 3062 1385 3088 ln
1404 3059 1591 3096 praecipiendo
1610 3057 1756 3093 conscripta
1780 3055 1895 3088 expresse
1916 3052 1972 3086 (ad
2000 3052 2175 3078 militudinem

33 3134 113 3161 quam
126 3127 214 3154 oculos
227 3131 334 3158 terendo
347 3132 457 3164 misere,
475 3131 520 3158 vix
533 3131 561 3157 vi
574 3131 737 3166 expresserit,
749 3132 902 3168 restinguet,
917 3138 943 3158 et
955 3138 980 3159 te
993 3134 1065 3159 vltro
1083 3137 1115 3162 80
1130 3134 1276 3160 conuenire
1289 3132 1381 3168 poslint
1393 3131 1471 3158 Auci.
1485 3131 1517 3157 ad
1530 3132 1646 3157 Herenn.
1661 3138 1688 3162 4,
1705 3137 1733 3155 10
1754 3137 1774 3153 c.
1791 3134 1816 3160 7·

33 3161 172 3188 accusabit.
238 3165 303 3192 Plin.
316 3167 392 3201 Epist.
407 3176 435 3200 4,
448 3175 465 3201 7
499 3166 540 3193 Est
558 3167 630 3194 enim
643 3173 697 3194 tam
712 3168 830 3203 ineptus,
845 3175 873 3195 vt
889 3169 979 3194 Risum
996 3169 1065 3195 mihi

16 3134 19 3155 1

0 3202 4 3219 ¹
33 3196 106 3232 possit
118 3197 262 3237 exprimere
277 3203 358 3236 magis
372 3211 450 3238 quam
463 3203 600 3237 gemitum.
669 3203 789 3230 Scribon.
803 3209 837 3237 84
864 3204 919 3237 Qu
939 3204 1066 3230 coustrin-

0 3233 5 3264 Β
32 3239 98 3267 gunt
119 3241 149 3259 Vl
167 3241 260 3273 inagna
277 3243 360 3276 artus,
377 3238 552 3273 exprimentes
569 3238 728 3272 Sanguinem
747 3240 822 3266 venis
841 3239 1003 3272 subieeimn,
1024 3249 1067 3267 co-

0 3266 6 3296 l
33 3273 98 3303 gunt
111 3275 193 3302 magis
208 3277 309 3310 erumpi
326 3281 372 3307 per
383 3275 487 3300 vulnus.
560 3274 625 3301 Plin.
639 3275 732 3310 Paneg.
746 3284 767 3302 c.
782 3284 799 3302 2
826 3277 916 3308 Quare
930 3275 1024 3302 abeant
1037 3284 1066 3302 ac

33 3303 250 3344 recedantVoces
272 3306 345 3347 illae,
360 3318 422 3343 quas
444 3315 529 3337 metus
551 3310 725 3344 exprimebat.

34 3341 126 3373 Quum
145 3338 179 3365 ab
198 3338 239 3366 his
257 3341 354 3377 saepius
370 3351 522 3379 quaereret,
540 3354 626 3381 neque
644 3346 726 3373 vllam
744 3347 856 3373 omnino
869 3347 967 3373 Vocem
981 3347 1066 3380 expri-

32 3384 107 3417 mer·e
136 3374 232 3417 possen
248 3413 252 3417 Ι
302 3413 306 3419 ,
433 3379 454 3418 ff
477 3390 489 3414 3
532 3382 686 3417 Exprimere
713 3382 726 3416 [
739 3382 879 3415 ἐκμάσσειν,
905 3381 1040 3415 ἀπεικάζειν
1053 3383 1066 3417 ]

26 3409 157 3453 figfllfisffl'
170 3409 357 3454 fimlhludmfm
372 3416 476 3443 a1icuius
504 3420 542 3444 rei
564 3427 704 3453 quacunque
724 3421 820 3444 ratione
845 3417 960 3444 reddere:
990 3417 1067 3444 dueta

28 3453 139 3485 primum
146 3445 262 3481 formula
273 3446 303 3472 ab
316 3447 366 3473 zilis
374 3449 484 3486 figuris,
496 3462 556 3488 quae
569 3463 640 3485 cera,
654 3453 758 3490 argilla,
772 3454 848 3490 gypfii
861 3461 906 3479 etc.
928 3456 1067 3488 exprimun-

28 3488 90 3513 ΝΥ,
103 3488 126 3508 ⁶⁴2
145 3481 231 3507 deind?
248 3480 282 3508 ad
301 3491 366 3508 omne
383 3494 455 3520 genus
473 3491 638 3515 imitationum
651 3490 791 3520 translata,
806 3488 951 3524 pisturam,
970 3490 1067 3521 literas,
1081 3502 1117 3528 90
1132 3492 1217 3526 Expre
1236 3499 1325 3517 ionem
1343 3489 1432 3516 Plinio
1444 3497 1470 3522 9.
1488 3495 1512 3514 et
1526 3487 1604 3514 Celso
1624 3506 1631 3513 .

1132 3527 1183 3553 dici
1195 3527 1335 3553 Colaturam
1346 3525 1475 3561 appellent.
1511 3523 1618 3550 Vitruu.
1634 3529 1654 3553 ι,
1670 3529 1680 3546 1
1695 3516 1871 3557 Expreffiones
1884 3521 2012 3548 aquarum
2024 3512 2054 3556 fi?
2065 3512 2176 3548 hydrau-

1130 3563 1189 3588 licis
1209 3560 1448 3593 machinationibus,
1460 3558 1591 3595 fiphonzcm
1605 3564 1650 3584 etc.
1687 3553 1760 3587 Conj.
1774 3557 1796 3583 8,
1811 3558 1835 3585 7·
1848 3556 1871 3576 el
1883 3557 1909 3582 9,
1922 3557 1947 3581 9
1981 3550 2070 3591 Priore
2084 3551 2135 3575 loco
2148 3558 2175 3585 p.

1134 3604 1181 3630 170
1195 3597 1231 3632 sq.
1249 3597 1311 3623 illud
1327 3596 1476 3632 praesertim
1501 3600 1623 3630 apparet,
1642 3588 1833 3624 Expreisionem
1847 3591 1952 3621 pmprze
1970 3584 2036 3616 dlvi,
2056 3591 2176 3620 quatenus

647 3667 652 3671 ”
1130 3641 1194 3668 aqua
1206 3632 1306 3659 tubulis
1318 3633 1359 3658 vel
1367 3630 1465 3667 filialis·
1482 3629 1577 3665 inclusa
1593 3628 1623 3654 ab
1636 3631 1738 3661 urgente
1750 3631 1765 3649 a
1778 3629 1847 3658 tergo
1862 3619 1973 3656 P⁰⁷¹dere
1982 3620 2083 3657 ‚siffsum
2103 3629 2176 3656 Urge·

509 3663 655 3699 Eloquendi
671 3672 696 3693 et
710 3667 877 3701 exprimendi
891 3676 986 3701 genere
1000 3667 1067 3693 alios
1080 3673 1112 3700 95
1129 3675 1172 3694 tur
1181 3687 1190 3699 ‚
1203 3670 1243 3694 cui
1256 3667 1385 3694 Decursus
1398 3670 1537 3703 opponitur.

0 3521 11 3534 “
35 3520 177 3558 ῦζαῑῑθηθῃῑ,
190 3523 239 3543 etc.
275 3517 390 3558 Martial.
403 3528 423 3553 1,
435 3529 475 3547 iio
493 3526 520 3548 in
539 3524 650 3550 catellam
667 3523 802 3559 depictam,
824 3525 897 3551 Hanc
913 3533 945 3550 ne
964 3524 1009 3551 lux
1028 3533 1067 3552 ra-

3 3573 10 3581 .
35 3559 89 3587 piat
107 3553 227 3593 suprema
245 3557 344 3592 totam,
362 3553 458 3581 Pietam
476 3557 581 3586 Publius
598 3560 724 3594 exprimit
744 3559 847 3586 tabella.
920 3560 976 3586 Cic.
990 3561 1066 3587 Verr.

0 3589 8 3614 l
35 3592 115 3628 23189
134 3589 240 3614 Literae
259 3588 408 3623 lituraeque
427 3598 514 3629 omnes
530 3594 700 3629 assimulatae,
712 3596 855 3630 expressae,
868 3594 901 3622 de
919 3596 1016 3622 tabulis
1037 3596 1065 3622 in

0 3629 7 3667 f
36 3622 119 3649 fibros
138 3623 341 3664 transferuvtuf·
411 3624 474 3664 Plffl-
486 3628 562 3661 Epist.
577 3639 601 3662 9,
616 3639 649 3657 22
676 3632 812 3657 Praeterea
827 3632 854 3657 in
868 3631 951 3657 literis
965 3637 1066 3657 veteres

35 3659 179 3686 aemulatur
186 3679 194 3691 ,
207 3665 333 3694 exprimit
340 3679 349 3691 ‚
362 3658 457 3686 reddit.

4 3716 14 3737 s
36 3694 155 3755 {uperffl'e
176 3695 232 3721 Cic·
250 3696 286 3728 Q
300 3695 369 3721 Ffflf*
386 3703 407 3726 ὃν
426 3703 447 3728 3·
471 3730 477 3735 .
536 3700 658 3734 Aliquem
679 3703 738 3729 satis
759 3702 900 3737 diligenter
919 3701 995 3728 libris
1016 3702 1067 3728 suis

10 3743 13 3745 >
50 3729 108 3763 dem
128 3731 180 3757 Att.
196 3735 219 3762 8,
236 3739 253 3756 1.
324 3730 424 3757 Bellum
442 3730 550 3765 aliquod
574 3735 611 3761 Id.
629 3746 678 3771 pro
698 3737 777 3764 Arch.
798 3747 835 3764 21.
907 3737 962 3765 Cic,
976 3737 1028 3764 Off.
1043 3745 1066 3770 3,

39 3765 72 3795 ⁶9
89 3774 110 3791 c·
123 3773 166 3805 ¹7,
187 3765 236 3792 Sed
254 3775 302 3793 nos
316 3766 374 3792 veri
389 3766 455 3792 iuris
474 3775 661 3805 germanaeque
674 3773 790 3799 iustitiae
803 3773 912 3799 solidam
927 3779 952 3799 et
965 3774 1067 3807 expres—

17 3817 19 3839 .
39 3797 213 3838 sam-effigiem
232 3802 331 3828 nullam
350 3808 476 3828 tenemus.
547 3803 611 3829 Plin.
624 3814 660 3837 33,
675 3816 702 3834 12
735 3808 783 3834 Sed
797 3818 811 3834 e
825 3809 921 3843 quibus
936 3818 968 3834 ne
981 3818 1068 3835 exem-

18 3848 19 3863 i
38 3833 120 3867 plaria
134 3836 241 3870 quidem
254 3837 346 3864 liceret
366 3838 525 3871 exprimere.

38 3867 157 3911 effingere
168 3878 193 3898 et
204 3873 353 3906 exprimere
373 3874 429 3900 Cic.
443 3873 474 3899 de
488 3874 561 3899 Orat.
575 3881 601 3905 2,
615 3882 658 3906 90.

37 3902 109 3930 flur-a
120 3905 183 3933 Plin.
196 3908 275 3941 Epist.
288 3916 315 3943 7,
328 3917 365 3942 3ς,
380 3918 402 3937 2.
473 3909 595 3935 Formam
609 3909 720 3936 alicuius
739 3915 885 3947 exprimere
906 3921 930 3941 et
945 3914 1069 3949 effingere

36 3939 110 3980 Aust
130 3941 160 3968 ad
174 3944 315 3983 Herem-4,
329 3947 373 3977 64.
446 3945 501 3971 Cic.
526 3953 574 3978 pro
593 3945 668 3970 Rosc.
690 3947 765 3972 Com.
785 3958 817 3982 24
857 3951 989 3984 Expressae
1010 3952 1069 3977 sunt

35 3981 103 4001 enini
117 3985 147 4002 ex
162 3987 368 4013 vniuscuiusque
380 3979 492 4012 damno,
505 3979 614 4012 doiore,
630 3980 813 4013 incommodo,
826 3985 982 4018 calamitate,
1000 3986 1069 4012 iniu-

727 3879 829 3906 Faciem
844 3880 969 3912 alicuius,
985 3880 1013 3906 dc
1030 3883 1069 3915 pi-

1135 3986 1168 4020 est
1189 3985 1286 4021 aliquid
1301 3984 1453 4017 constituere.

1166 3177 1182 3196 E
1192 3178 1209 3196 x
1219 3177 1233 3195 1²
1242 3176 1261 3196 R
1270 3176 1286 3195 E
1295 3176 1307 3195 s
1316 3176 1329 3195 s
1339 3174 1390 3194 ιΜ.
1416 3167 1497 3195 Aliud
1509 3165 1577 3193 Adu.
1612 3165 1711 3200 Diserte
1719 3183 1726 3195 ‚
1739 3163 1840 3189 totidem
1853 3159 1942 3186 verbis.
1963 3158 2025 3194 le.
2040 3158 2068 3184 in
2082 3158 2097 3183 1.
2110 3166 2172 3184 ven.

1132 3205 1204 3231 ditor
1218 3205 1250 3231 D.
1263 3209 1294 3237 98
1314 3204 1345 3231 de
1364 3202 1456 3230 hered.
1474 3203 1516 3229 vel
1531 3202 1630 3229 aetion.
1645 3200 1746 3227 vendit.
1782 3197 1809 3224 Si
1824 3204 1889 3223 vcro
1902 3195 1970 3221 nihil
1986 3193 2120 3229 expressim
2135 3195 2175 3220 in-

1131 3247 1172 3267 ter
1186 3249 1229 3266 eos
1242 3240 1382 3272 conuenit,
1403 3238 1445 3265 sed
1462 3237 1646 3265 tantummodo
1657 3234 1755 3271 peculii
1769 3233 1870 3259 mentio
1885 3230 1953 3257 faesia
1966 3230 2015 3270 est3
2036 3230 2127 3255 cessare
2139 3237 2173 3256 ex

1131 3276 1241 3303 vendito
1260 3275 1392 3302 actionem
1413 3275 1521 3301 constat.
1558 3273 1633 3308 Coris.
1647 3272 1663 3297 i.
1678 3276 1708 3304 98
1722 3270 1754 3296 D.
1774 3269 1806 3296 de
1819 3267 1945 3294 solution.
1959 3272 1984 3292 et
1998 3264 2100 3291 liberat.
2114 3262 2136 3300 9,
2150 3272 2173 3298 ς.

796 3312 869 3337 Caes·
890 3312 917 3337 B·
938 3311 970 3336 G·
992 3320 1017 3343 ι,
1036 3320 1066 3343 32
1077 3318 1107 3346 ες
1132 3312 1179 3339 Sed
1195 3313 1307 3347 Compar.
1347 3309 1489 3346 Expreffius
1515 3309 1613 3336 fricare
1645 3313 1716 3333 artus
1748 3304 1869 3331 Scribon.
1893 3307 1943 3334 ¹98-
1963 3304 1979 3327 i.
2002 3300 2174 3340 vehementius.

1130 3347 1262 3375 Columel.
1277 3356 1309 3379 ιι,
1324 3356 1345 3379 ι,
1359 3355 1392 3379 29
1416 3345 1498 3380 Qiod
1517 3344 1604 3380 ipsum
1617 3341 1755 3378 expressius
1772 3337 1904 3380 Hesiodus
1914 3338 1963 3363 hoc
1983 3336 2059 3375 versu
2077 3335 2175 3370 fignifi-

1132 3384 1211 3411 cauit.
1246 3383 1315 3411 Add.
1328 3382 1386 3409 Val.
1400 3383 1472 3408 Max.
1487 3386 1511 3413 8,
1527 3388 1554 3415 7,
1566 3387 1583 3414 7
1603 3385 1667 3406 extr.
1681 3387 1701 3404 1.
1721 3383 1745 3403 et
1758 3374 1876 3403 Macrob.
1891 3376 1978 3399 bomn.
1993 3371 2059 3405 Scip.
2078 3378 2097 3403 ι,
2111 3373 2136 3397 6.

1169 3426 1290 3446 EXPRE
1301 3425 1397 3450 ssio,
1417 3418 1484 3443 onis.
1503 3416 1523 3443 f.
1559 3413 1720 3442 Pallad.1un.
1736 3420 1760 3447 7,
1775 3420 1787 3444 3
1808 3408 1937 3437 Nobilius
1949 3406 2000 3432 mel
2019 3406 2084 3437 erit,
2100 3406 2174 3441 quod

1132 3461 1191 3482 ante
1206 3464 1236 3481 ex
1256 3454 1394 3481 ressionem
1406 3451 1544 3479 secundam
1558 3451 1632 3477 velut
1644 3450 1734 3485 sponte
1749 3444 1912 3482 profluxerit.
1948 3442 2068 3477 Obseruat
2081 3443 2175 3478 aliquis

1652 3505 1658 3511 .
1681 3504 1687 3510 .
1705 3485 1795 3511 Latine
1809 3481 1908 3510 vocari,
1921 3485 1992 3512 quam
2009 3477 2111 3504 barbari
2128 3487 2175 3504 me-

1168 3709 1392 3730 Expgssssop„
1406 3719 1415 3735 ,
1441 3705 1505 3729 5115,
1544 3708 1580 3727 m.
1616 3693 1734 3724 Tertull.
1753 3691 1832 3729 Apol.
1852 3699 1874 3718 c.
1892 3692 1938 3725 46.
1986 3690 2044 3718 Vid.
2067 3690 2105 3717 ibi
2124 3696 2176 3717 not.

1130 3739 1185 3800 Imiss
1194 3745 1237 3800 >fr
1246 3747 1403 3805 {³izssvs,
1421 3771 1460 3798 fis.
1487 3780 1522 3797 m.
1559 3767 1668 3794 Vitruu.
1689 3771 1720 3798 8,
1739 3772 1756 3799 7
1775 3772 1802 3799 p.
1827 3770 1874 3798 170
1908 3763 1957 3789 Per
1975 3761 2070 3788 fistulas
2091 3761 2174 3796 plum-

1133 3809 1194 3837 beas
1208 3818 1304 3843 aquarn
1317 3809 1365 3843 qui
1379 3809 1487 3838 ducent,
1513 3819 1558 3824 -—
1588 3807 1714 3837 poterunt
1734 3798 1837 3827 efficere
1851 3804 1877 3825 et
1891 3797 2013 3824 decursus
2023 3804 2050 3823 et
2065 3797 2175 3822 circum-

595 3839 783 3869 Exercitatione
804 3844 918 3878 aliquem
939 3844 1069 3871 imitando
1079 3850 1125 3868 100
1134 3844 1274 3871 ductiones
1283 3864 1291 3877 ‚
1306 3851 1331 3870 et
1344 3851 1447 3870 ventres
1461 3848 1487 3867 et
1500 3840 1638 3875 expressus

1171 3887 1188 3906 Ε
1200 3887 1217 3906 x
1230 3885 1397 3911 rnrrvs,
1417 3877 1520 3908 Festus,
1546 3876 1659 3910 Expreta
1678 3871 1782 3907 antiqui
1800 3868 1940 3901 dicebant,
1959 3867 2029 3903 quasi
2053 3865 2175 3900 Expertia

1135 3915 1235 3943 habita.
1270 3915 1352 3941 Plaur.
1371 3913 1462 3941 Bacch.
1478 3920 1501 3944 3,
1513 3919 1535 3944 3,
1552 3919 1588 3944 42
1616 3910 1640 3936 it
1659 3908 1783 3943 magister
1802 3905 1872 3941 quasi
1891 3905 2012 3934 lucerna,
2033 3901 2113 3942 vnesso
2135 3908 2177 3942 ex-

1135 3958 1223 3987 pretiis
1241 3950 1334 3976 linteo.
1376 3952 1481 3983 Vterque
1509 3949 1574 3973 iocur
1596 3944 1767 3979 controuersiis
1788 3942 1829 3976 est.
1866 3940 1942 3975 Apud
1954 3938 2056 3964 Festum
2076 3933 2178 3978 d1ffic1le

1492 3983 1522 4009 In
1543 3984 1630 4009 Plauto
1650 3987 1728 4006 autem
1744 3979 1827 4014 placei*
1849 3979 1914 4003 ratio
1930 3975 1950 3999 1-
1969 3974 1994 3998 F.
2011 3974 2130 3997 (Ji-onom!
2153 3971 2178 3998 it

33 4009 87 4043 tia,
103 4012 208 4046 publice
221 4021 235 4040 a
248 4015 370 4043 Praetore
387 4015 539 4049 formissae,
557 4015 590 4043 ad
603 4024 666 4051 quas
681 4016 785 4050 priuata
798 4018 831 4045 lii
843 4021 1067 4050 accommodatur.
1082 4022 1258 4059 105m2gister
1275 4019 1346 4056 quast
1366 4020 1467 4045 laterna
1484 4017 1565 4046 vnete
1584 4018 1684 4053 spretus
1704 4015 1797 4042 linteo.
1833 4013 1959 4046 Expretus
1973 4008 2075 4034 librarii
2092 4005 2178 4032 dedere

1330 4054 1477 4082 Xxxn.
2126 4048 2176 4078 im
