2479 4225
6 166 146 227 ‘'257
338 215 341 231 Ι
480 173 518 211 D
594 174 629 212 O
712 173 759 213 M

81 281 83 283 .
113 256 402 292 DOMNOTONVS‚
433 259 450 286 i.
486 260 506 287 f.
547 261 612 288 Vrbs
627 262 720 289 Galliae
736 265 763 288 in
782 260 899 288 Medulis.
941 259 998 286 Vid.
1019 259 1109 296 Scalt‘g.

78 294 174 320 Auson.
182 294 252 320 Lee't.
261 303 285 325 2,
293 303 330 328 14.
900 312 904 316 -

113 334 243 361 nomo,
264 339 298 355 as.
338 329 395 356 Vid.
414 336 499 357 nom
514 338 566 358 vs.

114 366 194 390 D'OM
206 370 263 395 VS,
281 364 310 391 fis
330 372 353 391 et
374 365 392 392 i.
427 366 446 391 f.
484 364 571 398 [οἶκος.
589 367 664 398 οἰκία,
681 363 765 398 δόμος,
780 363 861 400 ddum,
880 363 973 425 δῶμαζι
1006 366 1108 400 Proprie

77 397 111 431 est
122 399 269 434 Acdficimn
282 401 316 426 ad
328 400 486 427 habitandum
493 401 594 437 fabium
603 413 611 427 :
627 400 675 436 sed
684 404 756 426 etiam
768 400 889 436 quidquid
901 401 929 426 ιἰἰ
940 403 961 433 c]
980 419 986 429 ς

66 441 136 464 Χιιινιι
149 435 174 470 J:
192 444 263 461 manu
271 435 388 470 fabium,
411 437 454 462 vbi
466 438 550 470 homo,
571 438 610 463 ve!
620 437 712 462 animal
724 437 904 471 7noour1'jolct,
925 436 1017 462 domus
1039 445 1108 462 voca-

78 477 128 495 tur.
200 470 301 497 Domus
318 472 510 498 nmnimentum
536 472 656 499 aduersus
674 471 766 497 infesta
784 472 891 505 corpori
912 472 998 498 Seuec.
1018 472 1064 505 Ep.
1084 476 1105 501 8.

79 505 196 537 Domus,
221 507 347 542 Templum
359 518 366 531 .-
393 508 486 536 Virail.
501 509 564 534 Aen.
578 509 603 538 6,
617 511 642 535 81
669 505 742 532 Ostia
760 507 865 541 iamque
886 506 980 533 domus
1000 513 1106 541 patuere

76 539 193 573 ingentia
209 548 312 568 centum
348 537 509 577 Spontesua.
549 542 604 568 ls'iil.
625 541 744 568 Nonium
759 545 784 573 6,
797 549 835 576 73·
892 540 930 575 Est
945 547 1017 569 ctiam
1028 543 1104 568 bami-

74 575 124 605 lia,
142 579 271 603 continens
283 584 332 612 pro
348 586 475 605 contento:
500 577 592 612 Virgil.
607 576 669 602 Aen.
684 585 712 608 5,
735 585 770 603 121
796 577 994 612 Sci-gestusque,
1013 577 1106 603 domus
1127 589 1155 607 10
1174 586 1214 608 ιε,
1235 580 1294 610 643.

570 612 636 638 Ter.
651 611 762 647 Adelph.
777 622 804 645 4,
820 621 845 646 7,
860 622 895 646 42
921 615 1021 640 Domus
1040 614 1107 638 sum-

783 650 837 674 c1c.
853 650 923 675 Fam.
939 658 971 681 13,
984 651 1019 681 46
1040 649 1106 674 Eum

951 684 1026 710 Ideni
1040 683 1105 709 ibid.

1025 720 1054 744 Ft
1069 719 1105 745 ib.

76 616 146 636 tenet
164 620 178 637 a
193 621 246 646 quo
258 612 345 647 Sergia
363 623 466 640 nomen.

76 646 158 672 mosa.
200 647 247 673 Vbi
257 648 389 681 Donatus,
418 651 529 679 Domus,
548 649 566 672 i.
582 646 711 673 homines.

75 681 128 707 tibi
148 681 230 715 igitur
249 683 281 709 fic
303 684 472 715 commendo,
489 689 516 708 vt
536 691 615 708 vuum
633 692 664 708 ex
684 682 769 709 nostra
789 683 879 710 domo.

74 724 100 750 5,
113 721 127 746 8
147 718 181 743 Vt
193 716 285 744 domus
300 727 342 745 tua
357 726 410 746 tota
425 728 465 745 me
477 715 527 743 tibi
540 718 720 744 amiciffimum
732 720 780 744 esse
792 720 968 754 cognosceret.

77 758 112 784 ις,
127 759 160 778 ιι.

76 785 145 813 haud
165 788 251 815 minus
270 790 378 816 arduum
396 788 445 819 est,
472 797 551 822 quam
572 789 740 816 Prouinciam
766 799 868 825 regere.

75 822 164 848 earm.
183 832 216 856 4,
237 833 278 857 13,
298 828 322 852 6.
375 823 466 857 Virgil.
482 824 545 849 Aen.
560 833 589 855 2,
610 832 668 859 702.
723 827 818 862 Rcinqsl
834 832 925 860 p.122.
997 826 1108 857 Domus,

74 857 140 883 Gens
159 868 208 884 vna
229 867 297 887 rota:
321 860 391 893 Virg.
404 860 468 885 Aen.
483 868 502 891 ι,
518 864 568 893 284
593 861 682 894 Quum
697 860 790 887 domus
805 861 923 887 Assaraci.
966 862 1053 887 Volens
1071 865 1108 886 in-

72 893 153 928 tcuigi
166 895 298 926 Romanos,
314 898 356 930 qui
369 893 398 920 de
408 893 526 927 Assaraco
541 903 589 930 per
608 898 731 922 Troianos
750 899 868 933 origiizcm
882 897 984 922 ducunt.
1055 897 1107 922 Do-

919 790 992 826 Conf.
1013 791 1106 816 Horat.

72 936 150 960 muS,
166 936 212 963 pro
230 932 329 962 Patria,
349 929 412 956 vnde
429 931 521 967 aliquis
539 934 637 964 oritur,
658 941 705 958 non
722 942 781 958 raro
800 935 926 967 reperitur
945 942 959 958 υ
974 938 1062 966 urpata
1080 935 1107 957 in
1128 938 1162 956 2ο
1174 931 1236 956 Stat.
1247 929 1336 956 Theb.
1353 939 1384 963 ιι,
1400 936 1448 964 ¹85·

73 964 203 998 Inscriptt.
215 973 239 992 et
251 965 318 992 alibi.
359 965 464 991 Suetou.
481 966 569 992 Vitell.
589 975 610 993 c.
627 976 650 993 11
679 968 819 993 Caeterum
840 968 866 994 P.
882 967 1006 994 Vitellius
1027 967 1107 993 domo

73 998 201 1027 Nuceria.
270 999 363 1035 Virgil.
378 1000 443 1026 Aen.
461 1010 503 1033 ιο,
526 1007 564 1034 183
602 1003 656 1036 Qui
676 1003 785 1029 Caerete
806 1002 895 1029 domo.
1000 1003 1106 1029 Gruter.

74 1040 92 1060 C
110 1041 248 1067 Dxxx‚
267 1045 293 1068 4.
335 1036 366 1062 C.
397 1036 695 1064 TERENTIVS
736 1038 988 1064 PHILETVS
1030 1039 1107 1065 Do-

72 1069 102 1095 M
115 1070 140 1096 O
176 1071 197 1097 R
208 1072 232 1097 O
243 1071 272 1097 M
284 1071 322 1097 A.
429 1073 465 1098 Vt
482 1072 591 1099 candem
610 1072 702 1099 vrbem
722 1079 748 1100 et
768 1074 878 1108 patriam
894 1073 1001 1100 haberet
1023 1080 1046 1100 et
1062 1074 1108 1100 do·

72 1113 144 1132 mum
160 1105 226 1140 Nep.
238 1114 278 1139 25,
293 1115 313 1137 3.
348 1106 392 1133 Al.
407 1106 552 1134 dominam.
609 1109 682 1144 Conf.
697 1109 794 1135 Schott.
809 1109 920 1136 Obseru.
938 1117 959 1140 3,
973 1116 1003 1135 ιι.

71 1148 130 1167 mus
147 1141 251 1174 auium,
271 1147 318 1176 pro
339 1142 433 1168 Nidis:
456 1143 550 1177 Virgil.
563 1145 660 1178 Georg.
679 1152 713 1176 2,
732 1153 784 1177 209
812 1146 994 1179 Antiquasque
1013 1144 1107 1171 domus

70 1177 161 1202 auium
177 1185 235 1202 cum
253 1176 376 1211 stirpibus
390 1178 452 1204 imis
488 1180 570 1206 Eruit.
678 1180 804 1206 Pecorum
825 1180 920 1206 domus
939 1181 1000 1206 Stat.
1014 1180 1105 1206 Theb.

72 1213 163 1246 1‚367.
266 1213 365 1239 Domus
379 1214 569 1248 omnipotentis
581 1214 689 1249 Olympi
709 1216 806 1250 Virgil.
826 1217 890 1242 Aen.
911 1225 953 1246 10,
973 1225 992 1242 1.
1064 1217 1106 1243 sic

70 1246 167 1273 Domos
181 1247 323 1274 fluuiorum
337 1249 491 1286 appellarunt
505 1251 593 1276 Graeca·
607 1250 684 1276 Vrbes
695 1254 850 1287 cognomines
856 1252 963 1287 fluum,
983 1252 1022 1277 vel
1032 1254 1107 1277 etiam

67 1292 102 1308 ns
119 1292 223 1309 vicinas.

67 1318 218 1344 resonantis.
307 1320 408 1346 Domus
421 1320 490 1346 sedes
500 1341 508 1352 ,
528 1330 604 1354 arae,
620 1321 690 1353 foci,
708 1322 747 1348 dii
762 1328 866 1356 penates
885 1323 940 1348 Cic.
956 1331 1003 1356 pro
1017 1323 1106 1348 Domo

67 1353 112 1380 sua
129 1361 169 1387 41.
228 1353 300 1380 Idem
320 1364 369 1389 pao
388 1356 474 1382 Deiot.
495 1361 517 1386 8.
624 1357 725 1383 Domus
745 1358 812 1384 Solis
833 1358 913 1384 Ouid.
933 1359 997 1384 Her.
1017 1366 1048 1390 9,
1069 1360 1107 1392 16,

65 1396 126 1424 quae
148 1388 294 1424 describitur
315 1391 380 1424 Met.
401 1400 417 1417 2
441 1399 485 1427 pr.
572 1392 663 1419 Somni
683 1393 764 1420 Ouid.
786 1394 803 1420 s.
825 1394 894 1420 Pedo
917 1393 948 1420 ad
968 1394 1029 1419 Liu.
1048 1401 1105 1426 453.

65 1421 88 1461 ἢ
114 1432 130 1450 2
163 1424 208 1451 Ad
226 1425 289 1452 hanc
306 1425 471 1460 diuersitatem
491 1428 669 1455 accommodata
683 1429 746 1464 sunt
767 1430 881 1464 Epithcta
895 1440 902 1454 :
939 1429 1035 1455 A'e'riae
1058 1429 1105 1455 do<

65 1467 136 1490 mus,
153 1462 172 1485 i.
186 1461 276 1487 &zelum
295 1462 388 1488 Horat.
402 1463 488 1489 Carm.
504 1472 522 1493 1,
545 1469 581 1495 28,
602 1472 623 1496 5.

997 400 1022 436 s.
1036 410 1050 426 α
1064 411 1106 426 τια-
1131 405 1145 431 ς

215 753 304 780 Tacit.
320 756 347 781 in
361 756 420 781 Vita
433 753 518 788 Agric.
535 761 572 785 19,
586 762 601 780 2
623 754 738 780 Domum
753 755 823 780 suam
837 756 958 781 coercere
976 754 1107 788 plerisque
1127 768 1151 793 ¹5
1172 754 1249 779 ruina
1284 754 1417 780 Concidit.

1054 1110 1108 1135 Do-
1125 1115 1155 1140 25
1172 1108 1249 1141 Riget
1267 1114 1375 1142 argento
1395 1108 1488 1134 domus
1515 1109 1610 1134 Horat.
1629 1109 1764 1140 Car1u.4,
1785 1115 1823 1138 ιι,
1842 1109 1866 1132 6.

278 1285 347 1320 Qos
358 1285 472 1320 sequitur
486 1286 578 1312 Horat.
594 1286 681 1312 Carm.
697 1295 722 1318 1,
737 1294 764 1320 7,
779 1295 806 1313 12.
835 1288 950 1312 Domum
970 1286 1107 1313 Albuneae
1119 1294 1151 1319 30
1170 1284 1234 1311 bare
1253 1285 1357 1311 domm.

694 1465 823 1497 Aeterna,
838 1465 926 1500 paffim
947 1468 973 1490 in
988 1464 1106 1498 Inscript.
1123 1467 1151 1493 3)·
1171 1463 1273 1488 domus.

1573 172 1609 211 D
1670 148 1672 151 ”
1692 173 1727 211 o
1807 173 1855 213 M
2145 185 2214 226 253

1176 261 1266 288 Tacit.
1283 262 1349 287 Ann.
1366 269 1401 291 12,
1419 271 1437 288 1.
1530 261 1630 287 Dcslcta
1650 255 1743 286 domus
1764 260 1900 289 Claudian.
1917 264 1999 298 praef.
2020 265 2047 291 iu
2062 265 2169 299 Eutrop.
2185 273 2210 296 2,

1175 305 1220 330 24.
1291 297 1386 324 Horat.
1405 298 1493 322 (Zarin.
1514 305 1542 329 3,
1561 299 1603 328 16,
1624 303 1647 327 ¹3

1495 348 1539 352 —
1575 330 1698 358 Concidit
1715 331 1823 363 auguris

1438 367 1531 401 Argiui
1558 367 1652 394 domus
1678 365 1713 392 ob
1740 365 1841 391 lucrum

1439 402 1560 429 Demersa
1587 401 1701 429 excidio.

1173 435 1253 462 Ouid.
1268 435 1351 463 Trist.
1365 444 1388 468 3,
1403 443 1425 469 5,
1441 442 1453 466 3
1482 439 1510 463 lit
1524 439 1678 473 Deploratac
1691 437 1771 462 limen
1785 435 1857 462 adire
1870 435 1972 462 domus.
2040 440 2146 466 Deserta
2163 439 2209 466 do-

1173 479 1230 496 mus
1251 472 1336 498 Valcr.
1352 472 1411 506 Arg.
1426 480 1451 504 2,
1466 475 1523 506 376.
1595 473 1714 499 Desolata
1730 472 1822 498 domus
1839 471 1931 499 Claud.
1945 471 2021 506 lipiss.
2035 475 2065 500 ad
2082 476 2208 502 Hadrian.

1173 515 1215 537 24.
1285 506 1437 533 Disturbarc
1453 516 1480 532 ac
1495 508 1610 541 diripere
1625 509 1733 535 domum
1746 507 1857 534 alicuius
1872 507 1982 541 Cic.p1·o
1996 509 2081 535 Domo
2095 512 2137 536 sua
2154 520 2206 544 114.

1173 542 1266 568 Eut-rsa
1281 542 1373 569 domus
1394 542 1475 569 Ouid.
1492 544 1569 576 Epist.
1584 552 1605 575 3,
1620 548 1657 575 36.
1751 542 1904 569 lixscmdere
1918 543 2011 569 domus
2033 545 2126 578 Vll-gil.
2141 547 2207 572 Aen.

1387 578 1495 604 Florens
1515 577 1607 604 domus
1624 579 1698 605 felici
1717 579 1785 605 sorte
1806 580 1878 612 viget
1903 579 1989 604 Senec.
2009 580 2119 613 Hippul.
2146 583 2164 607 s.
2183 590 2209 614 4.

1174 613 1350 646 Frequentarc
1363 612 1455 639 domus
1474 613 1554 639 Ouid.
1568 615 1631 640 Met.
1646 623 1671 646 9,
1684 623 1740 648 32⁴·
1811 614 1939 642 Inclinata
1951 614 2044 640 domus
2060 616 2129 649 Virg.
2144 617 2208 642 Aen.

1174 656 1210 679 12,
1224 656 1263 680 59.
1332 648 1463 675 Instruere
1477 648 1586 674 domum
1596 669 1604 681 ,
1625 650 1678 675 vul.
1699 657 1736 675 ιΝ
1749 656 1761 676 s
1772 655 1793 675 'r
1804 656 1821 675 R
1830 657 1850 675 ν
1860 656 1888 675 0.
1982 650 2108 676 Iultrueta
2121 653 2210 684 opime

1173 689 1198 708 et
1211 684 1319 717 opipare
1332 683 1441 716 domus,
1468 684 1521 709 vid.
1544 691 1585 710 01³
1597 691 1603 709 1
1615 691 1637 710 M
1648 692 1666 710 v
1677 692 1698 710 s.
1793 684 1894 710 Labens
1908 683 2001 710 domus
2021 686 2095 719 Virg.
2110 687 2211 719 Aeu.4‚

1172 722 1222 749 318.
1289 718 1370 745 Ouid.
1383 728 1413 744 cx
1427 721 1510 745 Ponto
1525 727 1545 752 ι,
1558 729 1582 751 9,
1591 728 1614 752 13
1635 721 1724 753 Qunu
1739 719 1831 746 domus
1846 720 1946 754 ingenti
1961 721 2047 748 subito
2060 729 2117 747 mea
2132 722 2211 755 Lapsa

1489 756 1595 780 Madeus
1608 759 1684 781 caede
1699 755 1792 781 domus
1808 756 1865 782 Val.
1881 757 1979 789 Argon.
1993 765 2019 788 2,
2029 764 2087 790 274.
2160 758 2210 783 Mi-

1666 790 1841 824 Multiplicata
1854 791 1963 823 domus,
1988 792 2040 817 vid.
2050 791 2099 827 Jub
2119 799 2172 818 MV
2182 799 2210 819 1.-

1175 831 1197 850 T
1207 831 1227 849 v
1237 831 1259 850 s.
1352 825 1482 851 Nutantes
1495 826 1589 852 domus
1610 826 1704 852 Lucan.
1721 835 1738 854 ι,
1751 835 1809 858 495.
1903 826 1987 853 Obire
2003 827 2095 853 domos
2113 828 2212 854 amico-

1172 867 1249 890 rum,
1276 859 1329 885 vid.
1352 866 1371 885 0
1381 867 1395 886 13
1406 868 1421 886 Ε
1431 867 1459 887 O.
1562 861 1694 887 Obtexerc
1713 862 1804 887 domos
1814 882 1822 893 ‚
1847 861 1903 888 vid.
1922 869 1941 889 O
1950 869 1965 889 B
1976 870 1997 889 T
2006 870 2022 889 F.
2032 871 2049 889 x
2060 870 2089 889 Ο.
2161 864 2212 890 Oc-

1173 894 1237 920 cidit
1256 903 1307 920 vna
1327 895 1438 928 domus,
1464 899 1482 922 i.
1491 895 1597 932 familia
1617 896 1698 923 Ouid.
1717 897 1780 922 Met.
1797 906 1822 928 1,
1835 896 1901 930 240.
1995 898 2098 925 Orbare
2119 897 2213 925 domm

1520 933 1666 958 Patefacere
1680 932 1789 957 domum
1809 933 1985 967 Sen.Hippol.
2007 934 2023 960 s.
2039 942 2072 960 12.
2144 934 2212 960 Tac.

1173 965 1241 992 Hist.
1256 974 1284 999 4,
1300 974 1308 991 1
1327 966 1437 992 Initium
1453 967 1480 993 id
1495 967 1741 1002 Perfringendartun
1755 966 1891 993 domuum.
1996 968 2152 996 Perturbare
2166 970 2213 996 do-

1172 1009 1246 1026 mum
1265 1001 1352 1027 Senec.
1366 1001 1477 1034 Thycst.
1502 1004 1518 1028 s.
1540 1012 1558 1029 1.
1664 1002 1766 1027 Plorata
1785 1002 1878 1027 domus
1898 1003 1960 1028 Stat.
1973 1003 2036 1029 Silu.
2059 1012 2087 1036 5,
2106 1014 2132 1036 3,
2155 1008 2212 1038 ¹64-

1172 1036 1300 1063 Prostrata
1315 1036 1407 1063 domus
1428 1038 1515 1064 senec.
1530 1039 1610 1064 Herc.
1625 1037 1677 1062 fur.
1696 1037 1713 1062 s.
1730 1044 1762 1067 ¹3-
1857 1038 1950 1069 Quatit
1964 1038 2056 1064 domos
2077 1047 2101 1065 ct
2116 1042 2213 1075 templa

1171 1078 1267 1106 pontus
1294 1072 1391 1099 Lucan.
1417 1075 1434 1099 6
1445 1094 1452 1105 ,
1475 1079 1513 1103 28.
1628 1072 1746 1105 Quassata
1766 1071 1861 1097 domus
1886 1073 1973 1097 Senec.
1997 1075 2106 1107 Hippol.
2131 1076 2148 1102 s.
2169 1085 2210 1102 10.

1975 1109 2090 1142 Sepserat
2110 1111 2213 1137 acribus

1173 1142 1297 1169 custodiis
1310 1143 1419 1170 domum
1432 1148 1457 1170 et
1471 1145 1526 1170 vias
1541 1144 1632 1170 Tacit.
1646 1144 1714 1168 Ann.
1730 1151 1749 1173 1,
1764 1150 1786 1175 5.
1878 1141 1965 1168 Senec.
1980 1144 2089 1178 Hippol.
2104 1153 2119 1170 2
2138 1146 2213 1172 Adiit

1170 1178 1293 1205 silentem
1305 1178 1384 1205 noete
1397 1186 1522 1214 perpetua
1535 1178 1652 1205 domum.
1746 1178 1836 1204 Solate
1850 1177 1958 1210 domos,
1984 1182 2002 1204 i.
2025 1181 2146 1215 ‘stild‘llffl'
2160 1182 2213 1206 recl-

1170 1213 1226 1239 dere
1247 1214 1308 1241 Stat.
1323 1214 1416 1241 Theb.
1431 1225 1451 1247 ς.
1467 1223 1522 1248 ¹49-
1616 1214 1722 1240 Struere
1741 1213 1834 1239 domos
1855 1214 1947 1239 Horat.
1961 1214 2049 1241 Carm.
2068 1223 2101 1247 2,
2118 1220 2159 1247 18,
2177 1225 2213 1248 ι9.

1170 1249 1264 1275 Subirc
1278 1249 1387 1276 domum
1402 1251 1555 1277 Ouid.Met.
1570 1258 1590 1282 1,
1605 1258 1653 1275 121.
1721 1249 1783 1274 Stat.
1794 1248 1885 1274 Theb.
1898 1256 1921 1281 5,
1935 1257 1966 1284 57
1987 1249 2033 1276 Dis
2046 1251 2132 1277 visum
2141 1251 2216 1278 Tur-

1464 1287 1574 1312 Vertere
1595 1294 1626 1311 ex
1644 1285 1700 1311 imo
1720 1283 1829 1310 domum
1846 1286 1933 1310 Senec.
1948 1286 2042 1312 Medea
2057 1295 2092 1312 12.
2164 1287 2214 1313 Or-

1170 1320 1255 1346 nanda
1273 1321 1309 1347 cst
1328 1321 1441 1355 dignitas
1455 1321 1554 1353 domo,
1574 1330 1630 1347 non
1650 1329 1681 1346 ex
1700 1319 1781 1345 domo
1797 1326 1851 1345 tota
1870 1320 2018 1354 quaerenda
2034 1332 2039 1347 ε
2063 1331 2110 1348 nec
2130 1321 2214 1349 domo

1171 1355 1310 1389 dominus,
1331 1356 1374 1382 sed
1394 1356 1505 1382 domino
1526 1356 1619 1382 domus
1641 1354 1800 1382 honestanda
1821 1355 1856 1381 est
1880 1356 1934 1381 Cic.
1949 1356 2001 1383 Off.
2021 1366 2047 1389 1,
2068 1366 2110 1390 ¹39
2138 1367 2158 1383 c.
2173 1366 2214 1390 39.

1170 1389 1191 1428 ff
1220 1402 1239 1426 4
1273 1393 1384 1428 Dignum
1402 1391 1436 1425 est
1455 1392 1500 1418 boc
1519 1401 1617 1422 nomen,
1642 1395 1712 1417 cuim
1729 1390 1825 1426 flnguli
1845 1394 1917 1416 etiam
1937 1392 2006 1427 casus
2024 1393 2215 1426 considerentur.

1172 1430 1302 1453 Genitiuus
1321 1427 1467 1454 ordinarius·
1487 1425 1520 1459 est
1536 1426 1646 1459 domus,
1672 1436 1697 1452 υ.
1712 1436 1737 1462 g.
1756 1426 1836 1462 Ouid.
1851 1427 1914 1452 Met.
1930 1435 1955 1459 2,
1968 1436 2017 1462 737
2045 1429 2104 1455 Pars
2118 1429 2215 1455 secreta

1345 1463 1393 1490 sed
1409 1473 1462 1488 cum
1481 1462 1640 1498 respondetur
1658 1462 1691 1488 ad
1711 1462 1873 1496 quaestionem
1890 1462 1959 1488 vbi?
1979 1464 2109 1490 adhibetur
2117 1464 2215 1491 Domi:

1172 797 1247 823 grate
1262 787 1359 821 domo,
1384 789 1439 815 vid.
1458 797 1482 816 M
1493 798 1499 816 1
1510 797 1529 816 G
1541 797 1595 818 Ro.

56 1499 108 1529 pro
121 1495 242 1529 Sepulcro.
300 1497 358 1523 Fid.
372 1498 494 1525 Brona-kh.
508 1499 542 1524 ad
556 1499 622 1525 Tib.
638 1508 660 1531 3,
674 1508 699 1533 2,
717 1509 756 1532 23.
828 1500 967 1531 Aetheria,
985 1507 1014 1525 vt
1028 1500 1106 1526 Aeria
1170 1507 1243 1534 quam
1264 1507 1343 1524 vorem
1365 1508 1413 1524 non
1425 1498 1575 1532 stmPIieiter
1588 1497 1630 1530 rste
1642 1497 1809 1529 Aduerbziaem,
1828 1504 1855 1522 ut
1867 1494 1934 1529 ὂίκοι,
1954 1505 2070 1533 apparet,
2086 1499 2151 1534 quod
2160 1500 2214 1526 Ad-

63 1530 157 1556 Horat.
171 1531 259 1558 Cat-m.
275 1540 294 1564 1,
308 1541 332 1564 3,
343 1541 386 1566 29.
494 1534 553 1560 Alta
568 1535 664 1569 Virgu.
681 1537 778 1570 Georg.
792 1545 818 1568 2,
833 1539 891 1569 461.
962 1535 1106 1569 Ambigua,
1169 1532 1261 1559 festina
1274 1534 1398 1560 admittit.
1454 1534 1512 1559 Cic.
1528 1533 1620 1559 Famil.
1635 1542 1668 1564 4,
1680 1540 1697 1566 7
1724 1533 1821 1558 Nonne
1841 1533 1925 1558 mauis
1941 1533 1992 1559 sine
2007 1535 2126 1568 periculo
2139 1534 2214 1561 domi

61 1565 116 1591 vid.
133 1572 188 1591 AM
200 1573 356 1594 Blevs.
428 1568 577 1596 Ambitiosa
595 1570 676 1596 Ouid.
692 1572 776 1597 Trist.
793 1580 818 1603 1,
840 1577 861 1601 8,
883 1576 916 1600 ιε,
987 1571 1106 1597 Amoena
1170 1574 1230 1594 tuae
1244 1569 1307 1601 effe,
1327 1578 1406 1602 quam
1426 1577 1486 1594 cum
1508 1568 1625 1601 periculo
1644 1567 1765 1593 alienae3
1838 1569 1868 1593 Et
1889 1576 1927 1600 13,
1946 1571 1980 1600 69
2006 1570 2081 1603 Apud
2100 1579 2161 1596 eum
2180 1571 2214 1596 fic

63 1600 201 1627 Claudian.
216 1602 297 1630 Laud.
312 1603 412 1630 Stilich.
423 1613 444 1637 1,
459 1609 510 1637 ¹89-
582 1606 676 1639 Ampla
698 1607 753 1633 Cic.
767 1607 819 1633 Off.
835 1615 854 1639 1,
869 1615 920 1638 ¹39-
990 1606 1106 1640 Antiqua
1171 1604 1230 1635 fui,
1249 1610 1372 1637 tanquam
1388 1604 1461 1630 domi
1476 1612 1557 1629 meae.
1620 1604 1651 1629 Et
1664 1609 1713 1637 pro
1726 1603 1814 1628 Domo
1830 1604 1965 1642 305.Q¹id
1981 1604 2032 1630 tibi
2045 1606 2140 1630 neceffe
2153 1606 2216 1636 fuit,

61 1636 160 1670 Virgil.
175 1637 273 1672 Georg.
288 1647 311 1670 2,
326 1647 383 1671 209.
454 1639 545 1666 Ardua
563 1640 624 1667 Stat.
639 1641 703 1667 Silu.
725 1650 745 1673 1,
767 1651 787 1674 1,
806 1649 831 1676 7.
903 1641 1039 1667 Attonitae
1058 1642 1104 1666 ..lo-
1113 1643 1150 1667 40
1169 1654 1215 1658 ——
1251 1638 1415 1668 sacrificium,
1436 1638 1506 1673 quod
1520 1639 1620 1664 alienae
1634 1637 1708 1663 domi
1720 1637 1809 1675 fieret,
1829 1638 1962 1663 inuisere?
2034 1641 2064 1665 Et
2078 1641 2166 1666 Varro
2180 1640 2213 1666 de

61 1680 135 1703 mus,
166 1672 218 1698 vid.
248 1681 269 1700 Α
281 1680 493 1701 TTONITVS
504 1695 510 1701 .
617 1677 695 1702 Beata
716 1677 800 1703 Catul.
822 1684 869 1709 59,
886 1679 937 1709 156.
1029 1677 1104 1702 Casta
1170 1675 1238 1700 101..
1252 1679 1274 1705 8,
1290 1683 1325 1707 42
1346 1684 1369 1708 p.
1386 1683 1431 1707 115,
1447 1680 1459 1703 8
1479 1675 1558 1700 Domi
1573 1674 1642 1702 suae,
1661 1672 1708 1698 vbi
1727 1680 1838 1710 qumque
1851 1671 1966 1703 latratur,
1986 1672 2122 1700 balineum
2136 1674 2214 1701 dixit.

458 1710 576 1736 Confusa
596 1711 658 1737 Stat.
672 1711 763 1738 Theb.
777 1721 802 1743 1,
823 1720 860 1745 17.
932 1711 1104 1737 Contcrmina

748 1747 896 1779 Contiguae
915 1745 1009 1771 domus
1028 1746 1103 1770 Idem

797 1782 902 1806 Deuota
921 1779 1002 1804 Ouid.
1022 1779 1102 1812 Epist.

61 1707 156 1734 Horat.
169 1708 258 1734 Carni.
271 1718 299 1741 4,
312 1716 336 1741 5,
351 1718 388 1736 21.

61 1740 155 1768 domus
173 1743 276 1769 nostrae
295 1743 387 1770 domui
407 1745 488 1771 Ouid.
501 1746 565 1772 Met.
580 1755 598 1776 1,
613 1754 676 1780 774.

61 1777 126 1805 Met.
139 1786 168 1809 4,
182 1785 222 1812 57.
291 1780 409 1806 Delicata
429 1781 516 1806 Senec.
536 1781 645 1813 Hippol.
666 1782 684 1807 s.
699 1789 724 1807 2.

60 1819 86 1843 95
99 1817 147 1843 15¹3·

58 1853 153 1871 norem
165 1845 265 1871 *domus
284 1847 407 1878 diuinae,
430 1848 459 1873 de
470 1848 578 1882 familia
595 1847 772 1882 Augrstorum.

57 1879 140 1905 Serm.
152 1888 178 1912 2,
190 1888 213 1912 3,
223 1889 265 1914 24.
372 1881 471 1913 Elysiae
494 1881 575 1908 Ouid.
590 1883 655 1908 Met.
672 1890 711 1915 14,
725 1890 769 1908 111.

56 1913 104 1940 vbi
125 1923 179 1941 non
199 1921 225 1941 et
239 1915 321 1942 multa
341 1916 476 1950 supersunt
495 1918 589 1943 Horat.
607 1917 686 1951 Epist.
702 1926 723 1950 1,
738 1920 764 1949 6,
779 1924 820 1950 45.

55 1955 104 1984 438
129 1950 158 1977 de
177 1951 370 1987 meeempffichcfi
385 1953 572 1988 Pythagorica,

44 2005 48 2008 »
318 1988 453 2020 Quoniam
471 1996 525 2014 non
544 1996 655 2022 corpora
674 1987 760 2013 solum

171 2021 272 2047 Verum
293 2023 373 2048 etiam
392 2023 512 2049 volucres
532 2024 635 2049 animae
654 2023 758 2055 sumus,
780 2022 861 2056 inque
881 2021 988 2048 Ferinas

171 2057 302 2083 Pomanus
315 2059 354 2084 ire
368 2057 471 2091 domos,
486 2058 551 2094 quod
561 2059 612 2094 ipſs?
626 2061 743 2094 explicat,
757 2067 937 2119 Fe⁰⁰¹⁴¹¹¹¹¹qgf³
951 2057 979 2083 in
992 2056 1101 2091 peciora

856 2102 903 2119 eon
926 2102 943 2119 1.

524 2120 631 2155 Fertilis
648 2128 710 2154 Stat.
725 2127 790 2154 Silu.
803 2138 830 2162 4,
844 2134 866 2158 8,
881 2137 920 2158 23.

878 1847 988 1880 Egregia
1009 1848 1103 1874 Horat.

841 1881 924 1908 Exilis
944 1882 1038 1908 domus
1054 1882 1101 1915 est,

893 1917 974 1943 Ouid.
987 1918 1052 1944 Met.
1067 1926 1102 1951 15,

46 2111 154 2152 'Fatalis
172 2113 377 2155 Senec.1Troad.
397 2129 415 2154 s.
435 2137 454 2154 1.
991 2127 1100 2154 Flauam

57 2159 167 2188 domum
186 2170 257 2190 vocat
277 2164 338 2191 Stat.
351 2163 443 2190 Theb.
464 2172 508 2196 ιο,
528 2172 575 2198 572
600 2165 744 2198 Apiarium.

56 2195 161 2224 Lucret.
172 2206 192 2230 1,
204 2207 241 2231 19.
310 2200 418 2233 Funesta
438 2199 525 2225 Senec.
540 2199 649 2235 Hippol.
670 2199 688 2226 s.
703 2208 738 2225 12.
811 2199 927 2225 Honesta
945 2200 1012 2224 Hor.
1021 2198 1099 2232 Epist.

55 2239 82 2263 ²2
97 2240 118 2262 Ι,
133 2241 190 2266 ι49.
261 2235 401 2262 Horrenda
419 2235 480 2262 Stat.
493 2234 586 2262 Theb.
599 2244 624 2268 9,
637 2241 695 2269 798.
766 2234 900 2266 Horrida,
926 2235 1055 2269 impolita,
1075 2240 1099 2260 et

53 2265 148 2298 rustica
165 2269 257 2294 quen.
273 2270 324 2297 Sat.
338 2278 381 2303 ισ,
399 2279 460 2303 299.
532 2270 649 2297 Humilis
676 2270 750 2297 Idem
767 2271 818 2296 Sat.
831 2278 871 2302 11,
891 2272 946 2302 169.
977 2279 980 2284 ·
1002 2270 1097 2295 Horat.

43 2301 141 2328 Carni.
155 2312 179 2336 3,
193 2312 213 2336 ι,
230 2312 270 2330 22.
339 2306 453 2340 Illustris
472 2305 564 2333 Tacit.
580 2308 646 2333 Ann.
666 2315 693 2338 3,
715 2315 759 2340 24.
830 2306 915 2340 Impia
935 2304 1017 2332 Ouid.
1032 2306 1097 2331 Met.

41 2341 78 2369 ·8‚
91 2343 149 2371 485-
217 2340 379 2368 Incustodita
397 2341 534 2369 Claudian.
550 2342 582 2369 de
597 2343 671 2376 Rapt.
685 2342 802 2375 Proserp.
816 2350 839 2373 3,
858 2343 915 2374 146.
987 2340 1097 2367 Infamis
1106 2343 1140 2367 60

53 2371 146 2400 domus
166 2374 251 2401 Senec.
266 2377 376 2411 Hippol.
392 2386 413 2404 2.
521 2379 600 2412 Inops
618 2378 700 2404 Ouid.
719 2378 785 2403 Met.
804 2382 827 2409 8,
847 2382 904 2407 822·
997 2376 1098 2403 Laxior

849 2411 979 2445 Locuples
1000 2413 1095 2438 Horat.

880 2447 1009 2477 Mar-itae,
1040 2447 1093 2473 vid.

877 2482 965 2509 Catul.
985 2485 1031 2515 65,
1050 2491 1094 2515 24.

43 2408 120 2436 Plin.
133 2409 193 2437 Pan.
214 2419 260 2443 50,
282 2420 302 2444 5.

41 2444 134 2471 .Serm.
148 2454 179 2478 2,
194 2446 227 2479 6,
242 2455 294 2473 102.

52 2485 79 2505 M
89 2487 110 2506 A
118 2487 138 2506 R
147 2487 187 2507 1¹1*
197 2487 217 2505 v
227 2488 239 2507 s
248 2501 255 2508 .

40 2514 155 2541 Moesta
174 2515 261 2542 Valer.
276 2518 374 2552 Argon.
389 2528 413 2550 1,
428 2526 482 2553 753.

40 2553 96 2575 ,υἰα
107 2551 188 2576 multa
195 2551 280 2585 habet,
299 2559 323 2579 et
336 2554 530 2580 habitationibus
538 2574 546 2587 ,
564 2562 607 2581 aut
615 2554 743 2591 ficcffibus
753 2554 934 2581 accommodata
946 2555 999 2580 loca
1008 2564 1016 2578 :
1037 2553 1094 2580 Sen.

53 2584 160 2619 ΗῘΡΡΟῘ-
178 2595 231 2619 523·
301 2589 349 2616 Sed
364 2589 443 2617 Ouid.
460 2591 525 2616 Met.
540 2595 570 2622 8,
588 2596 628 2624 158
654 2590 772 2616 Destinat
792 2589 861 2615 hunc
876 2590 965 2616 Minos
984 2589 1095 2615 thalami

51 2628 191 2648 remouere
202 2622 345 2656 pudorem,
379 2625 579 2661 Multiplicique
598 2626 680 2652 domo
693 2626 773 2652 caecis
793 2625 928 2651 includere
948 2624 1039 2653 te&i5‚
1065 2624 1093 2649 de

51 2655 215 2690 Labyrintho.
285 2659 388 2686 Natalis
405 2661 492 2686 Valer.
507 2663 606 2694 Argon.
619 2670 642 2693 3,
659 2670 708 2692 321.
781 2661 881 2686 Natiua
902 2661 989 2685 Senee.
1010 2660 1091 2692 Hipp.

52 2691 70 2717 s.
86 2700 113 2725 4.
185 2692 270 2726 Nigra
289 2694 350 2720 Stat.
369 2695 432 2720 Silu.
447 2702 469 2727 5,
492 2703 517 2726 1,
538 2703 575 2726 19.

50 2726 83 2752 de
97 2727 172 2760 Rapt.
187 2728 304 2763 Proserp.
319 2737 340 2760 3,
354 2737 408 2761 323.
480 2729 590 2755 Nobilis
610 2730 667 2755 Sen.
681 2728 774 2755 Theb.
792 2738 811 2754 1.
885 2729 973 2762 Opaca
994 2728 1093 2763 Virgil.

37 2761 115 2787 .Aen.
127 2770 151 2793 3,
165 2765 219 2794 619·
291 2763 443 2791 Idem-Aen.
458 2773 481 2796 3,
494 2769 522 2797 85
548 2765 587 2791 Da
601 2765 714 2791 Patriam
726 2763 898 2796 Thymbraee
913 2763 1038 2796 domum,
1060 2763 1093 2790 da

40 2797 154 2823 moenia
173 2798 253 2829 fess'ffi,
289 2800 314 2826 h.
334 2809 353 2825 e.
385 2799 417 2825 da
434 2800 519 2831 nohis,
546 2807 575 2825 ve
592 2800 723 2835 aliquando
742 2803 769 2826 in
788 2802 901 2834 pati-fam
925 2799 1092 2825 concedamus.

31 2832 221 2894 ‘gsirgiliaman
240 2834 285 2860 hoc
302 2844 399 2861 carmen
411 2833 451 2868 fic
468 2836 529 2866 legit
545 2835 670 2861 Seruius:
703 2835 742 2861 Da
763 2835 898 2870 propriam
918 2834 1092 2866 Thymbraee

65 2876 156 2894 omum
195 2875 241 2894 etc.

45 2888 184 2938 priamqu’e
197 2903 302 2930 dicabo.
358 2907 389 2932 Et
402 2906 469 2932 bene
487 2905 544 2940 po'st
558 2906 767 2940 experimentum
779 2906 846 2931 male
862 2905 984 2931 conditae
996 2905 1088 2931 ciuita-

46 2939 94 2969 tis,
111 2944 246 2980 perpetuas
259 2940 373 2973 postulat
385 2941 463 2989 sedes.
519 2942 645 2974 Domum,
661 2941 799 2968 Familiam
814 2951 819 2966 ε
843 2947 883 2973 vr,
899 2941 1000 2967 Domus
1014 2946 1086 2967 tenet

34 2974 612 3047 ἒῗὶἓὲἓξέξιόὃι,ηοωΕηρεῖῖιίἕῆῗξιέἕίξςωὲις.
626 3013 703 3039 Verr.
724 3022 758 3046 4,
778 3021 799 3044 3.

47 3044 154 3080 Hippol.
169 3055 201 3073 11.
237 3046 298 3074 Stat.
313 3047 378 3074 Silu.
391 3057 419 3081 4,
432 3051 457 3080 6,
472 3051 511 3078 86.

22 3077 179 3112 --Rlutoniffi
203 3085 221 3109 i.
236 3083 318 3117 inferi
339 3083 411 3111 [dein
430 3085 517 3110 Carm.
539 3093 562 3116 1,
584 3093 617 3118 4,
638 3092 675 3119 17.
743 3084 845 3110 Polluta
865 3084 962 3113 Lucan.
976 3092 1008 3116 2,
1027 3092 1084 3116 252.

41 3112 140 3143 ·Potens
152 3117 238 3145 Catul.
251 3127 290 3151 59,
307 3120 358 3151 156.
410 3120 504 3146 Horat.
517 3120 605 3146 Carni.
620 3128 639 3152 1,
652 3127 689 3153 35,
703 3128 748 3153 24.
817 3120 973 3153 Praepotens
992 3119 1082 3146 Senec.

51 3149 178 3187 Octaui-s.
192 3161 214 3179 2.
286 3154 380 3181 Pudica
399 3156 532 3188 QninGtil.
546 3164 555 3181 1
565 3174 572 3186 ‚
587 3164 623 3181 10.
691 3155 787 3181 Purior
805 3156 899 3182 Horat.
912 3155 994 3182 Serm.
1011 3164 1037 3187 1,
1055 3163 1082 3188 9,

51 3187 256 3255 gszolRegalis
275 3190 433 3252 Ouidkhhe't.
447 3200 532 3253 1,6171.
602 3190 685 3225 Regia
704 3191 762 3217 sen.
778 3191 929 3226 Agamemn.
950 3191 968 3217 s.
984 3200 1021 3217 10.
1059 3197 1083 3216 et

150 3229 156 3248 ί
191 3243 198 3249 .
277 3245 283 3252 .
369 3235 385 3252 ιι
411 3236 467 3253 ιη.ι
512 3236 531 3258 ι,
546 3235 555 3252 ι
574 3246 579 3253 .

51 3255 117 3281 Am·
131 3264 151 3289 Ι,
163 3266 189 3291 4.
253 3260 386 3288 Ruinosae
407 3234 580 3296 Ouid.'Epi1i.
596 3271 615 3294 1,
629 3264 670 3294 56.
723 3263 797 3288 Sacra
817 3261 891 3288 Idem
905 3263 970 3288 Met.
987 3263 1081 3293 11‚618.

42 3290 141 3330 SanGta
158 3293 245 3320 quen.
259 3296 308 3322 Sat.
323 3305 361 3329 14,
373 3300 412 3327 68.
504 3298 620 3332 Simplex
639 3298 700 3324 Stat.
714 3298 779 3324 Silu.
792 3306 813 3328 3,
828 3306 848 3329 ι,
861 3306 898 3329 32.
992 3297 1082 3323 Socra-

49 3331 117 3357 tlffl,
129 3323 198 3360 fiffa
205 3330 369 3367 philosophiae
388 3334 482 3360 Horat.
497 3335 583 3360 Carm.
601 3342 620 3365 1,
634 3342 675 3366 29,
691 3341 731 3366 14.
823 3332 962 3367 Splendida
983 3332 1081 3367 Virgil.

49 3362 114 3400 Λθῐῑς
129 3369 149 3400 ξ,
163 3363 226 3395 ⁶4¹··
304 3367 423 3400 stellata,
449 3372 467 3395 i.
480 3371 571 3395 caelum
590 3369 726 3395 Claudian.
740 3368 772 3394 de
787 3369 861 3403 Rapt.
875 3370 993 3403 Proserp.
1007 3377 1035 3401 3,
1057 3374 1079 3398 8.

47 3395 150 3436 Stefflls
168 3397 281 3438 PYO'PH·
294 3411 319 3436 4,
332 3411 369 3435 12,
381 3406 421 3431 62.
513 3405 627 3439 Superae
645 3404 726 3431 Ouid.
741 3404 806 3430 Fast.
824 3414 843 3437 1,
859 3410 915 3437 298.

47 3432 131 3466 qullla
150 3406 285 3462 Claugnm.
296 3437 327 3463 de
340 3439 414 3474 Rapt.
428 3440 544 3475 Proserp.
558 3450 581 3473 3,
596 3449 653 3467 202.
727 3441 816 3466 Vacua
835 3440 910 3466 Idem
928 3440 956 3466 in
970 3441 1078 3475 Eutrop.

46 3475 71 3498 2,
85 3476 124 3507 93·
217 3468 301 3501 Vflgfle
317 3472 409 3501 Horat.
422 3476 512 3502 Carm.
525 3485 546 3508 3,
564 3485 615 3509 24,
632 3485 669 3502 ιο.
738 3475 819 3502 Ouid.
834 3475 898 3502 Fast.
919 3485 928 3502 1
938 3496 945 3508 ‚
966 3478 998 3509 36
1028 3477 1078 3503 Per

44 3503 157 3529 totidem
175 3503 274 3530 menses
297 3513 310 3530 a
328 3507 418 3536 funere
441 3511 561 3546 coniugis
579 3520 662 3542 vxor,
703 3510 817 3537 Sustinet
835 3512 862 3537 in
883 3511 971 3538 Vidua
991 3511 1077 3539 tristia

45 3538 114 3572 flgna
128 3537 218 3564 domo.
285 3540 386 3571 Vndosa
397 3545 504 3573 Eridani
523 3547 614 3574 Claud.
627 3547 706 3573 Cons.
719 3547 791 3574 Hon.
807 3549 833 3579 6,
847 3550 903 3580 146.
1021 3545 1042 3583 ff
1063 3555 1075 3579 3

384 2413 509 2446 Lstorea,
541 2414 594 2440 vid.
614 2420 742 2440 LiTvs.

363 2448 518 2482 Magnifica,
547 2450 602 2474 vid.
624 2454 808 2475 MAGNVS.

326 2483 423 2510 Misera
442 2484 523 2510 Ouid.
542 2483 621 2519 Epist.
641 2483 699 2509 Sab.
718 2492 751 2515 2,
770 2488 806 2515 58.

648 2998 655 3002 .
693 2976 822 3003 Patriciae
841 2976 935 3002 Claud.
954 2976 987 3003 de
1007 2977 1087 3004 Cons.

872 3011 978 3039 Plebeia
998 3012 1087 3039 Senec.

44 3616 67 3641 2,
81 3611 141 3644 762.
235 3609 359 3644 Accipere
377 3614 406 3640 in
422 3616 518 3651 domo,
555 3617 703 3645 Admittere
726 3618 755 3644 in
774 3618 900 3651 domum,
927 3619 980 3644 vid.
992 3617 1027 3651 ff
1047 3618 1073 3644 ll.

42 3645 160 3684 Aequata
178 3644 235 3671 solo
254 3645 348 3672 domus
374 3649 499 3682 Qiinefil.
518 3662 548 3685 3,
564 3661 591 3688 7.
685 3654 811 3688 Affligere
833 3654 942 3681 domum
962 3653 1075 3680 alicuius

39 3681 98 3706 Cic.
112 3689 161 3714 pro
173 3681 261 3707 Domo
277 3681 320 3721 sua
358 3701 364 3707 .
401 3702 408 3709 .
443 3704 450 3711 .
514 3689 611 3716 Carere
625 3688 721 3720 domo,
746 3690 799 3716 vid.
818 3696 892 3717 CAR
904 3697 956 3716 130.
1025 3690 1074 3715 Ce-

40 3715 143 3742 lebrare
155 3716 247 3743 domos
266 3715 347 3743 Ouid.
363 3718 426 3744 Met.
440 3728 476 3752 10,
490 3728 536 3753 118.
629 3725 759 3752 Claudere
771 3725 850 3752 node
868 3725 977 3751 domum
991 3724 1073 3751 Ouid.

41 3751 132 3777 Amor.
147 3759 179 3784 2,
195 3760 238 3785 19,
256 3758 293 3784 38.

38 3786 222 3821 commigrare
241 3787 270 3814 in
290 3787 415 3822 domum,
452 3791 504 3816 vid.
524 3793 565 3820 hh.
582 3804 626 3821 vv.
720 3796 808 3823 Senec.
828 3797 908 3822 Herc.
928 3796 989 3822 Oet.
1019 3797 1038 3822 s.
1059 3805 1071 3828 3

39 3819 110 3861 Tibi,
122 3822 215 3850 cunda
227 3823 319 3850 domus
333 3824 458 3852 Concidit
471 3827 525 3853 vni.
615 3831 784 3866 Coniungere
802 3831 864 3858 duas
884 3837 909 3858 et
923 3841 1028 3867 magnas
1047 3838 1073 3858 ct

37 3855 141 3884 nobiles
155 3858 247 3885 domos
261 3860 317 3886 Cic.
330 3869 379 3894 pro
393 3861 480 3887 Domo
494 3862 538 3888 sua
550 3870 595 3895 115.
633 3867 690 3894 Vid.
706 3874 723 3894 c
735 3874 754 3894 o
764 3875 786 3894 N
795 3876 804 3894 1
813 3875 833 3894 v
843 3875 864 3894 N
874 3874 893 3894 G
904 3874 932 3894 Ο.
1000 3868 1071 3894 Con-

38 3890 140 3930 sumere
156 3892 264 3921 domum
283 3895 346 3922 luxu
364 3902 389 3923 ct
406 3897 513 3931 flagitiis
532 3897 622 3925 Claud.
635 3900 663 3926 in
675 3903 816 3931 Curetium
854 3923 861 3929 .
899 3923 905 3929 .
999 3904 1068 3930 Con-

26 3925 129 3959 ,vestita
155 3927 247 3955 domus
270 3930 335 3957 lucis
344 3951 352 3963 ,
389 3932 442 3959 vid.
469 3939 485 3959 C
494 3939 513 3959 0
523 3939 544 3958 N
555 3939 574 3959 V
585 3939 600 3962 E
611 3939 624 3960 S
633 3942 653 3961 T
663 3943 674 3962 1
683 3943 702 3964 0
714 3957 720 3963 .

185 3969 266 3992 vox..
301 3968 342 3995 11.

1109 1993 1141 2018 50
1158 1986 1235 2021 fama
1253 1997 1304 2013 mea
1319 1988 1419 2022 pendet.

816 2163 990 2190 Frondiferae
1007 2163 1099 2189 auium
1116 2169 1144 2195 55

589 2519 730 2553 Multiplex
750 2518 859 2548 domus,
888 2521 905 2544 i.
925 2527 986 2554 quae
1000 2519 1094 2544 concla—
1107 2517 1138 2549 6)·

644 2695 752 2722 Niualis
769 2695 863 2720 domus
881 2695 980 2719 Boreae
1000 2693 1135 2728 Claud.70

617 3048 695 3075 Plena
715 3049 808 3075 Horat.
823 3048 910 3074 Carm.
930 3057 965 3080 4,
985 3056 1023 3080 12,
1043 3057 1084 3081 24.
1105 3054 1138 3080 80

1145 3297 1288 3323 nuficinam
1307 3304 1484 3325 commentum
1500 3309 1505 3324 :

1143 3340 1234 3368 meopte
1252 3335 1414 3368 experimento
1430 3337 1558 3369 comperio.

1146 3368 1237 3403 (quod
1252 3370 1344 3401 aiunt)
1370 3370 1476 3396 versura
1492 3369 1538 3402 lit,
1565 3375 1591 3395 et
1614 3369 1688 3396 velut
1711 3371 1840 3397 lusorium
1860 3379 1957 3396 nomen
1979 3370 2064 3397 statim
2088 3373 2185 3399 transit.

990 3405 1078 3430 Tran-
1092 3409 1129 3434 90
1144 3405 1258 3435 Domui,
1283 3407 1393 3431 Datiuus
1403 3405 1500 3466 stmffer
1521 3403 1554 3438 ⁶st
1571 3412 1673 3441 quartae
1692 3406 1882 3432 declinationis:
1915 3415 1939 3432 υ.
1953 3415 1979 3441 g.
2004 3407 2083 3433 Ouid.
2097 3408 2184 3435 Trist.

1143 3449 1165 3472 3,
1182 3449 1219 3473 12,
1233 3448 1264 3473 50
1291 3440 1339 3467 Ille
1358 3449 1432 3467 meae
1536 3441 1541 3445 “

1142 3485 1230 3509 mum,
1243 3476 1299 3510 sine
1313 3475 1492 3512 Praepositione
1506 3484 1623 3513 tanquam
1640 3477 1790 3503 Aduerbium
1808 3477 1842 3503 ad
1857 3478 1934 3502 locum
1945 3476 2019 3513 saepe
2040 3479 2184 3514 usurpatur.

1141 3510 1266 3546 [οἶκόνδε]
1292 3512 1359 3539 Ter.
1373 3514 1438 3539 Hec.
1451 3521 1478 3544 3,
1499 3522 1511 3538 2
1520 3532 1526 3544 ,
1547 3520 1577 3545 25
1985 3514 1990 3517 ”

1142 3557 1194 3581 qua
1206 3547 1331 3574 redeant?

49 3573 129 3601 V‘rba
145 3580 169 3599 θ’
182 3575 322 3609 ΡαΥῙῘΠΡῘα
334 3586 342 3600 -”
375 3579 467 3607 Abdita
479 3582 573 3609 domus
589 3583 617 3608 in
630 3583 691 3609 imis
705 3582 820 3609 vallibus
835 3584 905 3609 antri
923 3582 1077 3609 Ouid.Met.
1087 3590 1122 3616 95
1141 3583 1219 3610 auch
1231 3582 1340 3610 domum
1353 3583 1386 3610 ad
1401 3593 1444 3610 me
1456 3583 1529 3610 Idem
1543 3583 1652 3617 Adelph.
1668 3592 1695 3615 4,
1709 3592 1736 3615 4,
1750 3588 1783 3613 18.

1141 3619 1162 3645 is
1184 3618 1265 3645 hodie
1277 3626 1419 3646 venturum
1437 3620 1525 3646 adme
1543 3618 1679 3645 constituit
1695 3618 1816 3644 domum.

1140 3654 1216 3687 illico
1229 3654 1277 3680 vbi
1290 3664 1333 3682 me
1345 3656 1444 3690 accepit
1454 3676 1463 3687 ,
1482 3656 1547 3681 laeta
1563 3663 1626 3680 vero
1640 3653 1672 3679 ad
1686 3654 1710 3679 se
1725 3653 1832 3680 abducit
1844 3653 1963 3681 domum.

1140 3689 1249 3716 domum
1269 3690 1337 3717 Ibid.
1354 3701 1380 3725 4,
1398 3700 1420 3723 3,
1440 3699 1476 3723 ι9.

1138 3725 1191 3752 vid.
1205 3726 1247 3752 hh.
1263 3735 1306 3752 υυ.

386 3753 476 3781 Clausa
495 3757 586 3786 domus
606 3760 718 3794 pudori,
753 3761 928 3795 Complanare
947 3760 1248 3791 dom11n1‚100d011111n1
1263 3762 1332 3788 suam
1347 3761 1525 3796 Compulistis.

1136 3798 1301 3824 Conuertcre
1320 3799 1344 3824 se
1358 3798 1465 3823 domum
1485 3796 1554 3821 Ter.
1567 3795 1678 3829 Adelph.
1693 3805 1722 3827 2,

1137 3835 1171 3859 60
1196 3834 1225 3859 Et
1239 3834 1311 3860 illam
1325 3833 1377 3859 fine
1391 3840 1433 3859 tua
1447 3840 1527 3865 opera
1540 3831 1569 3859 in
1582 3831 1733 3858 cubiculum
1746 3833 1782 3859 iri
1795 3832 1943 3860 Deductum
1958 3834 2084 3859 domum?
2120 3833 2175 3859 Cic.

1136 3877 1184 3903 pro
1200 3869 1304 3895 Cluent.
1318 3872 1352 3901 69
1376 3865 1529 3894 Sestertium
1543 3867 1659 3894 sexcenta
1674 3868 1845 3903 quadraginta
1859 3869 1966 3895 Deferri
1979 3868 2009 3894 ad
2024 3869 2047 3893 se
2064 3869 2173 3894 domum

1136 3904 1220 3936 iuffit,
1245 3907 1264 3930 i.
1280 3905 1352 3940 fitam
1372 3903 1475 3930 domum.

820 3938 954 3966 Conuulsa
973 3938 1114 3973 domus105
1134 3940 1173 3967 nii
1189 3939 1298 3966 domum
1311 3939 1407 3966 venisse
1421 3938 1527 3966 dicitur.

1169 1710 1225 1734 Cic.
1246 1710 1276 1734 ad
1292 1711 1370 1735 Λαὶς.
1393 1718 1416 1740 ι,
1434 1718 1451 1741 9
1476 1709 1543 1733 dixit
1557 1708 1638 1733 Domi
1651 1708 1785 1737 Caesaris,
1806 1713 1835 1731 vt
1854 1714 1884 1737 2,
1902 1714 1919 1740 7
1944 1707 1972 1732 in
1990 1708 2071 1734 domo
2085 1711 2212 1736 Caesaris.

1169 1744 1235 1768 Ter.
1251 1744 1362 1778 Adelph.
1377 1755 1405 1777 4,
1419 1753 1441 1775 2,
1457 1751 1485 1777 17
1513 1743 1585 1775 Qud
1601 1743 1655 1773 ais,
1675 1741 1744 1767 bone
1757 1742 1814 1771 vir,
1834 1741 1870 1767 est
1885 1741 1967 1768 frater
1985 1742 2059 1770 domi
2075 1745 2084 1770 ἓ
2156 1746 2214 1772 Cic.

1169 1777 1201 1802 de
1217 1778 1273 1802 Fin.
1288 1787 1307 1809 ς,
1321 1785 1352 1811 39
1375 1780 1422 1805 Sed
1439 1785 1466 1804 tu
1482 1778 1562 1804 etiam
1578 1776 1720 1810 Chrysippe
1735 1776 1763 1801 iu
1775 1777 1846 1807 som,
1862 1776 1946 1809 domi,
1967 1778 1995 1804 in
2009 1779 2096 1807 schola
2108 1780 2212 1808 definis.
2228 1806 2236 1809 s

220 1813 326 1839 Diuina.
363 1816 393 1839 In
407 1815 441 1840 H.
455 1816 486 1840 D.
495 1815 526 1839 D.
541 1812 769 1847 lasti-iprsseines.
786 1822 806 1845 1,
820 1819 848 1845 85
868 1822 892 1846 p.
904 1820 956 1838 122.
982 1814 1039 1838 i.In
1054 1813 1102 1839 ho-'
1111 1816 1146 1841 45
1169 1812 1265 1844 Virgil.
1275 1813 1326 1838 Ecl.
1342 1822 1404 1845 3‚33.
1442 1813 1554 1840 Domuis
1567 1816 1640 1839 etiam
1653 1815 1680 1837 [η
1695 1813 1808 1838 Genitiuo
1823 1812 1895 1838 habet
1909 1814 1994 1840 Varro
2013 1816 2079 1849 apud
2090 1816 2214 1842 Nonium

1169 1851 1192 1877 8,
1207 1849 1250 1871 66.
1292 1848 1349 1873 Vid.
1365 1849 1433 1874 Gell.
1447 1857 1481 1881 4,
1502 1849 1538 1875 16.
1633 1849 1765 1882 Apparere
1786 1847 1876 1878 domi,
1912 1850 2056 1876 Continere
2076 1851 2101 1876 se
2122 1851 2212 1883 domi,

1166 1880 1219 1906 vid.
1234 1881 1274 1906 hh.
1288 1891 1331 1908 vv.
1435 1884 1486 1909 Res
1498 1882 1583 1917 gestae
1595 1882 1669 1909 domi
1687 1882 1768 1909 Ouid.
1781 1883 1844 1908 Met.
1859 1890 1894 1914 15,
1907 1888 1967 1917 748.
2074 1886 2212 1914 Includere

1166 1917 1190 1942 se
1207 1915 1297 1946 domi,
1328 1917 1380 1943 uid.
1403 1925 1597 1945 1NCLVDO.
1705 1918 1773 1944 Ter.
1790 1918 1853 1943 Hec.
1872 1925 1903 1949 2,
1924 1927 1950 1949 1,
1971 1927 1995 1945 21
2021 1921 2057 1946 Vt
2076 1930 2122 1947 vos
2143 1923 2212 1949 mihi

1165 1950 1240 1977 domi
1253 1953 1344 1985 eritis,
1364 1954 1476 1986 proinde
1493 1962 1543 1987 ego
1557 1962 1604 1979 ero
1622 1952 1705 1983 foris,
1725 1962 1740 1978 α
1754 1954 1835 1984 vestra
1855 1954 1958 1979 uiuendi
1974 1959 2070 1981 ratione
2084 1956 2214 1990 domestica

1488 1989 1545 2015 Cic.
1559 1987 1612 2014 Off.
1630 1996 1657 2019 1,
1676 1989 1711 2022 76
1736 1988 1812 2013 Parui
1834 1988 1892 2014 sunt
1911 1997 1983 2015 arma
2001 1991 2084 2023 foris,
2104 1992 2152 2019 nifi
2173 1994 2210 2019 est

1165 2021 1301 2048 confilium
1315 2023 1399 2048 domi.
1471 2023 1602 2056 Qiinciil.
1612 2031 1634 2055 5,
1649 2031 1687 2054 ιο,
1701 2024 1730 2048 16
1754 2025 1887 2057 exemplum
1898 2027 1975 2057 ponit
1987 2025 2124 2053 credibilis
2140 2032 2213 2055 tertii

1164 2059 1232 2083 velut
1244 2058 1354 2093 gradus,
1375 2064 1475 2084 tautum
1489 2067 1542 2084 non
1555 2059 1732 2092 repugnantis,
1750 2058 1780 2083 In
1793 2058 1874 2083 domo
1889 2059 1993 2086 furtum
2006 2061 2106 2088 facium
2121 2063 2154 2090 ab
2167 2073 2211 2097 eo,

1165 2093 1212 2127 qui
1233 2094 1308 2119 domi
1330 2093 1392 2119 fuit.
1470 2094 1552 2120 Cuius
1572 2093 1646 2118 domi
1666 2093 1734 2129 fuit,
1751 2099 1798 2126 pro
1814 2095 1845 2119 In
1865 2096 1935 2125 cuim
1953 2095 2036 2122 domo‘:
2058 2099 2114 2124 Cic.
2131 2100 2209 2126 Verr.

1163 2137 1192 2159 5,
1211 2135 1228 2162 7
1254 2130 1354 2162 Hospes
1372 2134 1431 2154 tuus
1450 2130 1524 2154 cuius
1544 2134 1572 2154 tu
1592 2128 1666 2153 domi
1685 2128 1789 2160 fueras,
1808 2138 1887 2162 quem
1908 2129 2039 2165 hospitem
2058 2135 2210 2168 appellaras.

1163 2162 1237 2188 Idem
1253 2172 1301 2197 pro
1314 2163 1407 2197 Qiint.
1421 2172 1453 2196 54
1481 2163 1537 2197 Qu
1550 2163 1625 2190 istius
1637 2163 1712 2189 domi
1724 2171 1780 2189 erat
1793 2165 1925 2191 educatus.
1997 2168 2080 2195 Domi
2099 2170 2135 2196 est
2154 2172 2212 2197 ani-

1164 2207 1237 2230 mus,
1270 2202 1288 2224 i.
1310 2202 1390 2234 cogito
1408 2199 1436 2224 de
1455 2199 1538 2231 domo,
1558 2206 1603 2225 aut
1623 2199 1686 2234 quid
1702 2199 1768 2224 domi
1786 2207 1879 2235 agatur
1900 2201 1980 2228 Plaut.
1994 2203 2076 2231 Merc.
2097 2214 2120 2237 3,
2138 2216 2167 2239 4,
2184 2215 2209 2234 2.

1163 2233 1231 2260 Ter.
1246 2235 1312 2260 Eun.
1328 2243 1355 2267 5,
1376 2243 1400 2267 2,
1420 2237 1451 2267 56
1478 2235 1558 2260 Visne
1578 2235 1694 2265 interea,
1715 2234 1777 2260 dum
1798 2237 1818 2261 is
1836 2237 1926 2268 venit,
1946 2237 2020 2264 domi
2038 2242 2210 2275 operiamur,

1162 2270 1251 2303 potius
1264 2279 1343 2304 quam
1357 2268 1400 2296 hic
1415 2276 1475 2296 ante
1489 2270 1604 2296 ostium?
1626 2280 1629 2283 ’
1675 2271 1756 2296 Domi
1769 2279 1826 2303 ero,
1842 2270 1859 2297 fi
1872 2271 1936 2305 quid
1949 2273 2024 2300 voles
2035 2275 2103 2302 Ter.
2113 2278 2211 2304 Heaut.

1162 2314 1191 2338 4,
1205 2310 1228 2336 8,
1241 2314 1280 2337 32.
1353 2305 1452 2334 Sallust.
1467 2306 1495 2332 in
1509 2306 1588 2332 Catil.
1603 2313 1642 2340 17,
1656 2310 1669 2338 ς’
1696 2306 1737 2331 Ad
1752 2306 1803 2332 hoc
1819 2307 1898 2333 multi
1911 2316 1943 2334 ex
1955 2310 2069 2337 coloniis
2084 2318 2110 2337 ct
2123 2314 2209 2339 muni-

1162 2340 1240 2374 cipiis
1261 2341 1336 2367 domi
1355 2341 1459 2367 nobiles
1476 2348 1557 2368 erant.
1627 2342 1670 2368 Sic
1688 2341 1745 2367 Cic.
1757 2350 1807 2376 pro
1821 2343 1924 2369 Cluent.
1943 2354 1964 2370 c.
1980 2353 2018 2377 23.
2049 2353 2073 2373 et
2087 2348 2116 2374 in
2132 2350 2208 2375 Verr.

1162 2385 1171 2402 1
1194 2385 1214 2401 c.
1230 2383 1266 2410 17.
1338 2377 1430 2403 lustin.
1447 2384 1476 2409 5,
1491 2380 1523 2409 9,
1542 2379 1568 2403 6.
1622 2376 1683 2403 Liu.
1703 2382 1731 2408 8,
1753 2385 1788 2409 19.
1841 2379 1917 2405 Curt.
1932 2388 1958 2412 3,
1978 2389 2013 2413 ι3,
2032 2389 2066 2413 15.
2136 2384 2206 2410 Ter.

1160 2411 1271 2446 Adelph.
1285 2420 1307 2444 3,
1321 2421 1349 2444 4,
1362 2421 1398 2445 49
1418 2413 1475 2438 Vna
1489 2413 1590 2446 semper
1602 2412 1714 2438 militiae
1728 2419 1754 2439 et
1767 2413 1840 2439 domi
1858 2414 1967 2441 fuimus.
2039 2417 2095 2443 Cic.
2115 2418 2147 2444 de
2164 2420 2206 2445 Sea

1159 2447 1226 2472 neci.
1242 2452 1272 2477 82
1299 2448 1340 2473 An
1360 2448 1446 2474 censes
1466 2451 1514 2479 (vt
1527 2448 1559 2474 de
1573 2457 1616 2474 me
1630 2448 1688 2482 ipso
1707 2448 1808 2482 aliquid
1828 2458 1904 2476 more
1918 2451 2008 2476 senum
2025 2452 2142 2485 glorier)
2162 2463 2206 2480 me

1159 2489 1244 2510 tantos
1258 2482 1363 2509 labores
1383 2483 1493 2510 diurnos
1512 2483 1713 2517 nocturnosque
1733 2484 1822 2515 domi,
1842 2485 2009 2519 militiaeque
2026 2487 2206 2521 suscepturum

1156 2518 1249 2550 fuiss'e,
1269 2526 1314 2545 etc.
1383 2519 1457 2545 Idem
1471 2519 1582 2545 Tuscul.
1598 2526 1620 2551 5,
1635 2526 1662 2551 55
1689 2519 1814 2551 Qiorum
1833 2519 1917 2545 virtus
1935 2520 2022 2547 fuerat
2040 2521 2115 2548 domi
2133 2525 2205 2551 inili-

1157 2554 1264 2588 tiaeque
1278 2554 1392 2588 cognita.
1462 2554 1543 2580 Plaut.
1558 2555 1633 2587 Capt.
1649 2553 1715 2586 prol.
1730 2556 1761 2582 68
1788 2554 1885 2586 Domi,
1904 2553 2022 2590 bellique
2042 2556 2203 2587 duellatores

1157 2590 1262 2623 optimi.
1334 2588 1406 2614 Idem
1420 2588 1489 2614 Afin.
1504 2597 1529 2620 2,
1548 2597 1570 2619 3,
1591 2596 1625 2619 13.
1696 2588 1752 2613 Cic.
1767 2588 1819 2614 Off.
1835 2597 1862 2620 2,
1882 2596 1914 2622 50
1940 2591 2075 2619 Praeterea
2094 2595 2203 2628 quibus-

1157 2633 1261 2657 cunque
1276 2622 1355 2649 rebus
1369 2623 1411 2649 vel
1425 2623 1487 2649 belli
1502 2623 1544 2648 vel
1557 2622 1632 2648 domi
1646 2628 1806 2656 potuerunt,
1827 2624 1966 2659 Rempubl.
1980 2634 2099 2661 augeant.
2132 2631 2201 2657 Add.

1155 2659 1222 2684 Vell.
1239 2667 1261 2689 2,
1274 2666 1317 2691 27.
1388 2658 1455 2684 Ter.
1469 2659 1534 2684 Eun.
1548 2667 1577 2691 4,
1591 2665 1617 2693 7,
1630 2666 1663 2691 45
1688 2659 1822 2693 Domique
1840 2660 1948 2695 focique
1967 2662 2008 2688 fac
2021 2664 2146 2699 vicissim,
2167 2673 2198 2693 vt

1155 2693 1317 2719 memineris.
1389 2693 1463 2719 Idem
1483 2694 1546 2721 Eun.
1568 2704 1603 2727 4,
1623 2695 1654 2723 6,
1673 2701 1689 2725 9
1720 2694 1771 2720 Vbi
1792 2703 1822 2720 ea
1843 2695 1902 2722 est?
1928 2703 1958 2723 T.
1976 2696 2050 2725 domi
2063 2701 2131 2735 apud
2145 2711 2196 2729 me.

1155 2729 1211 2755 Cic.
1226 2730 1301 2754 Verr.
1315 2735 1337 2761 5,
1351 2735 1384 2762 72
1405 2729 1486 2754 Domi
1500 2730 1548 2755 esse
1561 2728 1629 2763 apud
1644 2729 1696 2754 sese
1709 2729 1878 2763 archipiratas
1897 2731 1965 2758 dixit
1979 2733 2054 2760 duos.
2125 2737 2201 2765 Idem

1156 2764 1268 2790 ''Futcuh
1287 2772 1314 2796 5,
1330 2772 1366 2795 1¹3
1399 2763 1534 2790 Diodorus
1554 2764 1656 2790 Stoicus
1675 2772 1764 2791 caecus
1783 2765 1881 2792 multos
1900 2776 1980 2794 annos
2001 2770 2104 2797 nostrae
2123 2773 2199 2800 domi

1154 2800 1234 2825 vixit.
1296 2799 1436 2825 Cic.Verr.
1453 2808 1472 2831 1,
1510 2819 1516 2825 .
1554 2819 1561 2825 .
1597 2799 1713 2826 Iactatur
1728 2800 1801 2827 domi
1814 2802 1874 2828 suae
1888 2804 1931 2829 vir
1945 2805 2062 2839 optimus
2075 2814 2100 2833 et
2114 2807 2198 2839 homo

1153 2833 1352 2860 honestissimus.
1423 2834 1503 2868 Quod
1516 2844 1598 2866 ame5‚
1618 2835 1692 2862 domi
1706 2836 1742 2862 est
1756 2837 1822 2863 Ter.
1830 2837 1935 2865 Phorm.
1948 2848 1971 2872 3,
1986 2849 2008 2873 2,
2022 2849 2058 2874 19.
2116 2844 2198 2872 Domi

307 2870 443 2904 Propriam
462 2866 521 2904 (a'it
539 2870 601 2896 idem
619 2870 744 2902 Seruius)
774 2871 927 2903 Perpetuam
941 2880 946 2895 :
980 2875 1009 2895 vt
1028 2870 1089 2895 Pro·
1102 2877 1134 2905 75
1154 2869 1182 2896 id
1195 2870 1301 2896 dicimur
1313 2869 1425 2901 habere,
1443 2870 1508 2906 quod
1522 2873 1553 2897 ln
1566 2871 1634 2897 nobis
1640 2870 1718 2904 fitam
1730 2871 1763 2904 <ll
1771 2892 1779 2904 ,
1798 2882 1842 2899 nec
1856 2873 1942 2907 neccffe
1956 2874 1990 2908 est
2001 2877 2031 2902 ab
2046 2879 2106 2904 aliis
2116 2887 2198 2907 mutuo

1164 2915 1229 2931 wner
1236 2915 1250 2931 '-

1145 2901 1261 2973 bifidis,
1281 2950 1353 2976 quam
1365 2941 1431 2967 danii
1448 2941 1572 2975 deficiet-es.

1310 2906 1472 2932 Translatum
1490 2912 1593 2941 apparet
1607 2906 1644 2968 al}
1646 2916 1684 2968 1εά
1701 2909 1873 2943 εονψιειιιόίηε
1886 2912 1960 2945 Joris
1979 2913 2104 2948 rogandae
2115 2915 2197 2951 ,ἡμᾶς

1657 2948 1709 2968 aut.
1723 2944 1783 2969 Mil.
1801 2953 1821 2974 2,
1842 2953 1863 2975 2,
1883 2948 1914 2977 36

1222 2977 1304 3003 Domi
1319 2976 1398 3003 habet
1410 2978 1527 3003 animuin
1544 2976 1723 3012 falsiloquum,
1743 2979 1879 3007 fallificulu
1889 3001 1897 3013 ,
1914 2980 2090 3016 falfiiurium,

1220 3012 1302 3038 Domi
1317 3012 1391 3038 dolos
1401 3033 1408 3044 ‚
1429 3012 1504 3039 domi
1519 3013 1655 3039 delenifica
1668 3013 1737 3040 faeta
1746 3035 1754 3047 ,
1773 3015 1847 3041 domi
1860 3016 1983 3043 fallacias.

1220 3048 1290 3074 Nam
1304 3048 1401 3074 mulier
1414 3048 1509 3075 olitori
1522 3058 1657 3084 nunquam
1671 3051 1814 3084 supplicat,
1834 3051 1852 3077 li
1866 3061 1917 3086 qua
1937 3052 1972 3078 est
1986 3052 2068 3083 mala,

1220 3083 1394 3110 Domi‘habet
1407 3084 1514 3110 hortum
1531 3091 1556 3111 et
1571 3085 1740 3111 condimenta
1759 3086 1789 3111 ad
1804 3095 1894 3112 omnes
1908 3096 1995 3113 mores
2015 3086 2155 3115 maleficos.

1149 3119 1215 3145 Tcr.
1227 3117 1337 3153 Adelph.
1350 3127 1372 3151 3,
1386 3128 1408 3152 3,
1422 3128 1453 3152 59
1482 3127 1551 3146 PHY.
1566 3120 1640 3147 domi
1653 3121 1746 3153 habet,
1770 3121 1837 3148 vnde
1851 3121 1938 3148 discat.
1981 3124 2058 3155 Vnde,
2076 3127 2092 3149 i.
2105 3134 2121 3150 a
2135 3133 2190 3160 quo.

1134 3155 1205 3180 Cic.
1219 3155 1290 3180 Fam.
1304 3163 1329 3187 9,
1344 3163 1355 3186 3
1376 3155 1424 3181 Sed
1438 3155 1502 3190 quid
1517 3165 1567 3190 ego
1578 3165 1647 3183 nunc
1660 3156 1690 3182 ad
1705 3163 1739 3189 te,
1753 3157 1827 3183 cuius
1840 3156 1913 3183 domi
1928 3158 2085 3185 nascuntur?
2119 3160 2188 3186 sidd.

1146 3189 1220 3216 Idem
1234 3191 1287 3216 Att.
1302 3199 1324 3222 2,
1334 3193 1359 3217 6.
1396 3194 1427 3217 it.
1451 3200 1489 3224 10,
1506 3200 1543 3224 ¹4·

652 3227 809 3261 Regnatrix‚
834 3229 853 3252 i.
861 3226 970 3262 familia
990 3226 1081 3252 Tacit.
1097 3230 1127 3260 ες
1164 3225 1211 3251 uod
1226 3226 1283 3252 Non
1301 3225 1401 3252 aliunde
1409 3230 1516 3262 petitur.
1557 3228 1752 3261 Alcesimarchus
1771 3227 1908 3263 adolescens
1926 3239 2006 3255 amore
2019 3236 2105 3269 captus
2122 3231 2191 3265 apud

1597 3192 1713 3218 quenal.
1724 3201 1812 3226 11‚117.
1875 3193 1957 3219 Domi
1971 3193 1998 3220 id
2013 3194 2070 3220 fieri
2084 3194 2189 3228 dicitur,

1166 3261 1228 3288 laut.
1241 3262 1269 3288 in
1284 3261 1347 3288 Cist.
1362 3270 1386 3293 2,
1401 3271 1420 3294 1,
1434 3271 1450 3288 2
1474 3262 1561 3289 Credo
1581 3271 1630 3297 ego
1647 3272 1766 3289 amorem
1780 3264 1896 3297 primum
1915 3265 1981 3298 apud
1999 3265 2118 3291 hommes
2133 3275 2188 3293 car-

1542 3299 1617 3324 Hanc
1635 3298 1667 3325 de
1682 3308 1724 3325 me
1738 3299 1916 3325 coniecturam
1931 3300 2004 3326 domi
2019 3300 2107 3333 facio,
2126 3302 2152 3328 h.
2165 3311 2186 3329 e.

1666 3334 1755 3361 Senec.
1775 3335 1807 3360 de
1826 3335 1913 3362 Benef.
1934 3340 1963 3366 8,
2007 3355 2014 3361 .
2057 3355 2062 3361 .
2104 3337 2186 3364 Domi

1469 3449 1543 3467 omui
1561 3441 1682 3475 protinus
1702 3442 1793 3475 hospes
1812 3441 1872 3467 erit.
1943 3443 2107 3477 Accusamus
2130 3445 2184 3470 Do-

1609 3512 1700 3545 Quid?
1720 3521 1774 3538 non
1793 3512 1877 3538 sciunt
1898 3512 1943 3546 ipfi
1964 3522 2053 3546 Viam,
2072 3514 2183 3541 domum

1401 3549 1469 3575 Ter.
1486 3548 1567 3575 Andr.
1583 3556 1605 3581 5,
1618 3551 1644 3579 6,
1657 3556 1687 3580 14
1714 3548 1762 3574 Tu
1781 3548 1854 3574 Daue
1874 3547 1919 3574 abi
1936 3547 2056 3576 domum.
2129 3551 2183 3577 Ab·

1853 3584 1885 3610 Et
1906 3584 1972 3609 Eun.
1987 3593 2013 3617 1,
2033 3594 2059 3618 2,
2081 3594 2123 3619 125
2149 3588 2182 3613 Et

1870 3619 1910 3646 sic
1929 3619 1996 3646 Ibid.
2011 3629 2032 3652 3,
2045 3629 2068 3654 5,
2082 3627 2110 3651 28
2133 3619 2182 3649 ma

2016 3658 2057 3689 Et,
2078 3657 2116 3682 Ad
2130 3666 2179 3683 nos

1549 3688 1684 3715 Adducere
1702 3689 1828 3722 domum,
1863 3691 1997 3725 CapelTere
2016 3694 2041 3718 se
2060 3692 2180 3723 domum,

1377 3728 1433 3753 Cic.
1448 3727 1475 3752 in
1488 3726 1573 3751 Pison.
1589 3727 1617 3750 16
1637 3725 1680 3750 Me
1693 3725 1774 3752 domo
1787 3735 1844 3752 mea
1861 3726 2010 3761 expulistis,
2024 3729 2178 3762 Pompeium

1593 3760 1759 3788 Concurrere
1771 3761 1892 3794 domum,
1917 3763 1968 3788 vid.
1987 3769 2175 3789 comemmo-

1738 3806 1770 3831 4,
1783 3806 1826 3824 22.
1897 3798 1970 3824 Idem
1986 3798 2096 3832 Adelph.
2111 3805 2176 3830 4,,5,

1544 3902 1616 3930 Idem
1633 3903 1685 3929 Off.
1698 3912 1721 3936 3,
1739 3913 1778 3930 122
1803 3905 1871 3930 Cum
1889 3904 1974 3938 prima
1994 3904 2048 3928 lucc
2063 3905 2173 3936 Pompo-

1599 3939 1656 3966 Cic.
1671 3940 1745 3968 Verr.
1761 3939 1818 3967 Aa.
1832 3948 1851 3972 1,
1865 3947 1895 3972 25
1914 3939 2030 3965 Domum
2050 3939 2081 3964 ad
2093 3938 2173 3963 illurn

1422 3973 1484 4002 Kk
1695 3990 1696 3993 =
2141 3979 2171 3999 vt
