2912 4368
1065 206 1322 253 IMP

670 313 725 345 Qii
738 311 804 337 bene
816 308 942 342 imperat,
969 303 1087 340 paruerit
1109 295 1251 334 aliquando
1272 292 1369 334 necesse
1391 292 1442 319 est:
1479 297 1505 332 et
1524 290 1572 326 qui
1592 287 1709 329 modeste

671 353 757 383 paret,
776 343 897 374 videtur,
922 341 969 376 qui
982 337 1122 374 aliquando
1136 337 1262 367 imperet,
1278 330 1372 364 dignus
1385 329 1433 356 esse
1466 328 1522 354 Cic.
1538 326 1569 352 de
1582 324 1674 358 Legib.
1688 332 1710 356 3,

889 378 927 403 'us
940 377 1070 411 imperare
1100 373 1160 398 Stat.
1176 367 1240 394 Silu.
1257 374 1282 397 ι,
1298 373 1320 397 5,
1333 374 1380 399 44.
1555 359 1575 398 fl
1597 369 1612 386 z
1650 360 1710 385 For-

671 380 933 444 {nZJZst-engzracsias
948 413 1032 441 habet,
1053 412 1079 435 in
1093 405 1178 441 quibus
1190 403 1280 428 multae
1292 400 1493 435 Metapboricae‚
1519 396 1710 466 vbisiniperjare

1569 441 1604 458 iue
1618 440 1658 457 res
1675 439 1711 456 me
1733 435 1748 462 5

672 451 704 487 est
717 455 744 478 vi
757 449 875 487 quadam,
895 455 959 475 certe
972 453 1025 473 arte
1034 464 1042 476 ‚
1062 444 1143 471 cultu,
1162 437 1260 472 aliquid
1271 436 1377 462 obtinere
1390 436 1431 461 vel
1441 434 1470 460 ub
1482 434 1540 472 alio,

666 485 816 525 persona-fit
850 486 890 511 001
911 493 926 510 a
943 482 971 518 fi
983 480 1043 515 φρ.
1138 472 1216 507 Agris
1237 471 1372 499 fertilibus
1394 479 1448 496 non
1470 468 1506 495 est
1528 466 1713 501 imperandum

673 525 731 550 Sen.
744 521 775 548 de
790 505 935 554 Tianquil.
950 518 998 542 An.
1012 523 1032 539 c.
1044 519 1077 545 15.
1149 508 1244 535 Amori
1257 508 1305 534 suo
1319 506 1464 541 imperasset
1477 503 1602 537 Nympha
1616 501 1713 534 Hylam

674 558 796 594 praedata
821 557 922 582 pen-on,
935 557 961 583 83
1077 545 1176 571 Animo
1188 544 1317 579 imperare
1330 542 1457 576 nequiui,
1476 540 1541 575 quin
1554 539 1626 573 prius
1634 546 1714 572 quain

674 595 790 630 perirem
825 600 870 617 cur
882 588 1011 623 periturus
1026 582 1116 613 essem,
1135 580 1229 607 scirem
1259 579 1319 606 Liu.
1334 587 1381 611 34,
1402 586 1436 609 31.
1508 574 1588 601 Aruis
1601 573 1714 607 imperat

674 614 804 664 agricola,
814 626 887 658 Virg.
900 623 998 654 Georg.
1012 627 1032 651 1,
1045 626 1089 650 99.
1178 615 1300 642 Seruius:
1329 613 1408 641 Aruis
1422 613 1567 646 imperare,
1600 610 1619 636 i.
1633 618 1656 635 e.
1678 609 1713 634 Vt
1738 617 1768 635 10

675 671 775 692 tantum
787 663 887 691 ferant,
899 662 1026 691 quantum
1038 651 1164 679 desiderat
1175 650 1300 686 agricola.
1367 650 1424 675 Cic.
1439 647 1470 673 de
1483 646 1589 673 Amicit.
1605 651 1638 678 84
1656 653 1676 670 c.
1687 652 1714 669 22

674 702 705 729 In
721 699 814 726 talibus
827 704 855 720 ea
865 714 872 726 ‚
892 701 970 727 quam
983 688 1137 717 iamdudum
1148 687 1325 714 traetabamus
1334 704 1342 717 ,
1367 684 1493 711 stabilitas
1507 681 1640 708 amicitiae
1654 688 1716 706 con-

676 734 774 763 firmari
788 729 886 766 potest,
910 736 993 762 quum
1005 724 1126 752 homines
1138 721 1324 749 beneuolentia
1335 719 1488 751 coniuncti,
1511 717 1627 752 primum
1642 715 1714 749 cupi-

674 769 798 798 ditatibus
812 765 855 798 iiS,
863 763 959 799 quibus
973 760 1070 788 caeteri
1083 759 1216 789 seruiunt,
1237 755 1413 792 imperabunt.
1522 752 1618 779 Dolori
1631 752 1715 784 impe-

675 814 746 835 rare,
772 803 874 828 Vincere
886 800 1007 829 dolorem,
1025 803 1047 823 et
1056 798 1184 831 patienter
1191 794 1267 829 serre
1290 791 1356 818 Plin.
1371 790 1448 825 Epist.
1462 795 1484 821 8,
1502 797 1529 821 19
1543 795 1605 815 extr.
1662 787 1716 812 Do-

673 841 711 867 mi
725 847 779 864 non
793 837 950 870 imperarem
985 833 1041 859 Cic.
1054 832 1085 858 de
1108 831 1182 856 Orat.
1199 837 1212 855 2
1232 838 1254 855 c.
1268 838 1290 860 7.
1327 827 1406 853 intell.
1424 835 1522 852 coenam
1541 824 1604 851 mihi
1612 825 1715 857 parari.

674 874 765 902 Fronti
791 871 898 905 Qun&
914 879 946 902 ιι,
961 878 988 902 3,
1002 875 1047 902 77.
1082 865 1111 892 de
1125 864 1201 901 gestu.
1274 862 1404 889 Gentibus
1419 861 1544 888 omnibus
1562 865 1587 886 et
1600 858 1716 885 nationi-

671 912 719 937 bus
733 915 801 935 terra
815 907 935 940 marique
949 905 1080 938 imperare
1110 902 1166 927 Cic.
1181 908 1229 934 pro
1243 899 1273 925 L.
1287 897 1380 925 Manil.
1390 900 1429 931 56.
1536 895 1647 930 Ingenio
1669 894 1732 920 suo·

671 953 749 971 nemo
762 943 818 978 plus
832 941 990 976 imperauit,
1008 946 1089 964 nemo
1106 937 1165 971 plus
1180 934 1288 962 indulsit
1321 934 1380 960 Sen.
1392 934 1522 960 Controu,
1537 941 1547 958 1
1567 930 1651 957 Praef.
1688 928 1717 954 de

670 983 758 1008 Portio
774 981 889 1005 Latrone.
980 974 1063 1001 Ouid.
1075 972 1154 1008 Epist.
1168 980 1207 1003 ιι,
1228 978 1252 1003 15
1282 970 1396 1004 Imperat
1410 968 1463 994 heu
1477 968 1579 999 ventis,
1600 964 1759 995 tumidae20

664 1009 726 1045 ‚nbn
739 1015 852 1049 imperat
866 1014 931 1040 Irae.
1004 1011 1035 1037 Et
1046 1006 1107 1036 'Irae
1124 1016 1179 1034 non
1191 1006 1299 1033 fortiter
1312 1006 1424 1039 imperat
1452 1003 1525 1029 Idem
1544 1005 1609 1029 Met.
1623 1010 1655 1034 9,
1674 1008 1718 1034 27.

670 1056 688 1078 i.
710 1050 860 1078 moderatur.
930 1045 1059 1073 Lacrimis
1071 1045 1132 1080 quis
1146 1043 1275 1078 imperet?
1312 1040 1357 1067 Sil.
1370 1049 1386 1067 2
1395 1059 1401 1071 ,
1422 1041 1477 1072 652.
1548 1038 1652 1065 Liberis
1670 1036 1719 1062 im-

672 1095 777 1122 perare:
814 1085 866 1111 i.e.
885 1084 987 1117 Regere
1002 1081 1116 1112 liberos,
1134 1082 1218 1114 inquit
1232 1078 1350 1104 Donatus
1385 1075 1454 1101 Ter.
1469 1073 1580 1109 Adelph.
1596 1083 1622 1105 ι,
1637 1082 1661 1103 ι,
1682 1079 1719 1104 52.

671 1123 759 1150 Menti
772 1131 827 1148 non
841 1119 899 1147 satis
913 1120 1025 1152 imperat
1050 1117 1108 1143 Sen.
1121 1114 1233 1147 Thyest.
1247 1121 1303 1146 919.
1374 1112 1444 1138 Ter.
1457 1111 1522 1136 Eun.
1537 1119 1562 1142 2,
1576 1118 1601 1142 2,
1615 1117 1642 1135 21
1668 1109 1720 1133 Im—

671 1158 765 1194 peraui
776 1161 881 1191 egomet
895 1155 981 1186 Mihi,
1005 1153 1096 1179 onmia
1109 1150 1234 1177 assentati.
1288 1149 1362 1174 Hanc
1379 1149 1454 1183 legem
1472 1146 1535 1172 mihi
1552 1146 1623 1176 dixi,
1648 1150 1671 1170 et
1687 1142 1754 1177 od25

671 1203 723 1221 eom
736 1203 771 1220 me
783 1191 906 1226 aſjicefeci.
977 1185 1181 1220 Nobismetipsis
1202 1191 1231 1211 vt
1253 1184 1413 1217 imperemus
1440 1191 1522 1216 quum
1543 1180 1720 1216 praecipitur,

671 1229 721 1256 hoc
736 1229 904 1264 praecipitur,
917 1230 945 1250 vt
957 1224 1027 1250 ratio
1039 1225 1158 1249 co'erceat
1172 1219 1348 1247 temeritatem
1368 1219 1424 1245 Cic.
1433 1218 1516 1244 Tusc.
1531 1226 1555 1249 2,
1567 1225 1612 1250 47.
1649 1215 1719 1241 Ter.

671 1266 737 1292 Eun.
752 1273 782 1295 2,
797 1273 808 1288 2
818 1283 825 1294 ,
847 1270 872 1287 21
909 1260 1043 1294 Imperaui
1058 1263 1162 1292 egomet
1183 1256 1252 1282 mihi
1266 1255 1358 1282 omnia
1371 1253 1498 1281 assentari.
1570 1252 1626 1278 Sibi
1645 1250 1719 1277 silen-

672 1302 741 1327 tium
766 1299 831 1325 Plin.
847 1302 885 1331 28,
898 1298 923 1322 6.
983 1294 1041 1321 Vid.
1055 1296 1140 1320 Burm.
1153 1292 1187 1319 ad
1199 1290 1309 1325 Quin&
1322 1298 1345 1324 5,
1358 1299 1386 1316 10
1407 1299 1430 1324 p.
1439 1298 1496 1323 422.
1613 1287 1654 1313 Sic
1667 1287 1718 1312 im-

672 1341 762 1370 perant
774 1333 884 1361 Vitibus
897 1337 922 1358 et
935 1339 976 1357 eas
989 1330 1077 1357 multis
1091 1327 1246 1363 palmitibus
1258 1333 1377 1357 onerant,
1395 1332 1424 1352 vt
1438 1323 1583 1359 posteritati
1597 1332 1650 1348 non
1659 1331 1720 1348 con·
1731 1331 1763 1356 30

670 1372 754 1398 sulant
796 1369 901 1396 Colum.
920 1375 947 1400 3,
971 1375 992 1398 3.
1081 1364 1152 1391 Voci
1168 1363 1249 1390 nimis
1267 1363 1381 1396 imperat
1425 1360 1490 1388 Plin.
1504 1359 1581 1394 Epist.
1596 1367 1622 1391 5,
1636 1366 1677 1390 19,
1693 1360 1718 1384 6.

671 1407 741 1434 Vrbi
754 1406 884 1440 imperare
911 1403 1008 1428 Lucan.
1022 1410 1043 1432 2,
1057 1403 1094 1427 61.
1269 1396 1290 1435 ff
1309 1407 1320 1430 3
1356 1396 1516 1432 Acciffatiui:
1553 1395 1626 1421 Caes.
1643 1394 1670 1420 B.
1687 1394 1718 1419 C.

672 1451 692 1475 1,
706 1445 723 1468 6
753 1442 829 1468 Tota
840 1439 916 1466 Italia
930 1437 1044 1464 descetus
1059 1435 1202 1466 habentur,
1221 1443 1294 1461 arma
1312 1434 1493 1469 imperantur,
1510 1430 1651 1465 pecuniae,
1672 1436 1719 1455 etc.

670 1479 727 1505 Cic.
742 1486 791 1512 pro
806 1476 881 1503 Rosc.
895 1475 985 1500 Amer.
997 1482 1027 1507 59
1059 1472 1261 1505 Nonnunquam
1275 1470 1355 1496 etiam
1370 1477 1480 1503 puerum
1495 1472 1619 1498 vocaret,
1639 1465 1719 1491 credo

670 1514 713 1540 cui
728 1521 835 1539 coenam
851 1512 1001 1544 imperaret.
1093 1508 1200 1542 Equites
1219 1507 1350 1540 imperare
1368 1503 1522 1531 ciuitatibus
1553 1502 1625 1528 Caes.
1641 1501 1669 1527 B.
1685 1500 1717 1526 G.
1725 1511 1753 1538 35

670 1552 697 1581 6,
710 1558 736 1582 4.
806 1547 955 1574 Exercitum
973 1546 1103 1579 imperare
1116 1542 1150 1569 ad
1161 1552 1212 1570 rem
1225 1543 1320 1568 culinae
1333 1547 1356 1567 et
1369 1541 1494 1575 epularum
1503 1541 1616 1573 pertinet
1635 1537 1720 1563 Plaut.

670 1587 746 1619 Capt.
760 1593 769 1610 1
780 1604 788 1616 ‚
803 1592 834 1614 2,
850 1590 889 1616 50.
923 1585 954 1607 it.
975 1580 1125 1607 Exercitum
1140 1579 1271 1613 imperare
1288 1579 1447 1603 lacrimarum
1468 1574 1568 1601 Cisiell.
1589 1582 1613 1605 1,
1631 1581 1656 1604 1,
1676 1574 1720 1598 60.

677 1620 738 1648 Vid.
758 1626 774 1645 Ε
783 1626 801 1645 Χ
810 1625 826 1644 E
836 1625 853 1645 R
863 1624 879 1644 C
890 1625 900 1644 1
909 1625 930 1644 T
939 1623 959 1643 V
970 1623 983 1642 S
1000 1625 1025 1644 n.
1039 1625 1060 1648 3.
1130 1615 1302 1641 Frumentum
1316 1610 1451 1646 aliquibus
1466 1609 1644 1645 proportione
1663 1608 1719 1634 Cic.

671 1657 748 1682 Verr.
763 1663 786 1687 5,
799 1662 840 1687 54.
910 1652 984 1679 Idem
1003 1652 1068 1678 Diu.
1081 1652 1158 1677 Verr.
1173 1658 1205 1682 30
1239 1649 1370 1682 Qieritur
1383 1653 1438 1674 tota
1451 1646 1539 1672 Sicilia
1560 1646 1589 1671 C.
1604 1645 1719 1671 Verrem

673 1691 707 1717 ab
727 1689 892 1720 aratoribus,
921 1696 1005 1721 quum
1029 1687 1194 1712 frumentum
1213 1684 1263 1711 fibi
1287 1684 1316 1710 in
1339 1683 1432 1709 cellam
1451 1681 1644 1716 imperauiss'et,
1672 1686 1718 1705 etc.
1726 1690 1763 1715 40

672 1727 770 1755 Munus
782 1723 893 1758 aliquod
918 1722 973 1749 Cic.
988 1723 1064 1748 Verr.
1078 1729 1101 1753 5,
1116 1729 1151 1753 51.
1217 1719 1258 1746 Id.
1272 1719 1338 1745 ibid.
1355 1727 1378 1751 5,
1394 1727 1435 1751 159
1459 1716 1717 1751 SuperiorumPrae-

672 1768 764 1790 torum
777 1758 937 1786 consuetudo
951 1766 1034 1792 quum
1048 1756 1111 1782 haec
1125 1756 1226 1785 fuisset,
1248 1760 1276 1781 vt
1289 1763 1368 1779 naues
1382 1753 1534 1779 ciuitatibus
1545 1772 1552 1784 ‚
1579 1757 1718 1785 certusque

672 1805 797 1822 numerus
810 1800 966 1826 nautarum,
991 1792 1162 1825 militumque
1180 1790 1354 1823 imperaretur
1373 1794 1398 1814 et
1417 1788 1548 1813 maximae
1563 1792 1588 1812 et
1603 1786 1720 1819 locuple-

672 1831 781 1858 tislimae
794 1830 897 1855 ciuitati
910 1828 1100 1854 Mamertinae:
1116 1825 1186 1852 nihil
1201 1825 1298 1860 horum
1310 1822 1483 1858 imperauisti.
1519 1821 1610 1854 Nepos
1625 1828 1650 1852 9,
1663 1829 1719 1852 4‚2·

673 1866 788 1899 Nuptias
802 1864 884 1890 alicui
912 1862 1044 1895 Qinffll.
1055 1871 1078 1893 7,
1091 1870 1117 1887 2.
1188 1861 1245 1887 Cic.
1259 1868 1307 1894 pro
1321 1860 1350 1885 L.
1365 1857 1458 1885 Manil.
1470 1864 1497 1889 35
1524 1855 1598 1881 Idem
1611 1856 1759 1883 Creten-45

673 1901 742 1928 sibus
752 1921 759 1933 ,
778 1908 860 1934 quum
872 1896 905 1924 ad
919 1906 979 1922 eum
993 1905 1075 1930 vsque
1091 1895 1265 1928 Pamphiliam
1280 1895 1379 1928 legatos
1392 1893 1628 1926 deprecatoresque
1640 1890 1721 1916 misis-

673 1939 742 1966 sent,
764 1936 834 1969 spem
848 1932 993 1959 deditionis
1006 1940 1062 1956 non
1076 1930 1191 1960 ademit,
1215 1928 1370 1962 obsidesque
1384 1927 1534 1960 imperauit.
1611 1925 1721 1951 Obsides

674 1971 827 1999 ciuitatibus
853 1969 925 1995 Caes.
940 1968 967 1993 B.
982 1967 1013 1992 G.
1027 1968 1053 1998 6,
1066 1974 1092 1999 4.
1163 1964 1220 1990 Cic.
1234 1965 1309 1989 Verr.
1323 1971 1349 1993 2,
1364 1969 1407 1995 137
1431 1960 1546 1994 Singulis
1559 1959 1721 1985 Censoribus

673 2007 776 2035 denarii
788 2004 900 2032 trecenti
913 2002 945 2030 ad
959 2002 1067 2029 statuam
1080 1999 1211 2026 Praetoris
1226 1997 1352 2032 imperati
1365 1997 1431 2023 sunt.
1503 1994 1628 2020 Pecunias
1641 1993 1722 2019 alicui

673 2044 743 2078 Nep.
757 2050 796 2075 23,
809 2049 837 2076 7,
850 2049 874 2073 3.
897 2045 900 2049 '
978 2036 1119 2064 Pecuniam
1131 2036 1159 2061 in
1173 2034 1286 2068 remiges
1309 2033 1365 2060 Cic.
1379 2040 1428 2066 pro
1445 2029 1527 2057 Flacc.
1542 2038 1581 2061 32.
1653 2028 1720 2055 Tri·
1727 2032 1759 2057 50

672 2079 767 2106 butum
780 2078 913 2111 imperare
933 2073 1028 2100 dicitur
1045 2071 1182 2106 princeps,
1212 2068 1318 2104 Qando
1335 2068 1451 2104 fiabditos
1472 2068 1576 2100 imperio
1598 2066 1667 2100 cogit
1689 2063 1724 2089 ad

672 2113 768 2141 dandas
777 2114 911 2149 pecunias,
933 2109 1070 2139 tributum,
1087 2108 1196 2137 milites,
1216 2112 1239 2131 et
1251 2105 1280 2130 id
1296 2113 1381 2140 genus.
1432 2101 1515 2128 Plaut.
1529 2099 1603 2134 Epid.
1619 2109 1645 2132 2,
1658 2108 1680 2131 2,
1688 2107 1720 2132 43

673 2151 707 2178 At
723 2148 839 2176 tributus
854 2155 936 2181 quum
950 2145 1095 2178 imperatus
1108 2141 1160 2174 est,
1184 2147 1280 2175 negant
1298 2137 1379 2171 pendi
1392 2137 1497 2171 potesse.
1553 2136 1608 2165 Sir,
1635 2135 1722 2167 Impe-

673 2194 732 2214 rare
745 2184 885 2219 pecuniam
903 2181 958 2208 Cic.
973 2181 1049 2206 Verr.
1065 2187 1091 2210 2,
1106 2182 1140 2210 38.
1297 2171 1317 2210 fl
1338 2181 1358 2206 4
1394 2170 1458 2204 Paffi
1493 2170 1549 2210 Cic.
1559 2170 1630 2195 Fam.
1646 2177 1679 2201 ιι,
1693 2177 1722 2194 ιο

673 2220 722 2249 Sed
736 2228 823 2254 neque
845 2217 952 2245 Caesari
970 2214 1099 2249 imperari
1112 2211 1209 2247 potest,
1233 2219 1280 2236 nec
1299 2209 1394 2236 Caesar
1414 2210 1543 2233 exercitui
1561 2205 1617 2230 suo.
1691 2204 1757 2235 Et55

678 2265 726 2291 pro
739 2257 768 2282 L.
785 2256 847 2288 Agr.
862 2262 892 2285 2,
910 2254 947 2285 46
992 2248 1171 2284 Iniperabitur
1187 2245 1291 2281 aliquid
1315 2243 1433 2271 muneris
1445 2261 1452 2273 ,
1481 2249 1535 2267 non
1559 2238 1724 2266 recusabunt.

674 2293 743 2319 Hor.
759 2290 836 2325 Epist.
852 2298 871 2320 1,
884 2296 913 2321 5,
928 2295 953 2313 21
984 2286 1057 2312 Haec
1069 2293 1119 2318 ego
1131 2290 1288 2317 procurare,
1302 2286 1329 2307 et
1342 2279 1455 2306 idoneus
1468 2277 1601 2310 imperor,
1624 2281 1651 2301 et
1668 2282 1724 2300 non

674 2328 786 2355 Inuitus.
857 2326 1006 2357 imperatur
1020 2322 1046 2347 ei
1059 2325 1184 2354 perpetua
1197 2317 1326 2353 pudicitia
1356 2314 1448 2341 lustin.
1462 2321 1505 2347 10,
1519 2320 1549 2342 2,
1563 2319 1591 2342 4.
1661 2310 1724 2336 Liu.

728 2371 751 2393 ¹3
777 2363 853 2395 Qiae
865 2359 957 2395 priore
968 2355 1107 2391 colloquio
1122 2355 1250 2389 imperata
1262 2361 1278 2379 a
1290 2350 1417 2378 Romanis
1426 2349 1512 2375 essent.
1564 2345 1638 2381 Conf.
1650 2345 1724 2385 Caes,

1310 2386 1384 2414 Malo
1398 2383 1541 2420 imperari,
1560 2390 1640 2416 quarn
1656 2388 1726 2416 eripi
1733 2379 1768 2404 60

670 239 749 277 999

1742 791 1768 819 ¹5

675 2372 749 2425 I'ijc.
765 2406 789 2432 1,
808 2398 833 2422 6.
870 2401 893 2422 et
905 2391 1005 2420 Sallust.
1020 2393 1124 2426 Fragm.
1138 2399 1165 2423 1,
1188 2396 1223 2423 15.

676 2438 792 2460 mortem
809 2430 879 2458 mihi
905 2430 962 2458 Seu.
976 2428 1073 2455 Phoen.
1089 2434 1141 2452 102.

713 2475 779 2494 IMP
789 2474 805 2493 Ε
816 2473 835 2492 R
846 2473 866 2492 Λ
876 2473 897 2492 N
907 2472 936 2496 s,
953 2465 1030 2490 antis.
1068 2461 1160 2488 Partic.
1197 2457 1355 2494 Imperantis
1370 2456 1464 2482 lenitas
1491 2453 1581 2480 Tacit.
1596 2453 1665 2478 Ann.
1680 2453 1723 2483 16,

825 2502 876 2528 Illo
891 2501 1038 2535 imperante
1063 2498 1136 2525 Caes.
1148 2496 1177 2523 B.
1191 2496 1223 2521 G.
1236 2504 1264 2526 7,
1284 2503 1319 2525 17.
1391 2489 1520 2518 Conditio
1534 2487 1724 2523 imperantium

1089 2534 1121 2560 In
1134 2536 1240 2566 gentem
1252 2536 1404 2563 nomenque
1421 2525 1609 2562 imperantium
1623 2523 1726 2551 conces-

1251 2601 1399 2635 Imperatae
1411 2597 1537 2635 pecuniae
1563 2595 1636 2623 Caes.
1648 2595 1676 2621 B.
1691 2593 1723 2620 C.
1756 2567 1769 2594 ς

809 2643 952 2671 Obsidibus
977 2641 1051 2669 Idem
1063 2641 1092 2668 B.
1105 2639 1135 2665 G.
1149 2641 1175 2670 6,
1189 2646 1216 2671 4.
1288 2636 1413 2670 Equitatu
1433 2634 1507 2661 Idem
1521 2643 1544 2665 4,
1558 2634 1584 2659 6.
1631 2631 1722 2657 Naues

992 2678 1124 2711 Imperata
1141 2674 1227 2700 facere
1258 2671 1331 2697 Caes.
1344 2671 1372 2697 13.
1387 2671 1419 2697 G.
1432 2678 1447 2696 2
1456 2690 1464 2702 ‚
1477 2678 1498 2702 3.
1552 2667 1626 2694 Idem
1640 2674 1668 2699 5,
1682 2666 1722 2698 36.

679 2717 750 2752 Nep.
765 2719 810 2748 16,
827 2724 843 2748 9
857 2734 866 2746 ,
887 2722 911 2741 2.
983 2713 1044 2739 Liu.
1059 2718 1101 2743 35,
1116 2717 1145 2744 17
1172 2709 1199 2735 Si
1212 2708 1320 2739 Smyrna
1338 2712 1365 2732 et
1378 2706 1534 2742 Lampsacus
1546 2704 1674 2738 imperata
1688 2701 1726 2727 fa-

679 2753 758 2779 ciant.
831 2751 891 2776 Liu.
905 2754 941 2781 38,
955 2757 986 2781 45
1011 2747 1067 2781 Qii
1080 2754 1163 2780 quum
1176 2744 1206 2770 in
1219 2751 1281 2778 pace
1295 2743 1381 2773 essent,
1399 2742 1579 2777 imperataque
1588 2737 1725 2774 prioribus
1733 2746 1769 2774 70

680 2786 839 2814 Consulibus
852 2786 985 2815 fecissent,
1004 2781 1129 2810 Drakenb.
1147 2789 1161 2806 a
1194 2777 1312 2805 rioribus
1325 2784 1428 2813 utraque
1440 2775 1514 2803 leflio
1526 2775 1603 2801 bonas
1615 2771 1729 2801 ‘inflores

679 2822 760 2852 habet.
869 2821 1000 2854 Imperata
1013 2817 1106 2844 effee‘m
1119 2815 1165 2842 red
1187 2823 1231 2841 ere
1254 2813 1336 2839 Plaut.
1350 2812 1438 2839 Pseud.
1448 2821 1468 2845 1,
1483 2820 1505 2844 3,
1522 2818 1568 2843 151.

716 2865 726 2884 Ι
735 2865 761 2884 Μ
772 2862 788 2882 1³
796 2863 813 2883 E
821 2862 839 2882 R
849 2863 871 2882 A
880 2862 901 2882 Τ
910 2862 929 2881 V
940 2861 953 2881 s
961 2874 969 2886 ‚
991 2852 1028 2880 sis.
1049 2862 1084 2878 m.
1120 2852 1254 2884 Imperatu
1267 2848 1388 2875 Gratiani
1415 2847 1546 2874 Ammian.
1555 2854 1588 2878 31,
1602 2853 1639 2876 19.

718 2900 729 2919 1
739 2899 764 2919 M
775 2899 790 2918 Ρ
798 2899 814 2919 E
826 2898 845 2918 R
854 2899 875 2918 A
885 2898 906 2918 T
914 2898 924 2917 1
934 2897 954 2917 v
963 2896 989 2916 E.
1025 2887 1094 2915 Adu.
1130 2886 1235 2921 leian.
1248 2884 1332 2918 tit.24
1344 2882 1369 2921 §.
1383 2893 1401 2910 1.
1442 2882 1500 2910 Vid.
1513 2881 1663 2909 Precatiuus
1671 2899 1680 2913 ,
1699 2882 1727 2905 in

684 2936 699 2956 P
709 2934 906 2991 liiuCPOElisnT
917 2968 926 2987 1
936 2968 957 2987 v
967 2966 989 2986 v
999 2966 1027 2991 s,
1044 2967 1075 2990 a,
1095 2965 1149 2983 um.
1187 2955 1247 2982 Adi.
1301 2954 1476 2990 Imperatiuae
1490 2952 1574 2980 feriae
1606 2950 1727 2978 Macrob.
1741 2921 1774 2950 ⁷⁵

682 3000 785 3027 Saturn.
796 3007 815 3031 1,
826 3000 864 3025 16.
920 2998 977 3028 Sic,
997 2994 1093 3021 Modus
1106 2992 1280 3026 Imperatiuus
1287 2991 1410 3026 frequens
1422 2989 1489 3025 apud
1502 2990 1692 3016 Grammaticos.

721 3043 730 3061 1
741 3042 766 3062 M
777 3042 792 3061 P
802 3041 818 3061 E
828 3041 846 3061 R
855 3035 894 3059 '1¹'r
905 3038 925 3058 o
935 3051 943 3063 ,
960 3035 1012 3058 are.
1048 3030 1190 3067 Frequent..
1226 3027 1443 3061 [ἀρχηγετέμαι]
1479 3025 1562 3087 glutit.
1576 3024 1652 3066 Capt.
1659 3031 1691 3084 ¹5¹,
1703 3030 1728 3053 1,

1499 3067 1622 3087 ontrario.
1687 3066 1728 3083 or.

675 2509 745 2566 123811'r1
748 2524 850 2565 'Viftor
864 2536 931 2572 Epit.
945 2545 966 2562 c.
977 2543 1018 2568 24.

677 2577 733 2602 sere
756 2574 815 2600 Sall.
828 2574 931 2606 Fragm.
943 2581 964 2597 c.
973 2579 1010 2603 32.

714 2614 967 2640 IMPERATVS‚
986 2615 1015 2637 a,
1034 2613 1088 2631 um.
1130 2603 1199 2629 Part.

678 2655 702 2679 Ξ,
714 2654 753 2678 32·

678 2683 754 2708 Curt.
768 2689 797 2713 3,
816 2689 840 2711 1,
860 2687 903 2706 20.

683 3078 721 3105 47
747 3067 950 3105 Qiodantehac
964 3075 1013 3101 pro
1024 3065 1082 3092 iure
1095 3062 1281 3098 imperitabam
1294 3071 1363 3088 meo.

685 3105 773 3133 Serui?
782 3113 805 3138 2,
820 3112 853 3140 7,
867 3110 893 3135 81
930 3103 979 3130 Tu
992 3101 1061 3129 mihi
1074 3100 1121 3136 qui
1134 3098 1269 3133 imperitas
1278 3117 1286 3129 ‚
1302 3097 1360 3124 aliis
1374 3096 1456 3122 seruis
1468 3097 1556 3123 miser.
1647 3093 1728 3127 Equis
1742 3101 1774 3127 80

684 3141 757 3169 Idem
773 3142 862 3168 Carm.
876 3149 896 3172 1,
911 3146 950 3172 15,
964 3145 1003 3170 25.
1097 3134 1227 3161 Gentibus
1239 3132 1341 3166 magnis
1376 3132 1481 3158 Lucret.
1495 3141 1521 3163 3,
1538 3140 1607 3165 ¹04¹·
1680 3129 1728 3155 Le-

685 3177 811 3211 gionibus
827 3175 929 3209 magnis
954 3174 1022 3200 Hor.
1036 3172 1117 3198 Serm.
1132 3179 1152 3202 1,
1167 3171 1193 3202 6,
1208 3178 1235 3202 4.
1305 3168 1372 3194 Rem
1383 3176 1493 3201 aequam
1503 3167 1629 3201 imperito
1654 3165 1728 3193 Idem

686 3212 754 3239 ibid.
769 3221 794 3244 2,
808 3220 830 3244 3,
845 3217 896 3243 189.
968 3206 1141 3242 imperitandi
1154 3213 1247 3240 parum
1258 3203 1399 3238 prudentes
1424 3203 1530 3229 Colum.
1547 3211 1586 3235 13,
1601 3211 1620 3229 1.
1675 3201 1728 3228 lni-

687 3247 842 3282 peritando,
867 3244 1063 3277 seruiendoque
1082 3241 1193 3269 vicissim
1228 3239 1295 3267 Plin.
1316 3241 1347 3271 6,
1367 3246 1410 3270 29.
1513 3239 1585 3273 Saepe
1604 3238 1651 3264 hac
1672 3245 1730 3263 voce

686 3287 769 3309 utitur
789 3281 918 3312 Tacitus,
934 3289 953 3306 e.
980 3300 986 3306 .
1000 3279 1068 3305 Hist.
1083 3287 1112 3312 4,
1125 3279 1164 3309 61,
1176 3285 1195 3311 4
1225 3275 1310 3310 Virgo
1322 3275 1374 3301 late
1387 3272 1564 3307 imperitabat.

687 3318 762 3344 tandi
775 3317 871 3353 cupido
902 3315 942 3343 Id.
955 3290 1021 3342 ibid.
1034 3324 1068 3347 4,
1089 3321 1136 3346 25,
1151 3320 1173 3345 5.
1243 3312 1350 3345 Qianto
1360 3309 1390 3337 sit
1404 3308 1537 3343 augustius
1550 3308 1732 3342 imperitatum

688 3354 726 3380 Id.
742 3355 808 3380 Ann.
820 3363 850 3387 4,
862 3363 891 3387 4,
904 3360 925 3385 5.
947 3357 992 3377 etc.
1047 3349 1122 3385 Conf.
1137 3349 1211 3375 Curt.
1223 3357 1257 3381 4,
1276 3354 1309 3381 7,
1329 3355 1348 3374 1.
1382 3351 1405 3372 et
1418 3353 1451 3378 9,
1467 3346 1499 3376 6,
1518 3352 1560 3370 20.
1596 3350 1619 3369 et
1631 3343 1731 3370 Sallust.

689 3389 809 3423 Iugurth.
824 3397 891 3421 c.19.
927 3390 985 3413 item
998 3385 1059 3412 Liu.
1075 3393 1095 3420 1,
1115 3393 1136 3410 2.

725 3432 734 3450 1
744 3431 767 3450 Μ
778 3432 793 3451 Ρ
804 3431 820 3451 E
830 3431 849 3450 R
859 3432 867 3450 1
877 3431 898 3450 Τ
907 3430 928 3450 Α
937 3429 959 3448 Ν
968 3429 981 3449 s
990 3441 998 3454 ,
1018 3420 1095 3447 antis.
1114 3420 1181 3446 Part.
1218 3418 1350 3445 Naturam
1361 3415 1468 3443 caeteris
1481 3414 1676 3450 imperitantem
1693 3414 1733 3440 in-

690 3457 788 3486 dustria
803 3459 902 3486 vicerat
926 3457 984 3484 Sall.
1000 3458 1057 3491 lug.
1071 3465 1092 3482 c.
1107 3457 1138 3487 76
1152 3462 1196 3490 pr.
1285 3454 1360 3480 Curt.
1375 3455 1407 3484 6,
1425 3459 1455 3485 5,
1472 3458 1503 3484 25
1533 3449 1661 3485 Reginam
1687 3459 1775 3484 ——90

691 3494 814 3520 omnibus
826 3494 895 3520 inter
909 3494 1053 3520 Caucasum
1067 3497 1093 3518 et
1106 3490 1195 3517 Phasin
1213 3488 1417 3523 imperitantem.

730 3535 739 3553 ι
752 3535 773 3553 Μ
784 3535 799 3553 1²
810 3531 911 3556 131³er
923 3534 942 3555 0
952 3536 987 3561 R,
1005 3528 1071 3554 bris.
1102 3536 1138 3552 m.
1180 3523 1331 3559 [βασιλεύς,
1349 3521 1521 3558 αὖτυκροίτωρ,
1538 3519 1670 3556 ςροιτηγᾶς,
1691 3518 1732 3555 αἶρ-

694 3562 798 3601 xviris]
824 3565 875 3602 Qu·
888 3566 1001 3598 imperat.
1038 3563 1118 3589 Plaut.
1131 3562 1206 3596 Capt.
1220 3569 1252 3594 2,
1265 3568 1298 3592 2,
1310 3567 1342 3594 57
1365 3558 1508 3593 Equidem,
1529 3556 1546 3583 si
1561 3555 1684 3590 perinde,
1704 3560 1733 3582 vt

693 3597 747 3631 ipse
761 3597 801 3623 fui
824 3605 965 3632 imperator
983 3598 1120 3630 familiae,
1142 3603 1187 3624 etc.
1282 3595 1473 3629 Imperatores,
1497 3591 1621 3619 Ductores
1642 3594 1734 3618 exerci-

692 3640 762 3658 fflum
775 3638 798 3657 “²
806 3632 932 3672 Prqqfqui
944 3638 1069 3669 copiarum
1086 3634 1234 3660 militarium
1251 3629 1378 3658 dicuntur.
1432 3629 1501 3656 Ter.
1523 3628 1587 3654 Eun.
1607 3636 1642 3661 4,
1661 3635 1678 3661 7
1689 3647 1697 3659 ,
1720 3632 1771 3663 895

692 3669 863 3702 Imperatoris
875 3673 1000 3694 virtutem
1013 3678 1142 3696 noueram
1151 3688 1159 3700 ,
1183 3673 1208 3694 et
1229 3666 1285 3693 vim
1308 3665 1435 3692 militum.
1525 3663 1581 3689 Cic.
1597 3671 1645 3696 pro
1658 3663 1733 3689 Rosc.

694 3705 832 3743 Amet-,151
864 3701 951 3742 Solent
970 3703 1019 3730 hoc
1037 3704 1101 3731 boni
1115 3705 1286 3738 imperatores
1299 3702 1401 3733 facere,
1427 3707 1509 3735 quum
1522 3698 1650 3733 praelium
1662 3707 1733 3724 com-

694 3743 817 3766 mittunt:
851 3743 880 3764 vt
892 3745 921 3763 in
934 3745 966 3762 eo
980 3738 1053 3771 loco,
1073 3748 1126 3774 quo
1142 3740 1231 3773 fugam
1245 3737 1359 3764 hostium
1372 3736 1432 3763 fore
1444 3734 1617 3766 arbitrentur,
1634 3734 1733 3761 milites

694 3774 833 3801 collocent.
903 3771 980 3807 Apud
990 3774 1109 3800 Romanos
1129 3774 1216 3809 duplex
1235 3774 1378 3810 obserantur
1393 3775 1435 3798 vis
1452 3771 1524 3797 buiux
1540 3773 1648 3796 nominis
1667 3771 1734 3796 velut

694 3809 823 3842 acceſjoria
831 3828 838 3839 ,
850 3807 926 3844 semel
937 3815 990 3832 cum
1002 3807 1084 3834 vifior
1095 3812 1215 3835 exercitus
1227 3809 1299 3845 suum
1316 3808 1397 3835 ducem
1409 3808 1597 3841 Imperatorem
1611 3806 1718 3842 appellat
1725 3815 1786 3834 :100
1796 3809 1910 3843 imperio
1918 3805 2056 3834 Habitum.

693 3846 758 3880 quod
775 3844 919 3878 confirmat,
946 3842 987 3868 vel
1005 3843 1071 3868 vitro
1083 3844 1154 3876 flicit
1169 3847 1251 3876 etiam,
1270 3845 1382 3872 Senatus.
1439 3840 1535 3869 Deinde
1553 3851 1606 3868 cum
1624 3839 1734 3877 Augusti

692 3890 757 3907 exem
776 3882 799 3906 Io
813 3881 943 3914 Principes
955 3879 1046 3903 caeteri
1063 3879 1209 3909 militarem,
1231 3885 1304 3915 atque
1321 3878 1379 3906 adeo
1392 3877 1513 3915 summam
1527 3886 1607 3904 rerum
1625 3880 1733 3904 omnium

687 3919 756 3951 potes
771 3922 842 3947 aiem,
860 3916 905 3941 hoc
918 3915 1014 3939 nomine
1020 3913 1049 3948 se
1061 3912 1145 3938 habere
1158 3913 1309 3940 indicabam.
1361 3913 1453 3941 Demo
1489 3921 1556 3938 enei-e
1566 3912 1640 3948 sorte
1657 3915 1732 3938 etiam

692 3949 886 3986 iiitt'lligipotest
900 3948 962 3975 illud
974 3948 1039 3974 Plin.
1054 3954 1080 3982 7,
1092 3949 1122 3973 26
1145 3957 1285 3974 enumerans
1298 3951 1407 3985 Pompeii
1418 3922 1517 3980 Iausffis,
1535 3948 1633 3974 Toties
1647 3948 1729 3981 impe.

692 3992 765 4013 rator
779 3993 837 4013 ante
851 3993 930 4020 quam
943 3983 1028 4011 miles.
1529 3982 1533 3987 ”

1750 2874 1760 2883 ,
1791 2847 1856 2874 ritia
1869 2846 1979 2880 imperii
1998 2845 2089 2872 Tacit.
2102 2845 2169 2872 Hist.
2183 2855 2203 2878 1,
2216 2854 2255 2878 23.

1619 3272 1731 3307 Imperi·
1755 3277 1784 3306 85
1795 3283 1834 3309 23,
1846 3284 1871 3308 9,

1100 3982 1172 4010 Caes.
1187 3982 1214 4009 B.
1227 3984 1258 4010 C.
1269 3992 1281 4014 3
1290 4003 1299 4016 ,
1311 3992 1342 4019 71
1351 4004 1360 4017 ,
1379 3993 1391 4017 3
1426 3985 1569 4019 Pompeius
1582 3993 1615 4011 eo
1627 3982 1729 4018 praelio
1739 3991 1784 4017 105
1791 3990 1865 4017 rent,
1878 3982 2024 4018 grauiffime
2043 3984 2174 4012 dolebant.

2735 139 2739 148 ,
2812 85 2835 163 ἰ

2786 131 2836 211 'tilii

2710 192 2844 255 1000i,;3¹¹⁴,
2865 236 2867 241 .

2804 303 2814 315 k
2821 271 2837 306 *l

2153 199 2435 242 1MP=

1773 292 1923 333 Imperator
1936 291 1971 317 est
1984 289 2136 325 appellatus.
2191 289 2250 329 Hoc
2267 297 2365 330 nomen
2383 288 2519 323 obtinuit,
2544 294 2622 326 atque
2637 289 2673 316 ita
2685 289 2710 316 se
2723 298 2757 325 po
2783 303 2799 308 ¹<

1773 328 1878 368 salutari
1892 328 1972 367 passius
1984 327 2027 365 est.
2080 325 2128 365 Sed
2141 333 2227 359 neque
2240 332 2268 351 in
2281 325 2376 357 literis,
2396 334 2459 360 quas
2470 325 2583 352 scribere
2595 326 2631 352 est
2643 324 2750 358 solitus,

1772 373 1824 398 que
1838 372 1865 389 in
1879 362 1992 390 fascibus
2011 361 2120 395 insigma
2139 361 2242 387 laureae
2260 361 2393 395 praetulit.
2431 361 2498 387 Haec
2515 364 2525 387 i
2543 364 2595 388 itur
2614 362 2678 388 alias
2691 361 2772 396 soleba
2800 363 2836 411 ,ἐξ

2801 400 2839 439 13:2¹.-

2804 259 2808 268 ι

2801 294 2816 303 «ι

1773 401 1812 425 De
1824 399 1953 426 Cicerone
1967 400 2145 433 Imperatore,
2155 396 2206 422 vid.
2221 396 2300 431 Epist.
2312 404 2334 428 3,
2349 405 2373 429 9.
2425 396 2498 422 Idem
2510 397 2527 422 P
2549 396 2576 423 il.
2591 405 2616 428 ¹4
2641 405 2663 423 11
2680 405 2702 422 c.
2715 405 2734 430 4
2751 396 2788 424 H

1774 434 1891 474 primum
1909 435 2020 466 faciam,
2040 433 2260 472 vtimperatores
2276 431 2405 467 appellem
2425 432 2497 466 (mea
2508 417 2655 468 sententiis)
2674 440 2729 462 eos,
2748 440 2782 466 qu
2790 431 2835 485 ἱ,

1776 479 1835 501 rum
1847 476 1947 497 virtute
1982 485 2027 489 —
2062 468 2170 494 liberati
2183 468 2278 494 sumus.
2322 467 2428 494 Etenim
2441 467 2484 493 cui
2502 467 2599 501 viginti
2613 467 2654 494 his
2668 467 2743 494 annis
2756 454 2825 496 suf.

1777 505 1886 541 plicatio
1901 506 2004 532 decreta
2016 504 2067 535 esi,
2085 509 2113 530 vt
2131 512 2186 529 non
2197 504 2343 538 Imperator
2363 502 2554 539 appellaretur,
2572 508 2616 529 aut
2635 502 2755 529 minimis
2772 499 2816 530 rsss'
2833 526 2837 534 ,

1776 541 1824 567 bus
1843 541 1932 575 gestis,
1951 547 1996 568 aut
2017 539 2172 575 plerumque
2191 539 2280 565 nullis.
2314 554 2360 559 —
2395 539 2428 565 At
2448 537 2466 564 si
2479 539 2540 573 quis
2554 538 2734 573 Hispanorum
2825 532 2827 535 ”

1777 576 1852 602 mille
1864 583 1909 604 aut
1925 577 1978 603 duo
1997 575 2082 602 millia
2101 574 2233 601 occidisset
2241 583 2325 614 ,Jsnon
2337 583 2398 600 eum
2415 574 2463 600 hac
2479 573 2681 606 consuetudine,
2694 581 2761 608 quae
2775 582 2807 600 i·.·
2832 575 2837 591 ‘¹'

1775 611 1893 643 crebuit,
1914 613 2102 647 Imperatorem
2122 610 2265 646 appellaret
2284 610 2409 636 Senatus?
2446 615 2486 636 tot
2500 609 2652 644 legionibus
2670 608 2745 636 caesis
2793 635 2795 639 ,
2835 606 2838 611 ’

1776 647 1893 674 hostium
1912 663 1957 668 --
1977 645 2119 674 clariffimis
2139 646 2249 672 ducibus
2270 645 2493 681 supplicationum
2509 645 2642 672 honorem
2658 645 2806 673 tribuemu
2841 653 2845 660 ·
2884 629 2912 665 lu}

1777 684 1971 719 Imperatorum
1983 690 2081 709 nomen
2092 681 2256 708 adimemus?
2282 682 2344 708 Sunt
2356 683 2383 706 in
2402 681 2448 707 hac
2464 684 2575 708 oratione
2585 681 2706 717 pluscula.
2741 674 2803 706 Con=
2885 662 2912 691 ΕΜ(

1778 719 1851 745 Caes.
1865 719 1892 745 B.
1906 720 1936 745 C.
1949 728 1971 753 2,
1983 718 2062 753 25sq.
2084 718 2194 752 Appian.
2212 718 2241 743 B.
2255 717 2310 743 Ciu.
2324 726 2338 743 2
2348 723 2376 752 p.
2390 726 2434 751 455
2451 720 2489 744 ita
2501 718 2626 752 loquitur,
2642 716 2726 752 vtsua
2737 719 2806 742 aem
2842 708 2845 734 >¹
2885 699 2911 740 lem

1776 754 1857 781 adhue
1868 755 1987 782 tributum
1995 756 2107 789 priuatis
2120 752 2187 779 illum
2200 753 2312 779 honorem
2327 752 2412 784 dicat,
2426 751 2473 787 sed
2484 751 2557 786 caelis
2570 752 2649 778 decies
2667 751 2731 778 mille
2745 750 2775 777 bo
2791 758 2811 779 ⁴³2
2842 747 2847 779 l
2887 741 2912 774 ¹¹¹3*

1777 791 1835 823 bus,
1854 799 1913 826 quae
1925 797 1990 817 certe
2004 799 2051 815 non
2071 791 2146 814 nimis
2156 788 2242 814 crebra
2257 788 2316 824 sors
2328 786 2407 824 furſje
2420 787 2530 814 videtur.
2585 788 2710 814 Caeterum
2724 787 2784 812 Tac
2803 788 2811 809 ἕ
2843 788 2848 817 i
2888 766 2912 811 μυ

1778 827 1846 852 Arm.
1861 834 1884 858 3,
1899 835 1932 860 74
1966 825 2099 852 Tiberius
2118 839 2164 844 ·—
2185 822 2213 849 id
2232 832 2341 858 quoque
2355 824 2445 850 Blaeso
2463 823 2575 855 tribuit,
2592 829 2622 849 vt
2640 824 2787 858 Imperator
2889 813 2912 846 ¹²95

1777 861 1940 896 Legionibus
1954 861 2125 891 salutaretur,
2144 859 2230 895 prisco
2245 867 2306 893 erga
2320 858 2399 885 duces
2412 858 2532 891 honore,
2552 859 2599 893 qui
2617 858 2686 885 bene
2698 857 2766 893 gesta
2799 869 2816 887 ’-;
2890 848 2912 870 ῃω

1778 897 1852 933 publ.
1864 896 1960 931 gaudio
1975 903 2001 923 et
2020 897 2122 931 impetu
2140 895 2252 922 vietoris
2267 895 2398 921 exercitus
2417 894 2662 921 conclamabantur:
2693 898 2817 928 erantqu
2891 878 2912 915 [ol

1780 933 1868 968 plures
1895 932 1969 959 simul
1992 933 2185 967 Imperatores,
2207 939 2294 965 neque
2316 931 2393 966 super
2425 936 2591 958 caeterorum
2623 929 2781 965 aequalitate
2789 941 2802 952 ι·
2818 951 2819 954 ,
2891 920 2912 940 ”ff

1779 967 1908 995 Conceslit
1928 968 2085 1003 quibusdam
2106 973 2131 993 et
2152 966 2283 1000 Augustus
2303 965 2332 993 id
2350 965 2526 997 vocabulum3
2554 974 2583 992 ae
2607 971 2669 992 tunc
2687 964 2790 992 Tiberi
2806 975 2807 984 ι
2894 955 2910 976 ¹⁰

1778 1004 1869 1031 Blaeso
1887 1004 2058 1039 postremum.
2101 1004 2245 1038 Principum
2263 1003 2332 1029 illam
2349 1003 2535 1037 appellationem
2556 1004 2584 1027 in
2601 1000 2724 1028 veteribus
2739 994 2814 1026 mon'
2897 985 2912 1012 h'

1779 1042 1870 1067 mentis
1886 1039 1974 1066 millies·
1985 1040 2096 1065 videmus
2105 1059 2113 1070 ,
2126 1045 2153 1074 eq
2167 1038 2245 1074 ipsam
2258 1046 2348 1073 quoque
2360 1037 2395 1063 ad
2410 1047 2461 1064 rem
2478 1038 2613 1064 militarem
2624 1034 2768 1072 rtjspexiffl’,
2778 1045 2818 1062 αν.
2834 1039 2839 1063 μ’
2899 1020 2912 1060 Ε,

1775 1082 1869 1112 paret,
1882 1081 1906 1101 et
1914 1082 2030 1102 memorat
2042 1076 2092 1101 Dio
2105 1076 2122 1101 l.
2133 1075 2164 1108 5*7
2176 1082 2202 1109 p.
2217 1077 2264 1108 607
2287 1073 2414 1103 Tiberium
2425 1071 2563 1106 diffitaffi,
2577 1074 2710 1099 Dominum
2724 1071 2754 1107 fi
2767 1071 2796 1107 se
2806 1082 2820 1100 -ῖ
2837 1063 2839 1071 ¹
2903 1057 2912 1081 l

1780 1121 1883 1143 vorum,
1896 1111 2086 1151 Imperatorem
2098 1110 2231 1142 militum,
2245 1116 2393 1136 caeterorum
2403 1111 2543 1144 principem
2556 1107 2608 1141 esst.
2652 1108 2718 1134 Plin.
2729 1108 2808 1138 Pane
2819 1099 2836 1130 5¹⁴
2901 1091 2912 1117 G

1781 1156 1814 1174 22
1834 1147 1953 1173 Femmas
1966 1146 2135 1174 fecunditatis
2149 1146 2208 1171 suae
2224 1145 2339 1171 maxima
2351 1144 2474 1180 voluptas
2489 1144 2587 1176 subiit,
2604 1149 2663 1170 cum
2677 1151 2824 1172 cerneren-
2838 1157 2839 1161 =
2895 1134 2912 1165 “3

1783 1183 1826 1209 cui
1841 1182 1958 1217 Principi
1974 1183 2061 1214 ciues,
2076 1182 2119 1208 cui
2137 1181 2294 1216 imperatori
2314 1180 2413 1207 milites
2427 1180 2591 1216 peperissent.
2647 1181 2750 1206 Praeter
2761 1179 2810 1206 alio
2817 1170 2840 1212 25³1
2892 1168 2912 1188 “¹¹¹

1780 1219 1850 1254 Lips.
1865 1217 1899 1244 ad
1911 1218 2001 1245 Tacit.
2015 1219 2081 1244 Ann.
2097 1226 2109 1249 3
2121 1224 2186 1244 extr.
2207 1217 2318 1253 obferunt
2330 1216 2501 1251 Imperatoris
2515 1215 2701 1251 appellationem
2712 1217 2739 1241 in
2751 1215 2798 1241 Pri
2813 1213 2835 1237 Ὗ
2889 1198 2912 1236 Pu

1779 1254 1876 1290 cipibus
1887 1257 2022 1289 praeponi,
2037 1260 2154 1288 tanquam
2170 1260 2335 1288 praenomen;
2351 1261 2404 1278 cum
2423 1249 2550 1278 ViHorem
2568 1251 2628 1278 bello
2641 1257 2713 1277 notat
2730 1256 2754 1276 et
2767 1251 2827 1285 pr''·-
2888 1231 2912 1273 ΗΜ

1779 1292 1848 1317 vatis
1862 1293 1935 1316 etiam
1946 1289 2081 1319 tribuitur,
2097 1287 2227 1324 postponi,
2241 1295 2356 1323 tanquam
2373 1296 2520 1323 cognomen,
2526 1287 2638 1323 solitam.
2657 1293 2700 1318 vt,
2712 1277 2840 1326 impera&
2887 1276 2912 1311 afr*

1783 1334 1825 1353 tor
1853 1325 1947 1352 Caesar
1966 1324 2105 1359 Augustus.
2125 1330 2231 1357 contra,
2249 1325 2287 1350 M.
2306 1322 2417 1350 Tullius
2437 1323 2534 1350 Cicero
2552 1323 2710 1358 Imperator.
2732 1327 2756 1347 et
2768 1321 2781 1347 1
2823 1313 2829 1321 .
2885 1305 2912 1336 lul

1782 1362 1884 1389 Blaesus
1904 1361 2060 1396 Imperator.
2101 1359 2159 1386 Vici.
2174 1359 2248 1394 Suet.
2262 1360 2336 1386 Caes.
2350 1368 2372 1385 c.
2385 1361 2421 1393 76
2440 1368 2461 1385 c.
2474 1365 2525 1385 not.
2541 1358 2641 1395 Casaub.
2659 1364 2685 1384 et
2696 1356 2790 1383 Claud.
2800 1351 2825 1384 a}
2835 1350 2841 1377 ’ῐ
2883 1340 2912 1381 ..ΓΦ

1784 1406 1821 1425 12.
1858 1397 2001 1424 Schwartz.
2014 1395 2048 1422 ad
2059 1394 2126 1422 Plin.
2140 1397 2233 1430 Paneg.
2247 1404 2272 1428 9.
2306 1394 2454 1429 DoHiffima
2464 1395 2534 1431 sunt,
2546 1403 2607 1430 quae
2619 1394 2648 1420 de
2655 1394 2790 1429 Imperatu
2805 1392 2813 1398 “
2839 1403 2842 1415 2
2882 1381 2912 1409 ΜΨ(

1780 1436 1877 1461 nomine
1890 1439 1914 1459 et
1924 1431 2020 1468 diuerso
2039 1432 2084 1467 vsu
2101 1431 2174 1458 habet
2187 1432 2204 1458 S
2221 1431 2279 1458 anh.
2298 1430 2327 1456 tle
2344 1431 2402 1466 Vsu,
2421 1436 2466 1457 etc.
2486 1432 2562 1457 Num.
2583 1429 2638 1464 diff
2649 1439 2676 1456 10
2689 1437 2718 1465 p.
2733 1422 2837 1492 1801AE
2884 1419 2912 1437 m*

1782 1477 1806 1496 et
1820 1467 1875 1502 dzjffi
1889 1478 1915 1495 12
1924 1475 1951 1503 p,
1963 1477 2011 1501 392
2020 1467 2061 1502 sq.
2097 1465 2164 1492 Idem
2177 1476 2192 1492 a
2223 1468 2315 1493 Iulian.
2330 1465 2396 1502 Caes.
2415 1474 2441 1501 p.
2454 1474 2485 1498 93
2496 1466 2599 1498 attulit,
2612 1465 2666 1493 vid.
2682 1466 2758 1494 Nm.
2772 1465 2785 1491 1
2822 1462 2831 1471 “’
2883 1455 2912 1486 'pf'

1781 1503 2033 1532 PERATORES
2070 1501 2269 1533 INVICTI,
2300 1501 2358 1528 Pii
2383 1501 2508 1527 AVGG.
2537 1501 2566 1527 de
2580 1503 2730 1536 Imperatore
2743 1491 2833 1528 Seuer'b
2883 1490 2912 1508 '¹¹¹

1780 1547 1804 1567 et
1822 1549 1899 1566 uxore
1912 1541 1983 1565 illius
1996 1539 2071 1564 Iulia.
2263 1534 2284 1573 fl
2304 1545 2320 1563 2.
2355 1538 2411 1563 Iam
2428 1536 2555 1563 videamus
2566 1536 2708 1572 formulas,
2720 1544 2780 1572 quae
2794 1528 2839 1562 ad'
2881 1515 2904 1559 il.

1780 1576 1846 1603 illud
1857 1578 1967 1610 primum
1980 1580 2003 1599 et
2016 1579 2112 1599 caetera
2128 1573 2276 1607 complexum
2294 1582 2386 1608 genus,
2405 1581 2451 1608 quo
2464 1572 2547 1598 ducem
2560 1575 2598 1598 rei
2614 1573 2736 1599 militaris
2747 1576 2829 1603 notat,
2883 1563 2910 1580 m

1780 1611 1934 1647 referuntur.
1972 1610 2120 1642 Imperator
2132 1614 2158 1634 et
2177 1607 2375 1635 administrator
2390 1607 2457 1634 belli
2473 1607 2584 1642 gerendi
2604 1608 2659 1634 Cic.
2672 1606 2705 1634 de
2716 1607 2790 1634 Orat.
2807 1614 2829 1636 i,
2883 1598 2907 1626 sm

1782 1656 1838 1674 210.
1910 1645 1985 1672 Idem
2002 1645 2085 1671 Tusc.
2096 1653 2122 1676 2,
2135 1646 2169 1670 62
2187 1644 2219 1669 In
2231 1644 2325 1678 primis
2339 1643 2462 1670 laudabat
2474 1643 2632 1678 illud,quod
2645 1643 2759 1675 diceret,
2771 1650 2829 1669 eos·
2884 1632 2912 1652 Μ’

1782 1683 1842 1709 dem
1855 1681 1960 1708 labores
1974 1689 2029 1707 non
2043 1681 2091 1706 esse
2103 1688 2188 1714 aeque
2201 1688 2293 1714 graues
2306 1679 2463 1714 imperatori
2477 1685 2503 1707 et
2513 1679 2609 1711 militi,
2629 1678 2701 1714 quod
2713 1678 2768 1712 ipse
2781 1677 2830 1704 ho·
2886 1668 2912 1702 '1¹¹¹'

1781 1728 1830 1745 nos
1843 1717 1964 1744 laborem
1982 1716 2114 1743 leuiorem
2130 1715 2227 1742 faceret
2247 1715 2458 1749 imperatorium.
2548 1714 2701 1742 Castrorum
2719 1713 2832 1747 impera.-
2890 1700 2912 1722 Μ

1781 1761 1842 1786 tor,
1862 1754 1970 1788 duxque
1987 1751 2112 1792 ’hostium
2145 1751 2202 1777 Cic.
2221 1751 2250 1777 in
2265 1751 2343 1778 Catil.
2364 1760 2383 1782 1,
2403 1758 2424 1784 5.
2516 1750 2615 1777 vietor
2636 1754 2663 1776 et
2685 1732 2846 1783 imperato&
2876 1730 2912 1779 fif

1782 1790 1906 1816 omnium
1921 1794 2041 1822 gentium
2061 1787 2174 1821 Populus
2188 1787 2322 1814 Romanus
2344 1786 2420 1812 Idem
2433 1795 2482 1821 pro
2494 1786 2583 1813 Domo
2597 1794 2641 1818 90.
2676 1783 2744 1811 Add.
2761 1783 2841 1809 Τι4
2889 1775 2912 1792 “²¹

1783 1833 1807 1855 3,
1822 1826 1849 1855 6,
1865 1825 1886 1849 2.
1954 1824 2044 1861 Bonus
2062 1828 2089 1848 et
2108 1822 2187 1848 fortis
2205 1823 2261 1848 Cic.
2275 1822 2307 1849 de
2321 1822 2396 1849 Orat.
2411 1831 2434 1855 2,
2449 1827 2503 1857 187.
2574 1820 2708 1848 Exercitui
2722 1818 2838 1854 praepe'
2886 1802 2911 1851 M?

1783 1858 1849 1898 situs.
1858 1857 1893 1883 esi
1907 1856 2017 1882 callidus
2032 1861 2058 1882 et
2070 1857 2171 1890 sapiens
2183 1857 2330 1892 imperator
2342 1857 2415 1882 Idem
2429 1857 2572 1882 deInuent2
2585 1865 2604 1887 1,
2618 1860 2646 1888 58
2659 1864 2681 1882 e.
2694 1864 2734 1889 34.
2810 1867 2821 1878 t.
2843 1839 2848 1870 l
2883 1845 2912 1908 Γ,

1784 1892 1939 1920 νιᾶὶιΠῑιῃιις
1954 1891 1993 1918 Id.
2006 1892 2083 1918 Verr.
2098 1900 2127 1924 4,
2143 1895 2179 1920 82.
2250 1893 2281 1917 In
2300 1892 2403 1917 summo
2423 1892 2584 1926 imperatore
2604 1897 2719 1925 quatuor
2733 1889 2778 1916 has
2790 1898 2820 1916 r-
2843 1877 2847 1897 ⁹
2894 1881 2912 1898 '²¹¹¹

1783 1929 1862 1968 inesse
1875 1933 2017 1966 oportere,
2036 1927 2173 1952 scientiam
2185 1927 2227 1953 rei
2239 1927 2362 1953 militaris
2371 1946 2380 1959 ,
2399 1927 2544 1958 virtutem,
2569 1927 2755 1954 aud‘toritatem
2764 1945 2774 1958 ,
2794 1925 2811 1952 f
2813 1942 2819 1946 .
2881 1908 2912 1935 mr*

1783 1963 1913 1988 licitatem
1927 1963 1984 1987 Cic.
1998 1970 2046 2000 pro
2061 1962 2090 1987 L.
2105 1961 2198 1986 Manil.
2211 1967 2239 1990 28
2253 1970 2276 1986 c.
2292 1970 2331 1986 10.
2400 1961 2455 1986 Vbi
2472 1962 2591 1987 summus
2612 1962 2759 1996 imperator
2777 1970 2808 1987 n
2880 1944 2911 1982 Μ(

1784 1996 1854 2022 adest
1866 1995 1899 2021 ad
1919 2000 2064 2020 exercitum
2073 2014 2081 2026 ,
2093 1994 2188 2024 citum,
2202 1995 2276 2028 quod
2293 2003 2349 2020 non
2361 1994 2434 2020 facto
2447 1995 2484 2022 est
2494 1995 2572 2027 ‘vsus,
2591 1996 2636 2030 fit,
2661 1992 2741 2032 quam
2759 2006 2808 2031 qu·
2879 1987 2912 2019 'ml

1784 2031 1857 2058 faeio
1870 2030 1906 2056 est
1925 2038 1992 2064 opus
2010 2029 2094 2070 l’laut.
2105 2029 2203 2069 Amph.
2218 2038 2237 2062 1,
2251 2038 2273 2062 3,
2287 2032 2313 2056 6.
2385 2030 2450 2057 Plin.
2466 2039 2507 2064 29,
2522 2040 2533 2058 i
2554 2031 2584 2058 de
2595 2033 2698 2059 medicis
2730 2033 2822 2060 Pala·
2843 2027 2846 2045 ¹
2879 2016 2912 2042 ΠΗ

1785 2075 1837 2107 que
1855 2066 1905 2097 est,
1925 2072 1953 2091 vt
1971 2074 2083 2105 quisque
2103 2071 2174 2091 inter
2190 2064 2253 2105 istos
2271 2065 2407 2101 loquendo
2418 2066 2532 2100 polleat,
2550 2053 2740 2104 imperatore'm
2755 2056 2848 2096 illi'R‘
2878 2060 2912 2091 l¹⁷¹¹¹.'

1785 2108 1857 2142 vitae
1878 2101 1982 2128 nostrae
1998 2109 2122 2135 necisque
2140 2099 2210 2127 fieri.
2250 2100 2309 2128 Vid.
2331 2108 2453 2129 IMPERO
2468 2104 2526 2137 pr.'
2669 2102 2691 2140 q
2711 2111 2725 2136 3
2761 2096 2849 2131 lumi
2881 2085 2912 2113 lm

1785 2143 1827 2164 ter
1840 2142 1987 2171 imperator
1999 2135 2032 2169 est
2045 2136 2112 2172 apud
2124 2136 2186 2163 Liu.
2200 2137 2227 2169 6,
2239 2145 2274 2170 29
2287 2144 2352 2164 extr.
2388 2137 2457 2164 Plin.
2467 2139 2560 2173 Paneg.
2573 2146 2597 2172 5,
2609 2148 2628 2173 4
2644 2138 2688 2167 vbi
2700 2139 2753 2166 vid.
2762 2141 2796 2166 Li
2821 2135 2849 2171 ξ’,
2883 2132 2912 2185 ”Το

1821 2180 1831 2198 1
1840 2179 1864 2197 M
1873 2179 1889 2198 Ρ
1899 2179 1915 2197 13
1925 2179 1943 2198 R
1953 2173 2001 2211 [xjr
2010 2179 2029 2198 R
2037 2179 2047 2198 i
2057 2179 2091 2203 x,
2110 2172 2167 2212 icis,
2197 2172 2217 2198 f.
2255 2172 2426 2207 [finolam-w,
2446 2172 2573 2208 ἧγεμονίς]
2612 2175 2669 2202 Cic.
2689 2184 2739 2210 pro
2759 2176 2810 2202 Ca
2823 2187 2841 2202 ·.Ἰ

1786 2209 1858 2246 ⁶7¹⁶·
1872 2212 1903 2236 28
1924 2206 2026 2232 Deinde
2041 2207 2124 2233 fortes
2136 2216 2210 2234 viros
2223 2207 2256 2234 ab
2273 2209 2444 2243 imperatrice
2458 2210 2487 2236 in
2506 2209 2609 2237 insidiis
2624 2217 2705 2247 atque
2718 2212 2747 2238 in
2760 2203 2833 2247 prais.-

1786 2242 1853 2282 sidio
1870 2241 2026 2267 balnearum
2046 2241 2153 2282 locatos.
2187 2243 2280 2269 Amare
2296 2244 2342 2271 boc
2356 2244 2421 2270 dicit
2437 2247 2466 2271 in
2484 2245 2603 2273 Clodiam.
2673 2240 2836 2288 Iniperatiqff'

1786 2282 1881 2303 ciuitas
1896 2277 1913 2302 l.
1926 2285 1957 2308 39
1970 2276 2036 2302 Cod.
2049 2275 2082 2303 de
2095 2277 2176 2311 Episc.
2190 2283 2215 2304 et
2230 2278 2302 2305 Cler.
2358 2280 2517 2313 imperatrix
2532 2281 2607 2307 Italia
2626 2281 2692 2309 Plin.
2705 2285 2740 2309 26
2757 2283 2770 2316 3
2784 2303 2787 2306 .
2810 2276 2826 2308 2

1824 2319 1868 2354 ¹.M
1878 2319 1893 2338 P
1901 2317 1946 2338 ER
1955 2319 1977 2338 A
1985 2317 2063 2338 TO'R
2074 2319 2112 2354 IV
2121 2320 2149 2344 S,
2168 2321 2183 2338 a
2191 2332 2200 2345 ,
2221 2322 2276 2340 um.
2295 2313 2356 2340 Adi.
2387 2315 2563 2349 [ςρατηγικδς,
2576 2317 2724 2353 βασιλικὰ]
2739 2303 2748 2315 ’
2758 2302 2841 2353 2303,

1786 2347 1821 2374 ad
1833 2353 2003 2388 imperatorem
2013 2353 2132 2382 pertznet.
2166 2349 2317 2383 Appellatio
2331 2350 2503 2381 imperatoria
2516 2352 2613 2378 Patere.
2625 2361 2650 2383 2,
2664 2361 2704 2385 25,
2715 2359 2738 2386 5.
2804 2356 2805 2359 ’
2817 2357 2832 2374 ”-

1787 2388 1862 2410 natio
1881 2382 1938 2409 Cic.
1952 2383 2028 2424 verr:
2044 2390 2068 2414 3,
2081 2387 2130 2422 187.
2191 2384 2332 2418 Fastigium
2350 2383 2465 2417 Capitol.
2477 2386 2575 2411 Anton.
2587 2386 2636 2412 Pi'o
2649 2395 2672 2412 c.
2687 2388 2712 2413 6.
2771 2387 2828 2415 Cic.

1786 2420 1864 2459 Verr.
1880 2427 1900 2450 1,
1914 2426 1946 2452 57
1973 2418 1998 2444 P.
2014 2418 2142 2458 bernulms
2161 2427 2228 2453 quae
2240 2419 2309 2453 signa
2323 2424 2401 2453 atque
2416 2425 2570 2447 ornamenta
2584 2428 2616 2447 ex
2634 2421 2702 2448 vrbe
2713 2421 2830 2450 hostium

1787 2460 1814 2481 et
1830 2459 1931 2481 virtute
1942 2459 2030 2488 capta,
2051 2452 2116 2493 belli
2137 2453 2194 2488 lege
2212 2459 2291 2488 atque
2309 2454 2484 2488 imperatorio
2498 2455 2558 2482 Iure
2576 2455 2692 2487 sustulit,
2714 2465 2744 2485 ea
2764 2459 2801 2486 Po
2877 2453 2903 2471 υἱ

1787 2491 1910 2517 Romano
1929 2490 2082 2524 asportauit.
2092 2523 2098 2529 .
2151 2489 2240 2517 Labor
2256 2490 2312 2516 Cic.
2324 2490 2407 2516 Tusc.
2421 2498 2446 2521 2,
2459 2492 2502 2517 62.
2574 2490 2642 2516 Laus
2661 2491 2735 2518 Idem
2747 2467 2828 2521 Acri:
2854 2479 2906 2524 {¹5⁰

1788 2535 1816 2561 4,
1833 2534 1849 2552 2
1864 2535 1885 2551 c.
1900 2535 1917 2552 i.
1988 2524 2132 2551 Manubiae
2145 2525 2184 2551 Id.
2201 2525 2234 2552 de
2246 2526 2321 2552 Orat.
2333 2528 2349 2557 ‘3
2362 2535 2384 2552 c.
2399 2534 2412 2558 3
2475 2525 2596 2552 Maiestas
2606 2525 2731 2560 Spartian.
2744 2522 2830 2555 Hadr-

1788 2571 1810 2588 c.
1826 2567 1849 2590 8.
1920 2560 2029 2587 Nomen
2043 2565 2167 2594 cooptare
2180 2560 2383 2595 imperatorium
2398 2561 2455 2587 Cic.
2470 2561 2541 2589 Fam.
2557 2570 2592 2594 ii,
2604 2570 2632 2595 4.
2682 2583 2685 2589 .
2746 2587 2749 2592 ,
2785 2568 2800 2586 H
2818 2586 2819 2589 ,

1825 2603 1835 2623 1
1845 2603 1894 2623 ΜΡ
1903 2601 1919 2621 Ε
1928 2602 1947 2622 R
1958 2602 1981 2623 Α
1993 2602 2015 2622 'r
2025 2602 2090 2622 0R1
2099 2601 2125 2622 Ε.
2163 2595 2230 2622 Adu.
2266 2595 2354 2623 Treb.
2367 2596 2423 2623 Pol.
2438 2596 2533 2623 Claud.
2545 2606 2567 2624 c.
2582 2599 2599 2623 6
2629 2597 2701 2624 Dum
2719 2597 2746 2624 se
2758 2597 2791 2625 ad
2803 2597 2823 2626 i

1785 2631 1888 2660 bellum
1906 2631 2078 2666 imperatorie
2094 2630 2209 2658 instruit.
2728 2631 2731 2638 ”
2803 2632 2805 2634 ’
2824 2625 2829 2628 ’
2843 2625 2849 2644 ⁹

1823 2675 1833 2694 1
1843 2674 1868 2694 M
1878 2674 1893 2693 P
1902 2674 1918 2694 E
1927 2674 1946 2694 R
1956 2675 1965 2693 1
1974 2675 1995 2693 V
2004 2674 2030 2693 M
2045 2687 2053 2700 ,
2078 2667 2097 2693 i.
2129 2676 2156 2693 n.
2198 2667 2336 2703 [ςροιτηγῖοι
2344 2685 2354 2698 ,
2373 2668 2505 2701 βασιλεία,
2525 2667 2680 2704 ἐπικράτεια,
2699 2667 2825 2703 ἧγεμονῖσι

1788 2702 1868 2738 Iustus
1891 2709 1914 2730 et
1936 2704 2095 2738 Praeceptum
2123 2704 2294 2738 Imperatoris.
2348 2703 2425 2737 Virg.
2457 2704 2522 2730 Aen.
2554 2712 2582 2737 1,
2608 2711 2640 2740 57
2679 2704 2823 2740 Tempest

1788 2742 1883 2774 tesque‘
1907 2739 2013 2766 sonoras
2067 2739 2192 2778 Imperio¹
2221 2738 2318 2773 premit
2350 2747 2380 2765 ac
2415 2739 2512 2766 vinclis
2540 2744 2567 2766 et
2602 2748 2706 2767 carcere
2737 2740 2847 2768 frena-¹
2879 2733 2896 2755 '¹‘

1789 2774 1863 2816 Idem
1878 2775 1986 2815 Aen.'4,
2001 2781 2050 2807 295
2077 2775 2195 2814 Imperio
2214 2774 2278 2801 laeti
2298 2780 2399 2808 parent.
2464 2775 2530 2802 Satis
2547 2784 2597 2810 pro
2616 2776 2748 2811 imperio,
2763 2776 2825 2812 qui
2874 2771 2894 2790 ¹¹⁶

1790 2820 1850 2846 quis
1875 2819 1917 2843 es,
1946 2819 1964 2836 1.
1984 2819 2005 2836 e.
2034 2811 2191 2844 Imperiose,
2205 2810 2337 2837 Donatus:
2366 2811 2435 2837 Ter.
2451 2810 2557 2838 Phorm.
2580 2820 2599 2844 i,
2617 2819 2652 2845 4,
2669 2820 2705 2844 19.
2779 2812 2828 2838 Di

1841 2882 1846 2887 ι
1917 2882 1922 2886 .
2021 2881 2026 2886 .
2178 2882 2183 2886 .
2326 2845 2408 2887 Plaut.
2420 2846 2481 2874 Mil.
2502 2855 2526 2880 3,
2539 2855 2559 2880 1,
2573 2855 2602 2882 17
2629 2847 2717 2874 Facile
2729 2847 2766 2874 est
2785 2848 2824 2875 im

1791 2891 1895 2917 perium
1914 2890 1943 2908 in
1962 2881 2049 2922 bonis,
2120 2882 2202 2908 Lenia
2223 2882 2291 2908 Hor.
2305 2881 2384 2917 Epist.
2405 2891 2424 2913 1,
2443 2889 2479 2915 18,
2492 2890 2535 2916 45.
2580 2896 2581 2899 =
2605 2883 2763 2915 Lusorium,
2780 2885 2830 2910 vi
2873 2884 2900 2910 .”

1793 2923 1905 2958 ινΒ-ῐζς.
1977 2917 2069 2944 Tacit.
2078 2918 2152 2958 ·Ann.
2169 2925 2201 2951 ις,
2215 2923 2248 2951 48
2272 2917 2356 2952 quue
2368 2917 2489 2953 pluribus
2497 2917 2722 2953 probabatur5qui
2737 2918 2766 2944 in
2780 2924 2806 2945 ta
2816 2912 2832 2930 3
2874 2918 2882 2927 '¹

1791 2960 1818 2981 ta
1830 2959 1961 2979 Vitiorum
1980 2952 2119 2980 dulcedine
2140 2954 2271 2980 summum
2285 2954 2427 2988 imperium
2445 2962 2493 2980 nee
2511 2953 2675 2984 restri6tum‚
2688 2962 2736 2980 nec
2748 2954 2844 2994 Perre-‘2
2878 2959 2892 2972 ’

1791 2998 1886 3029 verum
1907 2988 2010 3028 volunt.
2081 2989 2231 3016 Precarium
2256 2990 2311 3016 seni
2334 2989 2478 3024 imperium
2485 3010 2494 3023 ,
2519 2995 2546 3017 et
2567 2988 2644 3016 breui
2664 2989 2842 3017 transiturum·
2885 2980 2900 3003 lm

1792 3025 1887 3066 Tacn'.
1896 3024 1963 3050 Hist.
1983 3033 2004 3056 1,
2020 3032 2057 3057 52.
2128 3024 2287 3051 Restri&um
2303 3025 2376 3052 Idem
2390 3026 2458 3052 Ann.
2473 3034 2505 3059 ις,
2520 3029 2562 3058 48.
2632 3024 2663 3051 In
2676 3029 2703 3051 te
2715 3025 2786 3052 mihi
2797 3016 2843 3053 estis
2873 3031 2874 3034 ’
2887 3023 2899 3039 ‘¹¹

1793 3068 1952 3102 imperium,
1969 3059 1993 3086 h.
2008 3069 2027 3086 e.
2051 3060 2113 3087 Tibi
2130 3064 2250 3095 imperare
2260 3059 2352 3095 poffiim
2370 3061 2452 3087 Plaut.
2466 3062 2536 3088 Men.
2549 3066 2572 3092 ς,
2587 3066 2612 3094 7,
2624 3068 2663 3093 41.
2735 3061 2803 3088 Tuu
2832 3052 2843 3077 ⁹¹
2869 3054 2897 3076 ’Ψ

1792 3103 1937 3139 imperium
1955 3094 1992 3121 est
2009 3094 2077 3137 apud
2097 3105 2144 3123 nos
2162 3096 2235 3123 Idem
2248 3097 2308 3123 Mil.
2325 3107 2354 3131 4,
2369 3107 2392 3129 4,
2406 3099 2450 3123 60.
2468 3097 2491 3122 b.
2507 3104 2526 3120 e.
2551 3096 2721 3129 Meminimus,
2730 3096 2792 3132 quid
2806 3100 2844 3129 titt
2869 3087 2890 3109 Μ

1793 3133 1863 3159 nobis
1876 3137 2051 3171 imperauems..
2139 3166 2146 3172 ⁶
2241 3129 2261 3170 ff
2281 3141 2293 3158 2
2336 3132 2415 3159 Verba
2422 3142 2431 3157 .·
2465 3129 2589 3157 Abnuere
2603 3131 2747 3166 imperium
2760 3139 2763 3142 ’
2778 3135 2808 3159 vi
2819 3127 2834 3133 ”

1794 3173 1919 3209 Ai3NVO.
1991 3166 2118 3200 Accipere
2138 3167 2280 3202 imperium
2299 3168 2389 3194 Tacit.
2403 3165 2470 3194 Hist.
2484 3174 2509 3198 2,
2524 3174 2560 3199 19.
2580 3166 2634 3193 vid.
2655 3174 2677 3194 A
2687 3155 2772 3195 ccli*
2783 3174 2793 3194 1
2821 3164 2830 3178 '⁵
2869 3161 2894 3192 ”lu

1792 3205 1855 3231 Liu.
1893 3222 1900 3230 .
1937 3221 1943 3229 .
1963 3237 1969 3242 ι
1982 3220 1988 3228 .
2034 3203 2167 3242 Perculsae
2198 3204 2318 3230 ciuitates
2348 3203 2464 3230 minores
2492 3201 2635 3237 imperium
2660 3203 2840 3238 Acceperunt?
2871 3197 2892 3220 Ψ

1794 3238 1921 3274 Imposito
1939 3236 2069 3278 stipendio
2084 3245 2235 3278 paruerunt.
2270 3240 2387 3265 Intentus
2405 3236 2436 3264 ad
2454 3237 2565 3273 imperia
2579 3238 2641 3265 Acci
2662 3239 2738 3266 ienda
2759 3239 2837 3266 Ideni
2880 3233 2888 3251 ¹

1813 3312 1818 3316 .
1937 3274 2070 3315 Capessere
2083 3275 2205 3308 imperia,
2223 3275 2276 3302 vid.
2298 3280 2344 3301 CA
2353 3279 2393 3300 PE
2402 3280 2436 3300 ss
2445 3279 2473 3299 ο.
2546 3274 2635 3300 Conce
2655 3283 2699 3301 ere
2711 3275 2741 3301 in
2752 3274 2845 3310 impet-¹
2873 3269 2894 3288 ⁰

1795 3321 1868 3352 rium
1880 3309 1970 3350 lustin:
1984 3318 2011 3343 4,
2026 3317 2048 3340 2,
2061 3317 2083 3341 3.
2154 3310 2235 3337 Plaut.
2248 3311 2318 3337 Men.
2337 3316 2358 3341 5,
2372 3317 2395 3340 2,
2411 3314 2448 3339 118
2473 3308 2520 3336 Sed
2536 3309 2595 3344 quis
2613 3309 2656 3336 hic
2669 3310 2721 3344 est,
2735 3311 2784 3346 qui
2795 3304 2845 3338 ca-I,
2886 3333 2889 3337 .

1795 3347 1863 3381 pillo
1880 3354 1924 3372 me
1944 3345 2004 3384 hine
2023 3343 2055 3370 de
2074 3353 2153 3371 curru
2174 3345 2285 3380 deripit,
2300 3344 2442 3379 imperium
2461 3349 2536 3371 tuum
2549 3345 2687 3379 Demutat,
2699 3351 2778 3381 atque
2795 3345 2836 3374 di-
2888 3347 2890 3354 ‘

1796 3382 1869 3408 &um
1884 3380 2033 3416 Apollinis?
2053 3382 2070 3405 i.
2086 3380 2179 3407 Contra
2201 3382 2327 3416 imperium
2349 3387 2416 3406 tuum
2433 3383 2497 3417 agit.
2569 3382 2643 3408 Curt.
2656 3389 2673 3414 9
2700 3372 2836 3417 Oppidani
2884 3374 2896 3396 m

1796 3416 1982 3444 Detreftabant
1993 3415 2149 3448 imperium,
2164 3422 2190 3443 et
2201 3415 2342 3442 clauserant
2354 3421 2449 3450 portas.
2471 3419 2488 3442 i.
2508 3416 2671 3449 Abnuebant,
2685 3417 2839 3453 respuebant.
2879 3411 2893 3440 Ψ

1795 3453 1887 3493 Tacit.
1902 3451 1968 3479 Hist.
1981 3459 2003 3483 3,
2018 3453 2049 3480 68
2069 3451 2238 3478 Praeuenerat
2251 3459 2344 3477 rumor
2356 3451 2462 3479 Eiurari
2475 3451 2508 3477 ab
2519 3460 2552 3478 eo
2565 3452 2718 3487 imperium.
2786 3454 2844 3483 Ex&
2875 3433 2895 3480 ll*

1795 3497 1858 3523 equi
1871 3487 2029 3523 imperium,
2044 3493 2092 3527 pro
2107 3489 2194 3514 Facere
2210 3486 2274 3521 qnod
2292 3485 2324 3520 cst
2343 3490 2499 3523 imperatum.
2528 3487 2610 3514 Plaut.
2626 3488 2721 3522 Amph.
2741 3497 2765 3522 3,
2786 3497 2809 3521 3,
2824 3482 2845 3516 1¹3
2874 3469 2887 3512 ‚¹³

1796 3525 1875 3551 Nunc
1889 3531 1999 3562 pergam·
2008 3520 2066 3562 heri
2083 3522 2223 3556 imperium
2238 3522 2354 3557 Exequi,
2366 3528 2391 3549 et
2404 3531 2447 3549 me
2461 3522 2571 3549 domum
2585 3524 2719 3558 capessere.
2785 3516 2845 3550 Ειεω1
2871 3521 2896 3538 “’

1794 3569 1883 3587 ercere
1894 3559 1959 3586 dura
1969 3566 2081 3597 imperia
2095 3558 2168 3591 Virg.
2182 3557 2278 3592 Gcorg.
2295 3566 2319 3590 2,
2332 3565 2390 3593 370.
2458 3558 2613 3593 Exspetstare
2626 3559 2740 3594 imperia
2760 3560 2836 3586 Curt.

1795 3604 1824 3629 4,
1831 3604 1871 3636 *13‚
1883 3604 1922 3635 21..
1974 3593 2034 3633 Liu.
2049 3602 2071 3633 2,
2084 3601 2115 3626 59
2138 3593 2288 3624 Monentes,
2300 3603 2333 3620 ne
2346 3594 2439 3628 vtique
2452 3594 2573 3628 Experiri
2586 3594 2667 3620 vellet
2679 3595 2823 3629 imperium
2842 3603 2844 3608 ·

1795 3640 1869 3658 cuius
1889 3639 1931 3658 Vis
1941 3636 2043 3670 ’omnis'
2057 3638 2086 3655 in
2105 3629 2227 3654 consensu
2246 3629 2431 3656 obedientium
2456 3630 2524 3655 esset.
2599 3629 2717 3657 Flectere
2736 3614 2853 3666 numni}
2870 3616 2885 3642 'A‘

1795 3666 1926 3693 mollibus
1939 3672 2057 3698 imperiis
2080 3665 2147 3690 Hor.
2160 3665 2245 3691 Carm.
2264 3674 2292 3697 4,
2306 3673 2327 3697 ι,
2340 3673 2365 3698 7.
2438 3665 2569 3698 Frangere
2586 3665 2730 3700 imperium
2756 3665 2845 3695 Idem.
2871 3657 2891 3687 μ’

1796 3703 1885 3729 Carm.
1898 3710 1919 3734 1,
1930 3707 1968 3734 35,
1979 3701 2016 3726 16.
2086 3699 2171 3734 Fungi
2188 3700 2302 3736 imperio
2314 3700 2405 3727 lustin.
2424 3709 2449 3733 2,
2463 3709 2491 3733 4,
2505 3708 2545 3733 25.
2616 3701 2684 3728 Ter.
2698 3701 2764 3728 Eun.
2775 3709 2799 3734 3,
2812 3700 2845 3734 1,.*
2871 3693 2887 3719 Μ

1796 3746 1827 3771 25
1847 3738 1918 3765 Eone
1938 3744 1965 3762 es
1983 3734 2074 3774 ferox,
2087 3735 2150 3769 quia
2164 3736 2250 3762 Habes
2270 3736 2413 3771 imperium
2434 3737 2463 3762 in
2483 3734 2591 3763 beluas?
2871 3730 2893 3751 Ἰ)

1796 3782 1875 3808 quem
1889 3771 1935 3799 sub
1949 3771 2062 3804 imperio
2080 3771 2137 3797 Sen.
2154 3772 2232 3806 Epist.
2247 3780 2277 3798 ιι.

2873 3553 2894 3572 ΛΠ

2872 3582 2887 3607 ml

2660 3736 2767 3763 Habere
2784 3734 2845 3768 ali-ff

2347 3771 2439 3799 Tacit.
2453 3771 2522 3799 Ann.
2542 3780 2577 3804 12,
2589 3778 2627 3806 47
2651 3771 2751 3806 Vulgus
2764 3769 2845 3799 durii>

1870 3844 1875 3850 Π
1959 3842 1964 3846 ¹
2045 3842 2049 3846 .
2126 3806 2252 3834 Inhibere
2265 3807 2426 3841 Imperium,
2445 3806 2585 3833 Immutari
2599 3806 2794 3841 iinperio.v.ff
2805 3799 2845 3837 HJ.
2870 3799 2890 3821 ⁷⁴¹¹

1795 3845 1938 3879 Negligere
1955 3849 2097 3882 imperium
2117 3843 2279 3870 medentium
2298 3843 2363 3869 Plin.
2378 3843 2470 3876 Paneg.
2490 3851 2511 3868 c.
2526 3850 2568 3868 22.
2639 3836 2843 3877 Obtemperare'·
2870 3836 2892 3864 ιζ’

1795 3879 1910 3914 imperio
1927 3876 2052 3917 alicuius,
2071 3877 2124 3904 vid.
2146 3884 2350 3905 OBTEMPERO.
2422 3878 2515 3904 Parere
2533 3877 2648 3911 imperio
2673 3879 2749 3913 Virg.
2764 3878 2838 3906 Aen.t
2870 3869 2878 3887 ³

1794 3924 1824 3948 4,
1837 3919 1889 3946 238.
1927 3947 1932 3952 .
1959 3913 2022 3953 Pati
2033 3914 2176 3953 imperium
2193 3914 2250 3940 Sen.
2265 3912 2337 3940 Med.
2353 3913 2371 3940 s.
2384 3922 2410 3947 4.
2482 3913 2555 3939 Caes.
2570 3913 2597 3939 B.
2612 3914 2644 3940 G.
2663 3921 2685 3946 5,
2699 3921 2727 3946 52
2755 3908 2835 3940 Tan-³
2853 3906 2854 3917 ³

1792 3956 1848 3977 tum
1866 3950 1892 3975 se
1909 3957 1965 3974 eius
1979 3949 2114 3982 opinionis
2135 3949 2320 3983 deperdidisse,
2340 3955 2368 3975 vt
2386 3949 2447 3982 Pop.
2465 3948 2578 3975 Romani
2596 3948 2710 3983 imperia
2726 3944 2837 3975 Perfer-i
2860 3962 2863 3967 ·

2245 3985 2369 4012 Proferre
2386 3984 2528 4018 imperium
2548 3984 2638 4017 suum,
2657 3987 2676 4010 i.
2697 3982 2837 4017 ostendere*
2854 3978 2856 4012 ¹,

2687 4022 2841 4056 potentiam,
2854 4023 2856 4025 ’
