2479 4225
6 1557 10 1579 l

6 1602 9 1634 2

5 1638 9 1653 ι

6 2370 11 2386 l

0 249 5 275 ζ
32 187 114 251 -94ὲ

0 392 3 401 ⁴
33 393 36 399 ⁴
75 401 87 420 1
94 396 163 420 AoE
171 399 192 419 N
201 398 214 417 s
223 411 231 424 ‚
249 389 324 416 entis.
353 388 448 416 Partic.
484 386 625 422 [κείμενος]

37 962 142 994 ruseat,

5 998 8 1023 2
38 999 127 1025 iacere
140 1003 248 1024 conatus
263 997 310 1024 est.

5 1062 9 1072 '
37 1068 152 1097 sublime
178 1069 245 1095 Plin.
260 1077 293 1101 11,
306 1076 331 1094 2.

7 1183 9 1191 ¹
36 1183 116 1210 agros
132 1175 230 1201 Lucan.
246 1182 272 1209 7,
284 1175 340 1201 166.
360 1173 388 1199 <Ie
405 1179 487 1199 tauro.

7 1262 9 1266 ·
41 1246 78 1272 Vt
90 1245 271 1273 Fundamenta
283 1253 385 1276 iacere,
405 1250 428 1269 et
439 1241 565 1269 Graduin.

8 1329 9 1343 l
35 1312 163 1346 'flufflbus
183 1315 398 1350 complerentur,
417 1321 464 1340 etc.

7 1366 9 1391 ¹.
36 1360 61 1386 ᾖ,
75 1359 135 1387 ²77·

0 1710 7 1734 J
35 1707 127 1734 destiti
148 1707 249 1737 facere,
268 1714 316 1732 nec
340 1704 477 1732 desistam:

3 1804 5 1807 .
34 1782 85 1809 835-
107 1778 135 1804 de
157 1777 282 1804 condenda
311 1776 383 1803 Vrbe.

9 1851 11 1855 ¹
33 1849 174 1882 Agger-em.

20 2034 77 2061 47,

18 2097 103 2134 ,ξιξ-,115
121 2096 197 2130 Virg.
212 2097 277 2120 Aen.
292 2103 326 2127 11,
338 2095 398 2126 264.

10 2390 11 2394 ¹
34 2386 70 2416 ²3·

12 2509 15 2518 ,
33 2489 170 2525 epistolae,
187 2487 234 2513 illa
247 2492 362 2524 namque
375 2483 404 2509 in
416 2488 565 2516 Vtramque.

7 2552 9 2558 ,
31 2525 96 2557 iacit
110 2522 242 2558 igniculos
255 2520 367 2552 vtrileS,
383 2525 430 2545 etc.

9 2552 113 2602 '‘quem
133 2558 189 2585 Cic.
216 2558 244 2584 in
266 2554 356 2582 Parad.
382 2563 409 2588 4.

21 3181 23 3184 .
41 3168 73 3193 Εε
87 3163 168 3191 Ouid.
180 3162 245 3188 Fast.
259 3171 280 3193 2,
294 3171 342 3194 590
363 3162 394 3188 Et
414 3160 477 3187 iacit
496 3160 524 3186 in
544 3158 634 3185 medio
647 3157 709 3184 talia
722 3156 809 3183 Verba
821 3156 912 3183 choro.

8 3221 10 3227 ,
43 3203 71 3234 6,
83 3208 113 3232 14
131 3196 171 3223 Ad
183 3196 234 3222 hoc
246 3196 319 3223 domi
332 3196 514 3224 concionantis
530 3195 558 3221 in
569 3194 678 3221 niodum
688 3213 696 3226 ,
710 3194 841 3219 sermones
855 3192 926 3227 pleni
938 3192 1083 3219 criminum

1 3311 3 3315 ¹
45 3313 127 3343 quam
137 3303 295 3331 temulentus
306 3302 401 3330 iecerat
419 3305 488 3331 Tac.
502 3305 569 3331 Ann.
586 3311 620 3335 12,
634 3304 677 3334 64.

410 193 427 233 1
539 192 579 231 A
668 189 702 229 C

40 286 136 316 Tellus
153 283 220 311 iacet
237 286 312 310 extra
326 281 408 308 fidera
434 281 512 316 Virg.
530 281 595 306 Aen.
608 281 635 312 6,
647 285 704 314 795.
901 272 923 312 fl
947 279 961 305 8
996 276 1083 303 Iacere

0 343 5 354 .
39 318 167 359 aetJLatere
184 319 307 355 confundi
323 322 351 344 in
370 317 445 345 MSS.
464 317 532 343 docet
552 315 680 343 Drakenb.
700 312 735 340 ad
752 311 798 339 Sil.
811 320 842 343 2,
861 318 919 344 594.
956 317 979 337 et
993 320 1016 344 5,
1031 318 1082 344 583.

39 364 63 386 “
86 366 127 390 ¹²⁹
141 358 201 391 ‘⁵⁷²'
664 383 720 411 eie.
733 381 846 416 Philipp.
862 389 894 410 ιι,
909 389 927 413 4
952 381 978 407 Si
999 381 1084 409 iacens

39 428 177 457 vobiscum
203 424 307 460 aliquid
328 430 431 459 ageret,
451 423 572 450 audirem
591 421 714 448 fortass‘e:
749 418 832 445 stanti
853 416 1022 456 resistendum
1039 419 1084 446 est,

620 457 718 483 Somno
731 454 815 481 iacens
852 453 928 487 Virg.
942 452 992 479 Eci.
1006 456 1029 484 6,
1046 462 1084 487 14.

41 459 143 503 Segni&
161 467 187 489 et
200 462 286 488 iacens
310 460 443 494 Qlflfiffl·
457 468 478 492 ¹²
491 467 512 491 3*
950 490 981 515 In
994 498 1082 517 amore

36 498 105 530 Dira
117 506 145 524 in
157 498 266 532 regione
279 498 381 530 iacens,
398 499 416 522 i.
432 497 575 531 Aegrorum
595 492 677 519 Ouid.
691 489 776 517 Trist.
791 497 814 520 3,
829 496 881 520 3‚5.

37 530 124 564 iacens
144 534 222 560 Lucr.
236 528 340 566 3‚10052
377 531 489 559 Animus
499 530 599 556 iacens:
615 530 633 554 i.
643 525 910 563 Sivzespe,⁷1oneilaqer,
923 523 1082 552 nouercam,

36 568 95 598 'cie
116 569 148 595 de
168 570 277 596 Amicit.
299 576 330 602 59
359 569 424 596 Non
445 566 481 593 est
495 566 578 600 igitur
595 563 693 594 amici,
711 560 790 587 talem
802 560 851 586 effe
864 567 892 585 in
906 568 980 591 eum,
998 562 1083 595 qualis

20 592 85 639 {ille
99 604 127 631 in
141 606 166 631 se
183 605 218 631 est
233 616 239 631 2
274 604 318 630 sed
332 604 420 638 potius
435 602 488 629 niti
499 607 524 628 et
538 598 656 631 cffi.ere‚
675 602 703 623 vt
715 595 795 623 amici
814 595 944 622 iacentem
962 598 1081 624 animum

6 636 150 684 ¹>{hagenen
165 640 324 675 inducatque
338 640 366 666 ιιι
385 641 473 674 spem,
493 636 733 671 cogitationemque
752 630 903 658 meliorem.

992 634 1084 660 Homo

34 676 152 703 *afflieius
171 682 196 703 et
216 676 303 703 iacens
329 676 386 702 Cic.
405 675 437 701 dc
451 673 545 707 Arusp.
558 671 632 705 Resp.
647 678 687 702 50.
790 666 837 694 Te
850 666 968 699 iacente,
981 675 1030 704 pro
1048 671 1085 696 Te

24 719 192 749 megrotante.
229 712 285 739 Cic.
300 712 372 738 Fam.
386 720 412 744 9,
426 718 459 742 29
479 710 528 735 Sed
542 715 619 739 cura,
637 705 655 731 fi
669 712 711 731 me
724 711 811 735 amas,
834 709 863 730 vt
876 702 973 742 yaleas,
989 714 1021 730 ne
1034 713 1083 739 ego

38 753 66 781 te
79 748 193 780 iacente,
210 747 281 774 bona
295 752 340 774 tua
352 746 493 774 comedim.
566 743 614 769 Pro
623 739 768 768 Coniedaiu
782 739 823 765 hic
831 739 936 774 positum
949 738 981 771 est
990 741 1086 767 Come.

36 781 105 811 dim.
208 783 350 810 Consolari
364 783 493 809 iacentem
510 778 592 807 Ouid.
607 786 639 804 ex
653 777 726 803 Pont.
742 783 768 807 2,
781 783 804 807 3,
820 781 866 809 77.
932 776 994 802 Casa
1009 776 1085 803 humi

36 813 128 855 iacens
148 819 206 846 Sen.
220 819 334 852 Thyest.
348 820 366 846 s.
382 826 403 851 ς.
510 815 617 843 Terrae
630 813 744 839 iacentes
756 811 789 837 ad
803 811 966 845 Hesperum,
984 811 1008 838 h.
1023 813 1085 846 east.

38 861 80 882 eae
93 855 179 891 versut
190 855 355 881 occidentem
380 853 446 880 Plin.
462 857 497 884 13,
509 859 549 884 25.
714 881 719 890 ν
869 884 872 888 ¹

79 897 120 917 ΙΑ
132 896 149 917 C
164 896 218 922 10,
236 890 304 923 ieci,
322 889 436 921 iaehnn,
457 889 511 914 ere.
548 885 659 921 [fini-w,
681 883 794 917 βαλλω]
830 882 935 908 Mittere
948 884 1049 915 eminus,
1063 889 1086 909 et

35 922 67 952 ”vi
81 925 211 962 impellere.
247 926 323 961 Virg.
337 927 402 953 Aen.
415 931 437 956 ς,
449 925 499 955 643
517 922 677 955 Sublataque
690 918 781 954 procul
801 916 894 943 dextra
912 919 1023 944 connixa
1042 928 1084 945 co-

179 962 210 988 Et
224 962 297 988 iacit.
404 959 461 986 Cic.
477 959 555 984 Verr.
569 966 598 990 4,
610 964 643 989 34
669 954 700 981 In
713 962 792 989 quem
812 953 936 987 scyphum
957 953 988 980 de
1004 963 1083 981 manu

416 994 482 1022 Plin.
499 1002 521 1027 2,
534 1001 566 1028 73
581 994 658 1019 quta
670 998 749 1025 quem
763 988 872 1015 vmbrae
885 989 977 1016 aestate
990 990 1019 1016 in
1031 992 1084 1017 Au-

38 1033 122 1061 strum
132 1053 140 1065 ‚
168 1033 256 1059 hieme
281 1033 310 1059 in
328 1031 540 1066 Septentrionem
566 1028 714 1058 iaciuntur,
734 1024 838 1051 cadunt.
944 1027 1029 1052 lacere
1056 1027 1085 1053 jn

425 1065 541 1094 lecissem
554 1063 608 1099 ipse
623 1071 665 1089 me
679 1061 765 1096 potius
778 1060 806 1087 in
820 1060 987 1101 profundum,
996 1071 1084 1096 quain,

38 1111 86 1131 etc.
122 1103 178 1131 Cic.
193 1112 241 1138 pro
253 1104 321 1130 Sext.
335 1108 378 1136 43.
473 1099 564 1127 Tacit.
578 1100 647 1125 Ann.
663 1105 724 1130 4³²2
741 1097 887 1131 Aproniam
902 1098 1041 1132 coniugem
1056 1100 1084 1124 in

36 1143 161 1175 praeceps
174 1139 246 1165 iecit.

685 1166 706 1205 ⁸]
733 1176 749 1194 2
784 1167 943 1201 Substantiua
957 1179 965 1194 .·
1000 1170 1086 1196 Lucil.

35 1211 81 1241 26.
98 1216 143 1245 ap.
158 1210 232 1237 Non.
245 1220 274 1244 4,
290 1218 344 1242 249
365 1209 466 1243 Aggere
479 1207 508 1233 in
518 1202 657 1237 iaciendo,
676 1203 694 1230 si
710 1212 765 1238 quo
779 1203 816 1229 est
828 1204 913 1230 vineis
927 1204 990 1230 aciis
1009 1213 1085 1239 opus.

285 1245 290 1250 ·
674 1241 792 1266 Ancoras
807 1240 893 1266 iacere
907 1247 965 1266 ante
979 1248 1085 1274 portum

324 1280 397 1307 Caes.
411 1279 439 1305 Β.
453 1272 487 1304 G?
499 1285 528 1310 4,
536 1281 568 1306 r28
585 1276 661 1308 Qiae
674 1282 762 1302 tamen
774 1276 879 1302 ancoris
893 1276 967 1302 iactis
976 1296 983 1308 ‚
1000 1286 1084 1311 quum

35 1279 99 1313 Liu.
112 1289 157 1313 29,
172 1289 216 1316 27.

239 1351 332 1378 Tacit.
345 1349 414 1376 Hist.
427 1357 450 1382 3,
462 1356 494 1383 73
508 1347 596 1381 ,Qiod
609 1346 694 1373 edieta
708 1347 737 1374 in
750 1347 878 1381 Populum
893 1356 941 1381 pro
954 1348 1085 1383 Vespaiia-

36 1392 73 1416 no
85 1387 240 1422 magnifica,
261 1386 391 1421 probrosa
402 1384 528 1411 aduersus
545 1382 683 1410 Vitellium
700 1383 813 1415 iecerat,
830 1390 873 1413 vt,
887 1384 1086 1419 sparsbranvul-

226 1422 317 1448 Tacit.
331 1422 399 1447 Ann.
414 1430 435 1452 3,
448 1422 481 1446 66
501 1419 619 1453 Antiqua
633 1419 753 1452 exempla
770 1418 877 1445 iaciens.
914 1422 931 1444 i.
951 1428 1087 1445 commemo-

187 1457 279 1485 Flores
300 1457 378 1491 Virg.
393 1458 458 1482 Aen.
474 1462 497 1488 ς,
510 1462 554 1489 79.
573 1458 601 1480 in
608 1454 694 1489 sacris
702 1454 817 1490 fimeris.
903 1455 960 1480 Cic.
975 1454 1087 1489 Philipp.

22 1418 45 1447 νε
70 1430 121 1451 rat.

85 1470 105 1486 5.

6 1432 82 1530 ’ξι
101 1495 132 1521 In
145 1503 199 1529 quo
214 1493 315 1528 templo
329 1498 459 1527 quantum
471 1492 500 1517 in
513 1499 557 1516 me
574 1490 643 1521 fuit,
664 1490 717 1516 ieci
733 1490 904 1516 fundamenta
922 1491 1000 1524 pacis.
1038 1493 1089 1517 Hic
1105 1503 1132 1528 35
1153 1491 1296 1521 Succutere,
1309 1488 1461 1515 vehementer
1483 1490 1581 1523 agitare
1602 1487 1712 1513 Tibull.
1733 1496 1755 1519 2,
1774 1494 1796 1519 ς,
1811 1488 1854 1512 66.

6 1531 10 1547 ⁸
28 1535 77 1567 per
90 1531 289 1557 tramlationcm.
325 1529 383 1555 sine
395 1528 563 1553 translatione
574 1531 672 1564 autern,
707 1525 777 1551 Suet.
794 1526 878 1559 Calig.
893 1535 914 1552 c.
932 1534 965 1552 22
987 1527 1017 1552 In
1030 1535 1089 1553 area

7 1588 8 1591 ,
34 1566 189 1601 Capitolina
202 1573 288 1591 nouae
301 1563 396 1590 domus
408 1562 579 1588 fundamenta
598 1566 670 1586 iecit.
705 1562 781 1587 Ratio
802 1561 917 1596 loquendi
936 1562 1009 1594 inde,
1025 1562 1089 1597 quod

33 1605 62 1629 in
69 1600 166 1638 fqffizm
180 1601 332 1626 deiicimitur
348 1598 459 1633 Iapides,
479 1604 503 1622 et
515 1596 609 1623 Moles.
706 1595 836 1629 Qiinfnl.
853 1605 870 1625 1,
885 1605 913 1629 4,
928 1605 940 1629 ,-
958 1597 987 1623 de
1001 1599 1088 1623 Gram-

24 1641 143 1670 matico,
162 1637 238 1669 Qiae
252 1634 300 1661 nisi
315 1634 437 1661 Oratoris
450 1633 537 1659 futuri
559 1630 730 1658 fundamenta
750 1631 865 1658 fideliter
882 1632 992 1663 iecerit,
1011 1634 1088 1668 quid-

33 1672 100 1708 quid
113 1671 316 1706 superstruxeris
331 1675 447 1696 corruet.

515 1708 541 1729 et
564 1703 617 1729 iam
637 1703 666 1729 in
691 1711 807 1729 maxnna
822 1712 851 1729 re
864 1703 932 1734 feci,
952 1710 979 1730 et
992 1704 1086 1730 funda-

480 1738 645 1767 Fundamina
663 1738 763 1764 iaciunt
782 1739 854 1764 ciues
883 1738 966 1765 Ouid.
981 1739 1044 1765 Fast.
1059 1750 1086 1773 4,

491 1775 549 1801 Cic.
571 1774 603 1800 de
622 1774 652 1799 L.
671 1775 764 1807 Agrar.
785 1783 810 1805 2,
829 1779 857 1805 38
871 1780 985 1807 e.«1;pr.
1008 1775 1086 1799 l-lunc

33 1813 106 1847 quasi
122 1806 239 1838 Gratffim
252 1811 384 1846 quendam
397 1816 477 1844 atque
489 1810 591 1835 aditum
603 1809 635 1834 ad
649 1815 750 1834 caetera
762 1809 861 1833 iatitimi
874 1808 1042 1839 intelligatis,
1058 1814 1088 1833 vt

245 1847 352 1873 Hastam
365 1846 468 1871 eminus
484 1845 549 1870 iecit
574 1843 649 1876 Virg.
662 1843 727 1868 Aen.
736 1851 774 1874 ιο,
783 1850 844 1876 777.

35 1749 124 1773 menta
139 1742 190 1768 ieci
203 1742 292 1768 salutis
304 1747 372 1768 tuae.

33 1892 92 1910 cere
105 1882 138 1909 ab
153 1887 267 1916 Vtroque
287 1886 379 1915 portus
401 1888 485 1905 cornu
514 1878 571 1904 Cic.
588 1877 642 1903 Att.
656 1885 682 1909 9,
697 1885 734 1911 17.
851 1875 971 1902 Odorem
984 1877 1086 1903 iaciunt

541 1913 609 1940 Plin.
624 1921 662 1944 10,
676 1917 703 1944 38
724 1911 836 1946 Aliquae
851 1920 912 1937 aues
925 1918 984 1938 ante
997 1913 1022 1939 se
1041 1921 1085 1947 pe-

515 1949 631 1983 Salutem
651 1948 681 1974 in
696 1957 725 1974 re
739 1947 829 1981 aliqua
838 1967 845 1979 ,
865 1953 895 1972 vt
903 1953 1006 1981 ponere,
1020 1954 1043 1974 et
1054 1948 1085 1974 ab

731 1983 808 2009 Scuta
825 1982 906 2008 Piaut.
922 1983 1006 2008 Trin.
1021 1993 1049 2015 4,
1062 1992 1085 2014 3,

33 1917 67 1946 de
79 1926 193 1953 corpore
214 1918 320 1943 Lucret.
336 1925 359 1948 2,
374 1920 431 1948 843.

31 1954 78 1982 des
96 1954 213 1984 iaciunt,
231 1959 261 1979 vt
278 1951 406 1978 ciconiae.

32 2000 62 2021 ea
79 1989 178 2026 aliquid
192 1987 296 2024 sperare
314 1987 394 2020 ⁴Virg.
407 1986 505 2019 Georg.
519 1983 623 2018 4‚'294.

132 2023 135 2033 ¹
198 2023 284 2051 Talos
293 2043 301 2055 ,
315 2028 363 2057 pro
376 2021 470 2048 Ludere
484 2021 545 2046 talis
564 2020 647 2045 Plaut.
661 2017 730 2044 Asin.
742 2027 768 2050 4,
783 2026 803 2050 t,
816 2026 852 2050 35.

281 2058 366 2085 Talos
380 2058 408 2083 in
424 2055 544 2083 medium
563 2053 695 2088 Quindfil.
710 2055 734 2085 6,
748 2062 767 2079 1.
843 2082 847 2085 ⁷
863 2052 935 2078 Tela
955 2062 1035 2079 manu
1050 2053 1086 2080 ia-

493 2090 564 2118 Tela
578 2092 606 2116 in
618 2089 714 2116 falsum
737 2089 828 2116 Tacit.
842 2087 909 2114 Arm.
924 2097 950 2121 4,
963 2097 1003 2121 50,
1017 2097 1043 2121 4.
1064 2092 1083 2115 i.

81 2140 135 2162 ere,
155 2134 187 2156 in'
196 2131 320 2162 tenebris,
340 2129 382 2155 vbi
388 2126 494 2165 frustra
507 2127 691 2162 consumantur.
890 2121 911 2160 fl
932 2132 944 2155 3
968 2124 1083 2158 Metaph.

66 2174 70 2184 s
89 2167 228 2203 sermonem
257 2165 385 2201 refertur,
402 2166 505 2199 ponitur
523 2171 550 2188 ue
571 2169 621 2197 pro
637 2162 781 2191 enuntiare,
794 2158 916 2194 spargere
937 2161 965 2183 in
987 2160 1086 2197 vulgus.

21 2062 91 2095 axin.
104 2069 129 2092 2,
144 2066 186 2094 45.

207 2237 278 2264 Illud
291 2236 355 2271 quid
369 2235 415 2267 fit,
434 2235 501 2260 scire
514 2233 610 2266 cupio,
629 2230 701 2266 quod
714 2229 776 2255 iacis
790 2228 899 2254 obscure
910 2228 977 2267 Cic.
992 2229 1046 2254 Att.
1060 2237 1086 2260 2,

155 2273 231 2308 Apud
243 2273 362 2306 aliquem
374 2270 513 2310 quidpiam
532 2267 623 2293 Tacit.
637 2267 706 2291 Arm.
719 2273 747 2296 4,
761 2271 786 2297 7.
884 2263 945 2289 Liu.
961 2271 1002 2298 34,
1017 2271 1029 2296 ς
1042 2271 1084 2299 pr.

22 2300 33 2333 '.
57 2320 99 2337 em
113 2309 269 2340 defendam,
284 2316 339 2332 non
351 2315 415 2337 nos,
428 2313 458 2331 in
471 2312 536 2338 quos
552 2302 615 2328 iecit
628 2300 710 2335 magis
726 2299 776 2325 hoc
790 2299 888 2325 Consul
903 2299 988 2325 verbo
1001 2306 1087 2332 tenus,

27 2335 113 2383 mquam
127 2351 156 2372 vt
169 2354 198 2371 re
212 2342 384 2370 insimularet.
480 2337 679 2366 Contumeliam
699 2336 728 2362 in
747 2335 866 2369 aliquem
889 2335 946 2361 Cic.
960 2344 1008 2369 pro
1023 2335 1086 2362 Suu.

164 2377 347 2407 Contumelias
361 2378 389 2403 in
400 2376 466 2403 alios
497 2375 566 2401 Tac.
584 2374 650 2400 Ann.
665 2382 686 2404 2,
702 2380 738 2404 ςς.

32 2417 190 2446 tei-amicos
204 2415 305 2442 iaciunt
318 2411 493 2439 contumelias
514 2409 605 2436 Tacit.
620 2410 686 2435 Arm.
702 2414 742 2439 ις,
763 2414 802 2439 50.

50 2452 131 2480 robra
164 2452 295 2478 romiscue
319 2448 391 2475 Idem
406 2448 441 2473 H.
457 2455 477 2479 1,
490 2453 536 2480 47.
645 2444 701 2470 Cic.
717 2443 770 2468 Ait.
785 2449 819 2474 ις,
835 2444 865 2467 26
895 2442 1009 2476 Reliqua
1028 2451 1087 2477 pars

31 2463 49 2489 F
146 2462 161 2487 p
617 2479 666 2506 Sed
688 2486 775 2505 tamen
794 2478 937 2504 nonnullos
952 2478 1087 2504 interdum

537 2516 669 2543 Iniuriam
681 2515 766 2541 iacere
785 2520 811 2539 et
830 2514 976 2540 immittere
991 2514 1019 2539 in
1039 2513 1087 2540 ali-

907 2407 1038 2432 Conuicia
1058 2416 1087 2433 ac

403 2590 476 2622 Qias
490 2587 645 2614 insidiarum
659 2587 707 2613 sibi
719 2586 806 2612 Minas
821 2594 867 2619 per
880 2585 1002 2619 ambages
1017 2587 1083 2612 iace-

33 2637 76 2661 ret
95 2630 157 2657 Liu.
172 2638 195 2662 2,
209 2637 246 2655 12.
352 2625 444 2652 Tacit.
459 2627 526 2652 Ann.
541 2632 573 2655 11,
588 2632 612 2655 13
631 2624 714 2657 Inque
726 2622 839 2648 feminas
854 2621 968 2647 illustres
983 2621 1083 2647 Probra

34 2668 142 2695 iecerat.
248 2660 348 2688 Probra
370 2661 398 2686 in
411 2661 541 2686 insontem
568 2659 628 2685 Liu.
649 2667 675 2690 2,
713 2677 720 2684 .
833 2657 891 2682 Cic.
905 2656 937 2681 de
952 2656 1045 2682 Diuin.
1065 2665 1086 2688 1,

37 2712 69 2736 14
88 2699 206 2728 Vocibus
219 2698 312 2729 instat,
330 2702 356 2722 et
375 2695 481 2722 assiduas
500 2695 562 2721 iacit
575 2702 623 2719 ore
638 2692 775 2732 Qierelas.
892 2691 950 2717 Sen.
988 2710 995 2716 .
1033 2710 1039 2716 .
1077 2710 1084 2717 .

33 2739 66 2765 Et
80 2738 109 2764 in
121 2736 284 2770 negligentes
297 2732 382 2758 nostri
394 2730 456 2757 deos
469 2729 677 2764 Qierimoniam
695 2728 812 2766 iaciunt,
832 2732 877 2766 etr.

34 2774 110 2801 Orat.
124 2777 155 2806 87
175 2772 273 2797 Vtetur
284 2775 415 2802 viroque,
432 2765 474 2792 sed
488 2766 572 2792 altero
588 2765 617 2790 in
629 2763 761 2791 narrando
779 2761 882 2796 aliquid
898 2761 1023 2794 venuste,
1050 2761 1084 2788 al-

744 2798 791 2825 Sed
805 2801 879 2824 etiam
886 2796 1037 2833 fimpliciter
1046 2799 1085 2824 Ia-

33 2596 126 2623 Tacit.
140 2595 206 2621 Aiin.
222 2595 247 2624 6,
260 2599 295 2624 31.

32 2815 91 2844 tero
104 2808 132 2834 in
147 2806 285 2836 iaciendo,
304 2802 488 2836 mittendoque
502 2800 639 2828 Ridiculo.

11 2843 13 2858 ³
34 2854 93 2876 eei-e
105 2844 151 2870 hoc
165 2843 259 2868 dicitur
278 2842 308 2867 In
322 2837 454 2865 narrando
469 2838 565 2864 Cicero
579 2835 685 2862 facetias
698 2834 835 2861 consistere
853 2839 940 2868 putat,
960 2832 1083 2860 dicacita-

35 2887 89 2914 tem
102 2880 130 2906 in
144 2877 267 2905 iaciendo
292 2874 404 2908 Quin&
418 2876 442 2904 6,
456 2882 477 2906 3,
489 2881 532 2905 42.
552 2872 581 2898 de
594 2870 709 2898 breuibus
725 2868 813 2896 diffls.
909 2869 1000 2896 Tacit.
1016 2871 1083 2896 Ann.

36 2952 107 2981 Suet.
119 2951 148 2977 in
162 2950 266 2976 Neron.
281 2957 302 2973 c.
317 2954 348 2981 37
362 2944 572 2980 Significationes
584 2942 680 2969 multas
693 2951 741 2968 nec
754 2941 847 2968 dubias
862 2941 935 2975 saepe
950 2949 1028 2974 iecit,
1050 2950 1083 2967 ne

35 2987 148 3023 reliquis
161 2984 271 3020 quidem
286 2983 311 3009 se
324 2983 470 3016 parsurum.
566 2980 623 3005 Cic.
638 2982 687 3012 pro
701 2977 782 3005 Flacc.
797 2985 814 3012 7
832 2978 907 3018 (Qiae
919 2976 1084 3018 estynquam

22 3024 105 3058 ,tiiadia
117 3031 172 3049 non
184 3018 313 3055 suspicio,
333 3026 399 3052 quae
411 3022 498 3043 tamen
522 3015 588 3042 solet
610 3015 666 3055 effe.
681 3014 760 3044 falsa,
780 3012 823 3040 sed
845 3012 998 3040 iracundiae
1021 3022 1083 3044 vox,

22 3058 219 3086 ›11tdoloris3
256 3059 274 3082 i.
291 3055 407 3090 prolata,
426 3051 527 3088 ostensa.
635 3051 692 3076 Cic.
719 3051 772 3076 Att.
795 3057 818 3081 2,
841 3057 870 3081 23
899 3048 948 3075 Sed
969 3047 1082 3081 βαώπιδος

1099 608 1127 626 10

1102 786 1127 810 ¹>

1118 783 1129 792 -·
1148 776 1228 803 Leuis
1249 775 1342 803 Claud.
1356 775 1383 802 in
1398 776 1506 810 Eutrop.
1521 785 1547 808 2,
1564 781 1610 806 118.

1491 189 1523 229 '1
1619 189 1658 230 A
1755 191 1790 231 C
2110 200 2193 248 946

1185 283 1195 302 1
1206 282 1224 303 Α
1236 282 1252 303 C
1261 277 1340 304 TVR
1350 284 1369 303 Α
1380 296 1388 309 ‚
1408 286 1446 303 ae.
1467 278 1487 304 f.
1511 277 1655 312 [σ’ποςολῆ,
1668 276 1775 311 &lagg-'177
1795 278 1882 310 ἕκξολῆ
1891 302 1899 314 ,
1911 281 1989 317 smus&
2003 285 2044 311 Gl.
2059 285 2115 312 Lai.
2130 286 2192 321 GR]

1149 313 1253 347 Proprie
1265 315 1389 339 Damnum
1401 314 1510 346 afficitur,
1528 313 1634 350 quodfit
1642 316 1775 350 praecipue
1788 317 1813 339 [71
1827 321 1904 342 mori:
1932 329 2003 353 φησι]
2019 324 2075 356 quir
2088 331 2192 358 magnas

1148 357 1246 378 merces,
1255 357 1313 383 quas
1319 348 1401 384 ficum
1414 349 1496 380 vehit,
1513 350 1651 385 tempestate
1665 353 1795 386 ingruenti*
1804 369 1811 381 ,
1823 354 1921 385 cogitur
1933 358 1959 378 in
1979 365 2044 382 mare
2062 361 2182 384 conficere·

1148 393 1177 409 ne
1192 387 1264 423 nauis
1277 383 1403 410 obruatur.
1440 384 1538 412 Sallust.
1552 386 1583 412 ad
1597 386 1669 412 Caes.
1683 394 1705 419 2,
1719 394 1748 418 14
1774 386 1799 412 Si
1815 387 1880 420 quid
1895 387 1993 415 aducrii
2009 399 2129 418 coortum
2145 378 2192 424 est?

1149 419 1181 445 de
1195 419 1248 445 illis
1261 419 1420 453 potissimuui
1435 419 1535 447 iachim
1548 421 1587 454 sit,
1602 421 1664 455 quia
1677 421 1757 456 pretii
1771 421 1877 448 minimi
1892 422 1956 449 sunt.
2028 426 2192 455 infimarum

1149 455 1366 490 Damnorumque
1385 455 1505 489 corporis
1523 463 1671 483 contemtor
1692 456 1762 483 Geli.
1777 466 1797 488 2,
1811 464 1850 492 27.
1923 457 2033 485 Decor-is
2053 462 2134 489 ablati
2153 464 2191 490 ia-

1149 490 1224 517 chira
1238 490 1319 517 Ouid.
1333 491 1398 517 Met.
1415 498 1441 522 9,
1453 495 1493 523 98.
1565 493 1682 519 Humani
1696 493 1798 527 generis
1811 492 1912 520 iadiura
1927 494 1999 520 Idem
2015 496 2078 522 Met.
2096 506 2114 529 i,
2128 501 2190 531 246.

1150 527 1199 552 Rei
1212 526 1353 566 familiaris
1369 525 1471 566 iacitura
1484 526 1556 566 Caes.
1571 527 1598 553 B.
1614 528 1645 554 G.
1659 538 1681 561 7,
1694 530 1738 561 64.
1808 528 1835 555 Si
1857 528 1973 555 iaCturae
1993 530 2032 556 rei
2051 532 2191 560 familiaris

1149 567 1226 588 erunt
1241 562 1379 588 faciundae
1395 562 1450 588 Cic.
1465 561 1522 587 Fiu.
1536 571 1552 588 2
1566 572 1587 588 c.
1601 571 1641 596 24.
1697 563 1816 590 laeturac
1835 570 1861 591 et
1876 563 2033 592 detrimenta
2055 567 2094 592 rei
2114 568 2191 594 fami-

1149 597 1223 624 liaris
1240 599 1311 624 Hire.
1326 597 1390 624 Bell.
1407 597 1480 623 Alex.
1500 606 1521 623 c.
1537 606 1582 630 49.
1652 598 1771 625 laeiurae
1783 600 1857 636 saepe
1875 602 2022 637 largitiones
2034 600 2191 638 fignificanr.

1148 634 1228 660 Nunc
1246 642 1298 668 qua
1317 632 1460 667 cupiditate
1473 631 1594 659 homines
1614 634 1642 660 ιιι
1657 635 1821 669 prouincias,
1839 635 1936 671 quibus
1949 635 2074 670 iaeturis,
2095 637 2192 672 quibus

1148 668 1349 695 conditionibus
1368 668 1566 703 proficiscantur
1583 670 1638 696 Cic.
1651 679 1698 704 pro
1712 671 1740 696 L.
1755 671 1845 697 Manil.
1865 680 1886 697 e.
1902 680 1942 704 23.
1995 671 2140 700 Germanos
2157 680 2193 699 at-

1149 714 1202 739 quc
1215 705 1380 731 Ariouistum
1391 704 1424 731 ad
1437 705 1462 730 se
1474 705 1573 739 magnis
1588 705 1696 731 iat-'iuris
1710 706 2003 741 pollicitationibusque
2017 707 2194 743 perduxerant

1148 741 1221 767 Caes.
1235 741 1263 767 B.
1279 741 1311 766 G.
1325 742 1351 774 6,
1367 748 1392 766 12
1400 747 1444 774 pr.
1481 741 1554 777 Conf.
1573 744 1670 768 omnino
1685 743 1789 767 Gronou.
1804 741 1832 767 de
1845 743 1899 768 Pac.
1919 743 1973 769 Vct.
1987 753 2014 777 4,
2027 754 2043 778 4
2053 750 2080 780 p.
2093 751 2142 780 284
2151 745 2194 781 sq.

1680 777 1825 804 Mediocris
1843 778 1935 804 quen.
1951 778 2000 804 Sat.
2016 788 2048 811 13,
2062 787 2088 814 7.
2144 783 2194 807 Ac·

1700 812 1801 839 Atl'erre
1817 813 1963 845 iaCmrani,
1983 814 2035 841 vid.
2056 821 2194 848 AFFERO,

1380 847 1474 873 Facere
1491 847 1604 874 iadiuras
1625 847 1662 874 rei
1679 848 1820 875 familiaris
1842 848 1899 875 Cic.
1913 849 1945 874 de
1959 849 2016 876 Fin.
2030 858 2055 883 2,
2067 857 2101 885 79
2114 860 2136 877 c.
2151 859 2194 884 24.

1402 883 1433 910 In
1447 883 1523 909 vnius
1536 883 1691 910 muliercula
1708 884 1824 910 animula
1837 883 1854 910 si
1869 883 1970 910 iaEtura
1984 885 2052 911 facia
2065 886 2101 912 cst
2120 886 2194 913 Seru.

1573 919 1627 945 Pati
1643 919 1768 946 iacturam
1778 939 1786 951 ,
1806 919 1859 945 uid.
1881 926 1896 945 P
1907 927 1928 946 Α
1937 927 1958 947 Τ
1970 927 2008 948 10
2017 927 2045 948 R.
2118 922 2195 950 Tut—

1150 812 1239 847 cipere
1252 811 1399 843 iat'sturam,
1420 811 1473 838 uici.
1494 818 1631 839 ACC1P10.

1150 848 1256 874 Colum.
1271 856 1291 879 1,
1308 857 1324 873 ι.

1148 883 1202 910 vid.
1224 889 1331 910 FACIO.

1150 919 1223 953 Sulp.
1236 919 1268 945 ad
1281 919 1338 945 Cic.
1352 919 1423 945 Fam.
1436 929 1464 952 4,
1480 927 1501 951 ς.

1101 965 1132 984 20
1149 955 1248 990 piffima
1261 954 1297 980 est
1311 954 1428 987 iaetura,
1449 963 1515 989 quae
1531 962 1577 989 per
1590 954 1779 988 negligentiam
1793 956 1871 982 Venit
1886 956 1945 982 Sen.
1959 956 2004 990 Ep.
2020 965 2039 982 1.

559 1312 663 1338 Ancora
676 1311 708 1337 de
722 1319 800 1346 prora
813 1312 909 1337 iacitur
926 1312 1002 1346 Virg.
1020 1314 1084 1338 Aen.
1103 1321 1134 1345 30
1153 1311 1299 1338 Deucalion
1312 1318 1423 1336 vacuum
1438 1309 1537 1343 lapides
1550 1309 1658 1336 iactauit
1672 1309 1700 1334 in
1708 1308 1810 1334 orbem.

563 1668 621 1694 Cic.
635 1668 707 1693 Fam.
724 1676 761 1707 ιο,
770 1676 803 1699 29
823 1667 1026 1708 Qiod-quideni
1040 1678 1130 1710 nec40

943 1841 1029 1881 Moles
1049 1842 1085 1868 ia.
1097 1851 1130 1877 45
1152 1845 1273 1879 optarem
1295 1839 1397 1865 sumere
1414 1840 1519 1864 Pennas.
1544 1840 1563 1864 i.
1581 1838 1726 1874 Agitanclas
1745 1839 1799 1864 alas
1816 1837 1851 1864 ad
1868 1837 2007 1863 volandum.

924 2018 982 2043 Cic.
996 2017 1028 2043 de
1040 2018 1085 2044 Di·
1101 2029 1134 2056 50
1151 2015 1209 2041 tull.
1225 2015 1302 2049 Apol.
1317 2025 1339 2041 c.
1353 2023 1391 2046 14.

80 2204 125 2230 cit.
139 2204 206 2229 Ann.
223 2210 243 2233 1,
257 2210 287 2228 10
317 2201 454 2233 Quaedam
468 2199 500 2224 de
520 2197 622 2229 iabitu,
640 2196 782 2228 cultuque,
800 2199 826 2219 et
839 2193 966 2218 institutis
979 2193 1036 2218 eius
1049 2202 1086 2219 ie·
1103 2199 1130 2226 55
1151 2193 1187 2216 tio
1212 2193 1288 2215 numi.

1118 2341 1127 2348 ¹
1152 2333 1270 2367 taliaque
1289 2332 1416 2359 ia&amus
1449 2334 1553 2360 Petron.
1573 2342 1594 2359 c.
1615 2341 1667 2365 114.
1688 2335 1706 2358 i.
1726 2332 1894 2368 colloquimur.

844 2371 916 2397 Inter
930 2372 972 2402 se,
988 2376 1033 2397 aut
1049 2371 1087 2397 in·
1095 2375 1130 2403 60

505 2553 554 2578 Per
569 2550 815 2585 vaniloquentiam,
835 2555 861 2575 et
874 2549 959 2577 Minas
973 2549 1084 2576 iaciebat
1098 2547 1130 2580 65

987 2726 1043 2752 Cic.
1058 2725 1086 2752 in
1093 2733 1129 2761 70

34 2919 109 2951 4568
129 2915 214 2949 Igitur
228 2912 341 2939 Latiaris
354 2911 441 2936 iacere
459 2909 586 2935 fortuitos
605 2908 720 2942 primum
739 2906 886 2932 Sermones.
914 2907 933 2931 i.
951 2906 1082 2946 ⁸Spargere.
1096 2910 1128 2938 75

22 3095 142 3123 'nostrae
150 3091 357 3126 consanguineus
365 3098 419 3115 non
427 3089 574 3114 mediocres
582 3088 716 3114 Terrores
725 3085 788 3111 iacit
795 3091 874 3120 atque
882 3083 1028 3115 denuntiat,
1038 3092 1083 3111 etc.
1096 3089 1128 3115 80

38 3133 159 3163 Propert.
172 3136 197 3159 2,
210 3136 219 3153 i
232 3134 296 3154 extr.
331 3125 467 3159 Taliaque
489 3124 649 3150 illacrimans
673 3127 760 3147 mutae
784 3121 839 3147 iace
860 3120 948 3147 Verba
966 3121 1084 3183 faiiilllae.

1046 3165 1084 3184 iu.

43 3238 73 3264 in
86 3236 172 3261 Patres
186 3242 191 3258 :
225 3231 293 3258 inter
306 3242 371 3266 quos
384 3243 443 3259 cum
458 3232 551 3258 omiss'o
563 3230 716 3257 discrimine
736 3230 806 3256 Vera
826 3237 859 3255 an
882 3229 955 3254 Vana
976 3229 1084 3261 iaceret,

43 3270 179 3299 thesauros
197 3266 293 3293 Gallici
310 3269 368 3298 auri
386 3268 516 3295 occultari
528 3276 543 3294 a
555 3266 675 3293 Patribus
688 3265 758 3292 iecit.
850 3265 951 3290 Vocem
965 3264 1084 3297 Claudii,

747 3299 816 3327 Add.
827 3300 902 3327 Idem
916 3302 932 3326 6
942 3319 950 3332 ‚
967 3301 1012 3333 46.

84 3346 220 3369 IACIEN
230 3346 258 3368 S,
272 3337 348 3364 entis.
370 3340 475 3367 'Partim
511 3339 587 3373 Virg.
601 3339 665 3364 Aen.
680 3345 717 3368 10,
727 3338 774 3367 886
796 3336 962 3363 Telamanu
977 3335 1084 3369 iaciens,

46 3383 92 3404 etc.
193 3376 223 3401 Et
238 3374 341 3400 Lucret.
354 3375 379 3406 6,
386 3382 439 3409 1171
470 3390 516 3396 —
551 3374 662 3401 Nudum
676 3373 799 3399 iacientes
812 3381 905 3406 corpus
917 3372 945 3397 ιιι
959 3371 1048 3400 vndas,

81 3418 144 3440 IAC
154 3417 175 3436 T
186 3417 206 3436 V
217 3418 246 3442 s,
262 3417 291 3438 a,
309 3417 362 3434 um.
378 3409 470 3437 Partic.
505 3409 673 3444 βεὲλημένος]
709 3418 723 3434 a
737 3408 817 3435 Iacio.
854 3408 911 3435 Cic.
925 3406 957 3433 de
974 3407 1003 3433 L.
1019 3409 1083 3441 Agr.

682 3480 787 3507 Mentio
808 3480 992 3506 conditionum
1015 3478 1083 3505 iaeta

250 3478 363 3514 Lapides
379 3479 453 3513 Virg.
467 3481 518 3507 Ecl.
531 3484 558 3515 6,
571 3491 610 3515 41.

866 3514 998 3549 Quinfiil.
1022 3523 1047 3548 9,
1070 3523 1083 3541 2

365 3514 457 3541 semen
481 3517 554 3552 Virg.
575 3518 674 3551 Georg.
695 3525 720 3548 1,
742 3525 799 3550 104.

364 3656 486 3683 Pulueris
503 3659 592 3692 exigui
611 3660 681 3686 ιῑιᾶὶιι
700 3660 841 3694 compressa
861 3659 993 3694 quiescent
1012 3664 1084 3693 apum

555 3694 669 3722 Pilatum
689 3695 772 3722 iadius
793 3694 876 3722 Ouid.
888 3694 974 3721 Trist.
989 3702 1015 3725 2,
1028 3698 1085 3725 485-

971 3728 1044 3755 Ιειᾶὶιι
1058 3729 1084 3754 se

45 3661 131 3689 Iae'ius
147 3660 300 3688 fulminum.

43 3700 181 3724 certamina
200 3696 274 3729 Virg.
289 3694 388 3727 Georg.
403 3700 429 3725 4,
445 3696 486 3726 87.

45 3733 112 3760 Teli
125 3732 208 3759 iabius
220 3730 311 3758 Tacit.
326 3730 391 3755 Ann.
407 3736 441 3759 13,
453 3736 497 3760 40.
533 3728 606 3755 Curt.
619 3739 644 3763 3,
656 3739 684 3757 10
693 3738 737 3766 pr.
754 3738 777 3757 et
790 3740 810 3757 c.
826 3740 847 3757 11
857 3737 900 3766 pr,

46 3768 119 3795 dedit
138 3769 167 3795 in
186 3775 286 3802 aequor
305 3765 381 3798 Vil'g·
394 3764 490 3796 Gem'g·
505 3771 532 3796 4.
545 3769 599 3795 528.
668 3766 752 3793 laetus
772 3770 845 3793 etiam
858 3769 920 3793 reris
938 3765 1032 3791 dicitur
1045 3764 1086 3790 ab·

38 3804 129 3840 solute.
164 3803 251 3830 Valer.
266 3803 337 3828 Max.
352 3809 379 3833 4,
585 3834 590 3838 Π

35 3847 78 3867 *ne
90 3839 252 3866 verriculum
265 3835 430 3864 trahentibus
438 3855 446 3867 ,
461 3833 570 3869 quidam
581 3833 680 3861 *ratitum
695 3843 800 3864 emerat.

83 3881 241 3902 IACTVO
255 3881 310 3905 SE,
341 3879 364 3898 et
389 3877 457 3897 IAC
469 3876 598 3897 TVOSV
610 3876 622 3896 S
636 3889 645 3902 ,
681 3871 874 3908 [munus-mk]
909 3881 1030 3908 nusquam
1052 3872 1085 3897 Ie-

44 3917 146 3947 guntur.
182 3910 255 3946 Quod
272 3916 351 3935 autem
370 3906 469 3943 quidam
478 3905 587 3941 probant
600 3914 626 3930 ea
642 3914 670 3931 fx
683 3906 823 3939 Cicerone,
837 3919 885 3936 non
899 3909 1017 3936 Iaeiuose
1026 3928 1034 3939 ,
1048 3916 1087 3933 ne-

45 3955 90 3981 que
106 3945 238 3972 laetuosus
259 3947 287 3971 in
310 3947 344 3970 iis
367 3945 443 3974 Iocis,
459 3941 671 3977 quoradducunt,
690 3942 739 3976 legi
762 3941 842 3969 dehet:
870 3945 918 3982 sed
929 3944 1042 3972 AGmOse
1064 3948 1088 3969 et

46 3981 184 4008 Aetiiosus.
224 3980 281 4007 Vid.
295 3980 369 4007 Non.
383 3988 408 4015 2,
421 3986 481 4014 473.
500 3987 529 4004 ex
548 3977 605 4005 Cic.
616 3977 689 4004 Orat.
707 3983 749 4010 125
764 3986 785 4004 c.
797 3979 837 4010 36.
938 3992 939 3995 =

203 4023 286 4044 vor.
323 4016 348 4044 u

1100 3265 1128 3294 85

1114 3409 1117 3412 ’
1148 3404 1272 3439 querenti
1284 3403 1365 3430 laetat
1384 3403 1508 3429 vltorem.

44 3456 71 3481 2,
85 3453 98 3478 8
118 3448 196 3474 Hunc
211 3444 281 3480 quast
300 3442 408 3477 gradum
421 3446 549 3478 quendam
561 3452 640 3481 atque
659 3444 759 3471 aditum
773 3444 805 3470 ad
818 3451 917 3470 caetera
932 3442 1029 3469 iaoum
1043 3444 1083 3469 in·
1090 3447 1125 3473 90

10 3491 11 3494 ’
28 3484 178 3518 ,Νιιὶςειιῇ

10 3523 13 3525 “
45 3519 142 3546 Vellei.
162 3527 194 3549 2,
213 3519 254 3549 63,
274 3524 293 3542 1.

13 3579 16 3586 ,
43 3555 86 3583 Est
98 3562 124 3582 et
143 3554 226 3581 iaCtus
241 3552 294 3578 sine
307 3550 416 3584 persona
430 3551 521 3579 sermo.
545 3553 602 3580 de,
618 3555 702 3580 Burm,
716 3552 749 3578 ad
764 3558 808 3578 (oc.

11 3587 16 3610 3
43 3609 46 3612 ·
82 3592 245 3620 1ACTVS,
265 3586 304 3613 sis.
324 3595 359 3612 m.
396 3585 496 3621 [βολὴ]
532 3589 585 3624 Ipse
602 3588 711 3615 iaciendi
728 3586 808 3613 aaa..
844 3587 912 3614 Ter.
927 3585 1000 3612 Adel.
1015 3595 1044 3619 4,
1057 3593 1085 3620 7,
1469 3617 1473 3621 .
1576 3617 1580 3621 ι
1650 3616 1655 3620 ι
1732 3616 1738 3620 ἡ
1815 3613 1819 3617 .
1846 3614 1850 3617 .
1893 3614 1899 3618 Ι
1973 3614 1978 3619 .
2014 3616 2018 3620 ι
2044 3617 2048 3620 ¹

13 3622 16 3627 ⁴
44 3634 80 3654 20
100 3627 128 3653 Si
145 3624 222 3657 illud,
236 3621 310 3659 quod
321 3621 357 3647 est
370 3621 484 3647 maxime
496 3631 570 3657 opus,
582 3623 661 3656 iaetu,
673 3633 727 3650 non
742 3622 820 3649 cadit.
855 3623 908 3650 Cic.
923 3622 1021 3653 Catil.3
1036 3630 1057 3647 c.
1072 3627 1085 3651 8
1096 3621 1128 3648 95
1149 3618 1265 3651 dixisset,
1286 3618 1315 3644 in
1328 3626 1414 3652 eoque
1429 3617 1453 3643 se
1467 3626 1495 3642 in
1508 3625 1635 3642 concione
1648 3615 1775 3645 meimet,
1794 3613 1862 3639 nihil
1875 3622 1900 3640 ei
1915 3622 1980 3640 noui
1994 3615 2051 3641 dim
2065 3617 2192 3643 accidiss‘e,

395 3808 405 3825 1
424 3797 594 3833 ci'rcafinem,
618 3800 641 3825 A
653 3801 825 3834 piscatoribus
839 3803 867 3829 in
881 3801 983 3829 Milefia
996 3800 1083 3835 regio-
1091 3804 1138 3822 100
1148 3797 1283 3822 Virtutem
1302 3796 1385 3823 Ouid.
1399 3794 1477 3829 Epist.
1493 3795 1529 3824 16,
1541 3798 1576 3822 81.

1142 3838 1251 3867 ponere,
1265 3831 1311 3867 stu
1328 3834 1463 3866 proficere,
1482 3827 1594 3855 iofturae
1606 3827 1743 3864 faciendae
1755 3831 1845 3855 animo.
1883 3829 1939 3855 Sen.
1953 3828 1984 3853 de
1999 3827 2126 3852 Clement.
2143 3835 2163 3858 1,
2176 3834 2189 3858 3

1096 3981 1137 4008 ¹05
1149 3974 1260 4003 stridens
1278 3973 1412 4008 Aquilone
1429 3971 1545 4008 procella
1581 3971 1680 3999 Velurn
1698 3972 1806 3998 aduersa
1824 3969 1895 3995 ferit.

1185 997 1195 1017 1
1205 997 1227 1017 A
1238 995 1255 1016 C
1266 996 1288 1015 T
1298 996 1316 1014 v
1329 997 1347 1016 R
1357 996 1395 1016 Λῐ
1414 997 1444 1016 18
1455 1010 1462 1022 ,
1481 999 1505 1016 e.
1530 989 1592 1016 Adi.
1629 989 1707 1015 Gloss.
1728 990 1784 1016 Lat.
1800 991 1849 1017 Gr.
1867 991 2014 1024 hermale,
2029 991 2159 1026 ἐπιζήμιον.

1148 1060 1164 1088 d
1185 1032 1315 1088 lAgl'rffv
1328 1032 1490 1058 RARIVS,
1516 1025 1535 1052 i.
1563 1034 1600 1052 m.
1634 1025 1686 1060 ‚Qai
1699 1024 1848 1061 frequenter
1865 1024 1991 1053 iaHuram
2005 1030 2116 1063 patitur.
2151 1027 2195 1055 lsi-

1167 1069 1206 1088 or.
1261 1069 1277 1087 o
1299 1081 1305 1087 .
1867 1077 1871 1080 ·

1185 1103 1251 1124 1Ac
1262 1103 1284 1123 T
1296 1104 1306 1123 1
1317 1103 1352 1127 0,
1371 1097 1439 1123 onis.
1460 1096 1480 1123 f.
1518 1094 1615 1123 Iasius.
1652 1096 1689 1122 Ex
1704 1094 1780 1122 Celso
1796 1103 1818 1127 3,
1834 1103 1856 1121 11
1889 1094 1974 1122 Iaffio
1988 1101 2014 1122 et
2032 1097 2122 1124 foetor
2139 1097 2195 1125 oris

353 1138 478 1171 Praeceps
498 1136 524 1162 se
543 1135 606 1162 iecit
624 1134 653 1160 in
672 1140 765 1166 agros,
789 1135 807 1158 ι’.
824 1134 906 1158 Irruit
918 1137 1043 1169 antjugit
1057 1138 1128 1168 11125
1146 1131 1266 1166 affertur.
1301 1131 1349 1161 Sed
1365 1134 1399 1158 al.
1418 1130 1528 1164 rebilus,
1549 1131 1719 1159 iactationem
1743 1131 1933 1166 senioremque
1958 1133 2077 1166 corporis
2097 1134 2196 1161 minuit

1148 1177 1208 1195 remi
1233 1178 1263 1194 zo.

1186 1211 1196 1230 1
1205 1168 1255 1230 gc
1266 1211 1287 1231 T
1296 1210 1315 1230 0
1323 1223 1332 1236 ,
1348 1206 1400 1230 ire.
1438 1202 1450 1236 [
1457 1201 1567 1239 ῥιπτᾰζω
1574 1223 1582 1235 ,
1607 1200 1804 1236 ἐλαζονεῦομαι]
1851 1200 1957 1228 Verbum
1972 1203 2197 1239 Frequentatr‘uum,

1148 1239 1274 1276 autfizepe
1288 1240 1436 1273 multumque
1443 1258 1451 1270 ,
1470 1245 1514 1264 aut
1534 1239 1686 1265 vehementer
1706 1240 1798 1268 iacere,
1813 1238 1853 1263 vel
1871 1240 2018 1270 immoriere,
2031 1240 2098 1264 velut
2117 1243 2197 1266 iacere

1151 1276 1214 1301 velis
1227 1282 1273 1301 etc.
1311 1275 1384 1300 Caes.
1402 1274 1428 1299 Β.
1443 1274 1474 1299 G.
1492 1282 1511 1306 1,
1526 1281 1553 1306 25
1579 1274 1632 1300 Diu
1649 1273 1745 1300 iactato
1760 1272 1880 1299 brachio.
1926 1273 2002 1307 Virg.
2018 1274 2115 1308 Georg.
2132 1284 2152 1308 1,
2167 1277 2198 1302 62

1882 1308 1962 1334 Attus
1976 1310 2049 1335 varie
2062 1310 2141 1337 iaeiat
2157 1311 2198 1337 in-

1666 1343 1776 1371 Brachia
1797 1344 1896 1370 excussa
1917 1344 2014 1370 iadiare
2034 1345 2115 1372 Ouid.
2130 1347 2197 1373 Met.

1740 1379 1810 1406 Basia
1831 1379 1948 1406 quenal.
1963 1388 1991 1412 4,
2006 1386 2051 1410 118.
2087 1381 2197 1408 Phaedr.

1932 1415 2041 1442 Brachia
2067 1417 2095 1442 in
2122 1418 2198 1452 aquis

1151 1353 1236 1373 certus
1249 1346 1328 1372 dolor
1342 1346 1400 1372 Sen.
1413 1344 1524 1380 Hippoi.
1539 1346 1556 1371 s.
1571 1354 1598 1377 4.

1150 1391 1173 1416 5,
1188 1384 1243 1415 596.
1264 1380 1350 1415 Gestus
1362 1380 1393 1413 est
1410 1391 1436 1406 m
1449 1384 1521 1416 aquis
1533 1383 1682 1406 natantium.

1152 1427 1173 1451 ς,
1190 1426 1217 1452 7,
1231 1423 1267 1448 28.
1335 1416 1477 1443 Brachium
1500 1417 1528 1442 ιιι
1547 1416 1614 1443 latus
1640 1415 1770 1448 Qiinffil.
1791 1424 1819 1447 4,
1837 1424 1862 1441 2.

1155 1453 1236 1480 Ouid.
1252 1461 1283 1479 ex
1296 1453 1379 1479 Ponto
1399 1461 1419 1484 t,
1441 1455 1467 1485 6,
1489 1461 1527 1486 ¹4·
1600 1452 1704 1478 Caesius
1725 1451 1780 1477 Cic.
1796 1450 1879 1477 Tusc.
1900 1458 1926 1482 2,
1945 1460 1989 1484 40.
2046 1454 2159 1488 *Caput,
2178 1456 2199 1479 i.

1926 1486 2012 1519 Colla,
2025 1485 2053 1513 de
2064 1488 2200 1515 bacchante

1152 1524 1234 1551 Ouid.
1249 1526 1313 1551 Met.
1326 1532 1348 1556 3,
1363 1525 1423 1558 726.
1494 1525 1596 1557 Corpus
1614 1523 1643 1548 in
1662 1528 1719 1548 toto
1739 1521 1822 1548 cubili
1844 1522 1940 1548 Lucan.
1961 1531 1984 1554 ς,
1998 1527 2049 1552 812.
2121 1525 2200 1551 Faces

1153 1560 1273 1587 ardentes
1287 1560 1316 1586 in
1329 1559 1480 1586 vicinorum
1496 1558 1562 1585 tedia
1571 1558 1667 1584 Cic.de
1676 1558 1767 1592 Arusp.
1777 1557 1851 1591 Resp.
1866 1563 1927 1586 c.18.
1962 1558 2054 1584 quen.
2063 1551 2143 1591 Sat.⁹3,
2152 1560 2201 1586 106

1370 1608 1416 1615 »-
1451 1595 1549 1621 Melior
1569 1594 1617 1628 qui
1638 1595 1739 1627 semper
1760 1598 1786 1618 et
1805 1592 1881 1618 omni

1264 1641 1266 1644 ·
1307 1630 1401 1657 Nooe
1418 1629 1515 1664 dieque
1533 1629 1617 1664 potest
1637 1629 1755 1654 alienum
1776 1629 1879 1653 sumere
1899 1626 2014 1659 vultum,

1307 1667 1331 1692 A
1349 1666 1418 1692 facie
1436 1666 1535 1692 iaetare
1554 1673 1660 1694 manus,
1680 1663 1786 1689 laudare
1805 1667 1910 1696 paratus

1309 1701 1337 1726 Si
1356 1701 1423 1727 bene
1444 1700 1577 1731 rutSiauit,
1598 1699 1616 1725 fi
1634 1698 1737 1724 ree‘tum
1757 1697 1855 1723 minxit
1875 1696 1984 1722 amicus.

1153 1737 1175 1763 A
1189 1736 1258 1762 facie
1273 1735 1371 1762 iaetare
1391 1744 1499 1766 manus,
1525 1737 1543 1760 i.
1561 1737 1587 1758 in
1608 1734 1685 1758 altum
1699 1733 1831 1767 sublatas,
1846 1740 1857 1757 e
1877 1734 1976 1767 regione
1991 1730 2092 1766 faciei,
2106 1740 2202 1759 mouere

1152 1771 1330 1796 admirationis
1347 1770 1429 1805 causa.
1500 1768 1598 1794 Oculos
1618 1768 1722 1793 Lucret.
1741 1776 1768 1799 4,
1789 1775 1847 1798 1¹32·
1920 1766 2112 1802 Odorem,pr0
2125 1769 2202 1794 Emit-

1152 1811 1203 1830 tere
1222 1805 1298 1837 Virg.
1314 1804 1412 1838 Georg.
1427 1812 1452 1834 2,
1471 1811 1522 1834 ¹32·
1594 1802 1676 1829 Ouid.
1690 1802 1776 1828 Trist.
1792 1811 1812 1833 3,
1826 1807 1848 1833 8,
1863 1809 1875 1834 ς
1902 1802 1981 1829 Nunc
1999 1811 2049 1837 ego
2069 1802 2201 1829 iati‘tandas

2077 1838 2202 1865 Membra

1768 1873 1903 1898 Numeros
1923 1872 2051 1903 eburnos,
2067 1875 2084 1899 i.
2098 1872 2202 1906 teffiras
2225 1888 2227 1890 v

1536 1909 1660 1935 Pecunias
1681 1909 1736 1934 suas
1755 1907 1773 1933 l.
1787 1915 1815 1939 25
1834 1907 1859 1934 ff.
1880 1907 1913 1933 de
1934 1907 2036 1941 probat.
2066 1913 2092 1935 et
2116 1910 2201 1943 praes.

1799 1943 1864 1969 Rcte
1889 1943 1954 1969 Cels.
1974 1943 2034 1970 inl.
2054 1944 2203 1971 Si-iaetum‘

2012 1979 2110 2012 Stipeiu
2130 1981 2202 2007 Ter-

1154 1882 1182 1900 in
1204 1873 1327 1900 iactando
1344 1875 1436 1909 fatigat
1456 1874 1561 1901 Lucret.
1583 1882 1604 1906 3,
1625 1879 1695 1906 1048.

1153 1910 1235 1937 Ouid.
1248 1911 1279 1935 A.
1295 1911 1325 1935 A.
1344 1918 1370 1943 2,
1385 1918 1442 1941 203.

1151 1945 1317 1977 Quadrantes
1338 1946 1365 1970 in
1384 1945 1494 1970 domum
1507 1944 1567 1970 Liu.
1582 1952 1594 1975 3
1604 1963 1610 1974 ‚
1625 1949 1649 1973 18
1663 1950 1727 1969 extr.

1151 1981 1185 2006 D.
1204 1979 1236 2005 de
1249 1979 1376 2005 aetionib.
1392 1986 1453 2006 emt.
1525 1979 1620 2005 Semen
1638 1980 1723 2005 Varro
1740 1977 1772 2004 dc
1792 1978 1823 2004 R.
1837 1978 1867 2004 R.
1882 1987 1900 2010 1,
1913 1987 1957 2012 42.

1444 2014 1532 2041 Talos
1552 2014 1608 2042 Cic.
1623 2013 1655 2040 de
1668 2014 1761 2040 Diuin.
1776 2022 1802 2046 2,
1816 2019 1859 2047 48.
1996 2011 2017 2051 fl
2036 2022 2052 2041 2
2086 2015 2201 2051 Megaph.

1150 2050 1252 2077 Ia&are
1271 2059 1344 2077 curas
1366 2050 1472 2084 peciore
1485 2051 1559 2083 Virg.
1574 2052 1640 2075 Aen.
1660 2058 1679 2080 1,
1697 2058 1749 2081 23¹-
1768 2052 1786 2074 i.
1809 2049 1882 2083 Saepe
1899 2049 2005 2075 voluere.
2079 2050 2135 2077 Cic.
2145 2051 2201 2078 Off.

1152 2095 1175 2118 3,
1190 2092 1222 2114 80
1236 2095 1257 2111 c.
1274 2095 1305 2111 20
1325 2087 1446 2119 Cumque
1462 2085 1604 2118 collegium
1617 2085 1770 2110 Praetoruin
1785 2083 1869 2110 Trib.
1885 2083 1953 2118 pleb.
1972 2084 2158 2118 adhibuissent,
2173 2093 2203 2113 vt

1151 2129 1193 2147 res
1216 2121 1352 2150 numana,
1367 2128 1413 2146 etc.
1438 2120 1656 2146 constitueretur:
1695 2119 1844 2146 iaetabatur
1865 2120 1937 2146 enim
1960 2120 2014 2146 illis
2035 2121 2202 2156 temporibus

1151 2156 1259 2181 Numus
1278 2155 1326 2186 fic,
1340 2161 1369 2181 vt
1393 2163 1472 2180 nemo
1487 2155 1552 2181 scire
1576 2155 1657 2190 posset
1675 2155 1740 2190 quid
1755 2154 1871 2182 haberet.
1887 2158 1906 2181 i.
1931 2154 2079 2182 Flue'iuabat
2092 2156 2203 2190 aestima-

1367 2190 1468 2217 Iac'tare
1486 2195 1581 2225 atquer.r
1595 2191 1695 2225 agitare
1715 2191 1876 2225 aequitatem
1894 2191 1985 2217 multis
2005 2192 2113 2220 iniuriis
2144 2193 2203 2220 Cic.

1151 2234 1201 2260 pro
1213 2225 1306 2258 Qiint.
1321 2234 1358 2252 10.
1430 2225 1530 2252 Iac‘tare
1545 2226 1623 2252 Dieta
1642 2227 1730 2253 iocosa
1750 2228 1778 2252 ιιι
1796 2225 1960 2252 aduersarios
1985 2226 2044 2253 Liu.
2063 2237 2109 2262 40,
2124 2235 2141 2262 7
2156 2235 2202 2263 pr.

1153 2261 1283 2288 Conuicia
1296 2260 1406 2295 grauida
1418 2262 1507 2296 lingua
1528 2262 1645 2296 Propert.
1661 2272 1682 2294 3,
1697 2267 1718 2291 8,
1735 2271 1767 2288 11.
1838 2260 1881 2287 Ibi
1899 2260 1962 2287 haec
1974 2262 2112 2290 Incondita
2133 2264 2202 2290 solus

1153 2296 1293 2323 Montibus
1311 2303 1337 2323 et
1354 2297 1426 2323 siluis
1439 2298 1526 2324 studio
1545 2297 1658 2324 iaGtabat
1672 2297 1745 2323 inani
1767 2297 1842 2330 Virg.
1857 2296 1910 2322 Ecl.
1925 2303 1995 2333 zpr.
2052 2299 2122 2324 Dum
2138 2299 2203 2326 haee

1968 2332 2044 2359 Diua
2078 2335 2201 2370 faetaque

1152 2368 1322 2403 quorundam
1334 2368 1523 2399 calumniatus,
1542 2367 1612 2402 quali
1626 2368 1674 2394 alii
1688 2369 1713 2394 se
1728 2376 1855 2402 puerum,
1875 2368 1923 2394 alii
1943 2368 2091 2403 ornandum
2106 2371 2202 2398 tollen-

1152 2404 1268 2439 dumque
1295 2404 1429 2430 iaetass'ent
1458 2404 1527 2430 Suet.
1546 2405 1612 2437 Aug.
1638 2412 1660 2429 c.
1675 2411 1709 2429 12.
1804 2403 1892 2437 Iurgia
1920 2405 1994 2438 Virg.
2019 2405 2083 2432 Aen.
2106 2415 2144 2439 10,
2160 2414 2200 2440 95.

1150 2440 1206 2467 Cic.
1220 2449 1269 2474 pro
1284 2439 1378 2472 Qtint.
1394 2448 1430 2474 47
1445 2448 1466 2466 c.
1483 2448 1514 2472 14
1542 2440 1633 2466 Minae
1653 2438 1800 2471 metentur,
1814 2439 1930 2473 pericula
1949 2440 2131 2472 intendantur,
2145 2442 2200 2469 for-

1150 2475 1266 2502 midines
1280 2482 1457 2510 opponantur,
1472 2482 1516 2501 stc.
1590 2474 1689 2501 Probra
1710 2475 1737 2500 in
1759 2474 1877 2508 aliquem
1898 2475 1958 2500 Liu.
1971 2484 2014 2507 29,
2028 2484 2052 2508 9.
2123 2476 2199 2504 Idem

1149 2519 1177 2546 7,
1192 2518 1260 2547 9pr.
1296 2512 1330 2537 Ea
1345 2512 1438 2538 vltima
1454 2511 1506 2537 fuit
1519 2511 1607 2539 causa,
1627 2518 1710 2544 quum
1730 2510 1826 2536 multae
1842 2515 1900 2536 ante
1914 2511 2107 2543 Qierinioniae
2126 2512 2199 2540 vltro

1150 2548 1274 2581 citroque
1295 2547 1406 2573 iaciatae
1423 2547 1515 2576 essent,
1528 2554 1574 2571 cur
1593 2553 1648 2579 per,
1662 2552 1707 2572 etc.
1781 2546 1846 2571 Rem
1865 2545 2032 2572 sermonibus
2054 2547 2091 2573 Id.
2106 2552 2143 2580 38,
2156 2553 2198 2579 28.

1151 2583 1223 2608 Caes.
1241 2583 1268 2608 B.
1282 2583 1313 2608 G.
1330 2591 1349 2615 1,
1364 2588 1388 2612 18
1424 2581 1472 2607 Sed
1486 2581 1557 2615 quod
1573 2579 1695 2614 pluribus
1716 2579 1895 2615 praesentibus
1909 2589 1951 2607 eas
1962 2590 2002 2608 res
2016 2582 2110 2609 iaCtari
2124 2584 2198 2610 nole-

1148 2617 1210 2649 bat,
1230 2617 1353 2644 celeriter
1372 2618 1515 2644 concilium
1538 2616 1658 2642 dimittit.
1729 2616 1816 2642 Verba
1847 2617 1973 2650 generosa
2003 2618 2060 2644 Sen.
2075 2619 2153 2653 Epist.
2169 2628 2196 2652 9.

1149 2654 1234 2678 Voces
1248 2651 1280 2678 ad
1295 2652 1378 2679 sidera
1396 2654 1469 2687 Virg.
1484 2652 1536 2678 Ecl.
1552 2659 1574 2684 ς,
1590 2654 1632 2678 62.
1703 2651 1836 2678 laetantur
1852 2653 1945 2683 Voces,
1959 2661 2025 2687 quae
2039 2655 2198 2687 perueniunt

1149 2687 1181 2714 ad
1201 2696 1276 2714 aures
1297 2696 1367 2714 meas
1393 2688 1449 2714 Cic.
1465 2687 1545 2714 Catil.
1560 2696 1579 2720 4
1591 2696 1613 2714 c.
1627 2694 1652 2721 7.
1724 2687 1800 2721 Virg.
1816 2688 1880 2714 Aen.
1896 2696 1933 2718 10,
1946 2691 1992 2720 638
2028 2690 2113 2716 Voces
2132 2690 2197 2718 dum

1149 2722 1229 2750 iaetat
1248 2724 1354 2750 inertes.
1531 2720 1551 2758 ff
1573 2731 1584 2754 3
1620 2721 1733 2755 laetari,
1747 2724 1789 2749 vel
1812 2722 1911 2750 [afflare
1929 2724 1970 2755 se,
1989 2722 2022 2756 est
2041 2728 2115 2752 etiam
2129 2727 2198 2753 Mul.

1148 2766 1200 2785 tum
1214 2759 1327 2786 laborare
1338 2762 1365 2785 in
1378 2760 1462 2793 aliqua
1476 2768 1511 2785 re.
1548 2758 1623 2785 Nolo
1637 2764 1663 2784 te
1676 2758 1770 2785 iafflari
1784 2758 1884 2785 diutius
1899 2759 1979 2785 Plaut.
1994 2760 2075 2787 Trin.
2089 2770 2110 2793 3,
2125 2770 2150 2794 2,
2158 2770 2197 2795 59.

1150 2795 1207 2821 Cic.
1223 2796 1295 2822 Fam.
1310 2804 1335 2828 2,
1350 2802 1374 2827 ις
1413 2795 1463 2821 Sed
1482 2801 1570 2821 tamen
1582 2793 1685 2828 Repub.
1705 2794 1775 2820 mihi
1794 2794 1863 2820 nihil
1883 2795 1917 2821 est
1931 2795 2030 2822 carius:
2056 2797 2084 2822 iri
2103 2804 2197 2832 quatu

1148 2840 1203 2857 non
1216 2831 1292 2857 valde
1304 2837 1329 2857 te
1344 2830 1434 2857 iaetas.
1491 2830 1563 2857 Cael.
1579 2830 1650 2856 Fam.
1666 2835 1688 2861 8,
1703 2839 1731 2856 10
1759 2831 1905 2857 Curionem
1917 2830 1998 2857 video
2017 2833 2041 2858 se
2054 2832 2198 2867 dupliciter

1148 2866 1323 2893 iactaturum:
1357 2868 1474 2901 primum
1493 2872 1522 2892 vt
1538 2865 1644 2900 aliquid
1659 2866 1763 2892 Caesari
1782 2866 1896 2898 adimat;
1932 2866 2026 2893 deinde
2045 2874 2074 2894 vt
2094 2869 2197 2903 aliquid

1148 2903 1276 2936 Pompeio
1293 2901 1403 2929 tribuat.
1439 2902 1514 2937 Conf.
1530 2902 1586 2928 Cic.
1601 2901 1681 2928 Catil.
1695 2910 1713 2934 4
1727 2911 1748 2928 c,
1763 2908 1785 2934 ς.
1857 2902 1954 2929 Iae'iari
1973 2904 2000 2929 in
2019 2912 2099 2938 opere
2112 2905 2197 2932 decla-

1147 2939 1264 2965 matorio
1282 2939 1337 2964 Cic.
1351 2937 1384 2964 de
1398 2938 1472 2964 Orat.
1488 2947 1507 2969 1,
1523 2945 1553 2972 73
1566 2947 1587 2963 c.
1604 2939 1641 2963 16.
1662 2940 1681 2964 i.
1700 2937 1790 2964 Crebro
1803 2937 1909 2972 ver-fiiri.
1962 2938 2006 2965 Ad
2024 2943 2135 2974 corporis
2147 2950 2196 2967 mo-

1147 2981 1198 3000 tum
1211 2973 1289 3008 fimul
1305 2972 1408 3009 respicit
1424 2976 1452 2999 in
1474 2974 1516 2999 illo
1529 2974 1620 3000 sicinii
1638 2973 1705 3008 apud
1724 2973 1780 3000 Cic.
1793 2973 1866 2999 Orat.
1883 2982 1923 3005 217
1943 2982 1964 2999 c.
1976 2976 2011 3000 60
2041 2974 2196 3010 Nunquam,

1148 3009 1260 3041 oeiaui,
1278 3010 1395 3043 collegae
1411 3014 1459 3035 tuo
1479 3009 1590 3043 gratiam
1608 3009 1721 3041 referes,
1743 3009 1788 3044 qui
1808 3009 1856 3035 nili
1875 3010 1901 3035 se
1922 3010 1968 3035 suo
1989 3019 2064 3036 more
2080 3011 2195 3038 iafiaffet

1147 3046 1196 3080 (in
1210 3045 1302 3082 agendo
1312 3052 1360 3080 pro
1373 3043 1484 3079 rostris)
1504 3044 1586 3071 hodie
1600 3050 1626 3071 te
1641 3044 1844 3079 (medicamentis
1858 3044 2009 3078 dclihutum)
2024 3045 2080 3071 istic
2093 3048 2195 3073 muscae

1148 3081 1327 3108 comedissent.
1398 3081 1477 3107 Fama
1507 3080 1620 3107 inexatur
1631 3081 1677 3107 Sil.
1697 3090 1723 3113 4,
1742 3089 1768 3112 4.
1839 3079 1910 3106 Cael.
1930 3079 1961 3104 ad
1980 3081 2035 3106 Cic.
2050 3081 2120 3107 Fam.
2140 3087 2164 3114 8,
2184 3091 2194 3109 ι

1149 3118 1246 3151 Neque
1263 3117 1326 3143 haec
1340 3116 1455 3148 incerta,
1474 3122 1562 3143 tamen
1583 3116 1665 3150 vulgo
1683 3116 1822 3142 iaetantur.
1882 3115 1954 3140 Caes.
1974 3116 2000 3141 B.
2014 3116 2044 3141 G.
2061 3125 2080 3147 1,
2094 3123 2118 3145 18
2144 3117 2193 3144 Sed

1149 3153 1221 3188 quod
1234 3152 1356 3187 pluribus
1368 3152 1548 3188 praesentibus
1563 3161 1605 3178 eas
1618 3161 1659 3179 res
1672 3151 1764 3177 iaolari
1777 3150 1896 3181 nolebat,
1911 3150 2034 3177 celeriter
2047 3152 2193 3180 concilium

1147 3189 1269 3215 dimittit.
1468 3185 1488 3224 Ἴ
1509 3197 1528 3222 4
1562 3188 1663 3214 Ia&are
1677 3189 1717 3219 se,
1728 3193 1775 3222 pro
1790 3186 1885 3219 Effirre
1903 3195 1918 3211 a
1933 3185 2000 3222 gestu
2018 3187 2060 3213 illo
2081 3188 2194 3214 mecden-
2214 3187 2218 3189 ”

1147 3228 1210 3251 tium
1223 3223 1326 3261 superbe
1340 3230 1363 3249 ct
1376 3223 1423 3250 huc
1441 3224 1500 3250 illuc
1518 3225 1614 3250 vultum
1628 3231 1651 3250 et
1668 3224 1772 3248 membra
1792 3221 1949 3248 manutium.
1985 3222 2040 3248 Cic.
2056 3232 2104 3257 pro
2116 3224 2194 3250 Rosc.

1149 3262 1239 3287 Anier.
1255 3265 1286 3293 89
1320 3261 1392 3286 Haec
1405 3265 1433 3288 tu
1449 3260 1527 3286 Eruci
1541 3266 1580 3285 tot
1598 3265 1624 3286 et
1641 3264 1711 3284 tanta
1726 3258 1742 3283 ss
1758 3257 1848 3284 itacius
1861 3258 1922 3283 effes
1941 3257 1969 3284 in
1982 3266 2044 3291 reo,
2064 3259 2193 3293 quamdiu

1148 3297 1265 3323 diceres?
1286 3304 1341 3330 quo
1361 3301 1387 3322 te
1399 3295 1481 3321 modo
1500 3294 1627 3321 iaGtares?
1647 3300 1749 3328 tenipus
1767 3293 1874 3319 hercule
1894 3298 1919 3319 te
1934 3293 2027 3325 citius,
2041 3303 2118 3328 quam
2134 3304 2193 3322 ora-

1149 3333 1189 3359 tio
1204 3332 1336 3358 deficeret.
1406 3331 1436 3357 Se
1449 3329 1696 3364 magnificentissime
1711 3330 1767 3356 Cic.
1782 3330 1835 3355 Att.
1851 3337 1876 3361 2,
1891 3337 1926 3355 21.
1980 3330 2080 3356 laetare
2098 3331 2123 3356 se
2137 3330 2194 3358 for-

1148 3370 1251 3395 mosum
1267 3367 1375 3394 Phaedr.
1390 3376 1413 3399 3,
1427 3375 1452 3399 9,
1468 3369 1493 3393 6.
1548 3367 1616 3392 Hor.
1630 3366 1717 3392 Carni.
1733 3374 1753 3397 1,
1769 3373 1794 3397 2,
1812 3370 1836 3395 18
1872 3364 1937 3390 Iliae
1955 3363 2018 3391 duni
2032 3366 2057 3392 se
2076 3366 2193 3394 nimium

1580 3401 1680 3428 laetare
1699 3402 1724 3427 se
1744 3402 1830 3427 scorto
1850 3400 1909 3426 Liu.
1923 3409 1963 3432 39,
1976 3409 2016 3433 43.
2053 3402 2127 3438 Conf.
2149 3402 2193 3429 Sil.

1148 3449 1185 3469 12,
1200 3447 1258 3474 247.
1313 3438 1412 3465 laetare
1425 3439 1450 3464 se
1463 3438 1561 3464 amicae
1574 3437 1692 3463 quenal.
1709 3446 1728 3469 ι,
1738 3439 1779 3463 62.
1850 3436 1908 3461 Sese
1922 3436 2034 3468 iaGtare,
2044 3442 2068 3463 et
2083 3438 2110 3464 in
2125 3438 2193 3465 alios

1148 3485 1225 3502 cacco
1239 3476 1341 3509 impetu
1358 3476 1494 3500 incurrere
1513 3473 1567 3500 Cic.
1578 3472 1610 3499 de
1624 3474 1681 3499 Fiu.
1702 3481 1722 3504 1,
1742 3480 1787 3505 44.
1857 3471 1887 3496 Se
1906 3470 1938 3497 de
1956 3480 1985 3497 re
2005 3472 2094 3506 aliqua
2119 3474 2193 3500 Idem

1147 3513 1225 3538 Verr.
1240 3521 1267 3545 4,
1283 3513 1320 3543 46
1339 3519 1361 3536 c.
1375 3518 1402 3536 21
1414 3516 1457 3545 pr.
1528 3509 1558 3535 Se
1579 3509 1607 3535 in
1626 3508 1706 3535 caulis
1719 3506 1961 3534 Centumuiralibus
1986 3507 2025 3534 Id.
2040 3508 2071 3534 de
2085 3509 2158 3536 Orat.
2172 3519 2194 3543 ι,

1148 3555 1200 3582 173.
1273 3547 1329 3573 Cic.
1345 3547 1397 3572 Att.
1413 3554 1438 3577 2,
1454 3554 1463 3571 1
1499 3545 1554 3570 Iam
1573 3554 1657 3579 quum
1671 3545 1695 3570 se
1716 3543 1762 3570 ille
1777 3542 1887 3576 septimo
1907 3542 1951 3569 die
1971 3544 2068 3570 venisse
2087 3553 2100 3570 a
2115 3545 2195 3577 freto,

1149 3592 1236 3617 neque
1255 3582 1305 3609 sibi
1323 3582 1433 3608 obuiam
1453 3589 1613 3615 quemquam
1631 3579 1738 3615 prodire
1757 3579 1882 3612 potuiss‘e,
1899 3584 1925 3604 ct
1943 3578 2023 3605 ιιοᾶἱιι
2038 3580 2062 3606 se
2075 3580 2194 3607 introisse

1148 3654 1264 3690 Coloni,
1282 3654 1330 3689 qui
1350 3654 1375 3679 se
1395 3652 1532 3686 insperatis
1549 3651 1745 3686 repentinisque
1765 3649 1882 3684 pecuniis
1902 3650 2058 3677 sumtuolius
2079 3652 2191 3677 insolen-

1147 3690 1255 3723 tiusque
1270 3689 1401 3716 iaoarunt
1423 3689 1478 3714 Cic.
1492 3687 1570 3713 Catil.
1585 3696 1601 3713 2
1614 3696 1634 3712 c.
1650 3695 1674 3717 9.
1745 3685 1776 3711 Se
1790 3684 1974 3712 intolerantius
1988 3686 2061 3713 Idem
2076 3687 2107 3712 dc
2118 3687 2192 3712 Orat.

1148 3734 1171 3757 2,
1187 3734 1247 3757 209.
1319 3724 1455 3751 Fiduciam
1471 3724 1550 3757 partis
1567 3724 1624 3748 suae
1640 3720 1772 3754 Qiiniffil.
1786 3729 1813 3754 4,
1824 3729 1859 3753 13.
1911 3722 2017 3754 Genus,
2031 3729 2055 3748 et
2070 3730 2190 3756 proauos,

1149 3767 1174 3787 et
1197 3761 1271 3795 regia
1289 3761 1399 3786 nomina
1425 3758 1507 3786 Ouid.
1523 3757 1599 3791 Epist.
1615 3766 1650 3790 17,
1664 3764 1700 3790 51.
1772 3757 1911 3791 Ingenium
1931 3757 2060 3791 Qiim‘lil.
2081 3765 2101 3788 3,
2118 3765 2126 3782 1
2143 3760 2191 3787 (2).

1732 3789 1753 3830 fl
1782 3800 1795 3825 5
1831 3793 1932 3829 Obseru.
1958 3792 2130 3825 laum-ewra
2144 3793 2191 3817 Ex-

1150 3868 1214 3895 Non
1229 3867 1271 3892 hic
1285 3867 1320 3893 est
1334 3867 1387 3892 fine
1400 3865 1504 3892 ratione
1517 3864 1621 3898 populis
1634 3863 1800 3899 vrbibusque
1818 3865 1970 3893 consensus,
1989 3861 2020 3887 sic
2034 3860 2190 3895 protegendi

1149 3902 1307 3936 amandique
1319 3911 1408 3937 reges,
1426 3908 1452 3927 et
1465 3902 1490 3926 se
1503 3900 1600 3935 suaque
1612 3899 1727 3926 iactandi
1737 3920 1745 3932 ,
1765 3907 1921 3934 quocunque
1941 3897 2125 3923 desiderauerit
2139 3896 2189 3921 im-

1148 3939 1263 3973 perantis
1278 3938 1352 3964 salus.
1426 3938 1541 3963 Inaniter
1552 3937 1619 3971 loqui
1638 3934 1671 3968 est
1689 3936 1765 3970 Virg.
1778 3937 1843 3961 Aen.
1860 3943 1878 3964 1,
1893 3935 1939 3959 106
1967 3931 2191 4000 ἒίήιὲῗίαιῖῗιὲὶὲἓὶι,

2170 3978 2190 3993 1.

1343 4009 1359 4034 6
1383 4008 1407 4034 D
2122 4012 2193 4038 gare,
