2479 4225
288 194 367 246 699
696 189 730 229 F
816 180 969 226 OD

288 282 337 309 ess‘e
355 280 478 312 deberet,
498 279 516 306 fi
535 279 605 315 signa
621 283 647 306 et
666 284 741 305 notas
759 269 1079 311 ostenderem-locorum,
1098 268 1195 304 quibus
1211 268 1328 309 ,cognitis

290 317 336 344 ille
356 317 409 350 ipse
429 315 477 342 sibi
497 315 609 343 foderet.
682 315 740 340 Liu.
755 316 795 341 28,
809 317 822 341 3
838 314 881 342 pr·
909 306 964 333 Sita
980 306 1159 346 mnMelefl'um
1171 304 1269 344 finibus
1281 304 1328 336 est,

290 352 421 385 Hispanae
440 352 545 386 ge'ntis:
580 359 641 385 ager
659 347 785 381 frugifer,
814 344 957 376 Argentum
986 347 1066 368 et1am
1088 340 1191 366 incolae
1212 339 1328 366 fodiunt.

290 388 361 414 Arua
375 387 511 414 fodiebant
525 386 613 413 coloni
626 381 706 411 Ouid.
719 381 782 406 Met.
796 387 827 409 11,
840 386 875 410 33.
947 377 1059 404 Guttura
1073 376 1158 402 cultro
1172 375 1241 401 fodit
1254 375 1327 401 Idem

290 423 355 450 Met.
371 430 398 457 7,
411 431 468 458 314.
538 423 652 448 Hortum
669 415 835 443 Plaut.Poen.
850 420 873 446 ς,
887 421 911 443 2,
924 420 964 445 59.
1017 413 1136 439 Humum
1148 411 1329 445 Virg.Georg.
1352 413 1366 440 ς

291 467 317 491 2,
332 463 391 491 408.
460 457 582 491 Iugulum
596 454 654 480 ense
668 449 781 476 Martial.
794 457 805 475 1
824 449 842 474 s.
857 447 970 483 spectac.
985 456 1011 482 7.
1077 447 1155 473 Latus
1167 446 1273 485 fodiunt
1287 446 1330 472 ad-

292 500 430 526 monentes,
455 493 507 519 vid.
528 493 619 517 Horat.
634 485 711 519 Epist.
726 493 747 515 2,
763 486 789 515 6,
802 490 842 517 50.
891 485 945 510 Hoc
957 484 1026 511 Ter.
1039 483 1103 509 Hec.
1115 490 1140 521 3,
1153 488 1174 514 3,
1188 489 1217 516 17
1230 482 1328 516 erpli-

741 519 880 546 Metallum
900 519 966 545 Plin.
979 527 1005 553 2,
1018 520 1055 550 63.
1110 518 1171 543 Liu.
1184 522 1208 548 8,
1222 526 1250 542 10
1274 518 1327 543 Ha-

292 531 355 556 citer
368 529 478 558 dicitur,
499 525 563 553 Noli
576 522 674 549 fodere.
1194 553 1198 557 .
1309 553 1313 557 ¹

990 555 1078 584 caeso,
1100 561 1147 587 per
1164 553 1231 578 alios
1244 560 1327 578 mant-

292 565 392 599 stisque
406 565 459 590 Ora
473 561 616 588 fodientes,
636 556 724 591 primo
737 555 836 582 robore
853 555 976 582 virorum

292 601 368 635 pulos
382 600 454 626 velut
471 596 580 622 inermes
601 600 682 627 prope
696 591 788 618 intacti
802 591 915 618 euasere.
1130 624 1134 628 .

292 645 313 669 3,
327 644 371 669 49,
439 628 615 658 Plaut.Bacch.
630 636 650 660 ς,
659 635 681 659 2,
690 634 720 659 39
739 626 842 653 Tadius
855 626 911 652 sum
925 625 1095 652 vehementer
1109 624 1195 649 vrsco:
1216 624 1270 649 Cor
1283 623 1326 649 sti-

293 671 367 698 mulo
381 667 488 694 foditur.
558 664 613 691 Cic.
628 662 741 696 Philipp.
756 670 777 693 2,
789 664 821 691 86
841 662 914 688 Num
926 660 1073 695 exspthas,
1094 659 1156 686 dum
1170 665 1195 685 te
1207 659 1326 685 Stimulis

291 706 392 733 fodiam
406 704 415 728 Ξ
482 699 600 726 Terram
613 698 723 729 fodere,
740 706 813 724 arare
826 696 908 723 Plaut.
922 697 1063 729 Poen.3,2‚
1077 704 1116 728 59.
1152 695 1219 721 Ter.
1228 695 1325 721 Heaut.

292 749 314 775 1,
331 749 347 769 1,
359 745 392 771 ¹7·
447 734 502 762 Cic.
516 734 548 760 de
559 735 616 762 Fin.
632 742 652 766 1,
665 741 677 765 3
698 733 786 765 Nam,
806 739 834 758 vt
848 731 1032 759 Terentianus
1044 730 1169 759 Chremes
1182 739 1236 756 non
1251 730 1327 756 inhu-

291 781 394 803 manuS,
412 771 460 804 qui
472 778 573 797 nouum
586 770 705 796 vicinum
725 776 779 795 11011
796 768 853 794 vult
867 767 974 799 fodere,
991 772 1035 793 aut
1054 775 1143 798 arare,
1161 772 1206 792 aut
1224 765 1327 800 aliquid
1352 775 1379 803 ις

290 810 359 836 ferre
374 817 380 832 1
406 806 528 840 denique.
598 805 671 832 Idem
678 804 761 830 Tusc.
774 812 800 835 2,
813 811 839 835 33
863 802 956 837 Pungit
970 801 1055 828 dolor.
1091 802 1142 828 Vel
1156 801 1240 827 fodiat
1253 802 1328 828 sane:

289 844 306 870 ss
320 841 404 868 nudus
423 850 465 873 es,
483 841 515 868 da
531 841 674 876 iugulum3
703 838 740 866 sm
758 838 840 865 tectus
856 837 991 864 Vulcaniis
1011 837 1106 870 armis,
1125 836 1152 863 id
1166 837 1202 863 est
1220 837 1328 863 fortitu-

288 878 365 910 dine,
385 876 480 903 refiste.
677 872 698 911 ff
717 883 733 900 2.
771 873 873 908 Fodn-i,
892 880 982 909 quarta
997 874 1129 909 Coniugat.
1165 873 1232 899 Cato
1247 873 1277 898 R.
1294 873 1325 898 R.

287 922 314 946 2,
327 921 345 945 4
364 913 411 938 Per
424 911 502 938 ferias
516 910 626 945 potuisse
639 909 746 937 hortum
759 909 852 936 fodiri.
923 908 1055 935 Columel.
1073 917 1105 940 11,
1120 917 1145 940 2,
1158 916 1183 940 35
1202 908 1328 941 Runcari,

287 954 313 975 et
327 947 409 974 adhuc
428 947 512 974 fodiri
528 946 637 981 possunt.
693 945 767 972 Idem
782 944 814 971 de
828 944 954 971 Arborib.
967 953 1008 977 3ο,
1022 953 1034 970 2
1053 943 1102 970 Sed
1114 943 1238 970 omnibus
1254 943 1328 970 annis
1335 955 1370 973 20

286 983 371 1011 fodiri
385 988 444 1010 ante
459 981 567 1009 Calend.
581 981 706 1014 Martias,
728 987 753 1008 et
767 979 926 1015 interputari
939 984 1053 1014 oportet.
1090 979 1143 1005 vid.
1164 985 1180 1006 C
1189 987 1198 1007 1
1208 986 1226 1006 R
1235 986 1251 1007 C
1261 986 1328 1006 VM—

287 1025 304 1046 F
312 1025 331 1046 O
339 1025 358 1046 1)
367 1026 376 1045 1
386 1025 414 1045 0.
463 1018 510 1045 Sed
528 1023 551 1043 et
570 1023 586 1043 Ρ
595 1024 614 1044 O
623 1024 642 1044 D
651 1024 672 1043 A
681 1024 700 1043 R
709 1024 725 1043 E
733 1037 741 1049 ,
759 1016 868 1048 fodere,
886 1013 918 1047 cst
931 1015 1000 1051 apud
1013 1014 1124 1041 Festum.

321 1060 507 1084 FOD1ENS‚
528 1053 602 1079 entis.
637 1053 730 1080 Partic.
767 1051 847 1079 Ouid.
862 1052 927 1078 Met.
943 1059 977 1084 11,
996 1058 1038 1083 533
1065 1050 1132 1077 Aliis
1158 1058 1265 1078 murum
1286 1049 1328 1076 fo-

285 1089 419 1116 dientibus
439 1094 521 1116 extra.

322 1132 338 1151 r
348 1132 366 1150 o
375 1132 387 1151 s
396 1132 408 1151 s
417 1130 437 1150 v
445 1132 458 1150 s
466 1144 474 1156 ,
494 1133 518 1156 a,
539 1132 592 1150 um.
619 1123 713 1150 Partic.

285 1160 359 1196 Conf.
374 1160 438 1186 Plin.
453 1167 489 1194 17,
502 1167 530 1186 21
552 1158 633 1186 Hard.

323 1195 417 1222 FODi
428 1201 489 1227 co,
515 1199 568 1221 fire.
604 1194 719 1230 [νύττω]
753 1201 799 1230 pro
817 1191 964 1223 Peruellere,
979 1198 1102 1228 pungere,
1119 1191 1200 1218 dolore
1218 1189 1324 1225 afficere.

284 1230 340 1258 cic.
356 1231 437 1257 Tusc.
452 1240 473 1262 3,
486 1239 513 1262 35
535 1239 556 1256 c.
573 1232 601 1256 16
625 1230 689 1257 Non
710 1230 781 1257 enim
792 1229 837 1256 'est
855 1227 883 1255 in
902 1227 990 1254 nostra
1004 1228 1129 1262 potestate
1144 1225 1323 1253 fodicantibus

285 1267 327 1293 his
340 1266 434 1298 rebus,
458 1274 520 1300 quas
533 1265 613 1292 malas
625 1267 673 1292 esse
686 1267 843 1300 opinamur,
861 1263 1029 1290 dissimulatio
1043 1263 1085 1290 vel
1097 1262 1212 1289 obliuio.
1256 1263 1324 1288 Hor.

284 1302 361 1336 Epist.
377 1310 398 1334 1,
412 1304 438 1333 6,
451 1309 477 1334 51
501 1302 622 1328 Emamus
635 1301 682 1336 qui
693 1301 792 1328 fodicet
803 1300 878 1326 latus.
933 1299 1015 1326 Plaut.
1031 1298 1122 1325 Bacch.
1137 1306 1155 1328 1,
1169 1306 1187 1329 1,
1199 1306 1231 1329 30
1251 1297 1323 1330 Quia
1335 1306 1367 1332 30

283 1337 378 1364 isthaec
395 1337 482 1371 lepida
503 1337 559 1363 sunt
579 1337 740 1364 memoratui
756 1347 762 1362 :
791 1335 882 1362 eadem
899 1334 929 1361 in
947 1335 994 1361 vsu
1010 1342 1089 1368 atque
1107 1333 1156 1360 vbi
1172 1333 1323 1367 periculum

282 1373 379 1406 facias,
402 1373 518 1399 aculeata
539 1373 613 1405 sunt,
632 1373 750 1399 animum
768 1372 902 1403 fodiant,
922 1370 992 1397 bona
1012 1369 1173 1396 distimulant
1191 1368 1274 1399 facta,
1298 1373 1325 1395 et

281 1409 379 1436 famam
392 1409 514 1435 sauciant.
571 1409 653 1434 Etiam
667 1408 809 1435 Ammiano
821 1415 865 1440 29,
878 1413 896 1440 7
913 1404 1046 1442 fignificat
1058 1406 1167 1432 lacerare
1180 1405 1282 1441 ungulis
1295 1406 1323 1430 in

281 1446 358 1472 eculeo
371 1448 446 1470 morti
458 1444 595 1471 damnatos.

320 1485 338 1506 Ρ
349 1486 394 1506 OD
404 1487 413 1506 1
423 1485 440 1506 c
450 1485 501 1506 AT
511 1486 521 1504 1
532 1485 551 1505 0
561 1499 570 1512 ‚
591 1479 657 1505 onis.
695 1478 715 1504 f.
750 1476 828 1513 Apud
842 1477 948 1504 Celsum
968 1475 1010 1509 effi
1025 1475 1129 1503 dicitur.

319 1522 336 1541 F
346 1521 364 1541 Ο
377 1521 396 1541 Ι)
407 1522 417 1541 1
428 1520 445 1541 C
456 1522 477 1542 A
486 1520 507 1540 T
517 1520 537 1540 Ο
547 1521 565 1541 R
573 1535 582 1548 ‚
601 1515 664 1541 otis.
702 1522 738 1540 m.
774 1513 850 1548 Apud
866 1512 1073 1544 Hieronymum.

318 1556 392 1576 1³01)
403 1551 492 1582 iNA,
514 1559 552 1577 ae.
588 1550 608 1576 f.
645 1551 737 1580 Locus,
754 1549 798 1575 vbi
814 1547 993 1584 quidfoditur.
1030 1548 1097 1574 Plin.
1117 1555 1154 1579 33,
1167 1548 1185 1573 6
1203 1545 1279 1573 Odor
1292 1553 1324 1572 ex

287 1586 390 1619 argenti
410 1585 526 1617 fodinis,
546 1585 670 1611 inimicus
685 1584 808 1611 omnibus
824 1583 1000 1615 animalibus,
1019 1583 1063 1610 sed
1078 1583 1192 1608 maxime
1209 1581 1326 1608 canibus.

284 1621 317 1646 Le
337 1623 389 1646 itur
402 1627 425 1645 et
435 1619 601 1652 coniunffim,
622 1619 849 1654 Argentifodinae.
901 1620 995 1646 Cretae
1008 1618 1101 1645 fodina
1115 1618 1133 1644 1.
1147 1617 1190 1644 sed
1204 1623 1230 1644 et
1242 1617 1274 1650 ii,
1293 1617 1325 1644 de

283 1656 320 1682 Pu
341 1655 357 1681 l.
372 1655 451 1681 Caius
464 1656 601 1682 Iuriscons.
1331 1664 1350 1689 4

320 1697 365 1717 FO
376 1696 457 1723 SSA,
476 1699 516 1717 ae.
553 1690 573 1716 f.
609 1689 729 1725 [⁷⁰5st05‚
748 1688 846 1725 διώρυξ]
885 1688 1044 1725 Terrafoffiz
1059 1695 1083 1715 et
1099 1695 1226 1715 excauata.
1262 1687 1323 1715 Col.

284 1724 317 1752 de
331 1725 457 1752 Arborib.
484 1736 506 1752 c.
523 1730 546 1755 18
573 1725 647 1751 Prius
667 1734 745 1759 quam
765 1724 914 1759 pomarium
931 1725 1087 1755 constituas,
1106 1733 1185 1758 quam
1199 1733 1323 1758 magnum

283 1759 383 1786 habere
397 1762 487 1793 voles,
504 1761 710 1787 circummunito
725 1761 852 1791 maceria,
870 1765 913 1785 aut
927 1760 1005 1789 fossa,
1025 1766 1070 1784 etc.
1142 1759 1235 1792 Capita
1248 1759 1323 1784 fossa-

282 1803 342 1820 rum
358 1795 451 1821 Pallad.
466 1797 530 1822 Mai.
544 1804 572 1827 3,
586 1805 611 1823 2.
681 1796 807 1830 leianus
827 1795 855 1821 in
874 1795 890 1820 1.
910 1794 986 1821 vnica
1005 1794 1036 1819 D.
1056 1794 1091 1819 Vt
1111 1793 1139 1818 in
1153 1793 1263 1818 flumine
1277 1801 1322 1825 pu-

281 1828 354 1855 blico
369 1831 493 1863 nauigare
511 1831 587 1856 liceat
600 1842 606 1856 :
631 1831 738 1862 scribit,
759 1831 849 1856 foss'am
862 1831 909 1856 effe
925 1828 1119 1862 receptaculum
1132 1836 1215 1862 aquae
1232 1835 1362 1864 manu-43

282 1864 384 1890 saetam
398 1875 403 1890 :
431 1870 475 1891 aut
489 1864 519 1889 ad
533 1864 622 1896 castra,
642 1866 685 1890 seu
700 1865 790 1895 vrbes,
810 1865 955 1898 oppidane,
971 1870 1016 1890 aut
1032 1863 1084 1889 alia
1097 1862 1250 1888 huiusmodi
1264 1871 1322 1888 mu-

281 1899 385 1926 nienda.
456 1899 511 1926 Cic.
527 1901 580 1924 Att.
596 1907 621 1930 9,
637 1907 665 1931 ¹4
685 1900 756 1924 Fossa
770 1905 795 1924 et
807 1900 878 1924 vallo
893 1901 993 1930 septum
1009 1899 1126 1930 aliquem
1138 1903 1236 1923 tencre.
1283 1898 1322 1922 De

282 1934 350 1962 fossis
365 1940 391 1961 et
405 1935 499 1961 cloacis
512 1934 648 1960 interdicit
662 1934 768 1959 Praetor
781 1934 837 1958 Cic.
852 1941 900 1966 pro
913 1932 1018 1958 Caecin.
1034 1934 1073 1962 36.
1127 1932 1214 1956 Ροῐὶἓιε
1231 1931 1324 1956 inciles

282 1971 349 1997 Cato
367 1971 397 1997 R.
412 1972 443 1996 R.
461 1978 515 2003 133,
536 1978 554 1995 1.
627 1970 753 2003 Perpetua
772 1968 850 1997 forsa,
881 1967 934 1993 vid.
953 1972 1144 1993 PERreTvvs.
1218 1965 1323 1990 Redun-

283 2006 343 2032 dans
357 2005 505 2040 gurgitibus
520 2005 582 2031 fossa
597 2004 683 2031 Rheni
698 2004 754 2030 Cic.
771 2004 798 2029 in
813 2004 898 2029 Pison.
913 2009 948 2032 81.
1052 2000 1225 2027 Circumdare
1244 1999 1322 2025 latam
1330 2011 1362 2037 50

283 2041 372 2067 fossam
390 2042 469 2068 alicui
483 2041 521 2067 rei
538 2040 611 2066 Idem
624 2040 735 2067 Tuscul.
749 2047 771 2073 ς,
784 2047 823 2071 59.
894 2038 1034 2072 Complere
1045 2037 1138 2068 fossas,
1161 2035 1213 2062 vid.
1236 2042 1322 2061 com-

282 2084 298 2103 P
307 2083 322 2102 L
332 2084 349 2103 E
359 2084 387 2104 O.
494 2076 663 2110 Coniungere
676 2074 811 2101 transitum
829 2074 907 2100 fossae
921 2072 1058 2106 ponticulo
1072 2072 1161 2105 ligneo
1175 2071 1230 2097 Cic.
1239 2070 1322 2096 Tusc.

281 2120 303 2145 5,
318 2120 358 2144 39.
429 2112 553 2138 Cratibus
567 2112 699 2145 integere,
721 2116 745 2136 ct
760 2118 853 2144 aggere
868 2109 972 2142 explere
985 2108 1057 2134 Caes.
1072 2107 1099 2133 Β.
1114 2107 1146 2132 G.
1160 2109 1190 2137 6,
1205 2113 1239 2139 79
1258 2112 1322 2131 extr.

281 2147 429 2173 Obcaecare
443 2148 517 2174 soll'as
536 2148 564 2173 in
576 2156 655 2181 agro,
676 2145 728 2173 vid.
742 2154 797 2172 mox
809 2154 838 2171 ex
853 2143 983 2171 Columel.
997 2151 1020 2174 2,
1035 2151 1061 2174 2,
1074 2150 1099 2174 9.
1159 2141 1322 2167 Oblimatam

282 2182 416 2216 detergere
435 2182 542 2208 Sueton.
562 2182 668 2216 August.
695 2191 716 2207 c.
732 2186 766 2211 18.
873 2181 1009 2206 Percutere
1027 2176 1134 2208 fossam,
1161 2176 1216 2202 vid.
1240 2182 1355 2215 PER-55

284 2223 302 2243 C
313 2225 334 2243 V
344 2225 364 2244 T
377 2225 384 2243 1
397 2223 415 2243 Ο
426 2237 432 2243 .
511 2216 656 2244 Perducere
676 2217 749 2243 foss'as
767 2215 795 2242 in
814 2215 979 2242 altitudinem
988 2233 996 2245 ,
1029 2211 1083 2239 vid.
1107 2219 1122 2238 P
1134 2218 1151 2238 E
1162 2218 1181 2237 R
1194 2217 1213 2237 D
1227 2217 1247 2237 V
1260 2219 1276 2238 C
1290 2216 1322 2237 0.

282 2253 352 2279 Caes.
369 2252 432 2279 Bell.
446 2252 513 2278 Gall.
529 2261 554 2284 2,
575 2260 587 2283 ς
612 2252 700 2278 Castra
721 2252 749 2277 in
767 2251 935 2277 altitudinem
954 2248 1051 2285 pedum
1073 2247 1215 2273 duodecim
1233 2247 1322 2279 vallo,

282 2288 398 2322 fossaque
411 2287 598 2322 duodeuiginti
611 2287 705 2322 pedum
726 2286 830 2312 munire
844 2286 926 2312 iubet.
998 2284 1054 2311 Cic.
1071 2284 1143 2310 Fam.
1160 2291 1193 2314 15,
1205 2291 1224 2315 4
1243 2282 1321 2309 Vallo

281 2330 307 2350 et
322 2324 385 2349 fossa
399 2322 567 2349 circumdedi.
659 2322 759 2348 Fossam
773 2330 907 2356 premere,
927 2320 1090 2355 deprimere,
1108 2324 1261 2353 percutere,
1281 2327 1322 2344 ar-

280 2366 379 2396 genteae
397 2362 488 2385 aetatis
500 2358 562 2395 sinit
575 2367 584 2383 .·
619 2357 672 2384 vid.
689 2358 824 2384 Burmann.
843 2356 877 2383 ad
893 2355 1024 2390 Qiinetil.
1043 2354 1115 2381 Decl.
1135 2363 1163 2386 3,
1181 2356 1210 2380 16
1238 2363 1263 2388 p.
1277 2359 1363 2387 'jz-60

280 2395 402 2428 Tergere
421 2399 446 2420 et
467 2395 580 2428 Purgare
598 2393 673 2420 foffas
692 2400 793 2419 veteres
807 2392 888 2427 feriis
903 2393 962 2419 licet
977 2391 1082 2417 Colum.
1096 2399 1121 2422 2,
1133 2398 1176 2422 22,
1189 2398 1212 2422 3.
1253 2388 1321 2415 Vnde

279 2432 347 2455 incur
360 2430 438 2455 Verri
453 2429 537 2455 Flacci
551 2429 619 2463 apud
631 2428 749 2455 Macrob.
765 2437 783 2458 1,
798 2436 821 2460 13
840 2434 905 2454 extr.
926 2427 996 2461 Qua
1011 2426 1085 2452 feriis
1103 2432 1206 2459 tergere
1220 2431 1321 2451 veteres

280 2465 355 2491 foffas
377 2465 486 2496 liceret,
503 2473 586 2490 nouas
606 2463 691 2490 facere
710 2463 750 2489 ius
768 2471 822 2489 non
841 2463 920 2489 esset:
955 2462 1015 2489 idco
1033 2461 1115 2495 magis
1132 2460 1220 2487 viduis
1240 2468 1318 2495 quam

1024 2498 1181 2531 Deprimere
1199 2496 1270 2523 Hirt.
1290 2496 1319 2521 B.

749 1122 839 1150 Terra
852 1122 916 1149 fossa
928 1126 954 1148 et
967 1120 1073 1148 suba&
1084 1120 1179 1148 Pallad.
1187 1121 1261 1148 Nou.
1273 1125 1292 1147 t.
1301 1121 1326 1147 6.
1335 1127 1364 1153 25

1330 1485 1360 1513 3⁵

1351 1664 1368 1682 0

279 2500 430 2534 virginibus
448 2500 558 2526 idoneas
579 2500 627 2525 esl'e
643 2498 723 2526 ferias
741 2498 774 2524 ad
792 2498 954 2525 nubendum.

281 2536 425 2568 G.8,9‚3.
462 2542 652 2575 ete.4·0‚3.·
910 2569 914 2573 ,
1156 2567 1163 2572 .

280 2571 411 2598 Columel.
427 2579 449 2603 2,
462 2579 490 2603 2,
503 2580 519 2603 9
540 2571 566 2597 S1
579 2568 703 2596 humidus
716 2569 761 2601 sit,
774 2568 933 2595 abundantia
947 2569 1056 2603 vlig1n1s
1075 2574 1133 2594 ante
1147 2568 1256 2593 siccetur
1268 2566 1319 2592 fos-

281 2606 318 2634 sis,
355 2607 450 2632 Earum
463 2606 516 2632 duo
534 2614 629 2640 genera
647 2605 836 2639 cognominus,
853 2613 987 2630 caecarum
1000 2610 1024 2630 et
1039 2603 1194 2638 patentium.
1235 2601 1318 2635 Spiffis

279 2647 359 2676 atque
377 2641 481 2667 cretosis
500 2640 656 2675 regionibus
674 2645 779 2674 apertae
797 2639 1005 2675 relinquuntur;
1039 2645 1065 2665 at
1081 2637 1128 2664 vbi
1146 2637 1259 2663 solutior
1271 2636 1321 2662 hu-

282 2686 340 2704 mus
356 2677 408 2708 est,
423 2676 526 2710 aliquae
545 2676 611 2701 tiunt
628 2680 756 2709 patentes,
775 2676 901 2710 quaedam
919 2675 998 2702 ctiam
1014 2674 1205 2704 obcaecantur,
1223 2673 1276 2704 ita,
1292 2676 1322 2697 vt

281 2713 309 2738 in
326 2717 441 2746 patentes
461 2720 507 2738 ora
526 2711 628 2737 hiantia
643 2719 776 2736 caecarunt
797 2717 955 2745 competant.
1000 2709 1050 2736 Sed
1061 2715 1087 2736 et
1105 2714 1219 2743 patentes
1233 2708 1364 2746 latius,70

281 2753 307 2774 et
327 2753 426 2780 apertas
447 2747 547 2772 summa
568 2752 639 2780 parte
657 2745 840 2781 dccliuesque,
859 2752 885 2771 et
900 2746 932 2772 ad
950 2746 1034 2772 solum
1052 2744 1209 2775 coarctatas,
1228 2743 1322 2769 imbri-

282 2782 356 2808 cibus
378 2782 476 2816 supinis
497 2781 592 2807 fiuiiles
605 2801 613 2813 ,
645 2781 730 2807 facere
751 2782 890 2808 conueniet
909 2792 917 2812 ;
957 2790 1017 2807 nam
1038 2789 1150 2815 quarum
1170 2778 1241 2805 reela
1263 2780 1321 2805 sunt

282 2818 380 2849 latera,
406 2817 527 2843 celeriter
549 2817 625 2852 aquis
648 2816 793 2849 vitiantur,
818 2822 843 2843 et
867 2815 1049 2850 superioribus
1076 2815 1126 2841 soli
1150 2814 1261 2849 lapsibus
1282 2823 1321 2840 re-

281 2853 395 2888 plentur.
592 2850 613 2888 ἢ
638 2859 654 2877 2
690 2853 830 2888 Geographi
842 2852 925 2878 Foss'as
940 2852 1030 2878 nobiles
1043 2851 1140 2877 habent.
1173 2851 1203 2876 V.
1217 2860 1241 2885 g.
1264 2851 1321 2876 Fre-

281 2895 333 2915 tum
347 2886 409 2914 illud
422 2887 563 2914 Sardiniam
580 2894 604 2913 et
616 2885 734 2920 Corsicam
747 2888 869 2922 separans
882 2889 900 2913 F
903 2888 968 2918 offa,
982 2887 1007 2923 J]
1023 2886 1150 2920 Taphros
1169 2888 1321 2912 nominatur.
1333 2891 1364 2920 75

287 2923 345 2950 Vid.
358 2923 424 2950 Plin.
439 2931 462 2955 3,
476 2926 500 2949 6.
541 2924 604 2950 Tum
617 2923 688 2948 Folsa
702 2922 833 2955 Drusiana,
847 2923 976 2956 Mariana,
989 2930 1033 2950 etc.
1070 2923 1226 2951 Recentiores
1238 2921 1321 2948 dixere

282 2959 419 2986 Fossatum.

322 3000 337 3020 F
348 2990 512 3025 ossxi'LA,
544 3002 581 3020 ae.
616 2994 635 3020 f.
673 2993 772 3020 Dimin.
810 2992 967 3028 [ταφρὲδιον]
1018 2994 1085 3020 Cato
1108 3002 1129 3019 c.
1151 2994 1189 3018 161

282 3030 385 3056 fossulas
404 3029 502 3060 facito,
523 3037 573 3063 qua
593 3029 692 3055 radices
711 3029 826 3062 asparagi
845 3028 974 3056 demittas.
1046 3028 1177 3055 Columel.
1191 3036 1247 3059 11,3
1264 3027 1319 3053 Sin-

281 3065 348 3099 gulis
363 3064 463 3091 fossulis
480 3063 608 3098 disponas.
679 3064 781 3092 Foffula
801 3064 959 3091 circumdari
978 3063 1051 3091 Idem
1067 3073 1089 3091 11
1117 3074 1138 3091 c.
1151 3063 1198 3090 vlt.
1229 3063 1272 3089 vbi
1291 3062 1320 3088 de
1332 3070 1365 3096 30

281 3101 391 3135 Cappare
409 3100 484 3126 verba
497 3099 578 3135 facit.

320 3142 336 3162 Ρ
347 3143 366 3162 o
375 3143 387 3162 s
397 3141 435 3161 So
447 3155 455 3167 ,
475 3139 525 3161 are.
560 3142 605 3169 pro
619 3134 720 3162 Fodere
733 3134 829 3161 Ennius
842 3134 910 3160 dixit
922 3134 988 3169 apud
998 3135 1075 3161 Varr.
1089 3133 1121 3160 de
1135 3134 1164 3160 L.
1176 3134 1206 3160 L.
1220 3135 1246 3166 6,
1261 3141 1273 3166 ς
1293 3142 1319 3168 p.

282 3176 317 3204 81,
335 3180 358 3204 13
379 3172 520 3198 Decretum
533 3171 569 3196 est
581 3171 673 3197 fossare
686 3179 796 3205 corpora
811 3170 879 3196 telis.

318 3207 545 3239 rossATvm,
566 3206 586 3232 i.
610 3215 636 3232 11.
662 3205 800 3241 [ἔρημοι]
832 3211 880 3240 pro
901 3203 977 3237 Foffiz.
1013 3205 1079 3231 Plin.
1093 3212 1130 3238 17,
1144 3213 1169 3231 21
1188 3205 1319 3231 Fossatum

282 3243 405 3276 purgari,
420 3247 445 3268 et
459 3241 582 3273 extendi,
601 3251 633 3267 ne
647 3241 757 3267 crudum
771 3241 946 3275 relinquatur.
1000 3240 1047 3266 Sed
1064 3240 1089 3266 h.
1102 3242 1119 3266 l.
1134 3240 1259 3266 Harduin.
1272 3241 1355 3275 Ieg.85

282 3277 394 3304 Fossiun.
476 3277 622 3309 Fossatum,
646 3280 792 3303 recentiores
805 3275 944 3311 scriptores
968 3281 1116 3301 vomuerunt
1136 3274 1235 3308 Castra,
1260 3278 1320 3310 quia

275 3312 346 3348 f⁰ffi²
367 3315 436 3348 cingi
449 3311 570 3347 solebant.
643 3312 756 3346 Capitol.
770 3312 798 3338 in
811 3311 937 3338 Gordian.
958 3319 979 3336 c.
994 3315 1024 3339 28
1050 3309 1139 3336 Castra
1158 3311 1247 3336 omnia
1268 3311 1319 3336 fos-

283 3349 337 3374 sato
357 3347 493 3375 circuibat.
536 3346 595 3374 Vici.
612 3347 648 3373 ibi
668 3347 768 3383 Salmas:
815 3348 896 3373 Etiam
917 3347 1020 3372 Graecia
1032 3345 1131 3384 sequior
1148 3345 1280 3378 φοοσιέτον,
1294 3345 1320 3380 s.

282 3383 408 3415 φωσσοέτον
416 3403 424 3415 ,
441 3390 489 3418 pro
503 3381 599 3415 Castris
605 3383 678 3418 saepe
691 3382 798 3409 adhibet.
869 3384 907 3408 Dc
920 3381 990 3407 vrbis
1006 3379 1072 3414 Festa
1085 3379 1206 3406 moenibus
1218 3383 1321 3406 circum-

283 3418 357 3451 data,
376 3421 425 3453 ipse
439 3427 529 3453 quoque
542 3419 633 3452 Veget.
646 3428 672 3450 4,
686 3420 723 3443 16.
765 3417 822 3443 Vid.
841 3417 877 3443 ibi
890 3416 1008 3443 stewech.
1044 3417 1081 3442 De
1098 3414 1190 3448 Foffida
1200 3422 1280 3449 parua
1294 3418 1320 3440 in
1327 3428 1363 3452 90

1218 2990 1320 3018 Deinde

283 3452 353 3491 harto
368 3453 461 3479 Pallad.
477 3454 544 3488 Sept.
559 3462 592 3485 13,
610 3462 623 3479 2
650 3453 773 3488 Capparis
795 3453 846 3479 late
864 3452 944 3486 serpit
978 3466 1023 3471 —
1059 3460 1091 3476 ne
1112 3450 1235 3485 procedat
1255 3450 1321 3476 vlte·

283 3495 353 3551 incisis?
373 3488 596 3549 cziffiutrtaezpiente
612 3489 712 3515 fossato.
749 3488 822 3524 Conf.
838 3487 915 3521 Gmfit
928 3486 984 3513 Incl.
997 3485 1031 3513 ad
1044 3487 1094 3512 Rei
1108 3495 1192 3521 agrar.
1212 3486 1320 3520 scripto-

322 3562 534 3591 rossn‘rvs‚
555 3559 574 3585 i.
608 3569 644 3586 m.

283 3591 381 3617 tuimus
395 3592 512 3622 fossatos,
531 3603 595 3628 quos
610 3594 755 3629 Augusteos
775 3593 941 3630 appellamus.

285 3626 375 3652 finales
392 3628 513 3653 maiores.

323 3667 339 3687 F
351 3667 486 3693 OSSOR,
506 3663 567 3687 oris.
603 3672 638 3689 m.
673 3663 816 3699 [auctoni-f,
834 3662 1003 3694 σκαπανῆτης]
1041 3663 1092 3696 Qu·
1103 3661 1184 3697 fodit.
1222 3663 1318 3697 Virgil.

284 3697 379 3731 Georg.
394 3705 419 3729 2,
433 3699 486 3729 264
509 3697 540 3722 Et
553 3697 679 3724 labefacta
695 3708 802 3725 mouens
817 3698 937 3725 robustus
952 3698 1040 3730 iugera
1055 3698 1143 3724 fossor.
1186 3699 1318 3725 Columel.

284 3741 308 3764 3,
323 3741 353 3764 ¹3·
380 3742 408 3764 4,
423 3740 452 3765 14
469 3738 514 3757 etc.
571 3733 686 3759 Μαι-1131.
700 3742 726 3768 7,
740 3742 775 3768 70
799 3734 918 3768 Rigidus.
967 3733 1061 3758 Horat.
1074 3734 1160 3759 Carm.
1177 3742 1205 3766 3,
1226 3740 1266 3766 18,
1286 3742 1319 3767 ις.

685 3560 817 3586 Terminus
830 3560 859 3584 in
867 3555 962 3592 foffiito
975 3555 1070 3627 ppiscitzlc's
1079 3565 1137 3626 26117.
1153 3556 1320 3619 eggffgjtqnffli
1327 3605 1359 3631 95

282 3768 372 3794 quen.
388 3767 436 3793 Sat.
452 3775 483 3797 11,
498 3774 540 3800 79.
562 3772 565 3775 “
599 3768 694 3794 Catull.
710 3777 740 3795 22
768 3770 858 3796 Fosl'or
873 3775 898 3796 et
917 3767 1091 3803 caprimulgus
1112 3769 1372 3804 coniunguntur,100
1382 3770 1525 3797 domestico
1547 3767 1679 3802 publicum
1701 3768 1843 3796 adiunxisse
1867 3770 1969 3796 foedus.

281 3809 311 3828 vt
325 3802 405 3829 Rudcs
424 3809 447 3828 et
458 3799 580 3837 'agr-ister.

317 3845 333 3864 F
342 3845 360 3865 o
370 3844 382 3863 S
392 3844 422 3864 si
433 3844 468 3869 ο,
487 3837 554 3863 onis.
573 3837 593 3862 f.
619 3834 750 3870 [διωρυχὴ
763 3838 893 3872 σκάμμα]
919 3839 977 3866 Col.
986 3846 1007 3871 ς,
1025 3858 1032 3864 .
1050 3857 1056 3864 .
1077 3838 1178 3866 Deinde
1190 3840 1316 3866 malleolo

282 3873 353 3900 inter
368 3873 475 3899 ordines
488 3872 580 3906 posito,
599 3872 697 3898 crebris
712 3872 865 3899 foffionibus
880 3875 1034 3907 pastinatum
1050 3874 1190 3901 resoluere.
1236 3875 1274 3901 Id.
1287 3884 1316 3907 4,

282 3913 318 3939 28,
332 3917 348 3934 2.
373 3908 535 3935 Foslionibus
547 3908 679 3935 concitare
693 3908 790 3934 vincas.
845 3909 927 3935 Foffio
943 3909 1025 3935 danda
1038 3909 1122 3935 vineis
1136 3910 1173 3936 Id.
1189 3919 1220 3944 11,
1235 3919 1260 3941 2,
1275 3919 1315 3943 41.

280 3943 443 3970 Fossionibus
456 3949 526 3972 terra
538 3942 568 3970 fit
582 3942 722 3970 fecundior
735 3944 791 3970 Cic.
806 3942 838 3970 de
852 3944 950 3971 Senec‘t.
962 3953 995 3978 54
1015 3954 1036 3971 c.
1045 3951 1078 3977 ις.

987 591 1080 616 Puteos
1100 588 1171 615 Caes.
1186 587 1251 614 Bell.
1265 588 1326 614 Ciu.
1351 585 1381 612 1ο
1428 591 1445 612 F
1453 592 1472 612 O
1481 594 1494 613 s
1503 593 1560 613 SIC
1570 595 1579 613 1
1589 594 1609 613 v
1619 592 1630 611 S
1639 605 1648 618 ,
1674 594 1689 613 a
1698 606 1708 620 ‚
1731 596 1786 613 um.
1823 585 1884 612 Adi.

1377 2424 1495 2457 fimehris
1514 2424 1656 2460 depromta,
1672 2423 1739 2458 apud
1750 2422 1853 2450 Fabret.
1868 2424 1987 2458 Inscript.
2005 2432 2029 2457 p.
2041 2425 2095 2456 169.

691 2534 772 2560 Caeca
784 2534 863 2565 foss‘a,
881 2537 921 2559 cui
936 2534 1025 2559 Patens
1040 2541 1063 2559 et
1076 2538 1164 2567 aperta
1179 2535 1319 2568 opponitur.
1329 2537 1361 2569 65
1378 2529 1506 2556 fecundae
1523 2528 1597 2557 reeb.

1151 3946 1216 3981 Agri
1228 3945 1313 3972 fossio·
1321 3955 1367 3981 ιος
1375 3944 1476 3972 foedus.

1759 177 2072 219 F’OED

1389 277 1440 295 -nes
1454 274 1480 295 et
1493 266 1707 304 repastinationes
1727 266 1799 293 Idem
1812 265 1880 293 ibid.
1972 266 2081 295 Recenti
2094 267 2204 295 fossione
2220 272 2317 294 terram
2329 264 2442 296 fumare?
2470 275 2472 277 ’

1393 305 1519 331 calentem
1533 304 1651 331 videmus
1671 303 1726 329 Cic.
1742 302 1773 328 de
1788 302 1883 329 Natur.
1897 302 1978 329 Deor.
1991 311 2016 334 2,
2030 312 2066 336 25.
2123 305 2195 340 Conf.
2211 300 2318 330 Vitruu.
2331 307 2360 335 8,
2372 312 2395 336 7.
2426 332 2429 334 ,

1431 346 1447 366 F
1456 347 1475 367 ο
1484 348 1496 367 s
1506 347 1518 366 s
1528 342 1575 366 VR
1585 347 1604 365 Α
1613 359 1619 370 ,
1647 347 1685 364 ae.
1723 338 1742 363 f.
1780 338 1951 372 [σκάλευμα]
1987 337 2071 371 Idem,
2088 339 2155 374 quod
2175 339 2258 373 Foffio.
2302 337 2430 365 Columel.

1392 383 1421 408 4,
1435 383 1473 408 14,
1485 384 1501 403 2.
1525 376 1599 401 Hanc
1614 374 1715 408 planam
1729 373 1854 399 fossuram
1866 373 1982 399 maxime
1993 382 2041 399 nos
2054 374 2233 407 probauimus.
2303 373 2372 400 Suet.
2383 373 2431 401 Ca&

1393 409 1438 444 lig.
1459 420 1480 437 c.
1495 418 1526 445 37
1545 410 1717 444 Complanata
1735 409 1839 435 fossuris
1852 409 1985 435 montium
1999 410 2068 443 iuga.
2105 410 2178 446 szf.
2193 410 2262 436 Vitr.
2276 413 2300 441 8,
2321 417 2340 434 1.
2411 423 2430 438 2

1430 451 1474 472 FO
1483 452 1517 473 ss
1528 445 1561 472 11.
1573 454 1580 472 1
1590 453 1619 477 S,
1639 454 1662 471 e.
1692 444 1751 471 Adi.
1788 444 1919 479 [o'gavmds]
1955 443 2150 479 Qodfoditur.
2185 444 2258 472 Ebur
2271 443 2353 470 foffile
2364 442 2434 474 Plias

1393 482 1433 511 36,
1447 485 1481 510 18.
1552 481 1625 507 Idem
1639 489 1674 512 33,
1688 483 1704 507 6
1727 480 1809 506 Tunc
1823 479 1902 506 salem
1917 479 2027 506 foffilem
2039 479 2179 506 adiiciunt.
2250 480 2337 505 Varro
2355 478 2387 504 de
2399 476 2449 507 RQ*

1392 515 1424 541 R.
1439 523 1462 547 2,
1477 525 1510 543 11.
1581 515 1672 543 Foffile
1684 520 1859 543 atramentum
1876 515 2008 542 sutorium
2020 515 2087 541 Plin.
2098 524 2140 549 34,
2153 523 2190 547 12,
2209 514 2274 551 quod
2291 513 2433 542 vitriolum‘
2455 521 2458 524 '

1388 557 1478 577 vocant
1497 549 1615 585 officinae.
2421 556 2435 577 l

1920 585 2037 621 [ὅρυκτᾶς
2048 586 2062 620 ]
2107 585 2180 621 de
2194 584 2310 621 foditur.
2346 584 2436 613 Aren&
2446 604 2454 614 v.

1737 622 1779 649 Sal
1794 621 1908 649 fossicius
1922 622 2044 649 Scribon.
2057 622 2134 656 Larg-
2147 629 2178 655 59
2195 627 2219 648 et
2234 623 2278 647 60.
2421 637 2425 645 ,
2437 628 2441 631 “

1744 694 2073 727 FOEC

1424 770 1677 796 FOECVNDVS‚
1702 772 1729 797 a,
1754 773 1808 790 um.
1845 763 1911 800 quod
1933 760 2029 791 νεὲἶὶιιι·
2045 762 2101 797 fine
2122 762 2283 800 Diphtbongo
2300 761 2446 798 scribiturss‘?

1393 797 1577 834 PECVNDVS,
1598 800 1627 827 ab
1641 799 1743 835 abfhleto
1758 805 1832 833 FEO,
1849 810 1875 826 υ.
1889 809 1915 826 υ.
1941 799 2003 825 Adi.
2040 797 2162 832 [usinum
2174 800 2325 833 πολυτόκους]
2362 796 2433 832 Qod

1383 834 1502 872 frustum
1515 836 1608 872 facit,
1632 842 1655 861 et
1668 835 1750 871 ferax
1769 834 1801 868 gli
1818 845 1827 860 :
1862 842 1914 862 tum
1931 834 2057 871 quidquid
2066 834 2204 870 frequens,
2225 834 2363 869 copiosuM,
2388 841 2433 860 nu-
2450 851 2451 855 =

1390 872 1523 907 merofim,
1542 872 1650 907 intelligi
1666 872 1761 897 volunt.
1817 871 1957 901 Fecundus¹
1964 871 2061 906 semper
2070 869 2126 903 fine
2142 870 2305 905 Diphthongo
2325 871 2353 894 in
2373 868 2457 897 Vir-2„

1390 908 1452 942 gilio
1472 907 1540 933 dedit
1553 909 1689 934 Burmann.
1744 905 1877 933 Columel.
1897 912 1920 937 8,
1938 915 1972 939 14
2002 906 2033 932 Id
2051 914 2138 940 neque
2155 905 2299 931 fecundum
2313 904 2366 935 est,
2383 903 2447 936 nee}-

1391 942 1445 968 tain
1462 943 1616 977 pretiosum.
1689 941 1769 968 Ouid.
1785 941 1852 968 Fast.
1864 950 1895 975 4,
1907 944 1950 974 631
1969 941 2056 968 Forda
2076 941 2162 968 ferens
2178 940 2226 966 bos
2239 940 2291 972 est,
2309 939 2439 972 secunda-r.¹
2457 957 2462 962 .

1392 986 1458 1011 que,
1482 977 1553 1004 dista
1569 977 1700 1004 ferendo:
1736 978 1805 1003 Haec
1827 979 1866 1003 ita
1884 977 1984 1012 poffime
2002 977 2127 1013 intelligi,
2146 975 2259 1003 Fordam
2284 984 2300 1001 a
2321 974 2396 1005 feren
2416 1006 2421 1010 ἡ
2447 992 2453 1009 7

1391 1011 1499 1044 alisiam,
1543 1014 1590 1040 uod
1614 1023 1697 1040 verum
1715 1011 1758 1046 esi.
1813 1012 1860 1040 Sed
1879 1013 1944 1048 quod
1961 1013 2033 1039 addit
2051 1014 2143 1043 Poeta,
2171 1011 2242 1038 Hinc
2263 1011 2344 1038 etiam
2364 1010 2417 1036 fet·
2442 1036 2449 1043 ,

1390 1056 1488 1074 nornen
1501 1023 1597 1075 hazere
1610 1054 1718 1083 putant,
1736 1048 1781 1075 hoc
1794 1050 1867 1074 etiam
1880 1048 1913 1074 ad
1924 1048 2066 1074 fecundum
2075 1050 2222 1083 pertineret,
2233 1046 2259 1081 fi
2270 1055 2356 1073 verum
2369 1043 2417 1078 fffi‘
2436 1064 2443 1072 .

1389 1085 1428 1111 At
1442 1084 1494 1111 Feo
1506 1084 1549 1118 effi?
1562 1084 1754 1120 verum—fontem
1771 1084 1858 1110 horum
1869 1086 1993 1109 nominum
2009 1083 2078 1110 modo
2096 1083 2213 1109 dlximus.
2269 1083 2339 1108 Hor.
2354 1079 2447 1115 Epist?

1392 1127 1412 1150 1,
1425 1126 1448 1152 ς,
1461 1128 1488 1152 19
1508 1120 1623 1146 Fecundi
1638 1120 1746 1152 calices,
1766 1128 1845 1154 quem
1857 1128 1912 1146 non
1923 1119 2010 1145 fecere
2025 1119 2168 1146 disertum?
2233 1118 2290 1144 Cic.
2297 1116 2449 1152 deAruspps'

1390 1155 1464 1189 Resp.
1478 1164 1514 1188 42
1531 1155 1674 1190 Qiacstum
1685 1155 1763 1181 illum
1778 1155 1892 1182 maxime
1905 1155 2063 1187 fecundum,
2077 1151 2240 1188 vbereinque
2253 1152 2442 1191 campestremj*

1388 1195 1475 1217 totum
1489 1190 1522 1217 ad
1534 1192 1559 1217 se
1571 1192 1609 1217 ita
1623 1191 1740 1225 redegit,
1760 1197 1805 1217 etc.
1898 1190 1980 1217 Plaut.
1993 1190 2057 1216 Cist.
2074 1199 2093 1221 1,
2108 1198 2128 1222 1,
2143 1198 2176 1224 72
2195 1190 2320 1224 Namque
2334 1182 2451 1231 ecastoci‘»

1386 1234 1463 1252 amor
1481 1231 1506 1253 ct
1524 1227 1602 1253 melle
1621 1233 1646 1253 et
1664 1226 1726 1253 felle
1743 1226 1780 1252 est
1800 1226 2010 1257 fecundiffimus,
2036 1226 2112 1260 gustu
2132 1225 2176 1252 dat
2192 1223 2285 1256 dulce,
2313 1220 2443 1252 amamini*

1388 1261 1421 1288 ad
1439 1262 1582 1289 satietatem
1601 1271 1684 1298 vsque
1704 1262 1815 1296 aggerit.
1908 1262 2030 1288 Fecunda
2050 1260 2204 1288 rumoribus
2223 1259 2329 1286 colonia
2342 1257 2451 1297 Tati—3}

1386 1297 1455 1324 Hist.
1472 1306 1498 1330 1,
1519 1306 1558 1331 51,
1578 1300 1604 1324 6.
1694 1297 1824 1324 Pecorum
1843 1297 1970 1324 fecundus
1989 1297 2062 1323 Idem
2077 1297 2108 1323 de
2123 1297 2214 1322 Germ.
2227 1303 2250 1329 ς.
2315 1295 2382 1325 Fru·
2395 1323 2398 1326 ⁴

1382 1332 1510 1360 fecundus
1524 1333 1614 1360 Tacit.
1630 1333 1661 1359 in
1673 1333 1824 1367 Vit.Agric.
1839 1342 1875 1359 12.
1969 1333 2039 1359 Gens
2058 1330 2238 1358 fecundissima
2256 1330 2322 1358 Plin.
2338 1330 2427 1360 ramo
2443 1350 2447 1357 .

1385 1377 1408 1395 c.
1422 1377 1458 1401 31.
1547 1370 1675 1395 Annonae
1688 1369 1801 1395 fecunda
1816 1368 1956 1403 prouincia
1974 1368 2139 1395 Tacit.Hist.
2153 1376 2174 1400 1,
2190 1375 2223 1394 11.
2291 1365 2413 1401 Philoso
2430 1379 2432 1381 ·
2445 1367 2449 1370 '
2472 1372 2479 1390 i

1386 1404 1522 1431 Fuderunt
1541 1405 1623 1431 claras
1640 1404 1750 1430 fecundi
1765 1404 1882 1431 Pee’toris
1907 1411 1975 1430 artes
1996 1404 2051 1430 Cic.
2072 1404 2105 1429 de
2127 1403 2220 1429 Diuin.
2241 1410 2268 1438 1,
2286 1409 2320 1428 22.
2356 1409 2379 1428 c.
2402 1399 2444 1433 js*
2477 1415 2479 1437 3

1385 1439 1478 1467 Pectus
1499 1439 1657 1472 fecundum,
1684 1443 1703 1465 i.
1722 1439 1834 1466 Plenum
1853 1440 1971 1466 malitiae
1991 1440 2064 1465 Seru.
2082 1443 2110 1465 in
2129 1439 2226 1473 Virgil.
2241 1438 2306 1464 Aen.
2326 1444 2360 1472 7,
2437 1470 2442 1472 .
2470 1435 2479 1453 '¹

1387 1474 1429 1502 Ab
1443 1477 1599 1509 Anaxagora
1612 1474 1679 1501 vber
1693 1480 1719 1500 ct
1731 1474 1859 1501 fecundus
1872 1475 1984 1501 Pericles
1999 1475 2055 1502 Cic.
2070 1475 2099 1500 in
2110 1474 2186 1500 Orat.
2200 1482 2232 1506 ις.
2301 1472 2352 1498 Sue
2478 1471 2479 1475 ’

1388 1511 1481 1545 genuit
1493 1517 1587 1537 natura
1598 1509 1739 1536 fecundius
1758 1510 1831 1535 Idem
1846 1509 1877 1535 de
1893 1508 2044 1536 Nat.Deor.
2058 1512 2145 1542 25160
2165 1518 2186 1534 c.
2200 1511 2230 1540 63
2249 1514 2316 1534 extr.
2371 1507 2417 1534 1²erl
2432 1511 2435 1514 '
2472 1509 2474 1515 '

1388 1545 1505 1573 sionibus
1523 1545 1827 1579 repastinationibusque
1848 1545 1877 1570 tit
1896 1544 1981 1570 multo
1999 1551 2069 1571 terra
2091 1544 2232 1570 fecundior
2251 1543 2308 1569 Cic.
2323 1542 2356 1569 de
2373 1542 2430 1569 sen.

1388 1591 1410 1609 c.
1424 1589 1458 1614 ις.
1527 1581 1594 1608 Plin.
1609 1589 1645 1612 33,
1657 1590 1676 1614 4
1696 1580 1790 1606 Italiae
1805 1580 1935 1615 parcitum
1948 1581 1984 1606 cst
1999 1586 2087 1606 vetere
2106 1579 2250 1606 interdicito
2263 1579 2383 1609 Panum,
2399 1581 2430 1604 vt

1388 1618 1505 1643 diximus
1520 1627 1525 1642 :
1555 1616 1678 1650 alioquin
1696 1615 1768 1642 nulla
1787 1615 1930 1642 fecundior
1948 1616 2118 1642 metallorum
2140 1623 2246 1650 quoque
2270 1619 2326 1640 erat
2342 1613 2430 1640 tellus.

1388 1652 1470 1679 Ouid.
1491 1653 1556 1679 Met.
1578 1661 1605 1684 2,
1630 1659 1682 1688 472
1711 1652 1746 1677 Vt
1765 1651 1876 1678 fecunda
1899 1652 1986 1682 fores,
2005 1655 2023 1677 i.
2038 1650 2158 1687 grauida,
2183 1650 2309 1684 fieretque
2328 1647 2431 1674 iniuria

1385 1694 1462 1723 partu
1503 1688 1584 1714 Nota.
1690 1686 1791 1715 Imbres
1816 1687 1943 1719 fecundi,
1975 1691 2018 1723 qui
2038 1686 2181 1723 Jecundant
2207 1693 2300 1712 terram
2330 1682 2443 1717 Vitg'ila,

1383 1725 1481 1758 Georg.
1503 1733 1531 1756 2,
1549 1731 1603 1756 325.
1620 1755 1631 1763 ..

2354 192 2467 238 7001,

1389 620 1488 648 follicia
1500 621 1565 665 Plin.
1577 624 1618 655 36,
1632 629 1666 653 13.

1387 1827 1459 1861 geri,
1479 1833 1524 1853 etc.
1604 1828 1752 1860 Importare
1766 1829 1955 1854 fecunditatem
1973 1829 2082 1855 feminis
2102 1829 2168 1853 Plin.
2185 1836 2223 1859 14,
2237 1831 2271 1855 18.

1386 1872 1448 1890 rum
1465 1861 1666 1888 inductionibus
1680 1863 1757 1889 terris
1771 1863 1960 1889 fecunditatem
1975 1863 2064 1889 damus
2086 1864 2142 1888 Cic.
2157 1863 2188 1888 de
2201 1862 2296 1888 Natur.
2311 1860 2390 1886 Deor.

1387 1906 1428 1927 152
1449 1906 1470 1923 c.
1485 1900 1528 1923 60.
1623 1898 1733 1930 Experta
1752 1898 1921 1924 fecunditatis
1939 1899 2041 1925 femina
2058 1898 2149 1924 Tacit.
2161 1899 2229 1923 Ann.
2242 1905 2278 1928 12,
2291 1904 2316 1922 2.
2370 1894 2420 1921 Mu

1387 1932 1460 1956 lieris
1474 1932 1585 1956 miserae
1602 1931 1748 1956 fecunditas
1761 1933 1910 1958 calamitosa
1923 1934 1980 1959 Cic.
1989 1933 2101 1965 Philipp.
2110 1941 2136 1963 2,
2150 1937 2187 1964 58.
2279 1931 2401 1957 Terraru
2438 1931 2448 1962 ᾗ

1387 1964 1550 1996 fecunditas,
1568 1965 1642 1990 Caeli
1656 1966 1815 1998 temperatio
1829 1966 1902 1991 Idem
1917 1966 1949 1991 de
1962 1967 2058 1991 Natur.
2074 1968 2155 1992 Deor.
2169 1974 2184 1992 2
2193 1986 2202 1997 ,
2217 1974 2250 1998 13.
2320 1967 2447 2001 Proptens

1386 1999 1575 2026 fecunditatem
1594 1999 1676 2026 multa
1695 2000 1724 2026 in
1741 2000 1811 2034 agris
1831 2000 1911 2035 fingi,
1932 2001 2059 2036 gignique
2073 2002 2174 2035 possunt
2193 2002 2248 2027 Cic.
2260 2001 2292 2027 de
2306 2001 2439 2034 Diuin.‘1,‹“

1387 2044 1432 2068 94.
1528 2035 1670 2070 Metaphor.
1696 2035 1725 2061 de
1745 2036 1855 2062 ubertate
1873 2039 1970 2072 ingenii
1987 2043 2010 2062 et
2023 2040 2159 2070 arationis,
2178 2036 2273 2063 Efferat
2286 2037 2312 2062 se
2324 2037 2353 2063 in
2366 2036 2433 2062 ado-⁴

1386 2072 1496 2097 lescente
1516 2071 1663 2097 fecunditas
1680 2070 1789 2104 Qun&
1805 2080 1829 2103 2,
1843 2081 1871 2105 4.
1895 2081 1925 2097 cx
1947 2072 2003 2099 Cic.
2018 2071 2051 2098 de
2058 2073 2132 2099 Orat.
2147 2081 2172 2104 2,
2187 2076 2215 2102 88
2239 2081 2260 2098 c.
2269 2080 2306 2098 21.
2379 2073 2426 2098 Fe-

1386 2106 1506 2132 cunditas
1527 2106 1611 2145 animi
1631 2106 1697 2132 Plin.
1718 2107 1746 2132 in
1766 2107 1875 2141 praefat.
1897 2117 1918 2139 3.
2022 2107 2102 2141 Qiasi
2122 2107 2244 2140 numini,
2262 2107 2427 2134 Fecunditati
2462 2118 2470 2130 >-

1385 2141 1515 2174 templum
1531 2150 1560 2166 111
1579 2141 1690 2175 gratiam
1710 2142 1841 2177 Augustae
1863 2143 1981 2177 Poppeae
2001 2144 2119 2170 erectum
2138 2143 2228 2171 Tacit.
2241 2143 2309 2169 Ann.
2328 2150 2370 2175 15,
2385 2151 2425 2175 23.
2471 2147 2479 2175 ¹.

1383 2176 1456 2203 Adde
1469 2176 1560 2211 Spanh.
1575 2177 1603 2202 cle
1617 2179 1691 2203 Num.
1704 2186 1719 2209 3
1731 2184 1760 2213 p.
1775 2185 1830 2212 148.
2402 2204 2409 2207 ,

1422 2218 1650 2245 FOECVNDO,
1671 2212 1716 2248 seu
1742 2219 1935 2240 FECVNDO
1956 2217 2063 2248 potius,
2089 2218 2140 2241 fite.
2177 2212 2333 2247 [πολυτόκον
2349 2213 2429 2247 2015}
2470 2214 2479 2246 54

1384 2246 1557 2274 Abundantem
1568 2247 1613 2283 scu
1625 2246 1797 2283 srut‘siferum
1806 2248 1905 2282 facere.
1942 2249 2039 2281 Virgil.
2055 2249 2188 2282 Georg.4,
2200 2257 2249 2280 290
2268 2248 2300 2274 Et
2312 2245 2422 2278 vii-idun·

1384 2283 1532 2316 Aegyptum
1550 2285 1627 2317 nigra
1646 2282 1768 2309 fecundat
1789 2291 1876 2308 arena.
1964 2282 2059 2309 Pallad.
2076 2291 2115 2316 12,
2136 2291 2147 2309 1
2178 2283 2283 2310 Satione
2303 2281 2417 2310 fecunda-

1382 2323 1435 2380 11111.
1447 2325 1524 2344 terra.
1578 2318 1651 2353 Cous.
1671 2318 1824 2345 Mamertin.
1843 2318 1936 2352 Paneg.
1956 2318 2050 2345 Iulian.
2081 2327 2102 2344 c.
2123 2326 2165 2344 22.
2236 2317 2418 2353 Augustinqle

1414 2362 1464 2380 rm.
1481 2362 1515 2386 13,
1533 2357 1567 2382 18.
2400 2355 2403 2358 ’

1418 2395 1435 2415 F
1444 2396 1463 2415 o
1472 2395 1488 2415 r:
1498 2395 1515 2416 c
1526 2396 1546 2414 v
1554 2395 1577 2414 N
1587 2394 1605 2414 n
1616 2385 1628 2414 i'
1639 2394 1660 2415 'r
1671 2394 1690 2414 o
1698 2407 1707 2420 ,
1727 2392 1780 2414 are.
1822 2389 1876 2415 Vox
1889 2397 1975 2415 aureae
1987 2390 2088 2419 aetatis,
2107 2395 2136 2414 ex
2143 2385 2289 2423 fragmento
2301 2389 2422 2415 oratimiis

1419 2459 1786 2494 FOECVNDE.J'.FECVNDE.
1806 2459 1875 2485 Adu.
1894 2458 2057 2493 [ηολυτόκως]
2075 2455 2430 2490 ιαιιάαιανΑριιι.11εΜ1111ᾶ.,

1387 2504 1412 2529 p.
1422 2497 1501 2529 67,22
1521 2494 1631 2521 Pulchre
1645 2500 1670 2520 et
1683 2494 1795 2521 fecunde
1806 2494 1888 2521 horae
1902 2501 2082 2528 procreantur.
2138 2491 2186 2520 Sed
2197 2491 2278 2518 editur
2289 2490 2421 2526 pulchrae,

1711 2530 1851 2564 comparat.
1883 2529 2030 2556 Fecundius
2049 2530 2170 2563 podmata
2185 2527 2284 2554 ferrent
2303 2525 2419 2553 fructum

1592 2573 1616 2599 p.
1631 2567 1670 2597 65.
1757 2566 1843 2599 Atque
1866 2565 1946 2591 etiam
1964 2565 2045 2591 recisa
2063 2563 2202 2590 fecundius
2226 2561 2340 2596 resurgit
2357 2560 2423 2592 Ptin.

1551 2601 1648 2636 Superi.
1671 2600 1821 2628 Nascuntur
1833 2599 2012 2627 fecundissime
2024 2600 2055 2626 in
2068 2599 2176 2626 fraxino
2191 2596 2230 2625 Id.
2245 2605 2279 2630 29
2284 2616 2294 2630 ‚
2305 2605 2334 2630 4.
2373 2633 2377 2635 Α
2406 2606 2424 2628 a,

1730 2673 2055 2723 F0.ED

1421 2748 1493 2770 1:013
1506 2748 1525 2769 D
1536 2749 1591 2769 VM
1604 2762 1614 2776 ‚
1648 2743 1760 2778 Antiqui
1779 2742 1900 2772 dicebant
1920 2750 1971 2780 pro
1990 2743 2089 2771 Hoedo
2103 2753 2111 2775 ς
2145 2742 2240 2775 Polus,
2253 2747 2303 2777 pro
2321 2739 2355 2767 Ol
2398 2740 2402 2745 '

1385 2777 1503 2809 Fostem,
1519 2786 1568 2814 pro
1587 2778 1692 2810 Hoste;
1725 2779 1857 2812 Fostiam,
1875 2787 1922 2815 pro
1936 2780 2046 2813 Hostia,
2078 2778 2144 2806 Fen.

1425 2819 1442 2839 F
1453 2821 1471 2840 Ο
1481 2819 1553 2840 EDv
1562 2821 1590 2845 S,
1609 2814 1670 2840 eris.
1705 2824 1732 2840 n.
1767 2813 1869 2850 [iifmtm
1887 2815 2014 2848 συνθεσίαι,
2034 2815 2157 2848 συνθήκη]
2193 2810 2234 2845 Est
2252 2814 2379 2838 conuenlio

1381 2847 1567 2888 paffzcm,·que
1587 2851 1725 2876 uoluntates
1739 2856 1762 2876 ct
1775 2853 1843 2876 vires
1856 2850 1890 2877 ad
1900 2853 2009 2887 aliquam
2022 2860 2073 2878 rem
2090 2854 2283 2884 coniunguntur.
2336 2848 2397 2882 Nug
2427 2847 2439 2877 J

1384 2891 1426 2910 ΝΥ
1440 2885 1547 2910 Sefflffl‘
1559 2884 1593 2910 ad
1605 2886 1669 2910 Aen·
1684 2893 1704 2917 1,
1719 2888 1760 2911 62-
1794 2893 1817 2912 et
1833 2892 1855 2916 8,
1871 2888 1917 2919 641
1935 2896 1989 2914 cum
2003 2896 2018 2912 a
2033 2884 2185 2913 Fetialibus,
2205 2884 2245 2908 vel
2256 2881 2322 2917 asne
2334 2881 2404 2918 foedv
2429 2879 2432 2884 ”

1979 2923 2064 2948 Potius
2076 2926 2205 2954 cognatum
2221 2916 2252 2950 est
2264 2916 2365 2944 Foedus
2378 2918 2431 2943 nii-⁴
2449 2938 2450 2944 ,

2158 2955 2189 2979 E!
2209 2953 2288 2980 Fidus
2302 2960 2351 2988 pro
2369 2950 2428 2987 ipso'

1384 2567 1473 2592 Varro
1489 2565 1520 2593 L.
1536 2565 1566 2591 L.

1384 2603 1422 2632 16,
1433 2602 1474 2632 36.

1383 2922 1401 2946 i.
1415 2919 1547 2946 crudeliter
1559 2921 1688 2955 iugulata,
1708 2921 1810 2948 Foedus
1824 2922 1931 2948 deriuae.

1383 2957 1447 2981 mini
1466 2954 1554 2981 Fidus.
1592 2964 1624 2981 oe
1645 2962 1669 2981 et
1686 2956 1696 2981 i
1710 2956 1907 2992 frequenrffmc
1923 2961 2106 2991 permutantur.

1385 2989 1487 3017 Foedus
1500 2989 1587 3023 dixiffi’
1601 2992 1713 3022 Ennium,
1731 2995 1769 3018 ait
1782 2994 1873 3027 scalig.
1887 2992 1921 3017 ad
1931 2990 1979 3023 ista
1992 2990 2076 3021 Festi,
2095 2988 2196 3015 Foedus
2214 2988 2370 3023 appellatum
2386 2985 2420 3013 ab

1383 3034 1432 3057 eo,
1451 3025 1523 3060 quod
1536 3025 1564 3051 in
1577 3026 1729 3059 paciscendo
1743 3027 1851 3054 foedere
1863 3026 1948 3053 hostia
1961 3031 2113 3052 necaretur:
2139 3024 2179 3050 vel
2194 3025 2258 3058 quia
2270 3024 2298 3050 in
2312 3021 2420 3048 foedere

1383 3062 1566 3095 interponatur
1584 3060 1657 3087 fides.
1711 3062 1805 3097 Virgil.
1824 3063 1888 3088 Aen.
1907 3067 1934 3092 8,
1953 3064 1999 3094 641
2023 3061 2053 3087 Et
2071 3061 2141 3087 caesa
2155 3060 2297 3094 iungebant
2310 3058 2419 3098 foedera
2448 3077 2449 3081 ,

1382 3106 1471 3132 porca.
1508 3095 1640 3128 Differam
1653 3097 1768 3128 Foedus,
1784 3097 1889 3129 Patffio,
1903 3104 1927 3123 et
1939 3095 2045 3130 Sponsio
2059 3106 2066 3126 ς
2095 3096 2159 3131 quod
2171 3095 2273 3122 Foedus
2287 3093 2435 3130 pactione„

1384 3132 1473 3167 paelio
1487 3130 1622 3166 sponsione
1633 3131 1737 3167 firmior
1743 3132 1781 3166 stt
1792 3141 1863 3168 arque
1870 3131 1995 3164 stabilior.
2035 3132 2092 3158 Vni.
2104 3132 2164 3158 Liu.
2177 3140 2193 3164 9
2205 3151 2212 3163 ,
2229 3140 2251 3164 ς.
2321 3127 2418 3157 Foede-

1383 3168 1419 3195 ris
1434 3166 1550 3194 faciendi
1564 3175 1664 3193 morem
1674 3187 1682 3200 ,
1702 3168 1759 3194 uide
1771 3168 1838 3203 apud
1849 3167 1908 3194 Liu.
1924 3175 1943 3197 1,
1956 3176 1983 3200 4.
2019 3174 2043 3192 et
2062 3175 2088 3199 9,
2101 3175 2113 3199 ,-
2134 3173 2158 3193 ct
2172 3176 2212 3199 24.
2265 3166 2339 3199 Virg.
2352 3165 2425 3192 Aen-‘⁴

1384 3213 1422 3237 12,
1437 3206 1482 3236 169
1494 3203 1552 3238 filq.
1625 3202 1684 3229 Liu.
1700 3211 1743 3236 34,
1764 3211 1797 3238 57
1827 3204 1880 3229 Esse
1895 3211 1982 3228 autem
2002 3203 2053 3229 tria
2068 3211 2163 3237 genera
2182 3201 2336 3232 foederum,
2360 3199 2430 3235 qui-1

1383 3239 1431 3266 bus
1455 3239 1525 3266 inter
1548 3238 1574 3264 se
1594 3238 1786 3271 paciscerentur
1807 3238 1952 3270 amicitias,
1978 3238 2114 3270 ciuitates,
2134 3246 2269 3272 regesque.
2317 3237 2419 3267 Vnum,

1384 3284 1465 3310 quum
1479 3273 1550 3301 bello
1561 3272 1640 3299 vietis
1657 3273 1807 3301 dicerentur
1824 3274 1901 3308 leges.
1957 3274 2010 3300 Vbi
2025 3275 2095 3300 enim
2109 3274 2199 3299 omnia
2213 3273 2255 3305 ei,
2274 3272 2321 3307 qui
2336 3270 2422 3300 armis,-

1383 3311 1439 3345 plus
1454 3310 1548 3345 posset,
1568 3308 1655 3335 dedita
1669 3310 1761 3342 essent,
1789 3317 1855 3344 quae
1869 3317 1900 3334 ex
1914 3308 1947 3335 iis
1964 3309 2062 3336 habere
2078 3309 2179 3343 vidios,
2199 3308 2295 3343 quibus
2309 3305 2423 3336 multari,

1383 3355 1428 3372 eos
1449 3346 1529 3377 velit,
1551 3343 1630 3378 ipsius
1653 3344 1694 3370 ius
1713 3352 1790 3379 atque
1808 3344 1949 3370 arbitrium
1969 3346 2024 3371 ess'e.
2085 3345 2219 3375 Alterum,
2242 3351 2324 3378 quum
2343 3340 2424 3376 pare&
2444 3340 2445 3383 l

1383 3381 1455 3408 bello
1471 3388 1555 3417 aequo
1566 3379 1685 3412 foedere,
1706 3380 1733 3406 in
1748 3388 1835 3414 pacem
1850 3386 1928 3414 atque
1941 3380 2085 3408 amicitiam
2104 3380 2244 3410 venirent;
2269 3384 2330 3405 tunc
2345 3378 2428 3413 enim..

1383 3417 1483 3451 repeti,
1501 3414 1630 3449 reddique
1648 3424 1694 3449 per
1708 3415 1910 3441 conuentionem
1927 3425 1966 3442 res
1982 3427 1987 3442 z
2017 3422 2042 3443 et
2062 3415 2079 3442 si
2095 3424 2207 3450 quarum
2227 3413 2330 3440 turbata
2345 3412 2423 3439 bello*

1382 3452 1496 3486 poiseffio
1508 3450 1552 3483 sit,
1569 3458 1611 3476 eas
1629 3457 1673 3476 aut
1694 3459 1724 3476 ex
1736 3458 1820 3484 aequo
1835 3451 1919 3483 simul,
1938 3458 1982 3478 aut
1994 3460 2026 3478 ex
2039 3451 2155 3478 formula
2168 3450 2234 3476 iuris
2246 3449 2359 3483 antiqui,
2373 3450 2436 3480 aut,-

1383 3497 1414 3513 ex
1427 3487 1508 3522 partis
1521 3485 1658 3519 Vtriusque
1671 3485 1811 3512 commodo
1826 3488 1958 3521 componi.
2029 3487 2158 3513 Tertium
2170 3486 2217 3511 efl‘e
2231 3493 2320 3519 genus,
2333 3490 2415 3518 quum

1384 3524 1430 3557 qui
1455 3522 1539 3549 hostes
1559 3529 1693 3554 nunquam
1709 3521 1824 3554 fuerint,
1850 3521 1881 3547 ad
1900 3523 2044 3549 amicitiam
2065 3522 2155 3548 sociali
2175 3521 2284 3547 foedere
2304 3520 2373 3546 inter
2389 3517 2426 3546 sev·

1384 3556 1541 3592 iungendam
1555 3558 1654 3581 coeant.
1689 3564 1734 3582 eos
1748 3565 1831 3591 neque
1846 3557 1948 3590 dicere,
1968 3567 2054 3593 neque
2068 3558 2184 3591 accipere
2197 3556 2281 3590 leges,
2301 3555 2329 3581 id
2342 3554 2427 3584 enim..

1382 3593 1492 3620 visloris
1511 3598 1537 3618 et
1550 3590 1615 3617 visli
1630 3591 1686 3617 effe.
2382 3588 2412 3615 V.

1382 3639 1407 3665 g.
1426 3629 1455 3655 di·
1470 3631 1572 3690 priuata
1584 3635 1637 3651 cum
1649 3624 1731 3659 Craffia
1745 3631 1857 3653 amicitia
1866 3628 1909 3661 stc
1927 3629 1961 3654 ad
1973 3630 2039 3654 [llum
2059 3629 2113 3654 Cic.
2129 3627 2201 3653 Fam.
2215 3634 2238 3659 ς,
2252 3632 2265 3656 8
2289 3627 2342 3652 Has
2356 3625 2418 3651 litem

1382 3673 1423 3691 ras
1438 3673 1469 3690 ve
1482 3664 1517 3690 im
1530 3661 1662 3688 existimes
1676 3662 1789 3688 foederis
1803 3663 1936 3690 habituras
1950 3665 1998 3690 esse
2013 3664 2079 3696 vim,
2093 3671 2147 3688 non
2160 3662 2283 3696 epistolae
2292 3682 2300 3694 ,
2321 3666 2414 3694 meque

1382 3709 1427 3731 ea,
1445 3707 1511 3735 quae
1525 3697 1574 3724 tibi
1588 3697 1713 3730 promitto
1732 3706 1759 3724 ac
1771 3699 1885 3733 recipio,
1899 3699 2050 3726 sanfflssime
2068 3698 2284 3730 obseruaturum,
2303 3696 2413 3729 diligena

1380 3735 1526 3768 tiffimeque
1543 3733 1590 3758 effe
1605 3732 1745 3759 sachunu.
1838 3735 1899 3761 Liu.
1921 3743 1948 3767 1,
1963 3744 1972 3761 1
2001 3734 2123 3761 Latinum
2143 3733 2211 3767 apud
2229 3733 2333 3758 Penates
2351 3730 2413 3757 deo!
2444 3739 2445 3743 ¹

2040 3771 2079 3796 Sic
2100 3777 2150 3801 29,
2169 3777 2196 3800 23
2226 3769 2261 3794 Vt
2278 3767 2411 3802 publicum
2450 3797 2451 3800 Ἴ

1382 3813 1489 3840 quoque
1506 3803 1599 3829 foedus
1613 3803 1717 3836 priuato
1731 3804 1897 3831 adiiceretur.
1974 3805 2078 3830 Vincula
2090 3803 2277 3838 neceffltudinis,
2292 3802 2355 3838 quod
2368 3807 2410 3836 pa«

1380 3842 1487 3866 trocinio
1505 3841 1560 3873 quis
1581 3843 1706 3865 contraxit
1724 3840 1789 3866 Plin.
1805 3840 1882 3874 Epist.
1897 3849 1918 3872 3,
1929 3850 1948 3874 4
1970 3840 2061 3874 Legati
2076 3841 2162 3866 rursus
2178 3838 2297 3870 indueti,
2316 3838 2411 3864 iterum

1379 3883 1422 3901 me
1434 3875 1485 3901 iam
1495 3873 1653 3907 praesentem
1665 3875 1821 3902 aduocatum
1835 3876 2037 3910 postulauerunt,
2046 3875 2215 3909 implorantes
2226 3874 2304 3900 fidem
2317 3879 2410 3902 meam,

1379 3918 1458 3944 quam
1481 3909 1559 3935 essent
1577 3916 1667 3936 contra
1688 3912 1793 3937 Massam
1816 3911 1946 3937 Boebium
1965 3911 2084 3945 experti,
2113 3911 2252 3945 allegantes
2273 3905 2411 3944 patrocinii

1572 3945 1701 3973 Amorum
1718 3946 1923 3981 turpissimorum
1942 3945 2062 3980 quotidie
2081 3946 2189 3974 foedera
2201 3945 2284 3973 ferire
2296 3945 2411 4005 Ciccprf

2360 3985 2388 4005 ae
2401 3993 2408 4002 .

1736 3592 1782 3618 Sed
1799 3594 1874 3619 latmi·
1887 3595 1961 3620 multo
1973 3601 2045 3628 pate!
2063 3592 2187 3619 Foede-ris
2204 3591 2342 3626 appellatio.
