2479 4225
283 222 346 259 451
655 203 689 244 E
777 203 813 242 X
898 199 937 237 A
1776 192 1811 232 E
1899 193 1936 233 X
2022 195 2062 236 A
2338 163 2435 244 452¹

323 296 424 322 ΕΧᾸΜ
434 300 498 326 EN,
518 293 577 321 inis.
603 302 630 319 n.
667 291 777 325 [ἕσμες]
814 288 885 314 Noua
904 291 974 320 apum
987 284 1095 320 ῥήσιες,
1112 290 1191 323 quant
1195 287 1313 317 parentes
1410 289 1539 310 rxANc
1549 290 1559 309 1
1570 289 1586 309 1.
1599 289 1614 308 r.
1624 287 1689 323 on,
1708 281 1755 308 ari.
1782 281 1898 308 Tertull.
1913 283 1989 317 Apol.
2005 292 2026 310 c.
2042 291 2079 318 ¹7·

286 341 315 357 ex
322 331 376 366 fitis
390 330 525 355 alumribus
540 328 573 354 od
585 338 660 354 nouos
667 327 737 364 sedes
750 321 896 359 quaerendas
908 323 974 346 exire
987 327 1082 361 coemit·
1099 320 1164 354 qlfflst
1174 318 1313 362 hvgmen’
1409 324 1426 344 Ε
1434 326 1452 345 X
1461 325 1482 345 Α
1493 325 1538 364 NJ:
1548 326 1562 344 ¹¹
1574 326 1592 345 O
1602 338 1610 350 ⁵
1651 317 1704 344 ΨΑ·
1742 324 1758 343 E
1767 325 1784 343 Χ
1795 324 1815 343 A
1825 324 1846 342 N
1855 324 1876 343 T
1886 325 1901 343 ¹⁴
1912 325 1940 344 Ο·
2053 353 2058 358 .
2134 351 2141 361 ,
2174 353 2182 362 ,

285 367 315 393 ab
329 366 414 399 exigo.
453 366 506 390 Hoc
518 366 591 390 multo
610 363 764 395 ocrijmulms
784 368 824 388 co,
850 355 913 391 quod
931 357 1013 390 placet
1025 358 1082 381 atus
1091 375 1099 386 ‚
1113 356 1177 389 quast
1200 354 1313 384 εξαμμμ,
1411 359 1428 379 E
1438 361 1455 380 x
1464 361 1485 380 A
1498 361 1514 378 N
1527 360 1547 380 G
1558 362 1576 380 v
1588 362 1595 380 1
1605 361 1632 385 s,
1653 362 1675 379 e.
1694 354 1728 379 al.
1747 359 1762 378 E
1772 360 1788 378 x
1799 359 1811 379 s
1820 360 1840 378 A
1851 360 1870 378 N
1883 359 1903 379 G
1914 360 1933 379 v
1944 360 1953 378 1
1965 360 1987 379 s.
2009 352 2069 379 Adi.
2104 348 2248 387 [αιαιμων]
2286 347 2360 390 941οᾶ-
2370 356 2409 376 ca·

285 403 305 426 i.
327 402 425 430 Nemes,
442 400 505 435 quod
518 400 562 426 hae
576 402 613 424 ita
627 400 758 425 uniantur,
777 399 804 417 vt
815 391 890 424 simul
905 392 996 427 ligatae
1009 396 1152 425 apparwzt.
1189 388 1313 420 Examen,
1375 394 1413 413 ret
1426 388 1557 424 fizriguine.
1607 389 1663 415 Cic.
1678 390 1753 414 Verr.
1769 396 1789 420 ς,
1805 396 1846 419 130
1862 397 1882 414 c.
1895 396 1930 421 49
1959 388 2002 414 Ne
2017 386 2130 422 denique
2150 389 2229 414 etiam
2241 388 2410 420 exsanguium

285 438 369 470 inquit
382 435 469 462 Festus
505 435 539 461 est
558 441 581 460 et
600 435 815 465 aequamentum,
829 432 855 452 et
875 425 969 452 iudicii
990 425 1172 459 inuestigatio,
1192 429 1216 449 et
1235 432 1312 457 apum
1337 430 1352 456 ς
1378 431 1489 455 corpora
1500 430 1684 456 mortuorum,
1698 433 1729 449 ne
1742 432 1864 455 moeror,
1900 437 1945 443 —-
1979 423 2172 458 magistratibus
2185 422 2278 449 nostris
2293 420 2410 456 quaestui

286 455 525 504 congregatio‚’vel
538 467 700 494 locustarum.
737 464 800 498 Ergo
809 465 918 496 primum
937 460 968 494 esi
981 471 1072 495 agmen
1087 468 1164 493 apum
1178 467 1209 484 ex
1222 460 1316 484 alumri
1378 457 1450 491 possit
1466 459 1522 484 effe.
1592 461 1648 486 Cic.
1664 469 1711 494 pro
1724 460 1791 485 Sext.
1806 467 1840 493 79
1881 459 1968 491 Qiem
1986 468 2066 493 quum
2085 459 2213 484 iacentem
2232 464 2257 484 et
2277 457 2409 483 concisum

286 505 407 532 exotium.
443 506 498 532 Cic.
512 504 543 530 de
556 500 652 528 Seneca.
666 507 697 531 54
719 498 776 524 Nee
794 506 859 523 vero
872 497 904 523 de
923 498 1052 531 segetibus
1066 497 1167 526 solum,
1181 501 1205 520 et
1224 494 1314 527 pratis,
1377 493 1500 527 plurimis
1520 494 1676 521 vulneribus
1699 501 1817 521 extremo
1840 494 1933 527 spiritu
1954 495 2106 533 exsanguem
2121 500 2146 520 et
2167 493 2317 520 confee‘mm
2337 491 2410 519 vide-

287 547 312 567 et
326 541 411 568 vineis
442 547 465 566 et
484 537 590 566 arbustis
604 543 644 561 res
662 533 771 560 rusticae
786 532 867 558 laetae
880 533 955 564 sunt,
975 533 1017 558 sed
1034 532 1117 558 hortis
1132 532 1211 556 etiam
1225 536 1249 555 et
1270 537 1315 562 po-
1378 535 1446 560 rent,
1459 537 1503 554 etc.
1573 531 1631 556 Liu.
1646 539 1683 562 23,
1721 551 1726 556 .
1764 549 1770 555 .
1807 530 1888 563 Prope
1903 529 2038 562 exsanguis
2052 530 2130 556 ruina
2149 527 2410 563 superincidentium.
2431 525 2448 541 Ψ

285 577 377 603 mariis
414 561 468 602 t'uni
486 571 611 607 pecudum
631 568 701 603 pastu
714 574 739 594 et
757 576 837 603 apuni
849 568 1030 599 examinibus,
1042 573 1067 593 et
1079 568 1176 592 {lorum
1194 565 1316 591 omnium
1379 565 1416 590 De
1433 565 1605 590 vehementiore
1618 563 1710 598 affeHu
1724 568 1796 591 etiam
1814 565 1958 590 mimbetor:
1994 565 2049 590 Cic.
2063 564 2093 591 de
2107 566 2197 599 Arusp.
2211 564 2285 598 Resp.
2313 572 2326 589 2
2341 564 2411 589 Atta.

287 597 422 639 varietaie.
492 609 563 633 Idem
577 605 628 632 Off.
645 614 662 631 1.
678 612 720 638 157
739 613 760 629 c.
776 612 813 636 44
850 605 935 638 Atque
958 610 985 629 vt
1010 612 1087 636 apum
1110 601 1246 632 examina,
1269 609 1315 625 etc.
1336 604 1366 622 10
1379 608 1439 625 men
1458 600 1562 633 ignarus
1577 601 1688 634 ille,qui
1703 600 1828 627 Consules
1847 601 1941 631 ess'ent,
1969 600 2101 633 exsanguis
2121 608 2199 635 atque
2220 600 2334 626 aestuans
2353 598 2377 624 se
2398 606 2412 623 t

287 647 359 674 Ouid
382 645 443 672 Fast.
457 652 478 674 3,
492 649 544 676 747
563 640 642 666 Audit
656 640 684 665 in
698 639 771 665 exesa
784 638 923 665 stridorem
936 639 1063 664 examinis
1077 638 1159 664 vlmo.
1229 638 1315 669 Apum
1378 634 1450 661 curia
1463 642 1569 669 repente
1583 637 1724 670 proripuit.
1796 637 1895 662 Furens
1908 642 1933 661 et
1950 636 2084 668 exsanguis
2099 636 2242 670 interrogat
2261 635 2317 661 Cic.
2332 633 2363 659 ad
2378 634 2413 666 Q

287 670 395 709 examen
415 681 504 705 quen.
522 677 571 702 Sat.
588 685 622 707 13,
635 678 674 704 68.
745 675 845 699 Auium
864 675 983 701 examina
1002 675 1060 700 Liu.
1086 693 1091 699 .
1118 693 1123 698 .
1148 692 1154 698 .
1184 678 1207 697 et
1226 671 1315 697 lustin.
1379 671 1448 696 Frat.
1462 679 1488 703 2.,
1502 679 1524 702 3.
1593 671 1664 697 Idem
1680 672 1707 696 in
1720 672 1803 698 Pison.
1820 677 1847 701 88
1867 672 1958 704 Qium
1979 678 2006 696 tu
2024 679 2079 696 non
2098 671 2179 697 solum
2194 670 2265 706 quod
2286 669 2338 696 tibi
2358 669 2412 695 suc·

287 726 326 750 25,
340 726 364 748 2,
377 722 398 743 g.
467 712 532 738 Plin.
547 712 574 737 in
588 712 678 744 Pancg.
691 718 712 735 e.
727 712 757 735 26
782 709 945 735 Aduentante
957 709 1088 743 congiarii
1102 708 1161 740 die,
1175 707 1316 733 obseruare
1378 705 1528 738 cederetur,
1550 706 1593 732 sed
1607 706 1677 740 quod
1693 706 1810 733 Gabinio
1823 716 1875 732 non
1896 706 2087 738 succederetur,
2102 707 2234 741 exsanguis
2248 712 2273 732 et
2291 710 2412 730 mortuus

287 750 409 787 principis
431 748 554 781 egressum
582 746 609 771 in
629 745 779 780 publicum,
803 745 920 771 insedere
944 746 1063 771 examina
1085 744 1245 774 Infantium,
1270 748 1315 767 etc.
1378 741 1523 767 concidisti.
1593 742 1667 768 Metu
1683 742 1820 776 exsanguis
1838 742 1918 768 Ouid.
1931 742 1995 768 Met.
2013 749 2040 774 9,
2060 745 2120 775 634.
2191 743 2254 768 Visu
2273 741 2413 774 exsangues

287 788 340 813 Cic.
355 785 385 810 de
404 783 485 816 Arusp
510 783 584 815 Resp.
598 789 624 813 25
639 790 660 806 c.
677 789 704 806 12
734 780 760 806 Si
775 788 881 805 examen
895 789 973 814 apum
987 780 1056 806 ludis
1076 780 1103 805 in
1118 780 1218 806 scenam
1232 777 1315 803 venis-
1335 778 1359 803 15
1378 777 1452 811 Virg.
1467 778 1531 803 Aen.
1547 785 1569 809 2,
1590 786 1642 803 212.
1663 780 1680 802 i.
1705 776 1895 812 Perterrefhffl.
2050 780 2070 813 ‘j
2092 785 2108 802 2
2146 777 2314 810 substantium
2336 777 2413 802 Acet-

284 822 335 852 set,
355 819 499 852 haruspices
512 816 647 843 acciendos
661 825 693 841 ex
706 815 811 841 Etruria
823 822 986 849 putaremus:
1007 815 1127 842 videmus
1147 813 1260 840 vniuerss
1276 821 1316 838 re·
1376 813 1406 838 vi
1422 814 1569 839 occisorum
1584 814 1723 846 exsangues
1740 813 1832 839 Claud.
1845 813 1876 838 de
1896 813 1972 840 Cons.
1987 812 2058 838 Hon.
2072 821 2100 844 4,
2114 819 2172 846 471.
2240 813 2351 838 Animae
2372 818 2415 836 ex—

282 861 358 890 petite
378 854 497 880 examina
517 859 586 879 tanta
600 852 737 878 seruorum
757 851 867 876 imuuss‘a
887 851 915 876 in
928 851 1054 885 Populum
1068 852 1145 876 Rom.
1159 857 1204 875 etc.
1274 850 1316 874 Iu-
1379 848 1501 882 sangues,
1522 849 1678 874 Mortuerum
1702 850 1799 873 animae
1822 848 1903 875 Ouid.
1926 849 1989 874 Met.
2004 856 2042 880 10,
2056 856 2095 880 41.
2137 847 2194 873 Vid.
2214 858 2268 874 mox
2287 847 2414 873 Vmbrae.

281 899 377 917 venum
397 897 483 916 recens
508 897 615 914 examen
639 889 704 913 Hor.
725 887 811 912 Carm.
827 895 848 918 1,
860 894 897 918 35.
912 895 952 918 30.
1023 888 1177 912 Moesorum
1197 884 1316 910 examina
1379 884 1458 909 Artus
1471 884 1529 910 Sen.
1544 885 1622 910 Here.
1637 883 1690 909 fur.
1703 884 1719 908 s.
1735 885 1760 908 6.
1797 883 1900 910 Lucret.
1913 893 1937 916 3,
1952 892 2006 916 593.
2076 883 2202 909 Cateruae
2221 883 2331 909 immissa
2345 890 2415 908 mor-

283 925 382 952 Arnob.
396 934 411 951 z
424 934 447 958 p.
464 929 499 956 58.
570 923 762 950 Monachorum
777 922 888 947 Hieron.
905 930 927 954 2,
942 923 978 947 16.
1050 922 1161 947 Piscium
1175 920 1240 946 Plin.
1255 929 1287 951 31,
1297 928 1316 944 1.
1379 924 1405 945 te
1419 920 1514 945 Lucan.
1528 927 1550 950 2,
1565 927 1607 951 29.
1679 917 1760 945 Ouid.
1781 918 1866 944 Trist.
1884 928 1905 951 3,
1926 928 1946 951 1,
1961 928 1988 952 55
2029 917 2130 953 Aspicis
2152 919 2275 952 exsangui
2298 917 2416 944 chartam
2436 935 2438 938 ψ

281 961 440 987 ΡΓ311110111111
456 960 565 985 Hieron.
581 968 604 991 3,
616 967 649 990 13.
721 958 824 983 Lucrct.
838 965 862 989 5,
876 959 932 988 1363
957 956 1105 983 Arboribus
1119 957 1244 991 quoniam
1259 956 1316 981 bac·
1325 966 1359 984 20
1380 955 1477 988 pallere
1492 955 1611 981 Colore}
1672 954 1745 981 Idem
1759 962 1791 980 ex
1803 955 1878 980 Pont.
1890 963 1913 987 3,
1926 964 1952 987 2,
1967 963 1991 986 31
2029 956 2149 988 Corpora
2168 954 2296 980 debentur
2309 953 2415 979 moestis

281 1005 325 1022 cae
335 1016 343 1029 ,
365 995 521 1030 glandesque
534 995 642 1020 caducae
679 993 853 1027 Tempestiua
867 992 962 1018 dabant
976 993 1110 1019 Pullorum
1124 992 1244 1019 examina
1257 991 1316 1016 sub·
1379 990 1516 1025 exsanguia
1531 990 1619 1017 bustis.
1691 991 1792 1024 Corpus
1805 989 1948 1024 frigidum,
1962 997 1986 1016 et
2001 991 2127 1023 exsangue
2142 989 2252 1023 Qun&
2266 992 2283 1014 6
2296 997 2415 1023 prooem.

281 1037 330 1058 ter.
403 1032 462 1057 Stat.
478 1030 542 1056 Silu.
564 1037 585 1062 ς,
598 1038 620 1061 3,
633 1034 682 1062 284
718 1029 756 1054 112
776 1029 813 1062 pii
834 1036 936 1059 manes,
952 1027 1114 1063 Graiumque
1133 1028 1252 1054 examina
1266 1028 1316 1052 Va-
1381 1034 1414 1051 12.
1485 1027 1587 1060 Corpus
1602 1026 1730 1060 exsangue
1743 1024 1852 1052 reddere
1865 1025 1982 1059 sepulcro
1996 1026 2070 1060 Virg.
2080 1028 2143 1052 Aen.
2159 1035 2184 1057 2,
2198 1034 2255 1057 542.
2326 1023 2416 1050 Cumi-

283 1073 356 1099 tum,
393 1065 575 1100 illustremque
599 1065 712 1091 animam
736 1064 844 1090 lethaeis
863 1063 972 1097 spargite
995 1064 1075 1090 sertis.
1146 1062 1317 1090 Concharum
1380 1070 1444 1087 num
1465 1063 1610 1096 exsangue,
1633 1062 1698 1097 quod
1721 1061 1833 1096 pallidos
1861 1061 1969 1087 homines
1997 1060 2081 1095 efficzt.
2125 1061 2192 1087 Hor.
2206 1059 2284 1094 Epist.
2300 1068 2321 1092 1,
2335 1063 2417 1091 20,18

283 1110 405 1129 examina
418 1122 426 1134 ,
454 1101 628 1127 Graculorurn
654 1103 726 1131 item,
747 1100 894 1125 Muscarum
914 1107 936 1124 et
955 1099 1066 1125 Piscium
1085 1099 1148 1134 fiant
1166 1098 1232 1134 apud
1252 1097 1316 1123 Plin.
1382 1096 1461 1130 Quod
1476 1097 1494 1123 fi
1528 1098 1656 1124 Pallerem
1676 1098 1749 1129 casu,
1762 1096 1885 1124 biberent
1904 1098 2030 1130 exsangue
2038 1096 2190 1123 Cuminum.
2263 1096 2318 1121 Cic.
2333 1095 2417 1121 Tusc.
2444 1092 2446 1095 ’

287 1139 421 1166 Verborum
432 1137 572 1172 formulae:
607 1135 749 1161 Abundare
763 1134 853 1168 apibus
868 1141 893 1160 et
907 1134 991 1160 multo
1004 1135 1123 1161 examine
1136 1134 1315 1168 Virg.Georg.
1333 1141 1372 1168 25⁴
1382 1141 1405 1164 3,
1419 1134 1452 1159 26
1470 1133 1606 1159 Lacrimae
1626 1133 1751 1167 peredere
1770 1132 1882 1158 humore
1896 1131 2036 1166 exsangues
2050 1132 2144 1158 Genas.
2215 1130 2297 1158 Ouid.
2310 1131 2375 1159 Met.
2384 1127 2418 1163 4,

282 1183 311 1207 4,
327 1181 377 1205 139.
448 1171 570 1197 Condunt
583 1179 641 1204 apes
656 1172 775 1196 examina
789 1170 860 1196 Idem
876 1170 971 1204 Georg.
986 1179 1008 1202 2,
1022 1179 1077 1204 432.
1136 1171 1166 1196 Et
1181 1171 1277 1203 Georg.
1291 1178 1318 1201 4,
1382 1170 1432 1202 267
1452 1168 1564 1194 Luridus
1583 1170 1723 1203 exsangues
1736 1169 1822 1203 pallor
1835 1169 1966 1194 conuertit
1981 1168 2009 1193 111
2021 1169 2132 1195 Herbas.
2202 1168 2293 1194 Homo
2311 1174 2418 1192 enerua-

283 1217 308 1235 21
329 1210 363 1234 Vt
377 1216 457 1242 quum
478 1207 563 1241 prima
583 1206 648 1232 noui
663 1206 763 1231 Ducent
783 1206 903 1231 examina
917 1214 989 1239 reges
1025 1207 1096 1233 Vere
1116 1206 1178 1237 suo,
1192 1205 1317 1238 ludetque
1382 1209 1423 1230 tus
1438 1210 1515 1238 atque
1527 1205 1661 1239 exsanguis
1675 1205 1731 1232 Cic.
1747 1213 1796 1238 pro
1808 1204 1877 1230 Sext.
1891 1212 1926 1236 24
1940 1213 1961 1229 c.
1976 1212 2013 1229 10.
2036 1204 2095 1230 Vid.
2114 1208 2258 1230 ORATOR.
2311 1203 2419 1229 Horror

283 1244 350 1270 fanis
370 1243 456 1268 eniiss‘a
475 1244 606 1268 iuuentus.
680 1242 793 1275 Fugiunt
816 1241 935 1267 examina
958 1248 1030 1267 taxos
1062 1241 1136 1275 Virg.
1157 1241 1209 1267 Ecl.
1230 1249 1256 1273 9,
1277 1249 1316 1271 30.
1382 1238 1474 1265 Claud.
1493 1240 1520 1265 in
1533 1239 1601 1266 Ruff.
1615 1249 1639 1271 2,
1655 1249 1707 1272 130.
1761 1239 1883 1266 Membra
1901 1239 1946 1265 Sil.
1960 1247 1988 1273 7,
2023 1258 2030 1265 .
2069 1258 2076 1265 .
2147 1238 2228 1265 Ouid.
2243 1238 2307 1264 Met.
2319 1245 2355 1270 ις,
2369 1239 2420 1272 627

282 1279 354 1306 Nam
376 1278 441 1304 taxis
457 1277 541 1311 pastae
563 1285 622 1311 apes
645 1276 696 1302 mel
720 1276 903 1303 amariffimum
920 1277 1030 1303 faciunt.
1055 1277 1169 1303 Seruius.
1241 1276 1317 1310 Virg.
1380 1274 1528 1310 Pallidaque
1550 1276 1674 1309 exsangui
1693 1275 1856 1310 squallebant
1873 1283 1984 1309 corpora
2001 1274 2110 1301 Morbo.
2185 1275 2300 1306 Orator,
2318 1273 2419 1305 aridus,

281 1314 378 1348 Georg.
394 1324 427 1346 4,
444 1321 484 1344 103
1337 1317 1370 1342 30
1380 1311 1500 1336 exsuccus
1515 1311 1646 1344 Qiintff‘til.
1662 1319 1696 1343 12,
1714 1319 1749 1341 10,
1766 1319 1799 1344 15.
1871 1310 1931 1338 Stat.
1944 1310 2036 1337 Theb.
2053 1319 2088 1342 12,
2101 1318 2131 1336 22
2149 1310 2207 1337 Itur
2220 1309 2249 1335 in
2262 1310 2419 1343 exsanguem

386 1349 420 1374 At
436 1356 517 1382 quum
531 1346 629 1373 incerta
642 1346 755 1378 Volant,
768 1347 892 1383 caeloque
910 1348 1030 1374 examina
1045 1347 1160 1379 Ludunt,
1379 1346 1526 1380 Populum,
1554 1346 1669 1381 bellique
1689 1348 1797 1373 iacentis
1832 1346 1987 1380 Relliquias.
2054 1346 2151 1372 Lucan.
2172 1354 2192 1378 1,
2210 1354 2257 1378 343
2290 1344 2419 1371 Conferet

384 1384 616 1417 Contemnuntque
629 1383 720 1415 sauos,
739 1389 764 1409 et
774 1384 873 1418 frigida
887 1383 954 1410 12613
971 1383 1136 1418 relinquunt:
1380 1382 1516 1416 exsanguis
1528 1391 1582 1416 quo
1596 1383 1621 1408 se
1639 1382 1694 1415 post
1708 1381 1778 1408 bella
1786 1381 1925 1408 821126111ςί
1979 1381 2096 1408 Τ111111111
2115 1380 2208 1407 Claud.
2221 1380 2254 1406 de
2267 1380 2346 1415 Rapt.
2357 1381 2419 1407 Pro·
2460 1390 2461 1394 ¹

385 1418 520 1444 Instabiles
533 1419 633 1444 animos
646 1418 710 1444 ludo
729 1418 883 1452 prohibebis
896 1419 977 1445 inani.
1379 1418 1443 1452 serp.
1458 1426 1479 1450 3,
1493 1426 1550 1451 342.
1621 1417 1737 1444 Vmbrae
1751 1416 1828 1451 Virg.
1846 1418 1911 1443 Aen.
1926 1420 1949 1447 6,
1963 1426 2020 1451 401.
2038 1419 2056 1443 i.
2076 1417 2181 1443 Animae
2192 1423 2352 1442 mortuorum-

278 1454 374 1481 Pendet
387 1463 494 1480 examen
508 1462 582 1479 ramo
596 1453 734 1479 frondente
748 1454 822 1488 Virg.
837 1456 901 1480 Aen.
914 1462 939 1488 7,
953 1456 996 1488 67.
1065 1454 1133 1479 Hor.
1147 1452 1226 1487 Epist.
1242 1461 1260 1483 1,
1275 1460 1313 1485 19,
1414 1460 1430 1479 E
1440 1461 1487 1480 ΧΑ
1497 1460 1518 1479 Ν
1527 1459 1547 1479 G
1556 1459 1576 1477 v
1587 1460 1595 1479 1
1606 1460 1627 1479 N
1637 1460 1658 1479 Α
1670 1459 1691 1478 Τ
1702 1460 1723 1477 ν
1732 1459 1744 1478 s
1753 1473 1762 1485 ,
1779 1462 1793 1479 a
1804 1473 1811 1485 ,
1827 1462 1879 1478 um.
1908 1452 1969 1478 Adi.
1993 1452 2103 1478 Vitruu.
2117 1457 2130 1481 8
2143 1460 2261 1486 prooem.
2286 1450 2420 1481 Animalia

279 1498 305 1521 23
325 1489 379 1523 Qi
400 1489 448 1515 fibi
461 1488 519 1515 fidit
533 1489 592 1514 Dux
607 1489 684 1521 Regit
704 1497 812 1514 examen
831 1490 901 1515 habet
914 1489 1026 1525 sormam
1041 1489 1174 1515 prouerbii.
1234 1488 1313 1514 Reso-
1331 1491 1359 1518 35
1377 1488 1394 1515 si
1414 1488 1515 1515 fuerint
1538 1487 1591 1514 fine
1612 1487 1734 1514 humoris
1751 1487 1877 1522 potestate
1891 1488 2064 1523 exanguinata
2076 1494 2154 1522 atque
2169 1486 2264 1514 emelia
2297 1501 2342 1508 ·-—
2378 1486 2421 1512 in-

278 1531 340 1551 nant
361 1525 479 1551 examina
497 1533 510 1550 e
529 1533 626 1558 quercu
649 1524 720 1557 Virg.
734 1524 786 1549 Ecl.
802 1531 828 1558 7,
844 1532 877 1555 13.
948 1523 1061 1550 Stridula
1082 1524 1175 1550 Claud.
1189 1522 1221 1549 de
1234 1524 1312 1550 Cons.
1373 1524 1539 1551 terarescent.

277 1561 350 1587 Hori.
364 1569 392 1593 4,
407 1565 457 1590 180.
651 1556 671 1595 ff
693 1567 707 1584 z
744 1560 821 1585 Stilus
840 1558 873 1591 est
894 1562 922 1584 in
939 1557 1052 1591 statera,
1079 1561 1121 1593 qm·
1138 1568 1164 1584 eo
1183 1562 1249 1589 exit,
1267 1568 1313 1593 quo
1412 1566 1485 1586 ExA
1499 1565 1520 1585 N
1533 1557 1647 1590 vas,
1669 1567 1700 1591 a,
1723 1567 1783 1589 unu
1818 1564 1842 1585 et
1866 1558 2070 1586 EXAnsmis
2084 1578 2093 1590 ,
2116 1566 2141 1584 e.
2177 1556 2239 1583 Adi.
2280 1555 2419 1590 [ἓὶιψυχαι,

276 1595 375 1630 pondm
386 1596 414 1630 se
428 1597 519 1629 vergit.
555 1593 689 1620 8211011311.
704 1593 734 1620 ad
748 1595 813 1621 Pers.
830 1603 849 1625 1,
864 1596 878 1620 6
898 1595 1046 1620 Examenue
1060 1593 1212 1627 improbum
1227 1594 1254 1619 in
1267 1593 1315 1620 illa
1376 1596 1490 1629 ἔκφορος]
1525 1597 1544 1619 i.
1565 1594 1683 1620 Mortuus
1702 1600 1725 1620 et
1744 1596 1828 1620 anima
1846 1603 1941 1621 σαν-2711.
1977 1594 2059 1620 Pallas
2069 1593 2205 1620 exanimus
2216 1592 2291 1626 Virg.
2305 1592 2370 1618 Aen.
2383 1600 2420 1624 11,

282 1630 396 1664 Castiges
415 1631 526 1656 trutina:
554 1630 667 1655 Examen
681 1629 716 1655 est
735 1629 839 1664 lingua,
859 1629 900 1655 vel
915 1630 1034 1664 lignum,
1054 1628 1126 1664 quod
1139 1628 1254 1655 mediam
1270 1628 1316 1655 ha*
1378 1638 1418 1662 30.
1453 1628 1522 1656 Add.
1544 1627 1581 1655 ib.
1596 1638 1622 1655 v.
1637 1637 1671 1661 51.
1692 1632 1722 1655 it.
1742 1631 1769 1662 6,
1785 1637 1840 1662 149.
1911 1630 1972 1656 Liu.
1984 1634 2006 1662 8,
2046 1648 2052 1655 .
2091 1648 2098 1654 .
2133 1629 2170 1655 Vt
2187 1636 2245 1654 vno
2261 1626 2316 1654 1811
2329 1627 2418 1653 exani-

281 1665 345 1691 stam
367 1665 398 1691 ad
423 1664 537 1699 pondera
559 1664 692 1697 aequanda
714 1670 792 1691 tenet.
826 1667 863 1691 De
877 1668 926 1691 loco
941 1664 1032 1698 Persii,
1052 1664 1105 1690 vid.
1129 1671 1176 1692 CA
1186 1671 1198 1690 S
1208 1672 1247 1691 Τ]
1257 1671 1315 1691 GO.
1331 1666 1369 1692 40
1378 1674 1448 1692 mem
1461 1673 1530 1699 equo
1545 1664 1740 1698 praecipitaret.
1795 1664 1871 1698 Virg.
1881 1664 1946 1691 Aen.
1960 1674 1979 1695 1,
1994 1669 2042 1697 488
2063 1664 2272 1698 Exanimumque
2282 1670 2347 1689 auro
2358 1670 2416 1688 cot·
2460 1688 2461 1692 ,
2478 1665 2479 1669 ’

283 1701 359 1734 Virg.
374 1704 438 1726 Aen.
454 1709 488 1731 12,
502 1706 548 1733 725
583 1699 700 1733 Iuppiter
714 1700 766 1732 ipse
786 1700 849 1726 duas
867 1707 978 1734 aequato
998 1701 1118 1726 examine
1134 1699 1217 1726 lances
1237 1699 1316 1725 Susti—
1378 1710 1425 1735 pus
1437 1699 1567 1726 vendebat
1582 1699 1709 1726 Achilles.
1750 1699 1810 1726 Vid.
1830 1700 1905 1726 Curt.
1920 1708 1957 1732 10,
1971 1708 2009 1732 10,
2023 1709 2058 1726 12.
2127 1699 2182 1726 Mei
2198 1698 2347 1725 exanimum
2360 1704 2420 1723 cor-

281 1742 336 1768 net,
349 1743 394 1762 etc.
430 1736 552 1769 Aequum
565 1742 672 1759 examen
686 1734 753 1761 Suet.
768 1735 843 1768 Vesp.
859 1742 923 1761 extr.
967 1735 1102 1769 Inaequali
1115 1735 1235 1760 examine
1249 1734 1315 1760 Plin.
1378 1745 1425 1769 pus
1440 1735 1556 1760 hominis
1577 1743 1623 1768 per
1636 1744 1719 1761 annos
1737 1735 1867 1770 plurimos
1879 1735 2019 1761 innoxium
2034 1735 2172 1762 conseruat
2184 1733 2315 1762 Columel.
2328 1740 2366 1763 12,
2376 1738 2420 1764 43.

283 1777 321 1803 17,
335 1779 376 1798 22.
413 1772 480 1796 Haec
499 1776 578 1795 autem
590 1770 694 1796 bilancis
707 1769 753 1806 seu
761 1767 872 1802 staterae
885 1771 987 1806 litzgua,
1002 1770 1031 1796 ab
1044 1772 1104 1795 aliis
1116 1770 1316 1803 Aequamentum‚
1378 1771 1538 1800 Exterritus,
1550 1776 1573 1794 et
1591 1771 1669 1795 ueluti
1684 1777 1731 1804 per
1749 1773 1828 1796 animi
1847 1770 1979 1806 deliquium
1999 1769 2177 1803 covfiernatus.
2212 1770 2289 1803 Virg.
2309 1768 2374 1794 Aen.
2392 1774 2421 1799 4,

280 1805 311 1831 ab
341 1806 401 1831 aliis
430 1804 612 1830 Libramentum
625 1824 633 1835 ‚
660 1805 690 1831 ab
721 1806 780 1830 aliis
806 1805 985 1839 Aequilibrium
1009 1811 1032 1830 et
1067 1805 1179 1830 Trutina
1211 1803 1315 1829 dicitur.
1379 1806 1432 1838 672.
1451 1802 1544 1828 Audiit
1557 1804 1703 1835 exanimis,
1722 1804 1879 1838 trepidoque
1898 1805 2022 1830 exterrita
2043 1807 2129 1837 cursu,
2142 1812 2187 1831 etc.
2255 1805 2322 1830 Hor.
2338 1803 2422 1828 Serm.

281 1837 302 1875 ff
324 1848 334 1870 3
374 1840 441 1864 Hinc
461 1839 589 1870 Examen,
602 1840 780 1873 metaphorice,
795 1839 892 1866 Iudicii
915 1839 1100 1874 inuestigado,
1113 1840 1196 1874 inquit
1219 1837 1315 1865 Festus.
1331 1840 1365 1866 43
1381 1847 1402 1870 2,
1417 1840 1444 1870 6,
1460 1846 1502 1870 114
1537 1838 1650 1864 Currere
1671 1846 1717 1871 per
1736 1844 1822 1864 totum
1842 1838 1934 1872 pauidi
1952 1839 2092 1871 conclaue,
2110 1839 2247 1873 magisque
2281 1837 2422 1864 Exanimes
2448 1834 2449 1838 ¹

280 1875 343 1902 Stat.
368 1873 431 1899 Silu.
452 1881 474 1905 3,
491 1881 513 1904 3,
536 1881 583 1904 203
600 1906 605 1911 .
622 1874 677 1906 Ipse
699 1875 769 1899 viam
791 1883 913 1906 morum,
929 1876 1074 1909 longaeque
1098 1874 1218 1900 examina
1234 1874 1316 1904 vitae,
1381 1873 1522 1907 trepidare.
1558 1872 1626 1899 Add.
1651 1873 1689 1899 Id.
1705 1872 1755 1899 Sat.
1776 1881 1794 1903 1,
1813 1882 1831 1905 1,
1846 1875 1890 1907 46.
1925 1873 2022 1900 Lucan.
2038 1882 2062 1906 2,
2074 1881 2114 1906 25.
2186 1874 2266 1900 Artus
2286 1872 2423 1898 exanimes
2442 1877 2446 1879 “

281 1909 432 1942 Affatusque
445 1909 519 1942 pios,
532 1913 719 1941 monituraque
732 1909 834 1934 somnia
847 1910 958 1942 poscam.
1032 1909 1112 1934 Solin.
1127 1917 1148 1934 c.
1164 1916 1226 1942 [pr.
1253 1908 1316 1933 Exa-
1382 1907 1463 1933 Ouid.
1476 1908 1541 1932 Met.
1554 1915 1578 1936 2,
1592 1909 1645 1938 336.
1681 1907 1754 1933 Idem
1767 1908 1858 1934 Amor.
1879 1917 1898 1940 1,
1914 1915 1940 1942 7,
1954 1917 1981 1940 53
2010 1909 2149 1935 Exanimes
2160 1909 2239 1935 Artus
2257 1914 2283 1934 et
2301 1906 2423 1934 membra

281 1954 342 1972 men
356 1944 488 1978 opusculi,
512 1946 530 1968 i.
551 1941 664 1977 Cenficra.
1381 1941 1522 1978 trementia
1540 1940 1608 1965 vidi.
1676 1942 1751 1974 Virg.
1764 1944 1830 1966 Aen.
1844 1950 1866 1973 5,
1881 1948 1926 1974 481
1951 1944 2095 1975 Sternitur,
2108 1944 2291 1976 exanimisque
2308 1947 2424 1969 tremens

317 1986 334 2006 E
344 1988 361 2006 X
372 1987 393 2005 A
403 1986 425 2004 M
436 1977 478 2005 sN
489 1984 508 2004 Ο
517 1998 524 2010 ,
553 1982 605 2003 ΞΝ,
642 1976 821 2010 [ςαρμοζομα,,
847 1974 964 2009 ἐξετάζω,
987 1975 1118 2009 οἷνοικρίνω]
1155 1975 1282 2005 Seruari,
1296 1980 1319 2000 et
1382 1974 1535 2008 procumbit
1549 1973 1624 1999 humi
1638 1974 1697 2000 Bos.
1769 1976 1872 2008 Corpus
1885 1977 2006 2002 exanime
2021 1977 2082 2002 Liu.
2096 1982 2120 2008 8,
2132 1986 2176 2010 24.
2212 1977 2342 2011 Quinetil.
2358 1988 2386 2012 4,
2397 1986 2420 2005 2.

282 2017 360 2042 veluti
377 2014 522 2041 Panda-are.
558 2013 623 2039 Plin.
635 2012 712 2046 Epist.
728 2017 748 2043 8,
764 2021 803 2046 14,
817 2020 843 2044 19
873 2011 998 2037 Examina
1011 2009 1110 2044 singula
1128 2009 1225 2041 verba,
1238 2015 1264 2035 et
1276 2017 1318 2034 ex·
1332 2015 1364 2041 50
1383 2009 1486 2044 Lingua
1499 2009 1627 2035 exanimis
1639 2008 1719 2035 Ouid.
1733 2009 1797 2035 Met.
1811 2018 1844 2042 11,
1858 2017 1894 2043 53.
1965 2011 2054 2038 Pallor
2066 2012 2195 2038 exanimis
2206 2012 2267 2039 Stat.
2283 2012 2374 2040 Theb.
2386 2021 2421 2045 12,

282 2050 374 2085 pende.
430 2049 502 2076 Idem
516 2053 539 2080 8,
555 2057 592 2088 19,
608 2056 619 2073 2
646 2047 686 2074 Est
705 2048 772 2073 mihi
794 2047 892 2079 moris,
905 2045 984 2086 *quod
998 2046 1054 2072 sum
1067 2045 1173 2071 daturus
1188 2045 1216 2071 in
1227 2053 1319 2071 manus
1382 2052 1441 2080 739.
1511 2044 1612 2071 Vmbra
1625 2044 1753 2071 exanimis
1768 2044 1849 2072 Ouid.
1862 2046 1890 2071 in
1903 2045 1964 2071 Ibin
1978 2054 2036 2080 144.
2105 2047 2201 2074 Vultus
2218 2047 2349 2075 exanimes
2367 2048 2418 2075 Lu.

282 2087 438 2118 heminum,
459 2090 519 2111 ante
539 2092 684 2109 amicorum
705 2083 806 2109 iudicio
827 2090 984 2108 examinare.
1039 2081 1112 2107 Idem
1127 2089 1151 2111 2,
1166 2089 1205 2113 19,
1218 2089 1235 2113 9
1270 2079 1319 2106 Sed
1382 2089 1438 2106 ean.
1452 2088 1478 2112 2,
1492 2087 1531 2112 25.
1586 2080 1692 2106 Decidit
1713 2081 1843 2106 exanimis
1863 2081 1938 2115 Virg.
1951 2082 2015 2108 Aen.
2030 2090 2054 2115 ς,
2066 2090 2120 2117 517.
2165 2084 2230 2120 Ergo
2243 2084 2380 2111 Exanimus
2393 2088 2418 2110 23
2458 2094 2460 2099 ·

282 2122 358 2156 plane
373 2121 454 2146 adhue
468 2129 499 2145 an
514 2119 542 2145 fit
558 2119 719 2145 recitandum
729 2138 736 2150 ,
751 2119 870 2145 examina
884 2124 978 2144 tecum.
1022 2116 1069 2143 Sed
1086 2116 1136 2151 ipse
1153 2124 1243 2151 quoque
1263 2115 1319 2142 cic.
1382 2115 1551 2142 Exanimatus
1556 2113 1741 2151 fignificatione
1749 2116 1864 2150 differre,
1865 2116 2016 2152 faisoputat
2025 2117 2122 2145 Donat.
2130 2118 2237 2146 adTer.
2245 2119 2418 2154 Andr.1‚4,7·

283 2157 314 2183 de
328 2158 400 2183 Orat⁴
415 2164 439 2187 2,
454 2164 495 2187 139
527 2155 566 2180 Ad
581 2161 609 2181 ea
625 2154 773 2188 probanda,
792 2163 857 2189 quae
877 2161 929 2178 non
945 2151 1060 2178 aurificis
1073 2151 1182 2185 statera,
1197 2150 1240 2178 sed
1257 2158 1321 2186 qua·
1417 2157 1491 2177 ΕχΑ
1501 2157 1522 2176 Ν
1532 2157 1575 2176 1Μ
1585 2152 1607 2177 A
1617 2157 1694 2184 Lis,
1720 2160 1742 2178 e.
1778 2151 1839 2178 Adi.
1881 2152 2061 2188 [impr-ands]
2098 2154 2171 2189 Quod
2198 2157 2306 2181 animam
2335 2157 2422 2190 eripit,
2460 2175 2462 2182 .

282 2192 341 2219 dam
354 2192 475 2226 populari
486 2191 585 2217 trutina
600 2190 790 2216 examinantur.
861 2187 942 2215 Ouid.
957 2188 1022 2214 Met.
1041 2196 1080 2222 14,
1092 2194 1145 2222 270
1338 2189 1368 2215 55
1380 2187 1421 2212 vel
1433 2185 1506 2220 Quod
1517 2183 1611 2219 estsine
1623 2190 1713 2213 anima.
1749 2186 1831 2214 Plaut.
1845 2187 1915 2214 Rud.
1932 2196 1953 2220 1,
1964 2197 1994 2221 4,
2007 2198 2019 2215 2
2043 2190 2082 2216 lta
2093 2190 2161 2216 male
2174 2191 2256 2222 viuo,
2273 2190 2310 2217 ita
2322 2191 2420 2217 multae

545 2227 599 2259 ipsa
618 2226 681 2259 quid
698 2226 758 2251 vsus
1381 2222 1409 2248 in
1425 2220 1531 2256 112ἑῖ012
1545 2222 1603 2248 sunt
1615 2230 1692 2248 curae
1704 2223 1873 2249 exanimales.
1914 2223 1989 2250 Idem
2003 2223 2093 2251 Bacch.
2105 2230 2175 2258 4,.8,
2190 2235 2204 2257 7
2228 2225 2269 2252 Ni
2288 2225 2366 2251 illum
2378 2230 2422 2252 exi

439 2263 534 2294 Qioue
548 2261 576 2286 iit
591 2262 617 2286 in
631 2261 698 2286 solio
707 2280 715 2293 ,
735 2269 800 2294 quae
816 2259 844 2286 fit
857 2259 999 2286 concordia
1012 2257 1106 2290 mistis,
1380 2257 1521 2284 animalem
1541 2257 1618 2289 faxo,
1637 2261 1664 2283 in
1677 2261 1754 2284 minii·
1767 2258 1929 2285 militaribus.
2266 2258 2271 2261 ”
2427 2281 2433 2295 3

439 2297 526 2323 Nouit
535 2316 542 2328 ,
556 2303 581 2323 et
596 2295 730 2322 aduertens
744 2297 831 2329 pensas
844 2296 975 2322 examinat
990 2294 1090 2320 herbas.
1418 2299 1492 2320 ΕΧΑ
1501 2299 1522 2318 Ν
1534 2291 1577 2319 ῙΜ
1586 2300 1620 2325 Ο,
1643 2297 1694 2319 are.
1730 2292 1896 2328 [suumn-rw,
1915 2291 2035 2327 ἓκφοέέω,
2053 2292 2178 2327 ‹lem-13]
2214 2293 2255 2320 Ab
2267 2294 2367 2321 Animo
2379 2292 2420 2322 cle-¹

286 2333 403 2361 Pondera
421 2332 567 2359 verborum
586 2332 706 2357 omnium
721 2331 861 2364 diligenter
882 2331 938 2357 Cic.
951 2331 979 2356 in
992 2330 1067 2356 Orat.
1083 2330 1113 2355 26
1133 2336 1154 2354 c.
1169 2332 1192 2358 8.
1263 2327 1320 2354 Set·-
1382 2327 1498 2357 duflurm
1518 2329 1675 2361 Perterrere,
1682 2329 1839 2364 perturbare.
1874 2328 1955 2355 Plaut.
1970 2329 2032 2356 eist.
2051 2338 2078 2363 2,
2092 2338 2112 2361 1,
2124 2338 2146 2362 5.
2183 2327 2252 2354 Ter.
2265 2329 2348 2356 Andr.
2359 2338 2380 2362 ι,
2393 2337 2419 2364 5,

282 2379 346 2396 vum
372 2370 440 2394 Suet.
463 2368 528 2401 Aug.
549 2376 588 2399 29,
610 2376 646 2393 10.
717 2367 816 2393 Verum
836 2365 903 2392 male
923 2365 1054 2392 examinat
1074 2364 1162 2390 omnis
1182 2369 1320 2397 corruptus
1338 2360 1412 2390 6016
1431 2363 1527 2390 Oratio
1541 2363 1659 2391 haecine
1672 2364 1794 2390 miseram
1807 2365 1968 2391 exanimauit
1983 2371 2063 2391 metu.
2119 2364 2180 2391 Cic.
2189 2364 2260 2389 Fam.
2275 2372 2302 2397 9,
2316 2372 2342 2397 1,,-
2364 2366 2416 2392 Mi-

283 2405 361 2432 iudex
377 2405 442 2430 Hor.
459 2404 538 2429 Serm.
554 2411 579 2435 2,
593 2411 617 2434 2,
632 2407 653 2432 8.
851 2399 872 2438 fl
890 2409 906 2427 α,
941 2401 1096 2427 Examinare
1114 2399 1232 2425 diczmtur
1250 2406 1321 2432 apes,
1383 2399 1450 2426 raris
1464 2408 1505 2425 me
1526 2405 1597 2426 tanta
1620 2400 1818 2434 perturbatione
1838 2399 1996 2426 valetudinis
2008 2406 2068 2426 tuae
2084 2406 2136 2426 tam
2155 2399 2271 2433 grauiter
2289 2399 2413 2426 exanimar-

281 2444 299 2467 i.
326 2442 442 2466 Vei-nare.
479 2438 610 2465 Columel.
626 2446 659 2470 11,
674 2446 712 2471 14,
725 2444 738 2471 ς
768 2436 810 2464 Ab
823 2442 917 2464 exortu
932 2435 1113 2470 Vergiliarum
1126 2433 1159 2461 ad
1180 2433 1321 2469 solst‘q'um
1385 2440 1440 2461 tum
1454 2435 1545 2461 fuisse3
1601 2435 1674 2462 Idem
1689 2436 1761 2462 Fam.
1774 2440 1796 2467 8,
1807 2438 1844 2462 16.
1865 2442 1889 2461 et
1907 2436 1962 2462 Att.
1978 2444 2010 2468 11,
2025 2438 2050 2462 6.
2122 2434 2277 2462 Exanimare
2302 2434 2414 2469 aliquem

282 2476 431 2503 examinant
443 2473 521 2500 aluei.
1384 2476 1456 2497 metu
1476 2470 1544 2497 Ter.
1563 2471 1645 2497 Andr.
1667 2479 1687 2502 1,
1702 2479 1724 2504 5,
1738 2479 1774 2506 17.
1845 2471 1990 2497 Metuentes
2009 2470 2124 2497 verbera·
2139 2470 2321 2497 exanimantur
2349 2470 2415 2496 Hor.

318 2519 333 2538 E
343 2519 359 2537 x
370 2517 422 2537 ΑΜ
432 2517 441 2536 1
451 2517 471 2536 N
481 2517 500 2536 Α
511 2516 532 2536 Τ
542 2516 550 2535 1
560 2515 595 2541 0,
620 2509 688 2535 onis.
716 2508 735 2534 f.
764 2509 845 2539 Hinc,
858 2507 1025 2534 Examinatio
1046 2507 1133 2533 ciuilis
1157 2504 1223 2541 apud
1244 2505 1321 2531 Iuris·
1384 2507 1470 2533 Carm.
1484 2514 1507 2537 3,
1519 2515 1554 2538 12,
1569 2515 1591 2539 3,
1660 2506 1705 2532 Te
1719 2513 1803 2533 metus
1817 2507 1965 2533 exanimant
1985 2507 2147 2533 iudiciorum
2161 2513 2239 2541 atque
2251 2505 2341 2539 legum
2363 2505 2419 2532 eie.

282 2557 326 2573 con
341 2548 419 2578 ultas,
435 2553 482 2580 pro
496 2544 617 2571 Iudicium
632 2547 778 2579 priuatum,
790 2554 818 2570 ac
831 2546 1012 2578 pecuniarium.
1047 2542 1106 2577 le.
1120 2542 1137 2568 1.
1153 2549 1162 2568 1
1180 2539 1229 2578 §.3
1243 2541 1275 2566 D.
1289 2539 1321 2566 de
1333 2537 1365 2569 65
1383 2542 1410 2568 111
1424 2541 1512 2568 Parad.
1526 2549 1544 2568 1.
1615 2540 1716 2567 Auidos
1729 2542 1847 2567 vicinum
1862 2541 1950 2567 fumus
1962 2547 1991 2567 vt
2010 2550 2102 2575 aegros
2113 2542 2244 2568 exanimat
2257 2541 2323 2568 Hor.
2338 2540 2420 2567 Serm-

283 2582 352 2616 abig.
381 2581 436 2613 Qui
459 2589 568 2613 pecora,
589 2579 620 2606 de
640 2588 754 2614 quorum
780 2580 942 2614 proprietate
968 2578 1081 2604 faciebat
1103 2575 1320 2607 controuersiam,
1383 2586 1404 2609 1,
1418 2587 1446 2610 4,
1460 2584 1514 2612 127.
1585 2576 1742 2603 Timentem
1772 2576 1904 2603 exanimat
1936 2577 2034 2602 Lucan.
2054 2582 2077 2608 8,
2095 2581 2117 2606 8,
2187 2577 2330 2602 Contraria.
2351 2576 2422 2602 Hor.

283 2613 388 2651 abegit,
401 2616 431 2641 ad
445 2615 666 2640 examinationem
683 2615 790 2641 ciuilem
803 2613 976 2641 remittendus
996 2613 1040 2640 cst.
1078 2613 1150 2640 Idem
1165 2612 1182 2638 l.
1197 2617 1210 2642 8
1224 2609 1245 2648 §.
1261 2620 1272 2637 2
1287 2611 1320 2637 D.
1382 2612 1460 2647 Epist.
1475 2621 1496 2645 2,
1510 2620 1531 2643 1,
1545 2616 1588 2646 178
1625 2613 1712 2645 Quem
1732 2612 1794 2638 tulit
1814 2611 1845 2638 ad
1866 2612 1966 2638 scenam
1985 2612 2095 2638 ventoso
2113 2611 2199 2645 gloria
2213 2619 2293 2637 curru
2327 2610 2423 2638 Exani-

283 2653 317 2679 de
336 2650 449 2684 negotiis
469 2649 559 2683 gestis,
583 2649 663 2681 Qlod
680 2649 697 2674 si
722 2650 777 2683 post
799 2650 1022 2676 examinationem
1044 2648 1199 2684 reprobatae
1220 2646 1322 2674 fuerint
1382 2655 1436 2675 mat
1449 2647 1533 2674 lentus
1551 2645 1696 2681 spefltator,
1714 2646 1816 2673 sedulus
1835 2648 1918 2673 inflat.
1988 2647 2160 2678 Exanimare,
2174 2646 2203 2673 ab
2218 2646 2332 2679 Anima,
2350 2646 2440 2673 Occiet

284 2687 429 2723 pensiones.
466 2684 539 2719 Cous.
553 2683 660 2709 Vitruu.
676 2692 720 2714 10,
735 2689 757 2712 8.
1383 2683 1452 2713 dere,
1466 2691 1566 2713 nccare,
1578 2685 1661 2708 anima
1674 2685 1787 2717 priuare.
1840 2683 1914 2708 Curt.
1928 2689 1954 2715 7,
1967 2690 1990 2713 3,
2005 2690 2028 2713 13
2056 2682 2155 2708 Multos
2172 2682 2334 2708 exanimauit
2347 2682 2431 2716 rigor*

321 2730 337 2749 E
347 2729 395 2749 ΧΑ
405 2726 537 2747 MlNAT
547 2725 592 2745 OR
608 2737 616 2749 ,
637 2718 701 2744 oris.
732 2727 767 2744 m.
805 2718 945 2745 Cassiodor.
970 2718 1048 2752 Epist.
1073 2721 1098 2750 6,
1123 2724 1159 2749 18.
1201 2717 1319 2745 Tei-tull.
1334 2725 1370 2754 70
1384 2719 1506 2746 insolitus
1526 2717 1613 2749 niuis,
1628 2718 1775 2744 multorum
1787 2717 1876 2745 aduffit
1889 2718 1981 2752 pedes,
2001 2718 2230 2752 plurimorumque
2248 2717 2336 2743 oculisv
2348 2725 2424 2752 prae-

286 2758 363 2792 Apol.
377 2766 397 2783 c.
412 2764 437 2788 9.
1383 2755 1459 2789 cipue
1479 2753 1659 2788 perniciabilis
1678 2753 1739 2780 fuit.
1795 2752 1863 2779 Gell.
1881 2761 1902 2785 3,
1918 2760 1943 2785 15
1963 2753 2033 2779 Anus
2053 2758 2159 2788 repente
2178 2751 2236 2779 filio
2256 2753 2330 2785 viso,
2345 2753 2424 2787 copia
2441 2779 2444 2783 ,

319 2799 363 2819 Ex
373 2798 426 2818 AM
437 2799 446 2817 1
457 2797 538 2816 NAT
549 2795 569 2815 Ο
579 2795 644 2815 RIV
654 2794 683 2822 S,
702 2796 735 2819 ὃ,
757 2796 811 2813 um·
832 2785 891 2813 Adi·
927 2787 1046 2813 Teffllll·
1060 2787 1119 2813 adu·
1136 2787 1226 2813 Gnost.
1240 2797 1262 2813 C·
1276 2795 1303 2821 7-
1383 2796 1462 2823 atque
1474 2788 1566 2820 turba,
1582 2794 1608 2814 et
1622 2788 1692 2822 quasi
1707 2789 1784 2815 ruina
1803 2788 1944 2814 incidentis
1958 2788 2089 2823 inopinati
2104 2787 2213 2823 gaudii,
2229 2789 2344 2822 oppressa
2362 2797 2423 2815 exa-

321 2834 338 2854 E
350 2833 447 2854 xAMi
458 2833 476 2851 Ν
488 2832 568 2851 ATv
579 2831 608 2856 5,
633 2832 664 2855 a,
689 2832 743 2849 um.
780 2823 847 2848 Part.
886 2821 957 2847 Caes.
973 2822 1001 2847 Β.
1016 2822 1047 2847 G.
1063 2830 1084 2854 ς,
1099 2830 1123 2848 12
1154 2822 1255 2848 Taleae
1271 2822 1322 2847 fer·
1383 2825 1537 2857 nimataque
1558 2823 1602 2848 est.
1639 2824 1711 2849 Caes.
1726 2824 1753 2849 B.
1768 2824 1799 2849 G.
1812 2826 1838 2855 6,
1853 2831 1886 2856 ις.
1928 2824 1996 2858 Nep.
2012 2832 2046 2856 ις,
2059 2833 2091 2857 9,
2102 2833 2128 2856 4.
2164 2823 2236 2850 Suet.
2253 2824 2334 2850 Oton.
2352 2832 2373 2849 c.
2387 2818 2444 2850 u.‘-

286 2872 346 2892 reae
365 2862 396 2888 ad
417 2867 517 2888 certum
536 2859 635 2894 pondus
655 2858 825 2885 examinatae.
879 2857 1010 2883 Columel.
1031 2865 1053 2888 3,
1069 2865 1105 2888 12,
1118 2865 1129 2887 3
1170 2857 1321 2890 Corporum
1384 2859 1439 2885 Cic.
1453 2866 1501 2892 pro
1516 2857 1611 2883 Milon.
1625 2866 1661 2890 94
1675 2868 1696 2884 c.
1711 2866 1744 2890 34
1767 2859 1812 2885 Me
1826 2859 1933 2892 quidem
1948 2858 2052 2886 ludices
2064 2857 2213 2885 exanimant
2226 2864 2252 2884 et
2263 2858 2439 2886 interimunt*

285 2899 437 2926 nostrorum
451 2896 520 2923 bona
540 2893 662 2921 valetudo
681 2893 758 2920 calidi
780 2899 804 2918 et
820 2892 930 2927 frigidi,
950 2891 1054 2918 humidi
1067 2898 1093 2917 et
1106 2890 1192 2922 aridi,
1213 2890 1281 2916 densi
1296 2895 1321 2916 et
1338 2902 1370 2930 75
1384 2893 1433 2919 hae
1453 2901 1530 2919 voces
1552 2892 1678 2925 Milonis,
1697 2902 1760 2927 quas
1781 2893 1861 2920 audio
1878 2894 1989 2926 affidue,
2008 2902 2054 2920 etc.
2124 2892 2196 2919 Idem
2217 2891 2249 2918 de
2270 2893 2327 2920 Fin.
2347 2903 2371 2926 2,
2384 2901 2423 2929 97

288 2935 357 2967 rari,
371 2939 443 2959 certo
462 2937 487 2958 et
500 2929 570 2965 quasi
589 2929 737 2955 examinato
751 2927 832 2954 modo
846 2928 1012 2960 continetur,
1028 2927 1053 2953 h.
1067 2936 1085 2952 c.
1099 2927 1156 2962 suis
1171 2925 1323 2961 ponderibus
1385 2937 1406 2953 c,
1420 2936 1449 2959 30
1468 2927 1628 2961 Simulatque
1641 2928 1695 2962 ipse
1709 2929 1784 2963 graui
1798 2929 1924 2962 vulnere,
1936 2928 2081 2956 exanimari
2094 2927 2196 2954 videret
2210 2928 2250 2960 se,
2263 2934 2291 2955 vt
2305 2929 2436 2963 primum,
2476 2950 2478 2959 ‚

286 2971 379 2996 librata
392 2975 415 2995 ct
432 2970 514 3002 aequis
529 2965 687 3000 portionibus
706 2962 837 2996 distributa
857 2963 976 2998 mensura.
1047 2962 1141 2998 Superi.
1157 2960 1222 2997 apud
1234 2962 1323 2995 Augu·
1383 2963 1508 2997 dispexit,
1523 2962 1660 2996 quaesiuit,
1673 2971 1718 2990 etc.

287 3005 346 3033 stin.
360 3003 471 3031 Confess‘.
486 3010 512 3037 7,
524 3004 540 3027 6
561 3000 779 3027 Examinatiffima
792 2998 930 3032 diligentia
942 2999 1021 3025 nosse.
1260 3031 1265 3036 “
1304 3031 1310 3036 ⁹
1419 3004 1436 3025 Ε
1446 3005 1463 3025 x
1472 3005 1493 3024 A
1503 3005 1523 3023 N
1536 3005 1576 3024 1Μ
1587 2998 1611 3024 A*
1621 3005 1642 3025 T
1651 3004 1672 3024 V
1682 3006 1694 3026 s
1703 3019 1710 3032 ,
1730 3007 1759 3030 a,
1780 3007 1834 3026 um.
1870 2999 1962 3025 Partic.
1998 2999 2167 3033 [ἒὸοπληκτος]
2204 2999 2259 3026 Siue
2275 3001 2369 3027 Nomen
2390 3009 2421 3027 ex

322 3047 396 3067 Exn
406 3043 578 3065 M1NATF.
604 3035 671 3062 Adu.
708 3034 827 3060 Tertull.
841 3034 872 3059 de
886 3035 995 3060 Praescr.
1011 3042 1031 3058 c.
1046 3041 1071 3065 23
1101 3030 1201 3059 Sufficit
1220 3040 1322 3058 vnicui-
1385 3035 1480 3061 Partic.
1521 3034 1620 3060 Timore
1636 3035 1803 3061 conturbatus.
1841 3034 1897 3061 Cic.
1913 3035 1989 3060 Verr.
2009 3043 2029 3066 1,
2050 3053 2056 3059 .
2079 3053 2084 3058 .
2120 3035 2191 3060 Haec
2212 3034 2258 3060 vbi
2279 3034 2336 3062 filio
2354 3045 2421 3062 nun-

287 3084 338 3111 que
357 3074 504 3101 examinate
521 3071 645 3098 credenti.
712 3070 823 3104 Compar.
843 3069 909 3104 apud
924 3069 1056 3095 Aminian.
1070 3075 1106 3101 25,
1120 3076 1147 3100 23
1174 3068 1245 3094 Dum
1259 3067 1323 3094 deli·
1338 3074 1370 3100 80
1385 3070 1448 3095 tiata
1468 3070 1541 3101 sunt,
1560 3068 1645 3094 statim
1665 3070 1825 3096 exanimatus
1845 3070 1875 3096 ad
1895 3069 1970 3096 aedes
1991 3068 2132 3096 contendit.
2187 3070 2256 3096 Ter.
2268 3071 2351 3098 Andr.
2363 3080 2383 3104 1,
2398 3080 2421 3105 1,

286 3111 395 3139 beratur
409 3108 581 3136 examinatius
594 3106 658 3141 quid
671 3105 730 3132 fieri
750 3104 865 3131 deberet.
901 3104 968 3131 Adri.
983 3103 1020 3130 Id.
1035 3112 1075 3135 30,
1089 3113 1108 3136 3.
1387 3114 1436 3138 104
1454 3103 1496 3130 Ibi
1509 3110 1564 3130 tuni
1577 3105 1738 3130 exanimatus
1753 3105 1902 3140 Pamphilus
1922 3104 1986 3131 bene
2001 3103 2182 3131 dissimulaturn
2196 3114 2330 3140 amorem,
2342 3112 2368 3134 et
2380 3116 2420 3133 ce.

324 3154 340 3173 k*
350 3154 367 3173 x
379 3144 400 3172 A
410 3152 433 3171 Μ
444 3150 463 3170 0
475 3164 482 3175 ‚
501 3148 552 3169 are.
582 3141 752 3177 [ὑπερφιλέω]
794 3139 870 3166 Valde
884 3148 965 3165 amare
984 3139 1078 3164 dicitur
1092 3137 1133 3172 effe
1147 3138 1229 3165 Ρ13111.
1237 3138 1323 3165 Truc.
1386 3140 1467 3166 latum
1487 3139 1593 3166 indicat.
1639 3140 1711 3175 Conf.
1732 3141 1802 3166 Scen.
1824 3150 1851 3174 4,
1871 3149 1895 3175 7.
1916 3147 1939 3166 et
1960 3149 1983 3171 2,
1997 3148 2022 3171 2,
2035 3147 2055 3172 ς.
2116 3140 2188 3166 Idem
2203 3140 2308 3168 Phorm.
2323 3150 2346 3175 3,
2358 3151 2380 3175 3,
2392 3150 2421 3174 31

289 3191 314 3214 2,
327 3191 352 3214 2,
367 3190 396 3207 22
436 3181 470 3206 Vt
489 3187 538 3213 ego
558 3187 599 3204 me
618 3177 674 3203 ruri
694 3177 747 3202 iam
766 3175 958 3205 examauerim,
972 3174 1090 3209 patulum
1111 3174 1224 3200 moueri.
1277 3172 1325 3200 Sed
1386 3176 1473 3208 Qiam
1488 3183 1538 3209 ego
1552 3183 1619 3201 nunc
1633 3175 1703 3201 intus
1720 3176 1772 3202 scio
1786 3177 1834 3202 effi:
1849 3176 2025 3202 exanimatum
2039 3181 2118 3201 metu.
2189 3176 2269 3202 Dolet
2288 3178 2420 3205 exanima-

289 3220 365 3244 Gron.
382 3214 437 3252 post
454 3217 516 3242 alios
530 3213 664 3240 hamaxari
675 3211 810 3238 maueliin.
1386 3217 1427 3237 tus
1441 3211 1501 3237 Stat.
1518 3210 1582 3236 Silu-
1600 3219 1617 3241 3.
1633 3219 1653 3242 1,
1667 3216 1707 3243 48.
1779 3212 1835 3238 Cic.
1853 3212 1927 3237 Verr.
1940 3219 1964 3244 2,
1979 3216 2021 3243 189
2046 3211 2135 3245 Itaque
2149 3211 2225 3237 illum
2238 3212 2354 3239 iniuriae
2365 3221 2420 3240 me-

328 3258 345 3278 Ε
357 3261 374 3279 x
385 3256 612 3281 AMPLEXOR,
631 3247 680 3274 ari.
714 3246 790 3273 Ausi.
810 3245 843 3272 ad
859 3246 975 3272 Herenn.
988 3254 1007 3278 4
1027 3253 1049 3270 c.
1064 3251 1091 3277 52
1119 3244 1167 3271 Tu
1190 3252 1237 3278 per
1254 3244 1324 3270 Deos
1341 3250 1370 3278 ες
1387 3252 1433 3278 tu,
1450 3245 1660 3279 conscientiaque
1679 3247 1776 3279 peccati
1796 3252 1897 3273 mutum
1917 3252 1994 3280 atque
2019 3247 2195 3273 exanimatum
2214 3256 2242 3273 ac
2259 3248 2304 3274 vix
2324 3249 2420 3275 viuum

290 3288 359 3314 hunc
379 3286 569 3320 examplexare.
1385 3282 1518 3316 relinquo.
1590 3282 1672 3307 Cursu
1687 3290 1715 3307 ac
1734 3281 1878 3308 lassitudine
1892 3281 2033 3307 exanimati
2048 3283 2118 3308 Caes.
2133 3283 2160 3309 B.
2174 3283 2207 3308 G.
2221 3291 2246 3314 2,
2262 3292 2299 3315 23.
2361 3284 2418 3310 Cic.
2440 3296 2441 3300 ¹

326 3330 341 3349 E
351 3331 368 3350 x
378 3330 398 3349 Α
408 3330 431 3348 Μ
441 3329 460 3348 ν
470 3328 489 3347 R
498 3327 514 3347 C
523 3327 543 3347 A
553 3326 590 3346 R}
618 3317 829 3353 [ἒξαμοργεῖθαι]
848 3317 931 3343 Oleum
943 3314 1052 3353 dit-itur,
1072 3313 1167 3349 quando
1181 3313 1211 3339 ab
1223 3323 1323 3353 amurca
1386 3326 1434 3352 pro
1448 3317 1544 3343 Milo„⁸
1557 3318 1591 3342 62
1610 3317 1675 3342 pura
1688 3322 1774 3342 mente
1787 3324 1865 3351 mque
1884 3317 1983 3350 integra
1997 3317 2125 3344 Milonem
2139 3318 2213 3344 nuno
2225 3318 2320 3345 scelere
2332 3318 2420 3346 imbu-

291 3357 493 3393 dcfixecmumfit.
531 3354 608 3390 Apul.
622 3364 640 3388 4
654 3363 678 3388 p.
692 3362 732 3388 73,
745 3355 779 3380 26
788 3355 855 3379 Pric.
868 3351 967 3389 depelle
980 3352 1063 3383 erma
1083 3350 1120 3376 Ae
1133 3348 1195 3375 dum
1206 3349 1322 3376 caelestis
1385 3359 1458 3385 tum,
1479 3352 1552 3378 nullo
1572 3359 1642 3377 metu
1664 3352 1849 3385 perterritum,
1870 3352 1940 3378 nulla
1959 3353 2114 3379 conscientia
2135 3354 2312 3380 exanimatum
2329 3363 2420 3382 reuer-

292 3394 397 3427 vaporis
411 3392 521 3418 flammis
536 3396 726 3417 exaniurcatur.
1385 3388 1450 3414 tiffe.
1524 3388 1635 3421 Agmina
1653 3388 1728 3421 Virg.
1744 3388 1807 3413 Aen.
1823 3395 1844 3419 ς,
1859 3390 1913 3419 8ος.
1983 3388 2042 3414 Stat.
2057 3388 2148 3415 Theb.
2170 3398 2197 3422 4,
2210 3392 2259 3422 760
2287 3389 2334 3415 Tu
2347 3389 2419 3416 refu·
2454 3403 2455 3423 1

327 3427 400 3454 xxii
411 3434 569 3453 MVSSIM.
598 3425 665 3451 Adu.
700 3422 850 3457 [α’κριβίὖς]
870 3421 900 3448 ab
920 3421 956 3447 Ex
976 3418 1062 3447 ainussi
1099 3424 1232 3448 ormatum,
1257 3417 1322 3454 quod
1332 3428 1368 3453 90
1386 3432 1429 3457 gas
1448 3423 1517 3448 vires
1537 3429 1562 3449 et
1583 3422 1688 3456 pesiora
1709 3422 1780 3448 bello
1815 3423 1966 3449 Exanimata
1985 3425 2066 3458 reple.
2138 3425 2194 3451 Cic.
2215 3423 2246 3450 de
2259 3424 2334 3451 Orat.
2353 3433 2376 3457 3,
2389 3430 2418 3457 38
2454 3441 2455 3444 ,

294 3462 355 3488 idem
373 3462 501 3498 fignificat
521 3468 592 3496 atque
615 3459 648 3487 ad
672 3459 794 3486 amussim.
831 3457 934 3489 Festus,
959 3456 1057 3482 Examu
1077 3463 1112 3480 1111
1122 3474 1138 3494 ‚⁴
1156 3453 1321 3487 regulariter·
1385 3467 1407 3483 c.
1423 3466 1443 3483 11
1479 3458 1553 3484 Nolo
1571 3457 1652 3483 verba
1672 3458 1777 3483 exiliter
1798 3457 1944 3484 exanimata
1958 3459 2047 3492 exire,
2065 3459 2129 3485 nolo
2149 3460 2238 3485 inflata
2255 3466 2280 3485 et
2300 3459 2436 3487 anhelata·

295 3497 400 3523 Amuffis
421 3497 491 3522 euim
505 3497 592 3530 regula
613 3495 749 3522 fabrorum
762 3493 813 3524 est,
825 3492 884 3524 vel,
897 3498 924 3517 vt
937 3491 982 3517 alii
1004 3490 1109 3520 volunt,
1123 3493 1322 3521 terramentum,
1384 3492 1499 3527 grauius,
1537 3493 1704 3524 Exauuuata,
1724 3496 1742 3519 1⁴,
1763 3491 1867 3526 Effusa,
1890 3494 1955 3528 quasi
1972 3495 2001 3520 ab
2019 3498 2168 3521 nummatis
2185 3501 2207 3521 et
2217 3501 2294 3529 pacm,
2313 3498 2419 3522 mortuis

296 3540 348 3565 quo
364 3532 390 3556 in
408 3532 531 3565 poliendo
548 3538 671 3557 vtuntur:
695 3539 754 3566 quoe
773 3528 883 3563 difinitio
903 3525 1014 3553 addenda
1028 3524 1061 3558 est
1074 3526 1190 3560 reliquis,
1203 3533 1264 3560 quos
1275 3525 1323 3560 suo
1385 3528 1459 3555 edita.
1531 3528 1711 3559 Exanimatus,
1727 3528 1755 3553 ab
1769 3528 1878 3561 Anima,
1895 3531 2017 3556 Mortuus.
2054 3530 2114 3556 Liu.
2129 3539 2170 3561 22,
2182 3538 2198 3564 7
2223 3531 2305 3556 Vnam
2321 3531 2348 3556 in
2362 3531 2416 3565 ipsa

294 3568 344 3592 Ioco
359 3566 474 3591 <lerinum
525 3566 594 3592 Non.
611 3575 630 3597 1,
644 3571 673 3596 28
704 3562 857 3592 Examnffim
872 3562 968 3589 dicitur
987 3561 1148 3591 examinate,
1161 3560 1193 3586 ad
1205 3561 1322 3599 regulam
1385 3569 1460 3598 porta
1475 3563 1568 3596 sospite
1582 3562 1640 3588 filio
1660 3569 1766 3597 repente
1785 3563 1877 3589 oblato
1892 3565 1918 3589 in
1937 3565 2075 3600 conspe8u1
2090 3566 2146 3591 ejus
2164 3565 2298 3598 exspirass'e
2314 3566 2418 3592 ferum:

295 3601 336 3627 vel
352 3608 538 3633 coagmentum.
592 3602 672 3627 Plaut.
691 3599 807 3634 Amphit.
821 3608 842 3631 ε’,
857 3607 878 3629 2,
891 3605 931 3629 2¹3
952 3596 980 3622 dt’
994 3598 1111 3626 Munere,
1132 3595 1190 3622 Nae
1203 3595 1249 3621 Ista
1263 3595 1323 3621 ede·
1339 3607 1371 3633 95
1386 3599 1509 3630 alteram,
1530 3598 1570 3623 cui
1587 3606 1658 3623 mors
1682 3599 1732 3625 tilii
1756 3598 1821 3624 falso
1841 3600 1957 3626 nuntiata
1976 3608 2046 3631 erat,
2071 3600 2192 3626 moestam
2213 3599 2360 3632 sedentem,
2384 3599 2416 3627 ad

297 3636 356 3671 901,
372 3635 387 3661 fi
404 3637 464 3661 haec
479 3643 539 3660 vem
559 3635 692 3669 loquitur,
713 3634 860 3662 examussuu
880 3632 916 3659 est
934 3632 1042 3667 optima.
1079 3633 1109 3657 Et
1127 3634 1206 3667 magii
1221 3633 1324 3666 proprie
1387 3634 1502 3669 primum
1515 3633 1681 3667 conspeclum
1696 3634 1828 3660 redeuntis
1842 3634 1905 3667 tilii,
1925 3636 2021 3669 gaudio
2034 3636 2120 3662 nimio
2132 3635 2315 3662 exanimatam.
2341 3635 2415 3671 Conf-

297 3672 374 3698 Most.
390 3679 410 3702 1,
426 3679 447 3700 22
461 3678 488 3701 ¹9
530 3669 610 3695 Aedes
627 3679 685 3696 cum
708 3672 765 3697 sunt
785 3669 868 3696 faustae
890 3667 988 3703 probe,
1009 3665 1166 3693 examuffim.
1203 3667 1232 3692 Et
1251 3667 1322 3692 Men.
1387 3671 1456 3698 Suet.
1476 3670 1556 3696 Oton.
1579 3677 1610 3700 n,
1632 3677 1652 3700 ς.
1723 3669 1782 3694 Elifi
1797 3672 1989 3705 exanimatique
2003 3671 2074 3697 Idem
2088 3671 2155 3697 Caes
2170 3679 2190 3695 c.
2204 3679 2241 3702 39.
2312 3671 2415 3697 Lucret.

296 3706 364 3733 Prol.
379 3715 408 3737 52
444 3706 479 3730 Vt
499 3703 562 3729 hanc
582 3713 637 3730 rem
650 3706 726 3731 vobis
745 3704 890 3732 examuss‘un
906 3702 1043 3738 disputem.
1114 3702 1190 3735 Apul.
1204 3702 1267 3727 Met.
1282 3702 1297 3727 Ι.
1311 3710 1323 3727 2
1387 3708 1414 3736 6,
1429 3712 1487 3738 12ς4
1526 3705 1657 3730 Exanimis
1679 3705 1766 3738 pueris
1787 3707 1862 3738 super
1881 3709 2027 3732 exanimata
2047 3712 2182 3740 parentum
2215 3707 2334 3741 Corpora
2352 3715 2416 3732 non-

297 3752 322 3777 p.
338 3746 388 3771 128,
403 3749 432 3773 14
459 3740 552 3765 Ceram
568 3739 594 3764 in
612 3739 718 3765 modum
739 3740 916 3766 Prosefflrum
930 3738 1070 3765 formatam
1089 3738 1193 3763 aurium
1206 3737 1230 3762 ei
1244 3737 1325 3771 appii·
1387 3748 1521 3774 nunquam
1535 3739 1626 3773 poss‘es,
1640 3747 1766 3773 retroque
1781 3740 1878 3767 videre.
1909 3743 1982 3777 Conf.
1996 3743 2069 3768 Curt.
2082 3750 2110 3773 4,
2124 3748 2156 3773 15,
2172 3748 2209 3774 17.
2282 3742 2417 3767 Exanima-
2458 3750 2468 3759 ⁴

296 3783 354 3805 cant
367 3773 527 3803 examullim,
548 3774 661 3807 nasoque
682 3774 755 3807 ipsius
775 3775 884 3801 similem
898 3780 1057 3808 comparant.
1111 3772 1183 3798 Idem
1197 3773 1260 3798 Met.
1275 3773 1291 3797 l.
1306 3782 1379 3805 4100
1387 3777 1408 3802 ti
1422 3774 1542 3801 fulminis
1555 3774 1623 3803 16111,
1638 3775 1723 3800 afflatu
1738 3775 1852 3810 Obsequ.
1868 3786 1889 3803 c.
1905 3785 1946 3810 103
1961 3786 1983 3802 ct
1997 3785 2046 3803 110.
2117 3775 2293 3809 Exanimatus,
2306 3784 2416 3812 corpore

299 3823 323 3848 p·
338 3820 390 3844 130,
406 3820 431 3843 33
470 3810 526 3836 Nec
547 3810 625 3834 secius
639 3808 808 3840 Thrasyleon
825 3810 971 3836 εχει-1111111111
989 3815 1064 3843 capto
1078 3807 1162 3834 no&is
1176 3808 1324 3834 latrocinali
1387 3810 1494 3845 quidem
1508 3811 1635 3843 praestem,
1649 3811 1738 3836 animo
1752 3820 1815 3837 vero
1830 3812 1919 3838 absens
1935 3812 2014 3838 Plaut.
2027 3810 2083 3838 Cas.
2098 3818 2119 3844 3,
2135 3820 2157 3842 3,
2173 3819 2209 3837 10.

297 3853 440 3875 momento.
498 3844 527 3870 Et
548 3844 610 3869 Met.
626 3851 647 3869 11
667 3852 691 3876 p.
713 3852 767 3877 271,
789 3853 811 3869 12
842 3845 955 3871 Caetera>
968 3846 1047 3871 etiam
1063 3843 1126 3870 statu
1141 3850 1218 3877 atque
1230 3843 1323 3869 habitu
1420 3852 1437 3872 E
1447 3853 1465 3872 x
1475 3852 1524 3871 AN
1537 3851 1546 3870 1
1560 3851 1582 3869 Μ
1592 3852 1612 3871 Α
1623 3851 1680 3871 1311,
1692 3853 1700 3871 1
1713 3853 1733 3872 T
1745 3853 1760 3871 E
1772 3852 1802 3873 R.
1840 3848 1906 3874 Adu.
1943 3847 2027 3873 Naeu.
2039 3846 2106 3879 apud
2124 3846 2244 3872 Nonium
2258 3857 2286 3880 4,
2299 3852 2353 3880 384-

297 3882 444 3911 examussim
457 3879 601 3906 noeturnae
616 3878 725 3911 imagini
742 3886 937 3911 congruentem.
990 3880 1057 3906 Gell.
1073 3887 1091 3911 1,
1104 3890 1122 3912 4
1147 3881 1199 3904 Aut
1213 3880 1324 3905 virtutes
1422 3886 1494 3907 ExA
1505 3886 1525 3905 N
1538 3886 1657 3906 1MAT1
1672 3888 1707 3913 0,
1728 3882 1792 3908 anis.
1813 3883 1832 3908 f.
1859 3883 2008 3916 [ἔκπληξις]
2034 3881 2065 3913 est
2079 3881 2153 3913 Qiae
2173 3889 2272 3908 metum
2285 3879 2415 3916 subsequi-

297 3918 452 3953 pentitabat,
473 3921 515 3941 aut
536 3914 603 3940 vitia
621 3913 778 3944 rimabatur,
791 3919 818 3939 vt
839 3912 966 3941 iudicium
986 3916 1034 3941 effe
1055 3914 1154 3940 faetum
1173 3913 1321 3940 cxamuflim
1386 3920 1445 3947 tur,
1466 3922 1490 3941 et
1504 3914 1573 3948 quasi
1593 3924 1679 3942 comes
1698 3917 1733 3942 est
1749 3918 1866 3949 pauoris,
1889 3926 1916 3943 vt
1928 3921 1963 3942 cm
1982 3916 2036 3942 Cic.
2051 3915 2132 3941 Tusc.
2147 3927 2173 3950 4,
2188 3925 2215 3949 19
2229 3927 2249 3942 c.
2261 3922 2283 3946 8.
2321 3919 2352 3943 Et
2363 3914 2413 3943 Off.

296 3955 403 3981 diceres.
439 3953 480 3979 Sic
492 3952 601 3976 meliores
613 3949 687 3974 libri:
708 3950 739 3973 al.
754 3949 784 3974 ad
798 3948 921 3974 amuffim.
968 3950 1073 3984 Suppos.
1088 3949 1172 3976 Plauti
1183 3948 1277 3983 Amph.
1290 3949 1323 3975 sc.
1335 3958 1408 3985 1051,
1423 3959 1461 3983 131
1474 3960 1496 3977 c.
1512 3953 1543 3983 36
1562 3950 1604 3978 Ne
1620 3951 1648 3977 in
1663 3953 1873 3986 perturbationes
1886 3959 1963 3987 atque
1976 3952 2181 3979 exanimationes
2194 3952 2346 3979 incidamus.
2416 3975 2417 3979 ,

297 3991 363 4023 Qiis
378 3996 430 4015 tam
442 3996 468 4014 v.
481 3995 514 4020 42
534 3985 585 4011 Hic
600 3983 749 4011 examuffim
759 3991 817 4009 rem
828 3990 939 4012 enarrat.
2283 3992 2414 4018 εχΛΝιο,

2466 2329 2470 2342 l
