2479 4225
21 239 88 279 44¹
469 224 505 265 E
584 226 619 266 X

24 323 50 349 4,
64 322 87 347 ¹3
105 313 142 340 Ex
160 312 270 340 aduerso
297 312 456 340 intrantibus
479 314 599 349 geminae
621 313 803 342 cernebantur.
898 312 958 338 Liu.
972 320 1008 342 21,
1022 319 1056 346 27

25 349 170 377 Terrebant
179 357 210 375 ex
218 348 334 375 Aduerso
349 349 444 375 hostes.
515 351 551 376 Ex
565 350 688 382 aduerso,
697 358 750 375 cum
766 349 846 374 Genii.
855 352 904 381 pro
919 349 939 373 E
949 350 1055 383 regione.

24 385 87 414 Plin.
104 390 126 416 ς,
140 384 268 416 3ι’-Ροίίιει
281 384 316 410 est
332 384 401 411 inter
414 385 518 412 Samum
531 392 555 412 et
564 387 683 417 Lesbon,
707 392 737 410 ex
747 382 865 409 Aduerso
874 383 988 409 maxime
996 384 1058 415 Ery-

23 420 148 447 thrarum.
253 419 325 446 Idem
339 422 366 453 6,
381 428 420 452 23.
527 422 584 447 Cum
597 423 657 448 Dat.
692 419 752 446 Liu.
767 426 809 450 45,
825 426 852 443 10
871 419 963 444 Portus
977 419 998 444 is
1012 433 1058 437 —

25 463 56 481 ex
64 454 177 481 Aduerso
193 454 254 480 vrbi
274 454 338 489 ipsi,
365 456 463 489 Rhodo,
476 456 581 491 positus.
683 455 719 481 Ex
740 453 857 479 Aduerso
875 462 930 480 rem
945 453 1060 488 aliquam
1086 456 1100 482 ς

24 490 368 554 355⁰f5‘31‘{¹³”⁶³2.¹²22’
385 499 406 517 ²·
475 493 549 553 siff?
560 491 670 553 5225?
684 489 780 541 {dem
812 489 870 549 222¹ss
885 494 1061 550 Ἆῗῖυεὲτοᾈιιὶ

26 534 308 600 (επις-αρίπείῖροιῖῐάειε
327 535 456 594 (iiiii-&ih
470 565 496 595 6,
509 545 545 595 ς..
625 544 672 587 'Er
686 533 803 586 isti-uerso
812 578 820 591 ,
845 562 864 585 i.
874 561 920 585 Per
932 560 1062 594 antiphra-

18 594 67 630 fim
83 595 149 622 Plin.
162 603 204 630 27,
221 605 248 622 10
273 597 436 630 Holosteon,
448 597 501 624 fine
514 595 611 622 dur'itia
623 595 720 627 herba,
739 603 771 620 ex
785 594 895 621 aduerso
908 595 1036 630 appellata
1049 604 1063 621 a

26 631 149 664 Graecis,
171 631 234 658 ficut
252 632 289 658 fel
309 632 391 659 dulce.
505 630 679 658 Exaduersum
699 631 740 656 vel
757 630 918 657 Exaduersus
937 640 987 656 vna
1007 640 1063 657 voce
1089 637 1118 655 10

24 665 109 702 ”id-s·
122 667 140 693 l.
244 668 280 693 Ex
294 668 388 703 Aequo
401 673 426 694 et
438 667 509 694 bono
523 667 652 693 rationem
667 665 778 692 reddere
790 666 807 691 l.
825 674 856 692 22
869 667 902 692 de
914 667 1062 693 Manumiss'.

26 701 125 728 testam.
172 702 275 738 etſsicpe
288 705 352 730 alias
366 705 422 731 1οη·
433 702 554 729 interdum
587 702 623 728 Ex
643 702 717 728 Bono
738 707 763 727 et
784 702 877 735 Aequo
886 721 894 733 ‚
915 708 945 727 vt
956 710 1011 727 mox
1025 702 1063 727 (ll-

25 746 112 764 cemus.
215 738 295 764 Plaut.
309 740 368 766 Mil.
381 749 409 773 4,
422 747 450 771 4,
463 742 492 767 28
526 737 660 771 Qtalique
675 737 748 763 istius
764 737 838 763 causa
851 737 950 763 amoris
962 745 993 763 ex
1012 737 1061 763 hoc

27 772 199 803 matrimonio
212 773 349 807 Abierim,
367 781 472 808 cupiens
484 772 558 799 istius
573 773 672 798 summe
685 772 846 806 nuptiarum.
945 773 1005 798 Liu.
1021 782 1063 805 42,

27 815 56 840 25
75 808 119 840 Et,
137 807 155 833 si
171 808 199 833 in
212 810 331 836 animum
343 808 509 841 inducerent,
529 815 558 834 vt
571 817 602 834 ex
617 809 710 842 Aequo
724 808 817 834 foedus
830 806 920 839 fieret,
941 814 966 834 et
980 808 1005 834 se
1026 810 1063 834 vi-

26 843 114 882 surum
127 843 194 877 quid
205 844 252 871 fibi
265 844 413 872 faciendum
427 843 494 869 effer.
591 844 648 870 Sen.
662 845 707 878 Ep.
722 848 750 873 88
790 844 944 876 Protagoras
961 844 1013 875 ait,
1031 844 1063 870 de

1093 810 1119 837 ¹5

20 877 101 904 'omni
114 887 142 904 re
157 879 186 905 in
198 887 336 915 Vtramque
349 885 449 913 partem
469 878 594 913 disputari
615 880 683 914 posse
705 887 737 905 ex
755 879 857 912 Aequo.
974 879 1064 905 Tacit.

25 913 92 939 Hist.
108 922 132 946 2,
146 922 182 949 77
213 916 358 942 Distrimen
379 923 407 940 ac
427 914 573 948 periculum
592 923 624 941 ex
637 915 730 949 Aequo
744 914 897 948 partiemur.
992 914 1064 941 Idem

23 947 91 975 ibid.
111 958 139 982 4,
159 952 194 983 64
221 952 273 978 Aut
291 959 321 977 ex
333 951 426 984 Aequo
446 950 544 984 agetis,
562 956 607 977 aut
625 951 686 978 aliis
704 949 902 984 imperitabitiS.
996 950 1064 978 Ter.

22 983 99 1011 Adel.
111 993 133 1017 5,
147 993 178 1018 9,
191 995 224 1019 29
1075 989 1109 1008 20

97 1027 132 1052 Vt
146 1027 174 1053 id
185 1026 347 1053 ostenderem
356 1045 365 1058 ‚
377 1025 449 1060 quod
463 1031 488 1052 te
501 1025 545 1052 isti
557 1026 679 1058 facilem,
698 1031 724 1053 et
737 1024 861 1051 festiuum
876 1031 976 1059 putant,

98 1061 128 1088 Id
141 1071 193 1088 non
205 1062 262 1088 fieri
276 1070 307 1087 ex
321 1068 383 1088 vera
395 1061 459 1093 vita,
480 1070 565 1096 neque
578 1061 644 1089 adeo
658 1070 689 1087 ex
697 1061 789 1095 Aequo
803 1067 828 1087 ct
844 1061 931 1088 bono:

98 1097 147 1123 Sed
160 1105 191 1123 ex
205 1096 349 1123 assentando
358 1116 366 1129 ,
381 1095 559 1131 indulgendo,
581 1104 606 1124 et
619 1096 765 1131 largiendo.

25 1146 63 1173 Ex
78 1147 169 1182 Aequo
182 1151 207 1173 et
218 1146 290 1173 bono
304 1146 394 1173 animo
410 1146 507 1174 offerre
523 1148 579 1174 Sen.
594 1146 723 1173 deBenef.
737 1154 763 1178 2,
778 1154 819 1179 34.
923 1148 959 1174 Ex
975 1148 1067 1183 Aequo
1077 1157 1105 1183 25

26 1182 122 1208 fertilis
148 1182 219 1209 Plin.
234 1189 278 1216 17,
299 1187 322 1212 8.
344 1182 371 1208 de
395 1188 465 1209 terra
494 1183 637 1209 columbina.
732 1181 790 1209 Col.
810 1182 841 1214 6,
861 1190 886 1214 3ι
917 1184 954 1209 Ex
973 1186 1066 1219 Aequo
1091 1204 1094 1205 ν

26 1217 170 1244 miscentur
183 1217 281 1244 radices
297 1217 404 1252 agrestis
429 1217 525 1245 herbae
548 1218 694 1252 sulfurque.
790 1217 872 1243 Ouid.
888 1219 979 1245 Amor.
994 1230 1011 1252 1,
1030 1230 1067 1253 10,

24 1259 53 1284 33
73 1254 147 1286 Qiae
171 1254 256 1280 Venus
281 1261 313 1279 ex
339 1254 434 1288 Aequo
455 1261 566 1286 ventura
584 1253 620 1279 est
646 1258 719 1287 grata
734 1251 846 1279 duobus.
872 1256 889 1279 ι’.
912 1257 1067 1290 Aequaliter.

16 1287 62 1314 'Ex
69 1289 163 1323 Aequo
175 1288 265 1315 viuere
280 1297 339 1314 cum
352 1289 445 1323 aliquo
454 1309 462 1321 ,
481 1292 499 1315 i.
511 1292 599 1330 Aequa
611 1288 751 1315 conditione
770 1288 836 1314 Plin.
851 1297 867 1314 2
879 1291 961 1324 praef.
998 1298 1021 1316 et
1041 1294 1067 1324 6,

27 1329 63 1355 25.
171 1325 206 1351 Ex
218 1324 313 1359 Aequo
335 1324 430 1358 degere
446 1334 504 1351 cum
522 1325 659 1359 aliquibus
681 1323 753 1350 Idem
771 1326 798 1356 6,
816 1332 854 1356 25.
950 1327 987 1352 Ex
1001 1328 1068 1353 Aere
1078 1342 1109 1366 30

26 1357 190 1387 fimulacrum
210 1359 263 1386 Cic.
278 1361 356 1386 Verr.
371 1368 398 1393 4,
413 1369 449 1393 33.
520 1360 616 1387 Lorica
639 1360 714 1393 Virg.
730 1360 792 1387 Aen.
807 1364 830 1391 8,
845 1367 899 1392 593.
983 1362 1068 1388 Aliam

25 1401 83 1420 rem
97 1403 128 1420 ex
140 1394 199 1421 Alia
211 1394 326 1430 cogitare
346 1395 414 1422 Ter.
423 1396 487 1421 Eun.
496 1404 523 1428 4,
533 1403 599 1431 zpr.
672 1394 752 1421 Aliud
766 1403 797 1421 ex
815 1395 878 1421 Alio
890 1396 990 1423 malum
999 1398 1067 1424 Ter.

27 1428 91 1455 Eun.
105 1437 126 1462 ς,
139 1436 159 1463 ς,
172 1437 208 1465 17.
275 1430 344 1457 Add.
358 1431 484 1463 Heaut.3,
497 1440 518 1463 3,
531 1439 572 1466 73.
666 1431 726 1457 Alia
738 1439 769 1456 ex
784 1430 844 1457 Alia
856 1431 935 1458 facies
949 1439 1071 1468 aetasque

29 1464 148 1499 sequitur
166 1466 269 1492 Lucret.
285 1476 312 1500 4,
348 1486 355 1493 .
470 1467 526 1493 Cic.
541 1469 618 1493 Verr.
634 1475 655 1498 ι,
668 1469 703 1500 76
722 1465 835 1492 Grandis
849 1473 911 1493 natu
927 1477 1018 1502 parcns
1027 1469 1072 1495 ad-

1 1508 3 1511 *
27 1498 118 1526 fluctus
132 1499 162 1526 ad
175 1500 347 1536 supplicium,
367 1510 399 1528 ex
414 1501 503 1529 Altera
518 1508 590 1536 parte
604 1501 675 1528 filius
690 1501 751 1534 ille,
764 1509 809 1528 etc.
831 1501 890 1534 hic,
905 1510 951 1530 cte.
1020 1505 1071 1530 Sal·
1097 1520 1108 1527 -

24 1533 83 1560 lust.
102 1534 135 1561 de
156 1536 219 1570 Rep.
238 1536 304 1563 Ord.
343 1557 349 1564 .
389 1557 395 1563 .
431 1538 561 1572 Equidem
581 1537 650 1563 mihi
669 1536 804 1563 decretum
818 1537 870 1569 est,
887 1538 957 1565 nihil
971 1545 1024 1566 tam
1039 1549 1070 1566 ex

22 1569 87 1632 pAl-lto
98 1572 182 1605 repeti
194 1572 278 1606 posse,
299 1572 371 1607 quod
390 1581 444 1599 non
461 1574 590 1608 cogitanti
608 1573 660 1599 tibi
680 1573 708 1598 in
729 1578 837 1606 promtu
857 1573 895 1599 fit.
989 1576 1071 1603 Plaut.

56 1614 109 1632 rm·
122 1614 148 1639 2,
161 1608 186 1638 6,
198 1616 267 1664 40—-
303 1644 359 1679 Qui
375 1644 441 1670 nihil
461 1645 548 1677 aliud,
570 1644 619 1670 nisi
638 1643 712 1678 quod
722 1643 772 1670 fibi
785 1644 834 1670 soli
847 1645 942 1679 placet,

182 1680 319 1712 Consulit,
335 1679 475 1706 aduorsum
490 1680 576 1706 filium
589 1689 669 1713 nugas
681 1679 751 1714 agit,

181 1715 263 1742 Miser
276 1724 307 1742 ex
316 1716 414 1741 Animo
428 1715 458 1742 fit
473 1727 478 1742 :
513 1716 593 1742 satius
610 1715 697 1741 nihilo
715 1715 780 1741 facit
792 1715 853 1741 suae
865 1715 1002 1742 scneehiti.
1081 1705 1119 1731 4⁰

27 1761 100 1789 Idem
115 1763 174 1789 Aul.
187 1767 262 1797 3,6,3
284 1766 302 1791 Ε
316 1774 377 1791 meo
391 1765 500 1800 quidem
515 1765 613 1791 Animo
626 1765 706 1791 facias
719 1765 827 1790 rectius.
845 1767 863 1790 i.
877 1774 928 1790 mea
935 1766 1071 1800 ftnmztia.

28 1797 171 1825 ExAnimo
184 1802 299 1832 amicus,
317 1810 433 1835 vereque
448 1801 593 1827 beneuolus
612 1800 667 1825 Cic.
682 1799 835 1832 Philippu,
873 1817 879 1824 .
915 1817 922 1824 .
959 1799 996 1823 Ex
1008 1799 1072 1823 Ani-

25 1841 72 1858 mo
83 1840 107 1858 et
118 1834 258 1866 Simulare,
278 1839 409 1860 contraria
434 1836 490 1861 Cic.
506 1835 538 1859 de
553 1835 588 1859 N.
605 1834 636 1858 D.
651 1841 674 1863 2,
689 1835 729 1861 68.
820 1832 893 1857 Idem
906 1833 979 1857 Fam.
995 1839 1027 1860 12,
1042 1839 1071 1865 17

0 1883 1 1897 2
23 1867 96 1893 Huic
109 1874 137 1893 tu
151 1869 223 1894 libro
235 1869 350 1894 maxime
362 1869 445 1894 velim
460 1877 491 1893 ex
506 1868 619 1898 Animo,
640 1866 657 1891 fi
672 1867 758 1891 minus
771 1866 870 1898 gratiae
884 1866 969 1903 causa,
984 1865 1113 1900 suffra-45

0 1902 1 1907 ¹
24 1910 94 1935 gere.
166 1903 203 1927 Ex
217 1903 317 1927 Animo
331 1903 450 1927 solicitus
473 1902 553 1927 Plaut.
562 1902 647 1927 Truc.
655 1909 680 1933 2,
689 1908 760 1932 4,12.
783 1901 901 1926 Parelcon
916 1900 958 1934 iste
972 1901 1073 1927 videtur

24 1937 62 1963 Ex
77 1936 190 1969 Animo,
209 1946 279 1973 quum
293 1946 377 1968 mmo,
396 1936 443 1970 nist
456 1947 485 1963 ex
498 1940 595 1968 anlmo,
608 1935 725 1971 solicitus
743 1934 786 1968 effi
802 1935 884 1970 possit.
1001 1937 1070 1963 Ter.

26 1972 90 1999 Eun.
106 1981 125 2006 1,
137 1980 202 2005 2,95
219 1972 326 1999 Vtinam
340 1972 423 1998 isthuc
438 1972 549 1999 verbum
563 1981 595 1998 ex
607 1972 706 1998 Animo
719 1980 747 1997 ac
761 1979 822 1997 vere
831 1972 941 1997 diceres.
1011 1972 1069 1998 Cic.

24 2007 54 2034 in
67 2008 151 2034 Pison.
187 2027 194 2034 .
276 2027 283 2034 .
320 2008 448 2042 Equidem
463 2009 547 2034 dicam
558 2016 588 2033 ex
597 2007 695 2033 Animo
706 2006 778 2041 quod
792 2007 885 2032 sentio.
1001 2007 1070 2034 Ter.

28 2041 101 2070 Adel.
116 2051 138 2076 5,
152 2050 178 2077 7,
193 2052 227 2069 20
246 2042 281 2070 Di
296 2043 347 2069 tibi
363 2044 459 2070 Demea
474 2043 541 2070 bene
555 2043 669 2075 faciant,
690 2051 773 2077 quum
788 2048 812 2068 te
825 2041 905 2068 video
919 2042 1022 2069 nostrae
1035 2044 1071 2069 fa-
1080 2053 1111 2078 50

28 2079 118 2105 miliae
146 2083 199 2105 tam
229 2088 261 2105 ex
292 2079 391 2105 Animo
425 2079 525 2106 saelum
562 2079 639 2104 velle.
711 2078 785 2104 Idem
818 2079 914 2104 Heaut.
945 2086 966 2110 5,
992 2087 1023 2110 2,
1056 2081 1072 2104 6

30 2114 86 2141 Nec
122 2115 253 2141 rationem
295 2115 370 2149 capio
385 2135 393 2147 ,
431 2114 479 2141 nisi
520 2114 592 2149 quod
621 2113 672 2140 tibi
706 2113 774 2139 bene
808 2122 839 2139 ex
868 2114 966 2139 Animo
998 2115 1071 2140 volo.

31 2150 86 2177 Cio.
117 2150 208 2184 Quint.
238 2151 322 2177 Fratr.
356 2159 380 2181 ι,
412 2159 421 2177 ι
461 2150 507 2177 Te
548 2157 636 2176 autem
667 2148 784 2175 alienum
815 2148 953 2175 hominem
983 2156 1072 2176 ament

2 2180 5 2222 Ῐζ
35 2193 66 2211 ex
74 2185 173 2212 Animo.
280 2186 349 2212 Ter.
363 2186 437 2212 Adel.
454 2196 473 2219 1,
488 2195 508 2219 ι,
520 2194 557 2220 47
576 2185 624 2211 Ille
638 2193 717 2219 quem
734 2184 864 2210 beneficio
881 2185 1022 2218 adiungac,
1039 2194 1070 2211 ex

38 2220 131 2247 Aninio
141 2221 210 2248 facit.
315 2221 374 2248 Liu.
393 2231 440 2256 40,

34 2256 144 2282 euenire.
211 2257 248 2283 Ex
261 2257 353 2283 Animi
366 2257 510 2289 sententia,
534 2257 664 2291 Corzceptio
677 2256 803 2292 fhLlemm's
821 2263 876 2282 crat
893 2257 1069 2283 iurisiurandi.

34 2290 86 2318 Cic.
100 2291 150 2318 Off.
163 2300 185 2324 3,
198 2297 239 2322 188
256 2293 321 2319 Non
336 2293 408 2319 enim
421 2293 514 2319 falsum
529 2293 615 2319 iurare
627 2312 635 2324 ,
661 2293 779 2326 peierare
792 2291 828 2317 est
842 2302 847 2317 τ
885 2291 928 2317 sed
947 2292 1019 2326 quod
1039 2301 1071 2318 ex

31 2325 120 2353 An'imi
137 2327 176 2353 tui
189 2328 317 2355 sententia
335 2329 447 2361 iuraris,
466 2328 529 2355 sicut
547 2327 637 2354 verbis
657 2327 807 2362 concipitur
826 2336 902 2353 more
916 2328 1023 2360 nostro,
1044 2328 1071 2354 id

5 2361 9 2423 ἲ
27 2369 82 2387 non
93 2362 191 2394 facere,
209 2364 358 2398 periurium
372 2364 415 2390 est.
488 2365 528 2391 Sic
540 2364 622 2390 'ruse
637 2372 656 2395 1,
671 2372 699 2398 17
714 2373 735 2389 c.
752 2372 776 2395 9.
856 2363 915 2389 Liu.
930 2373 972 2392 22,
988 2371 1013 2396 53
1035 2364 1070 2389 Ex

0 2424 9 2435 Η
31 2397 84 2424 mei
98 2398 188 2424 Animi
203 2400 328 2426 sententia
337 2420 345 2433 ,
363 2403 448 2435 inquit
459 2400 552 2435 Scipio,
566 2406 594 2426 vt
609 2408 658 2433 ego
667 2400 758 2433 Remp.
771 2408 824 2425 non
837 2398 952 2425 deseram
961 2418 967 2428 ‚
986 2408 1072 2433 neque
1081 2402 1116 2425 60

29 2432 111 2459 alium
132 2435 218 2460 ciuem
237 2435 315 2461 Rom.
336 2435 455 2462 deserere
476 2436 577 2469 patiar,
595 2434 613 2460 si
633 2435 715 2460 sciens
738 2435 817 2464 fallo,
836 2440 892 2460 tuin
914 2444 956 2460 me
971 2435 1072 2468 Iupiter

7 2479 9 2500 η
29 2468 152 2502 Optimus
166 2470 314 2501 Maximus,
332 2477 378 2495 etc.
420 2487 423 2489 -
449 2470 549 2496 Sallust.
565 2469 684 2503 Iugurth.
698 2475 734 2501 85,
749 2478 780 2503 27
808 2470 878 2495 Nam
897 2478 938 2496 me
951 2470 1070 2504 quidem,

8 2505 11 2556 ι
29 2512 61 2530 ex
75 2504 167 2530 Animi
178 2505 322 2537 sententia,
342 2504 414 2530 nulla
427 2505 514 2531 oratio
529 2505 632 2530 laedere
646 2504 736 2539 potest.
754 2508 772 2530 i.
788 2506 846 2531 Iuro
860 2506 921 2531 bona
928 2507 998 2540 jair,
1018 2506 1073 2532 dico

28 2539 158 2574 bonafide.
266 2539 334 2565 Gell.
349 2549 367 2573 4
385 2549 406 2565 c.
420 2539 467 2566 vlt.
506 2541 623 2572 Censor,
638 2543 745 2575 ·inquit,
772 2540 866 2574 agebat
889 2541 921 2566 de
941 2541 1070 2567 vxoribus

30 2573 157 2600 sollemne
170 2572 361 2600 iusiurandum.
397 2575 478 2601 verba
492 2576 526 2601 ita
539 2582 614 2602 erant
628 2581 766 2610 concepta:
803 2577 836 2602 Vt
849 2585 876 2602 tu
890 2585 921 2602 ex
930 2577 1019 2602 Animi
1033 2577 1072 2603 tui
1085 2579 1117 2610 65

31 2609 158 2649 sententia
170 2617 278 2635 vxorem
292 2609 370 2636 habes
385 2611 394 2636 3
465 2611 599 2637 Cauillator
616 2611 714 2645 quidam
740 2611 850 2642 Habeo,
871 2612 1011 2646 equidem,
1032 2613 1071 2638 in-

32 2650 106 2678 quit,
125 2652 249 2676 vxorem‚
269 2645 311 2672 sed
324 2655 378 2671 non
392 2645 480 2673 hercle
494 2656 525 2672 ex
535 2647 626 2678 Animi
639 2648 691 2673 mei
705 2648 840 2673 sententia.
882 2648 958 2674 Turn
972 2649 1072 2674 Censor

0 2699 4 2714 Ι
32 2687 108 2711 eum,
126 2679 198 2714 quod
212 2679 393 2715 intempestiue
406 2681 557 2712 lasciuiffet,
578 2683 605 2707 in
619 2683 734 2708 aerarios
748 2683 848 2708 retulit.
893 2685 984 2716 Ivi-nipe
1000 2684 1072 2707 intel-

28 2716 77 2751 ligi
91 2716 183 2747 voluit,
195 2715 224 2750 se
236 2725 284 2741 nan
298 2716 383 2742 hahere
395 2726 493 2742 uxorem
507 2718 600 2750 qualem
613 2723 686 2751 oprct.
780 2717 837 2742 Cic.
853 2716 884 2741 de
899 2717 973 2742 Orat.
989 2720 1073 2747 2,260

30 2758 50 2775 c.
66 2752 102 2782 64
118 2760 132 2775 a
145 2752 173 2776 L.
189 2752 275 2777 Porcio
291 2750 380 2784 Nasica
394 2751 491 2787 censam·
504 2752 592 2777 Catoni
605 2752 632 2777 id
643 2751 727 2786 respon
742 2760 781 2776 um
796 2750 839 2784 (ffb
849 2770 856 2779 ‚
875 2751 964 2786 refert.
1002 2752 1074 2777 Libri
1082 2758 1116 2785 70

29 2785 129 2821 quidam
143 2786 182 2811 tui
200 2786 306 2818 habent,
323 2785 387 2822 quod
404 2786 507 2812 mordax
526 2789 552 2811 in
572 2787 690 2822 censorem
704 2788 725 2819 ql
736 2785 767 2812 ξ’ῖ.
861 2787 897 2812 Ex
913 2787 979 2813 Ante
992 2786 1072 2817 diem,

30 2820 82 2847 vid.
97 2827 188 2847 ANTE
202 2830 267 2853 nai.
364 2822 399 2847 Ex
413 2821 552 2856 Anu-gesto
566 2830 642 2855 agere
661 2823 764 2848 Paullus
777 2821 805 2847 in
819 2821 836 2847 l.
852 2823 965 2855 Qioties
979 2826 1002 2858 9.
1017 2831 1072 2848 non

30 2861 131 2883 tantum
163 2856 196 2882 D.
230 2857 262 2882 de
287 2856 400 2890 peculio.
483 2857 544 2884 Liu.
576 2866 612 2888 21,
649 2876 655 2883 .
693 2876 699 2882 .
736 2858 805 2882 Luce
824 2858 909 2891 prima
930 2858 1011 2884 subiit
1030 2864 1071 2883 tu-

31 2891 134 2924 mulos,
151 2898 180 2918 vt
212 2900 244 2918 ex
273 2893 372 2926 Aperto
401 2898 479 2927 atque
513 2893 629 2919 interdiu
657 2892 728 2918 viam
755 2901 800 2926 per
832 2893 961 2927 angustias
988 2893 1071 2919 factu-

477 2241 483 2248 .
520 2241 527 2247 .
563 2222 617 2254 Ita,
635 2227 663 2246 vt
682 2229 760 2252 vere,
775 2227 804 2246 vt
824 2229 855 2246 ex
870 2220 967 2246 Animo
983 2221 1108 2260 velitis35

31 2936 84 2954 rus.
197 2927 254 2955 Sen.
285 2929 338 2961 Qu.
361 2929 422 2954 Nat.
450 2929 533 2963 praef.
580 2928 653 2955 Alius
691 2927 843 2954 adulatione
882 2929 949 2955 clam
982 2936 1071 2956 vtetur
1085 2931 1116 2960 75

33 2971 124 2997 parce,
159 2962 226 2989 alius
268 2971 300 2989 ex
348 2964 446 2997 Aperto
494 2964 600 2998 palam,
637 2963 780 2990 rusticitate
828 2964 954 2991 simulata.
1033 2965 1070 2990 Ex

34 2997 180 3025 Arboribus
190 2999 284 3031 ,frons
309 2998 464 3032 deficiebat,
486 3003 504 3026 i.
519 3000 632 3025 arborum
646 3000 718 3025 Caes.
733 3000 760 3025 B.
775 3000 805 3025 C.
822 3008 844 3030 3,
859 3005 894 3031 58.
1003 3001 1069 3026 Plin.

35 3041 72 3064 u,
85 3041 114 3067 37
145 3033 211 3060 Aliis
225 3034 350 3069 simplicia
365 3035 477 3067 tribuit,
501 3041 529 3061 vt
547 3035 575 3061 in
587 3034 680 3060 eodem
693 3044 786 3069 genere
798 3030 970 3062 subulonibus
986 3045 1016 3062 ex
1026 3037 1073 3062 Ar-

0 3079 2 3082 *
36 3075 158 3107 gumento
171 3069 262 3102 diens,
281 3073 299 3096 i.
310 3076 414 3105 propter
428 3080 518 3097 cornua
535 3070 685 3097 subularum
691 3071 795 3106 speciem
808 3071 931 3097 habentia.
965 3073 1001 3098 Ex
1011 3074 1074 3098 Arte

0 3123 2 3125 .
20 3126 22 3136 ,
38 3103 139 3134 dicere,
157 3105 240 3131 multo
254 3106 415 3132 maximum:
451 3106 482 3132 de
496 3114 552 3133 arte
565 3107 658 3140 loqui,
683 3107 825 3132 minimum
845 3107 880 3132 est
912 3107 968 3133 Cic.
986 3107 1017 3133 de
1030 3109 1071 3133 In-
1087 3111 1119 3136 80

0 3149 7 3172 ιΧ
37 3143 106 3164 vent.
116 3147 137 3170 1,
149 3143 171 3168 8.
263 3141 342 3167 Plaut.
356 3142 435 3168 Stich.
451 3151 472 3174 1,
486 3151 508 3175 3,
523 3151 565 3175 114
591 3143 624 3168 At
638 3142 688 3168 hoc
702 3142 762 3169 vide
775 3143 848 3168 satin'
862 3149 890 3169 vt
910 3143 992 3169 facete
1002 3164 1009 3175 ,
1034 3150 1072 3169 at-

3 3187 7 3205 4
38 3182 90 3207 que
103 3181 133 3199 ex
148 3173 248 3207 pielura
260 3175 303 3202 hic
325 3177 431 3211 Astitit,
462 3181 480 3204 i.
498 3179 631 3213 graphice,
656 3185 685 3204 vt
704 3188 752 3204 non
769 3178 888 3204 hominem
907 3181 1005 3209 viuum,
1025 3179 1074 3215 sed

0 3212 9 3246 q
33 3206 277 3249 pitsluramspfffare
289 3219 312 3237 te
322 3219 401 3247 putes.
471 3214 552 3240 Plaut.
567 3214 625 3240 Mil.
636 3222 670 3246 4,
684 3215 715 3246 6,
730 3222 761 3246 50
793 3214 892 3240 Nescio
905 3220 967 3240 tune
983 3223 1014 3240 ex
1028 3223 1071 3240 me

0 3257 4 3273 ι
39 3243 234 3284 h01A1¹dler}S‚
252 3254 284 3272 an
296 3256 357 3275 non.
461 3250 497 3275 Ex
513 3249 678 3275 Anc'toritate
690 3250 795 3276 Senatus
813 3249 966 3276 aedificatur
980 3250 1073 3276 domus

0 3293 2 3309 ,ι
39 3288 97 3305 mea
111 3287 218 3318 pecunia
231 3281 333 3314 publica
360 3285 413 3311 Cic.
424 3284 456 3311 de
469 3286 563 3320 Arusp.
577 3285 651 3319 Resp.
664 3294 685 3310 c.
701 3293 726 3320 7.
780 3287 820 3313 Sic
836 3286 903 3312 Ter.
924 3286 989 3311 Eun.
1003 3295 1028 3318 1,
1041 3286 1109 3318 2,85

0 3329 4 3345 2
40 3323 72 3347 34
99 3315 201 3354 Audisse
213 3317 428 3356 clx-praedonibus
444 3327 488 3347 etc.
595 3320 677 3346 Plaut.
691 3320 765 3355 Epid.
778 3331 805 3355 4,
819 3330 845 3354 Ι,
858 3325 886 3353 3⁶
919 3321 989 3347 Nam
1005 3321 1071 3355 post·

2 3384 3 3388 Ἰ
40 3358 119 3384 quam
133 3350 232 3390 Audiui
245 3352 307 3378 ilico
320 3363 350 3380 ex
364 3365 423 3382 meo
438 3357 531 3388 seruo,
551 3356 624 3382 illam
638 3357 685 3382 esse
698 3363 812 3391 captam,
836 3357 965 3383 continuo
981 3366 1071 3391 argen-

2 3416 4 3422 y
39 3392 96 3412 tum
110 3384 187 3415 dedb
202 3390 231 3411 vt
244 3395 346 3428 emeret·
416 3391 494 3418 Nihil
510 3400 541 3417 ex
555 3401 596 3417 me
609 3391 710 3418 Audire
724 3393 845 3427 potuisses
865 3392 920 3419 Cic.
928 3392 960 3419 de
969 3393 1003 3419 N.
1018 3394 1049 3419 D.
1061 3402 1072 3420 1

3 3454 4 3457 Ἰ
40 3430 106 3447 c.21.
174 3455 179 3460 Δ
202 3421 238 3446 Ex
251 3422 342 3449 Aulide
356 3425 512 3453 Philocrates
536 3428 702 3462 Plaut.Capt.
713 3437 734 3460 2⁷,
746 3437 769 3460 3,
784 3436 819 3460 55.
890 3429 958 3454 Ter.
973 3429 1037 3455 Eun.
1052 3438 1072 3461 1,

19 3477 21 3482 .
41 3465 64 3489 2,
72 3461 102 3485 28
132 3455 181 3496 ¹Ib¹
195 3462 250 3495 {um
264 3459 341 3484 matri
352 3463 483 3493 paruulam
498 3463 612 3497 puellam
630 3463 701 3489 dono
721 3463 830 3498 quidam
850 3470 981 3490 mercator
1001 3464 1073 3491 dedit
1081 3475 1116 3500 90

39 3500 71 3518 ex
83 3493 170 3518 Attica
184 3491 243 3517 hinc
260 3491 398 3533 abreptam.
451 3499 490 3524 Sic
501 3498 568 3524 lbid.
587 3508 616 3531 3,
630 3509 656 3529 ε,
673 3507 700 3533 ¹7
732 3500 768 3525 Ex
783 3499 924 3533 Aethiopia
938 3500 974 3525 est
990 3509 1073 3535 vsque

0 3556 5 3559 ,
34 3526 112 3554 Ἕκα.
186 3528 247 3553 Item
261 3527 416 3557 Muliercula
430 3534 556 3567 quaedam
571 3535 671 3561 Romae
684 3543 716 3560 ex
729 3535 818 3561 Africa
846 3535 964 3562 Scribon.
979 3537 1074 3570 Comp.

17 3575 21 3583 ‹
42 3570 90 3589 122.
132 3598 138 3603 ⁶
161 3562 198 3588 Ex
216 3563 289 3588 Auro
308 3564 428 3597 poculum
460 3569 514 3595 Cic.
527 3571 604 3596 Verr.
618 3579 651 3603 4,
665 3578 707 3605 27.
811 3572 847 3597 Ex
861 3572 935 3597 Bono
948 3578 973 3598 et
987 3581 1072 3606 aequo

6 3630 19 3645 n(
43 3605 102 3624 exce
120 3603 159 3624 tio
171 3598 391 3641 accommodanda
404 3601 439 3626 est
465 3603 567 3638 leian.
583 3604 623 3632 l.2
638 3604 660 3642 §.
675 3613 688 3635 8
704 3605 730 3632 ff.
762 3606 789 3633 Si
809 3607 870 3642 quis
889 3607 1073 3639 cautionibus,

0 3638 18 3670 3?v
59 3642 88 3659 uo
99 3668 103 3673 .
113 3633 273 3694 fquuentms
285 3634 372 3660 dlcmzt
388 3636 456 3668 ICei,
473 3638 509 3665 Ex
521 3649 549 3666 ae
570 3650 605 3666 uo
618 3648 644 3667 ct
657 3641 738 3667 bono.
854 3644 891 3668 Ex
912 3643 991 3669 Bonis
1006 3650 1028 3669 et
1042 3644 1072 3668 In
1082 3652 1114 3678 93

0 3673 20 3698 Μ
61 3677 132 3700 oms,
165 3668 271 3712 lssfferunt
284 3669 350 3704 apud
362 3671 494 3712 Izcriscons.
539 3650 613 3702 {Iam
626 3678 656 3703 In
670 3676 747 3703 bonis
759 3678 807 3703 effe
821 3677 938 3704 dicuntur
950 3688 993 3710 ea,
1015 3686 1075 3712 quae

0 3712 18 3736 ἡ
37 3701 88 3737 filu
100 3711 122 3730 et
129 3706 248 3739 positione
262 3712 331 3731 mtra
343 3714 393 3731 rem
406 3707 512 3740 aliquam
525 3715 679 3738 continentur
688 3723 695 3737 :
730 3714 767 3739 Ex
780 3712 858 3739 bonis
872 3723 929 3739 vero
938 3733 945 3745 ,
964 3723 1024 3748 quae
1033 3722 1074 3738 na-

0 3747 19 3773 Jr*
44 3741 158 3768 ruraliter
169 3740 231 3775 sunt
244 3748 315 3767 extra
328 3750 393 3773 rem,
405 3741 453 3776 scd
464 3748 542 3769 tamen
553 3745 586 3770 ad
596 3756 645 3773 eam
655 3751 800 3782 pertinent:
834 3756 864 3775 vt
878 3748 949 3775 aliud
965 3747 1011 3781 est,
1030 3758 1073 3774 ..m-

2 3791 6 3811 5
47 3775 124 3814 ἰι-ὤρη
137 3774 178 3808 effi?
193 3777 223 3802 In
239 3775 438 3810 dac’lylintheccw
472 3778 555 3810 aliud,
574 3782 608 3806 Ex
622 3782 811 3817 dactyliotheca.
883 3784 972 3810 Iustin.
984 3782 1027 3821 §.2
1042 3785 1074 3810 de

0 3813 4 3844 ,“
49 3815 76 3833 Vl
86 3808 145 3850 bon.
157 3817 222 3853 rapt.
252 3812 315 3838 Sane
328 3812 353 3837 in
368 3812 414 3838 hac
427 3811 532 3853 actione
545 3818 700 3852 nonvtique
713 3820 875 3854 exspectatur
889 3829 945 3846 rem
959 3820 986 3846 in
999 3820 1074 3846 bonis
1084 3831 1130 3850 100

0 3862 3 3873 ,
32 3846 35 3878 l
50 3842 141 3870 &Ekous
153 3848 209 3873 esse.
263 3847 333 3874 Nam
350 3848 402 3874 flue
415 3849 445 3873 In
456 3848 532 3874 bonis
546 3848 575 3874 fit
585 3869 593 3880 ‚
612 3850 664 3877 siue
676 3862 745 3887 non,
766 3855 783 3881 fi
799 3863 885 3882 tamen
899 3857 935 3882 Ex
949 3855 1075 3886 Bonissu,

0 3898 2 3900 ,
33 3879 36 3937 ἶ
49 3875 132 3905 locum
144 3879 202 3908 haec
214 3882 285 3909 affio
298 3883 414 3910 habebit.
469 3885 536 3918 Quae
549 3887 628 3919 igitur
639 3888 704 3920 quast
721 3899 793 3916 manu
812 3901 859 3917 non
878 3898 1008 3922 tenentur,
1029 3891 1077 3927 sed

0 3942 1 3945 Ἴ
46 3913 202 3956 consequiper
217 3917 337 3945 astionem
346 3918 487 3954 possamus,
512 3929 538 3945 ea
552 3920 589 3945 Ex
603 3919 679 3946 bonis
693 3924 785 3951 nostris
800 3928 934 3954 dicuntur:
970 3934 997 3953 at
1016 3936 1076 3962 qnae

47 3957 96 3974 iam
107 3957 174 3978 mtra
185 3952 299 3980 ditionem
313 3965 342 3981 ac
352 3955 421 3990 fines
439 3954 533 3987 nostros
545 3956 620 3991 Jiint,
650 3957 679 3982 In
698 3957 782 3985 bonis.
838 3964 968 3988 Hotoman.
1039 3963 1076 3989 Ex

47 3983 163 4013 Calendis
173 3988 300 4016 Ianuariis
312 3999 346 4052 he
358 3991 447 4026 magni
463 3990 590 4018 tumultus
609 3990 676 4024 sint,
698 4001 793 4021 vereor
821 3997 878 4024 Cic.
893 3999 965 4025 Fam.
985 4000 1030 4031 16,
1050 4006 1131 4031 9105·

192 4029 212 4049 V
222 4030 241 4051 0
249 4031 276 4052 1..
341 4045 347 4052 .

1080 1521 1107 1546 3:
1137 1518 1186 1544 elis
1195 1539 1202 1550 ‚
1221 1527 1251 1544 ex
1260 1518 1410 1544 Constituto
1418 1525 1490 1544 arma
1503 1514 1643 1549 corripuit.

1566 219 1600 259 E
1705 218 1742 258 X

1124 313 1159 338 Ex
1173 313 1254 339 Causa
1267 311 1319 344 est,
1342 313 1360 336 i.
1382 310 1472 347 Causae
1485 311 1545 338 vriIe
1559 307 1591 343 est
1604 307 1768 343 Quinffih4,
1784 315 1809 338 1,
1824 314 1862 340 27.
1887 306 1960 347 *Viti
1980 314 1996 334 Ε
2017 306 2064 333 Re.
2123 302 2171 345 Sed

1128 350 1163 374 Ex
1178 357 1206 374 ea
1221 348 1303 374 Causa
1329 347 1396 373 Pliu.
1416 356 1458 378 ιι,
1473 356 1508 381 17.
1613 346 1648 371 Ex
1663 345 1753 370 eadem
1767 343 1846 369 Causa
1879 344 1936 368 ben.
1952 354 1985 372 μ.
1999 343 2034 368 Ν.
2051 350 2075 370 ι,
2092 349 2110 366 v.
2148 349 2168 365 1.

1123 390 1236 418 proptsr.
1266 384 1322 409 Cic.
1332 383 1472 415 QFrat.1‚
1489 391 1503 408 2
1535 383 1600 408 Eum
1614 379 1765 415 pracsertim
1788 378 1932 415 homiuem,
1945 388 1969 411 qi
1981 387 2022 403 em
2037 385 2086 411 ego
2100 383 2168 416 ezei(

1129 420 1181 444 suis
1193 419 1297 445 ciuibus
1310 424 1334 443 et
1348 426 1379 443 ex
1395 418 1484 443 multis
1498 419 1556 443 aliis
1571 416 1693 452 quotidie
1703 415 1783 449 uagis
1797 413 2110 451 Cognosconcbu‘iorcin
2122 412 2169 450 elle

1130 463 1228 488 prope,
1247 460 1326 489 quam
1341 453 1475 479 ciuitatem
1489 454 1568 478 suam.
1621 453 1661 478 Sic
1677 450 1840 484 Cognoscere
1860 447 1961 481 aliquid
1980 456 2010 472 cx
2026 447 2109 487 literis
2123 447 2169 471 ali-

1132 491 1205 516 cuius
1238 491 1344 516 lar-Art.
1361 493 1384 520 8,
1400 496 1431 519 13.
1503 487 1629 520 Qualibet
1643 496 1673 513 cx
1689 486 1772 513 Causa
1793 483 1910 511 Scribon.
1927 491 1969 516 42.
2040 484 2075 507 hx
2090 482 2170 509 Com-

1131 526 1213 551 modo
1228 524 1333 551 emetiri
1346 524 1443 558 cuique
1458 531 1540 548 annos
1555 524 1612 548 suos
1627 523 1688 548 licet
1720 526 1777 548 ben.
1788 522 1841 553 Ql.
1856 519 1918 545 Nat.
1936 526 1965 550 5,
1980 523 2014 542 ιθ.
2052 527 2069 542 1.
2093 524 2169 551 prout

1130 561 1276 587 commodum
1291 558 1333 592 cst.
1441 558 1571 584 Coluinel.
1581 561 1607 589 6,
1622 567 1634 583 2
1648 565 1711 583 extr.
1737 557 1764 583 de
1778 557 1850 582 bobus
1864 556 1977 589 loqutus,
1998 551 2113 585 Ideoque
2128 560 2169 591 ¹⁴03

1131 596 1196 622 bora
1210 603 1352 630 corporum
1368 593 1433 619 citra
1447 594 1556 619 maciem
1571 594 1733 624 construant,
1754 592 1839 626 quiex
1848 589 2013 618 Commodo,
2033 595 2112 620 quam
2122 595 2170 625 qui

1131 631 1283 657 festinanter
1295 629 1429 656 mandunt.
1502 629 1574 654 Idem
1591 637 1627 659 12,
1648 637 1675 660 ¹9
1712 630 1746 654 Vt
1764 637 1793 654 cx
1809 625 1972 659 Commodo,
1992 623 2105 664 mulium
2121 629 2171 647 ier-

1131 673 1199 693 veat.
1271 667 1307 692 Ex
1322 664 1468 698 Compaeto
1481 664 1583 698 aliquid
1596 665 1697 695 facere,
1714 669 1758 695 vt,
1780 663 1816 688 Ex
1829 660 1980 695 Composito
2006 660 2076 697 suet.
2097 657 2170 682 Caes.

1131 712 1153 728 c.
1163 710 1205 728 20.
1242 704 1261 727 i.
1273 700 1406 736 secundnm
1420 699 1461 729 id,
1480 700 1544 734 quod
1555 698 1704 734 compaflum
1718 706 1741 724 ct
1752 697 1904 733 compositam
1919 695 1959 729 [fl.
2035 694 2094 719 Liu.
2111 700 2137 723 ι,
2155 699 2172 723 9

1131 738 1207 764 Tum
1221 745 1251 762 ex
1267 736 1420 770 Composito
1434 742 1492 760 orta
1505 736 1562 766 vis,
1589 735 1712 768 lignoque
1730 733 1792 760 dato
1814 734 1937 758 iuuentus
1956 732 2075 757 Romana
2086 727 2117 754 ad
2131 735 2172 752 ra-

1132 772 1238 807 piendas
1251 772 1368 806 virgines
1382 771 1514 797 discurrit.
1557 770 1614 796 Vici.
1628 780 1682 795 mox
1699 770 1734 795 Ex
1743 768 1902 795 Constituto.
2010 764 2080 791 Ter.
2089 762 2172 788 Andr.

1134 819 1165 841 4,
1180 816 1208 840 3,
1220 816 1239 840 4
1272 808 1374 833 Verum
1387 814 1418 832 ex
1432 816 1464 832 eo
1480 815 1548 832 nunc
1560 805 1655 831 misera
1668 815 1746 839 quem
1764 804 1842 838 Capit
1857 802 1987 829 dolorem.
2060 800 2174 832 Compa-

1132 852 1190 870 rare
1204 844 1246 869 sua
1266 841 1404 869 commoda
1418 851 1449 868 ex
1462 841 1638 868 incommodis
1651 841 1758 866 alterius
1786 840 1853 866 Ter.
1869 838 1949 865 Andr.
1957 846 1983 869 4,
1999 843 2052 876 1,*3.
2105 835 2175 860 Con-

1131 880 1267 906 demnatus
1282 887 1313 904 ex
1329 877 1431 904 inuidia
1450 877 1519 903 Vici.
1533 877 1565 903 de
1578 877 1650 903 Viris
1662 876 1740 902 illust.
1751 883 1790 908 50,
1804 884 1822 900 ι.
1894 874 1930 900 Ex
1950 871 2073 898 contcffo
2091 869 2174 895 malus

1135 914 1329 948 Sen.Epist.77.
1422 913 1552 946 Qiinciil.
1562 922 1584 944 3,
1599 920 1611 944 5
1639 911 1695 937 Nisi
1708 912 1778 936 sorte
1791 909 1896 935 laudare
1905 928 1912 941 ,
1932 916 1999 941 quae
2012 905 2109 943 constet
2127 905 2175 944 else

1135 950 1257 981 honesta,
1279 955 1305 975 et
1318 948 1479 982 vituperare,
1492 957 1558 983 quae
1572 956 1603 973 ex
1618 946 1741 973 Confess'o
1754 946 1802 971 lint
1815 945 1917 978 turpia,
1937 952 1992 969 non
2005 941 2039 968 est
2053 943 2175 980 Ωιι-κους

1133 984 1261 1012 officium.
1332 984 1401 1010 Ter.
1417 984 1482 1010 Eun.
1496 992 1522 1016 5,
1536 992 1561 1015 2,
1580 991 1606 1015 35
1639 982 1718 1015 Saepe
1736 989 1767 1006 ex
1783 979 1936 1005 huiusmodi
1949 987 1977 1004 re
1992 985 2129 1016 quapiam,
2149 980 2176 1015 et

1135 1030 1166 1047 ex
1179 1021 1249 1047 malo
1267 1019 1401 1054 principio
1420 1028 1512 1053 magna
1531 1018 1699 1045 familiaritas
1720 1016 1839 1041 Conflata
1856 1015 1900 1039 est.
1978 1014 2129 1054 Coniicitur
2146 1019 2177 1051 ‚¹¹¹

1134 1057 1260 1083 morbum
1273 1063 1304 1081 ex
1319 1056 1486 1089 aegritudine
1509 1054 1676 1080 Plaut.l²oen.
1690 1051 1755 1086 prol.
1767 1053 1810 1082 69.
1918 1048 1954 1087 Ex
1969 1049 2086 1073 conluio
2100 1055 2178 1089 ituris-

1134 1092 1283 1126 peritorum
1318 1091 1374 1117 Cic.
1395 1100 1443 1125 pro
1462 1090 1537 1116 Rosc.
1558 1090 1633 1116 Com.
1650 1090 1695 1120 46.
1788 1085 1808 1111 E
1822 1083 1970 1123 Conspectu
1989 1083 2080 1121 fugere
2116 1082 2176 1108 Per.

1134 1129 1199 1154 Hec.
1217 1136 1241 1159 1,
1255 1135 1285 1157 2,
1300 1134 1355 1161 107.
1450 1127 1486 1152 Ex
1506 1126 1619 1158 aurique
1640 1127 1713 1157 putat
1731 1121 1806 1147 micis
1832 1118 1978 1146 Consistere
1996 1119 2064 1151 polle
2085 1125 2179 1144 aurum

1135 1164 1239 1190 Lucret.
1249 1171 1268 1194 1,
1283 1167 1337 1193 839.
1409 1163 1445 1187 Ex
1460 1161 1612 1187 Constituto
1626 1167 1698 1185 arma
1712 1156 1843 1190 corripuit
1856 1155 1989 1180 Pannonia
2011 1151 2113 1191 Vcle,
2129 1160 2178 1181 110,

1135 1207 1160 1225 2.
1231 1199 1267 1224 Ex
1282 1197 1478 1224 Consuetudine
1491 1203 1545 1228 tua,
1566 1198 1583 1221 ι’.
1601 1193 1733 1221 Secundum
1746 1190 1938 1227 corijiaetudinem
1952 1196 2017 1214 tuam
2026 1187 2091 1213 rim.
2101 1186 2179 1225 Epist.

1136 1243 1156 1267 1,
1170 1243 1194 1260 2.
1265 1233 1322 1259 Cic.
1337 1242 1385 1268 pro
1400 1233 1502 1259 Cluent.
1517 1235 1550 1258 62
1583 1230 1638 1263 Qii
1660 1237 1742 1264 quum
1771 1236 1852 1253 vnum
1867 1228 1919 1252 iam
1940 1231 1965 1250 et
1982 1223 2093 1249 alterum
2106 1222 2180 1261 diem

1135 1269 1341 1302 desideraretur,
1361 1277 1446 1303 neque
1460 1268 1486 1293 in
1500 1267 1540 1293 his
1556 1267 1621 1292 locis
1634 1274 1664 1291 ex
1683 1262 1880 1290 Consuetudine
1893 1259 2085 1295 quaerebatur,
2105 1266 2180 1283 inue-

1135 1306 1256 1337 niretur,
1276 1312 1321 1331 etc.
1429 1304 1465 1329 Ex
1486 1301 1683 1329 Consuetudine
1703 1300 1825 1325 omnium
1845 1297 1947 1331 aliquid
1965 1296 2051 1321 facere
2079 1293 2180 1333 Iti-'pro

1136 1341 1276 1374 Quintda.
1320 1340 1360 1367 Sic
1379 1339 1397 1365 E
1418 1340 1504 1365 More.
1612 1338 1648 1362 Ex
1661 1334 1743 1362 officii
1759 1335 1877 1365 ratione,
1912 1338 1990 1365 atque
2009 1339 2039 1356 ex
2059 1337 2182 1368 omnuim

1137 1374 1334 1403 Consuetudine
1347 1371 1407 1402 rem¹
1419 1375 1500 1409 ipsam
1513 1379 1539 1399 et
1552 1372 1652 1399 faeium
1666 1371 1776 1398 alicuius
1791 1369 1954 1396 considerare
1981 1366 2019 1392 1d.
2029 1375 2077 1400 pro
2086 1366 2180 1397 ant.

1138 1420 1160 1445 5.
1232 1413 1268 1437 Ex
1283 1411 1397 1437 Consule
1411 1418 1432 1437 et
1440 1410 1551 1444 similia,
1585 1408 1637 1434 vici.
1659 1418 1683 1433 n.
1699 1411 1723 1433 ό.
1795 1406 1876 1431 Plaut.
1892 1403 1948 1429 Cas.
1965 1410 1991 1432 2,
2005 1407 2033 1432 8,
2047 1403 2089 1443 63.
2108 1401 2137 1425 ln
2151 1407 2181 1425 re

1139 1448 1281 1482 praesenti,
1301 1456 1332 1473 ex
1346 1447 1422 1480 copia
1438 1445 1547 1480 piscaria
1560 1443 1705 1471 Consulere
1719 1440 1821 1473 licebit,
1835 1438 1906 1478 quod
1920 1446 2013 1477 emam.
2083 1437 2181 1472 Patere.

1139 1492 1169 1511 2,
1188 1491 1228 1509 110
1262 1483 1411 1514 Dalmatia,
1431 1481 1556 1507 omnibus
1575 1480 1671 1506 tractus
1689 1478 1744 1504 eius
1756 1475 1878 1510 gentibus
1893 1483 1919 1511 in
1938 1474 2086 1499 societatem
2101 1470 2182 1497 addu-

1698 1512 1884 1543 Iustin.1‚9,19
1904 1511 2113 1543 Septcmtantuin
2121 1514 2182 1546 con-

1139 1554 1185 1580 scii
1201 1554 1276 1580 fuere
1290 1554 1367 1579 huius
1382 1552 1591 1581 coniurationis,
1620 1549 1667 1583 qui
1686 1557 1716 1574 cx
1731 1546 1903 1577 Continenti,
1927 1554 1959 1570 ne
1972 1543 2033 1569 dato
2050 1551 2078 1568 in
2091 1549 2182 1576 poeni-

1139 1589 1250 1615 tentiam
1271 1589 1354 1622 spatio
1378 1597 1418 1614 res
1438 1596 1483 1621 per
1502 1594 1652 1621 quenquam
1672 1589 1854 1614 enarraretur,
1876 1589 1920 1607 etc.
1976 1578 2042 1605 Adai.
2063 1586 2091 1609 ς,
2109 1585 2142 1615 3,-
2157 1584 2183 1608 9.

1140 1625 1212 1650 Caes.
1228 1624 1256 1649 B.
1269 1624 1300 1649 G.
1310 1631 1336 1657 7,
1350 1632 1381 1655 3ο
1413 1624 1446 1649 Vt
1460 1622 1627 1655 reliquorum
1641 1621 1830 1653 imperatorum
1845 1625 1886 1642 res
1905 1614 2027 1640 aduersae
2041 1611 2184 1651 audierita-

1139 1665 1192 1686 tem
1208 1660 1346 1685 minuunt:
1382 1658 1414 1684 fic
1429 1667 1459 1683 ex
1474 1657 1617 1684 Contrario
1632 1655 1744 1688 dignitas
1764 1649 1935 1678 incommodo
1953 1654 2057 1685 accepto
2077 1655 2104 1673 in
2128 1648 2184 1671 dies

1139 1695 1294 1728 augebatur.
1331 1693 1399 1720 Add.
1413 1694 1468 1719 Cic.
1484 1701 1532 1726 pro
1548 1692 1622 1716 Rosc.
1638 1691 1713 1715 eom.
1730 1698 1750 1713 c.
1760 1689 1796 1712 16.
1903 1683 1941 1722 Id.
1957 1681 2132 1716 proQRosc.
2146 1688 2184 1714 47

1140 1739 1160 1755 c.
1178 1732 1206 1755 16
1243 1732 1276 1755 At
1289 1737 1338 1762 ego
1354 1737 1385 1754 ex
1401 1727 1535 1753 contrario
1550 1724 1689 1750 contendo.
1742 1755 1744 1757 ‚
1760 1722 1795 1747 Ex
1810 1720 1952 1758 Contrario
1966 1718 2031 1744 stare
2049 1717 2183 1758 limantur,

1138 1763 1276 1797 Qaeszcrzt
1288 1768 1354 1788 inter
1361 1764 1390 1798 J}
1404 1761 1511 1797 opp-‘fita
1537 1758 1681 1792 SenAEpist.
1690 1763 1730 1789 89.
1766 1754 1897 1794 Quine‘hl.
1914 1755 1940 1786 6,
1955 1762 1974 1779 1.
2045 1751 2091 1779 secl
2111 1759 2185 1777 etiam

1138 1798 1310 1822 EContrario
1318 1797 1414 1822 dicitur
1428 1807 1486 1832 ug.
1499 1795 1563 1822 Plin.
1574 1803 1612 1826 10,
1626 1800 1662 1825 38.
1735 1792 1792 1817 Scn.
1808 1790 1930 1824 Epist.85.
1985 1826 1989 1830 .
2002 1787 2106 1829 Colum.
2116 1796 2147 1818 ιι,
2159 1795 2180 1817 3.

1140 1832 1209 1864 Nep.
1219 1839 1251 1862 11,
1265 1840 1284 1862 1,
1297 1840 1324 1863 4.
1361 1835 1390 1856 it.
1406 1840 1444 1861 22,
1460 1840 1479 1863 i,
1496 1839 1516 1856 2.
1531 1837 1555 1855 et
1569 1837 1612 1862 25,
1626 1837 1658 1861 9,
1671 1837 1692 1860 3.
1746 1828 1814 1853 Hinc
1833 1825 1962 1852 barbarum
1979 1823 2041 1849 tllud
2054 1824 2072 1848 Ε
2084 1824 2184 1862 Contra

1138 1873 1219 1891 ortum
1234 1866 1349 1900 viderur,
1369 1866 1396 1892 de
1409 1876 1454 1901 quo
1462 1866 1487 1902 J.
1500 1867 1517 1892 I.
1591 1864 1672 1890 Plaut.
1688 1863 1764 1890 Most.
1780 1871 1799 1891 ι,
1813 1871 1832 1894 1,
1846 1866 1874 1889 28
1900 1860 1971 1899 Nam
1987 1867 2103 1895 ecquuni
2113 1857 2183 1883 heri-

1139 1901 1191 1926 lem
1207 1901 1293 1927 filium
1307 1902 1388 1927 video
1396 1902 1559 1936 corruptum
1573 1898 1617 1926 hic
1630 1909 1660 1925 ex
1675 1898 1837 1924 adolescente
1849 1901 1962 1929 optimo.
1983 1929 1987 1934 ἰ
2034 1894 2183 1933 Corruptus

1140 1945 1172 1962 ex
1188 1945 1279 1962 amore
1304 1937 1342 1963 Id.
1357 1937 1426 1963 Afin.
1438 1945 1459 1969 ς,
1473 1946 1498 1968 2,
1512 1945 1550 1968 25.
1623 1934 1746 1968 Deligcre
1761 1941 1841 1957 vnum
1857 1940 1887 1957 ex
1902 1929 2002 1956 cunetis
2020 1929 2089 1969 Cic.
2105 1928 2137 1954 de
2151 1928 2182 1954 1..

1139 1973 1201 2005 Agr.
1218 1980 1248 2001 2,
1269 1980 1307 2003 23.
1403 1970 1543 2005 Deligendi
1562 1970 1671 2004 potestas
1690 1978 1720 1994 ex
1735 1969 1809 1993 omni
1823 1966 1923 2001 populo
1967 1964 2004 1991 Id.
2018 1963 2084 1990 ibid.
2099 1972 2128 2003 2,
2144 1972 2184 1995 23.

1138 2007 1206 2033 Ter.
1228 2007 1307 2032 Andr.
1325 2016 1353 2039 3,
1376 2016 1401 2039 ι,
1425 2015 1447 2032 ιι
1486 2005 1558 2039 Qnid
1580 2005 1647 2031 hoc?
1677 2003 1777 2030 ade-one
1796 2003 1832 2029 est
1845 2003 1957 2028 Demens
1976 2008 2007 2025 ex
2027 2000 2184 2039 peregrina?

1139 2043 1197 2069 Sen.
1215 2042 1292 2076 Epist.
1302 2048 1334 2071 80
1352 2042 1413 2068 Sine
1425 2050 1456 2068 ex
1471 2042 1634 2068 Denuntiato
1646 2039 1804 2070 videbatur,
1824 2038 1875 2063 fiue
1888 2037 2031 2075 imparatus⁸
2043 2043 2071 2060 ac
2084 2035 2184 2074 subito.

1139 2079 1177 2104 Id.
1191 2079 1243 2111 Qi.
1259 2078 1321 2104 Nat.
1338 2086 1366 2110 3,
1386 2086 1416 2110 3ο
1453 2077 1492 2103 Ad
1513 2086 1581 2111 quae
1598 2085 1652 2101 non
1670 2074 1772 2106 subito,
1799 2072 1842 2099 sed
1862 2081 1893 2098 ex
1914 2072 2080 2110 Denunciato
2099 2076 2183 2096 venit.

1140 2114 1176 2140 Ex
1193 2113 1328 2139 Destinato
1341 2112 1445 2147 aliquid
1459 2113 1546 2139 facere
1570 2113 1639 2138 Suet.
1652 2111 1736 2144 Calig.
1751 2119 1772 2135 c.
1788 2117 1828 2143 43.
1900 2108 1937 2134 Ex
1952 2116 1980 2134 ea
2006 2107 2055 2132 Die
2072 2105 2104 2132 ad
2119 2107 2184 2131 hanc

1139 2148 1210 2175 diem
1222 2157 1288 2183 quae
1301 2149 1385 2174 fecisti
1399 2149 1426 2174 in
1440 2147 1569 2174 iudiciuin
1586 2155 1655 2173 voco
1681 2146 1735 2172 Cic.
1748 2146 1842 2171 Verr.1
1857 2152 1922 2170 c.12.
1993 2142 2076 2182 Plaut.
2092 2141 2183 2167 Pseud.

1139 2192 1161 2217 ς,
1175 2193 1195 2215 1,
1210 2189 1236 2213 28
1274 2184 1335 2210 Illis'
1346 2185 1492 2210 satisfacere
1506 2183 1617 2209 minime
1631 2191 1661 2208 ex
1669 2181 1812 2215 Disciplina
1823 2179 1901 2214 quini
1913 2187 1979 2212 ego,
2001 2187 2048 2218 qui
2061 2177 2184 2203 lenonem

1139 2228 1232 2254 capere
1245 2220 1336 2246 didici.
1409 2220 1445 2246 Ex
1458 2219 1621 2246 Dissimulato
1637 2227 1691 2244 nou
1712 2218 1760 2243 effe
1775 2214 1980 2245 blandiendum,
2004 2212 2092 2239 aiebat
2112 2212 2184 2252 Plan-

1135 2264 1185 2281 *cus
1200 2256 1256 2281 Sen.
1266 2257 1318 2290 Qu.
1334 2256 1396 2282 Nat.
1406 2266 1424 2289 4
1438 2255 1520 2289 praef.
1592 2254 1657 2279 Plin.
1667 2252 1743 2287 Epist.
1759 2261 1783 2284 2,
1798 2260 1834 2284 19,
1849 2258 1865 2286 7
1898 2249 1973 2284 Apud
1983 2249 2100 2289 'Graecos
2113 2256 2185 2288 enim

1141 2291 1177 2317 est
1201 2290 1345 2325 quiddam,
1375 2292 1496 2325 quamuis
1517 2299 1549 2316 ex
1572 2290 1700 2321 Diuerso,
1731 2297 1783 2318 non
1804 2293 1893 2313 tamen
1916 2293 2028 2312 omnino
2053 2283 2183 2324 diffiniile.

1140 2327 1176 2353 Ex
1190 2327 1304 2353 Diuerso
1319 2336 1396 2360 agere
1421 2326 1551 2362 Qxinclil.
1567 2333 1588 2358 ς,
1602 2334 1639 2357 10,
1652 2327 1697 2357 64.
1769 2321 1843 2349 Idem
1857 2331 1885 2356 4,
1900 2329 1974 2363 ¹24²
1994 2320 2184 2361 'Inuidia-con-

1139 2362 1249 2388 sistentis
1260 2371 1291 2388 ex
1306 2363 1418 2389 Diuerso
1433 2362 1547 2396 patroni.
1589 2360 1656 2387 Adai.
1671 2370 1701 2393 4,
1724 2368 1750 2391 1,
1764 2367 1803 2391 29.
1911 2358 1948 2383 Ex
1967 2356 2081 2383 Diuerso
2096 2354 2185 2394 dicere

1139 2398 1211 2424 Idem
1227 2406 1256 2431 5,
1273 2407 1306 2430 ι3.
1342 2401 1371 2424 it.
1394 2398 1540 2424 Occurrere
1575 2395 1685 2430 innc‘t.
1700 2404 1742 2427 12,
1759 2403 1790 2427 9,
1805 2395 1831 2420 6.
1886 2393 1933 2420 Sed
1950 2395 2023 2432 etiam
2037 2391 2055 2416 E
2070 2390 2184 2416 Diuerso

1139 2434 1204 2460 Plin.
1220 2442 1267 2466 22,
1281 2442 1315 2460 21.
1371 2435 1401 2460 Et
1416 2444 1449 2466 4,
1464 2443 1481 2466 4
1510 2434 1527 2458 E
1542 2432 1656 2458 Diuerso
1668 2429 1853 2464 irrumpentia.
1923 2427 2082 2466 Virg3Acn.
2097 2428 2113 2451 6
2123 2445 2130 2457 ,
2150 2430 2183 2457 98

1139 2469 1256 2495 Talibus
1276 2478 1307 2495 ex
1328 2468 1405 2501 adyto
1428 2469 1513 2495 Diclis
1533 2469 1647 2494 Cumaea
1665 2466 1764 2498 Sibylla
1783 2463 1935 2491 Horrendas
1956 2467 2025 2488 canit
2052 2461 2182 2493 ambages.

1138 2505 1238 2531 Locum
1254 2505 1450 2531 vaticinationis
1464 2504 1586 2530 ostendit.
1607 2503 1722 2529 Seruius.
1793 2500 1875 2525 Plaut.
1889 2498 1954 2536 Pers.
1965 2505 1988 2528 2,
2004 2505 2025 2527 3,
2039 2504 2067 2536 ι2.
2094 2495 2183 2533 Bonus

1137 2540 1202 2567 volo
1218 2541 1269 2566 iam
1284 2549 1315 2566 ex
1330 2540 1380 2566 hoc
1391 2541 1441 2566 Die
1454 2541 1516 2571 ess‘e,
1536 2539 1606 2572 quod
1619 2546 1704 2570 neque
1719 2536 1777 2566 fiet,
1795 2542 1879 2566 neque
1896 2533 1957 2558 fuit.
2029 2532 2064 2556 hx
2085 2538 2117 2556 eo
2131 2530 2182 2556 Die

1140 2577 1196 2603 Cic.
1209 2576 1275 2601 Phil.
1289 2585 1307 2608 ι,
1323 2585 1340 2601 ι.
1412 2575 1477 2601 Pliu.
1488 2574 1564 2607 Fpill.
1575 2582 1596 2604 3,
1610 2581 1633 2603 9,
1650 2581 1673 2597 21
1693 2570 1805 2596 Memini
1820 2576 1916 2599 tamen,
1929 2575 1970 2592 me
1984 2566 2140 2605 aduocatum
2150 2574 2182 2591 ex

1139 2611 1274 2637 iudicibus
1288 2612 1386 2636 datum.
1458 2609 1605 2634 Discriinen
1620 2606 1693 2632 adire
1706 2614 1736 2631 ex
1751 2604 1871 2639 periculo
1884 2603 1995 2642 alicuine¹
2022 2602 2059 2641 ld.
2075 2603 2141 2641 ibid.
2156 2609 2183 2633 9,

1139 2655 1166 2671 22
1183 2653 1246 2670 extr.
1318 2645 1374 2670 Cic.
1391 2653 1438 2678 pro
1452 2642 1530 2669 Arch.
1545 2652 1563 2675 4
1603 2643 1672 2668 Nam
1688 2647 1715 2667 vt
1733 2641 1847 2674 primum
1867 2647 1897 2664 ex
1917 2646 2004 2671 pueris
2019 2638 2123 2676 hircesht
2136 2636 2183 2675 Ar-

1138 2680 1224 2711 chios,
1245 2685 1323 2713 atque
1344 2680 1375 2705 ab
1396 2679 1435 2704 his
1454 2678 1565 2709 artibus,
1579 2677 1676 2712 quibus
1689 2683 1758 2709 aetem
1773 2675 1881 2713 puerilis
1895 2674 1927 2699 ad
1938 2673 2128 2698 humanitatem
2145 2681 2183 2697 in-

1139 2715 1251 2741 formari
1267 2714 1344 2746 solet,
1365 2714 1381 2740 li
1396 2714 1427 2740 ad
1442 2713 1573 2740 scribendi
1585 2713 1700 2739 studium
1714 2712 1738 2737 se
1753 2710 1875 2736 contulit.
1930 2709 1971 2735 Si«.-
1985 2712 2057 2734 enarr
2068 2728 2075 2739 ,
2095 2707 2184 2733 Exces-

1139 2750 1168 2776 sit
1185 2759 1216 2776 ex
1231 2750 1356 2784 ephebis,
1377 2750 1445 2775 dixit
1458 2750 1526 2776 Ter.
1542 2748 1621 2775 Andr.
1632 2756 1651 2779 1,
1666 2755 1684 2777 1,
1698 2755 1742 2779 24.
1813 2745 1869 2771 Cic.
1881 2745 1951 2770 Fani.
1967 2753 1989 2776 ς,
2005 2749 2017 2772 8
2047 2742 2183 2782 Qianiob-
2208 2772 2211 2775 ¹

1138 2792 1240 2815 renim,
1256 2792 1381 2819 quantum
1396 2791 1443 2811 tuo
1459 2785 1562 2810 iudicio
1576 2782 1745 2809 tribuendum
1759 2781 1806 2807 esse
1819 2780 1896 2806 nobis
1910 2785 1993 2814 putcS,
2007 2779 2099 2804 statues
2115 2779 2183 2812 ipse:

1139 2828 1181 2853 et,
1203 2828 1231 2847 vt
1247 2822 1338 2855 spero,
1359 2821 1451 2846 statues
1464 2829 1495 2846 ex
1508 2820 1595 2846 nostra
1610 2819 1759 2852 Dignitate,
1780 2816 1956 2852 i.sccundum;
1976 2817 2016 2841 uel
2025 2821 2102 2849 prout
2113 2814 2184 2839 nabis

1139 2857 1240 2892 dzgnum
1254 2855 1294 2889 cst.
1368 2856 1427 2882 Liu.
1440 2865 1489 2888 42,
1526 2875 1532 2881 .
1572 2875 1578 2881 .
1615 2855 1680 2881 Non
1694 2859 1747 2880 tam
1767 2853 1794 2879 in
1814 2853 1907 2886 pignus
1921 2850 1983 2876 fidei
2002 2849 2103 2889 obsides
2120 2848 2182 2889 dcii3

1139 2892 1223 2918 dei-ati
1237 2898 1325 2923 erant,
1345 2901 1424 2926 quain
1439 2899 1466 2918 vt
1480 2897 1614 2925 appareret
1627 2890 1720 2921 sociis,
1745 2896 1910 2922 nequaquam
1927 2895 1958 2912 ex
1977 2886 2112 2925 Dignittate
2127 2893 2182 2918 pari

1139 2928 1264 2962 congredi
1277 2936 1366 2961 regem
1380 2936 1438 2953 cum
1453 2927 1552 2961 legatis.
1624 2926 1659 2951 Ex
1674 2925 1784 2952 Diuitiis
1802 2924 1967 2950 iuuentutem
1987 2922 2091 2947 luxuria
2104 2927 2183 2954 atque

1140 2963 1253 2990 auaritia
1286 2979 1331 2983 —
1358 2964 1476 2989 inuasere
1511 2962 1570 2988 Sall.
1586 2961 1663 2988 Catil.
1679 2969 1714 2987 12.
1751 2961 1853 2995 Causam
1873 2966 1895 2984 et
1916 2957 2082 2992 SnccejJJionem
2104 2962 2182 2982 norat.

1139 3000 1195 3025 Cic.
1210 2999 1259 3026 Fil.
1273 2999 1345 3025 Fam.
1355 3001 1392 3030 16,
1409 3007 1433 3025 :1
1459 2998 1572 3032 Qiando
1587 2998 1670 3031 igitur
1683 2996 1738 3023 tuin
1753 3004 1785 3021 ex
1799 3003 1840 3021 me
1855 2993 1985 3023 Doluisti,
2012 3001 2080 3018 nunc
2095 3000 2124 3017 vt
2135 2991 2182 3016 du-

1139 3035 1252 3069 plicetur
1266 3041 1339 3060 tuum
1355 3043 1385 3060 ex
1398 3043 1441 3060 uie
1456 3033 1580 3068 gaudium
1590 3053 1598 3064 ,
1617 3031 1761 3067 praestabo.
1834 3029 2059 3070 Plaut.Most.5,1,
2073 3034 2090 3060 7
2113 3026 2181 3052 Post-

1139 3080 1218 3105 quam
1232 3079 1263 3096 ex
1278 3070 1415 3096 obfidione
1426 3070 1453 3096 in
1467 3076 1554 3096 tutum
1568 3068 1653 3095 Eduxi
1666 3067 1841 3101 manipulares
1856 3073 1936 3091 meOS.
2008 3063 2075 3102 Ter.
2085 3062 2148 3087 Hec.
2157 3070 2181 3092 3,

1141 3115 1165 3135 ι,
1187 3114 1215 3138 19
1247 3106 1323 3132 Tum
1337 3113 1448 3132 matrem
1466 3115 1497 3132 ex
1511 3105 1547 3131 Ea'
1559 3114 1604 3137 re,
1628 3113 1670 3130 me
1685 3110 1730 3130 aut
1742 3111 1852 3128 vxorem
1867 3102 1894 3126 in
1912 3098 1986 3132 culpa
2006 3105 2181 3136 inuenturum

1140 3142 1265 3169 arbitror.
1303 3145 1321 3167 i.
1340 3142 1368 3168 ob
1383 3151 1434 3167 eam
1450 3151 1509 3168 rem.
1592 3140 1684 3167 Tacit.
1700 3140 1766 3165 Arm.
1786 3146 1828 3169 12,
1847 3144 1864 3170 7
1888 3135 1968 3161 Versa
1981 3142 2011 3159 ex
2025 3134 2061 3159 Eo
2076 3138 2179 3171 ciuitas,

1138 3181 1187 3203 int.
1202 3184 1317 3212 tfmpore-
1390 3178 1530 3204 Cic.Verr.
1540 3185 1561 3208 1,
1575 3185 1601 3209 33
1628 3177 1664 3202 Ex
1677 3176 1712 3201 Ea
1724 3174 1774 3200 Die
1791 3172 1822 3198 ad
1835 3172 1899 3211 hane
1913 3170 1984 3196 diem
1999 3178 2065 3203 quae
2077 3166 2180 3208 fecisti,

1138 3213 1167 3239 in
1182 3213 1312 3238 iudicium
1324 3221 1403 3239 voco.
1499 3212 1537 3239 Id.
1552 3221 1600 3246 pro
1613 3212 1707 3245 Qiint.
1722 3218 1763 3236 22.
1793 3215 1816 3234 ct
1829 3207 1942 3240 Philipp.
1957 3214 2005 3245 l’.¹
2038 3205 2073 3229 Ex
2086 3204 2122 3242 Eo
2135 3202 2179 3228 dle

1139 3258 1193 3282 quo
1210 3249 1238 3274 in
1252 3248 1342 3274 aedem
1356 3248 1479 3274 Telluris
1492 3249 1630 3274 conuocati
1644 3248 1738 3273 sumus.
1810 3243 1848 3270 Id.
1862 3242 1894 3268 de
1908 3243 2013 3268 Amicit.
2023 3242 2057 3273 46
2090 3238 2178 3279 tho

1138 3284 1242 3316 fieri,vt
1257 3284 1430 3310 mulierculae
1444 3284 1527 3318 inagis
1541 3283 1717 3310 amicitiarum
1732 3279 1856 3315 praesidia
1870 3282 1995 3312 quaerant
2014 3283 2091 3309 quam
2108 3283 2178 3315 wiri,

1139 3327 1183 3346 etc.
1251 3319 1289 3346 Id.
1308 3321 1384 3346 Verr.
1400 3329 1409 3346 1
1444 3320 1530 3346 Multa
1544 3320 1601 3344 sunt
1620 3327 1651 3344 ex
1665 3316 1764 3343 Eodem
1785 3324 1897 3350 genere,
1921 3317 1938 3338 ι’.
1952 3311 2055 3337 eiusdem
2069 3318 2177 3345 generis.

1139 3357 1182 3381 Sic
1196 3356 1306 3382 Caetera
1319 3355 1350 3381 de
1365 3364 1459 3390 genere
1472 3355 1521 3381 hoc
1543 3356 1609 3380 Hor.
1618 3355 1667 3380 Sat.
1678 3362 1695 3381 ι,
1707 3362 1724 3381 ι,
1734 3361 1766 3384 ι3.
1833 3350 1869 3376 Id.
1880 3351 1915 3382 Q.
1926 3349 1994 3388 Frsst-
2011 3355 2032 3377 ὃν
2051 3354 2058 3370 ¹
2085 3346 2178 3377 Qfflm

1137 3392 1248 3418 Romam
1264 3400 1295 3418 ex
1303 3392 1424 3425 Arpinati
1438 3391 1609 3422 reuerfiffem,
1630 3388 1731 3415 ditium
1746 3386 1814 3413 inihi
1832 3386 1877 3417 est,
1897 3381 2094 3423 Hippodamum
2107 3380 2178 3420 ati-te

1139 3427 1289 3461 profectum
1304 3428 1366 3453 esse:
1401 3436 1455 3453 non
1470 3427 1568 3460 possum
1588 3425 1702 3451 scribere
1720 3432 1763 3449 ine
1782 3423 1906 3461 miratum
1922 3420 1969 3444 esse
1983 3416 2059 3456 illum
2073 3423 2126 3454 tam
2139 3424 2178 3456 in-

1139 3463 1290 3489 humaniter
1305 3463 1409 3495 fecisse,
1426 3469 1454 3488 vt
1469 3462 1520 3488 fine
1533 3462 1599 3489 meis
1611 3461 1694 3487 literis
1709 3458 1740 3485 ad
1749 3466 1773 3484 te
1787 3455 2008 3496 proficisceretur:
2042 3452 2110 3478 illud
2118 3452 2178 3477 scri-

1138 3499 1189 3530 bo,
1208 3498 1422 3524 mihimolestum
1436 3498 1524 3524 fuisse:
1561 3498 1614 3523 iam
1636 3497 1706 3523 enim
1727 3495 1772 3520 diu
1798 3497 1974 3530 cogi—tauerani
1992 3496 2023 3514 ex
2044 3488 2091 3519 Eo,
2105 3487 2178 3527 quod

1141 3541 1170 3560 tu
1185 3534 1216 3560 ad
1229 3543 1272 3560 me
1283 3534 1417 3568 scripseras
1427 3554 1434 3566 ,
1454 3540 1481 3560 vt
1490 3534 1506 3560 fi
1517 3533 1581 3568 quid
1596 3533 1663 3564 essct,
1679 3530 1748 3565 quod
1757 3528 1787 3554 ad
1801 3535 1826 3553 te
1839 3526 1991 3559 diligentius
2005 3523 2179 3563 perfert-ivelt

1141 3570 1252 3600 lem,illi
1266 3569 1364 3596 darem.
1435 3570 1471 3596 Ex
1480 3570 1553 3604 Equo
1567 3576 1682 3603 pugnare
1701 3565 1766 3591 Plin.
1775 3572 1802 3597 7,
1810 3564 1848 3594 56.
1922 3561 1958 3586 Ex
1971 3560 2051 3594 Equis
2060 3558 2180 3599 colloqui

1140 3606 1211 3631 caes-
1221 3606 1289 3632 KG·
1301 3614 1320 3638 ¹,
1333 3614 1374 3637 43-
1481 3606 1533 3631 Effe
1547 3605 1614 3631 Ter.
1631 3604 1694 3629 Hec.
1709 3609 1736 3632 ς,
1752 3608 1778 3631 3,
1792 3607 1827 3630 42
1861 3595 1945 3623 Multa
1959 3604 1990 3621 ex
2009 3603 2062 3629 quo
2071 3595 2180 3621 Fuerint

1141 3640 1298 3672 commoda,
1323 3641 1379 3667 eius
1393 3640 1563 3666 incommoda
1583 3646 1694 3671 aequum
1709 3635 1745 3661 est
1763 3635 1842 3659 ferre.
1885 3670 1889 3675 ⁸
1932 3630 2018 3658 Euafit
2049 3639 2080 3656 ex
2112 3639 2181 3664 aqua

1140 3676 1222 3702 Plaut.
1243 3675 1311 3701 Rud.
1332 3685 1359 3708 ι,
1379 3684 1407 3708 2,
1427 3680 1466 3706 86.
1562 3676 1596 3700 Ex
1611 3675 1711 3699 Euentu
1731 3678 1837 3701 rerum,
1878 3678 1897 3694 ι.
1919 3667 2050 3694 Secundum
2064 3673 2181 3692 euentum.

1142 3712 1234 3737 Tacit.
1245 3711 1311 3737 Ann.
1319 3720 1348 3744 4,
1361 3720 1372 3743 3
1400 3713 1437 3737 Ita
1452 3710 1608 3744 compositus
1621 3715 1648 3733 vt
1661 3715 1692 3732 ex
1707 3707 1808 3731 Euentu
1820 3713 1909 3731 rerum
1924 3702 2031 3729 aduersa
2044 3702 2180 3741 abnueret.

1142 3745 1248 3772 Exccffit
1274 3755 1305 3773 ex
1325 3746 1434 3781 ephebis
1474 3747 1540 3772 Ter.
1566 3743 1646 3769 Andr.
1669 3751 1696 3774 1,
1718 3749 1741 3770 1,
1760 3749 1804 3773 24.
1911 3739 2036 3773 Excipere
2057 3736 2127 3763 aliud
2149 3744 2182 3761 ex

1141 3782 1263 3808 oratione
1276 3783 1383 3809 alterius
1395 3790 1472 3816 atque
1487 3781 1529 3806 ille
1545 3780 1602 3805 vult
1627 3777 1665 3804 Id.
1680 3778 1711 3803 de
1726 3778 1800 3815 Orat.
1813 3784 1844 3807 2,
1859 3782 1911 3809 137.
2014 3773 2054 3813 id.
2068 3773 2138 3812 [fani.
2153 3781 2181 3803 4,

1145 3827 1153 3843 1
1177 3818 1288 3852 Siquein
1303 3824 1409 3844 tuorum
1425 3817 1542 3843 fidelium
1557 3815 1645 3846 voles,
1664 3812 1695 3840 ad
1708 3822 1752 3839 ine
1766 3817 1867 3838 mittas:
1903 3818 1936 3836 ne
1947 3814 1993 3835 aut
2006 3808 2054 3834 tibi
2066 3809 2141 3833 hxire
2150 3813 2181 3830 ex

1143 3853 1208 3880 vrbe
1223 3855 1318 3879 necesze
1334 3853 1379 3884 fit,
1398 3860 1441 3879 aut
1454 3851 1519 3878 mihi
1533 3850 1662 3876 accedere.
1734 3848 1771 3874 ld.
1787 3849 1902 3886 Verr.-2,
1915 3854 1952 3877 ιι3
1987 3846 2048 3876 Qio
2063 3849 2182 3882 tempore

1144 3889 1230 3915 omnis
1246 3889 1289 3914 illa
1305 3898 1361 3915 inea
1375 3888 1508 3914 festinatio
1523 3886 1576 3912 fuit
1589 3895 1646 3911 cum
1660 3884 1778 3919 periculo
1793 3883 1895 3921 capit-m,
1913 3880 1948 3907 ob
1962 3882 2135 3906 eaincaulam,
2148 3884 2182 3901 ne

1143 3930 1172 3951 tu
1187 3933 1218 3950 ex
1231 3924 1282 3950 reis
1297 3924 1464 3953 Eximerere,
1486 3921 1502 3947 li
1517 3931 1565 3956 ego
1578 3930 1631 3947 non
1645 3920 1782 3947 adfuissem
1796 3920 1827 3944 ad
1843 3917 1930 3949 diem,
1959 3919 1975 3940 i.
1994 3924 2021 3953 esf
2035 3921 2131 3938 numero
2145 3920 2181 3936 eo-

1141 3970 1204 3989 rum,
1219 3962 1261 3995 qui
1272 3962 1321 3985 iam
1335 3958 1463 3994 accusandi
1474 3956 1559 3990 essim,
1585 3967 1683 3993 quorum
1698 3959 1796 3981 nomina
1808 3959 1918 3987 recepta.
1933 3985 1939 3990 ¹
1985 3949 2100 3974 Cic-AU-
2115 3953 2181 3985 72²5

1143 3996 1221 4023 Diem
1235 4003 1266 4021 ex
1280 3994 1322 4056 dli?
1336 3994 1531 4056 {xi'petssabann
1545 3999 1573 4020 vt
1585 3994 1725 4020 statuerem
1739 3990 1803 4025 quid
1816 3990 1876 4016 esset
1889 3984 2047 4013 faciendum.
2080 3982 2181 4051 penga-

1382 4038 1394 4055 t

2099 228 2174 265 442
