2479 4225
261 161 332 204 587
650 147 682 187 F
769 149 809 186 A
896 141 930 180 C

262 243 303 268 ria
316 240 439 268 Memini.
543 238 627 265 Plaut.
641 237 720 263 Curc.
734 243 755 268 5,
769 243 794 265 2,
807 239 838 266 57
862 229 934 256 Tam
946 228 1024 254 facile
1038 228 1114 255 Noui
1123 246 1131 259 ,
1152 234 1230 265 quain
1249 233 1299 250 me.

262 278 344 304 Plaut.
364 276 431 302 Asin.
453 283 480 306 3,
500 282 531 305 3,
550 276 594 306 136
634 273 730 298 Animo
753 270 783 295 fis
803 268 888 305 bono3
912 264 990 290 facile
1008 269 1127 299 exoptata
1148 261 1303 293 Obtingent.

264 313 319 339 Pati
332 311 408 337 facile
422 309 553 336 dicentem
569 309 600 335 de
612 309 698 341 aliqua
712 314 740 332 re
753 310 838 329 errare
857 301 914 326 Cic,
934 300 1017 326 Tusc.
1039 309 1064 331 1,
1085 304 1119 328 81.
1232 296 1301 336 Ter.

265 347 346 375 Andr.
362 355 382 378 1,
399 355 424 378 2,
432 354 462 377 32
475 344 531 371 Vbi
544 345 584 370 vis
598 343 700 371 facilius
714 339 794 365 Passus
808 336 869 366 sim,
884 344 963 370 quani
976 336 1004 362 in
1018 335 1064 361 hac
1076 343 1105 360 re
1119 340 1160 358 nie
1174 331 1302 357 deludier.

266 383 322 409 Cic.
337 390 386 415 pro
401 382 474 407 Rosc.
488 380 576 407 Amet.
592 382 621 412 56
642 379 728 409 Quare
743 372 819 398 facile
832 380 923 397 omncs
944 371 1058 404 patimur
1079 377 1158 404 quam
1173 367 1302 402 plurimos

266 418 443 449 accusatores,
464 423 510 442 etc.
613 410 713 444 Perpeti
733 412 911 442 paupertatem
936 407 1004 442 Nep.
1023 413 1055 439 ις,
1074 413 1152 444 3,4..
1174 438 1179 443 ⁴
1242 403 1301 442 P-er-

267 452 376 480 suadere
395 452 500 479 facilius
518 448 597 476 alicui
614 444 715 479 aliquid
740 443 813 469 Caes.
827 442 855 468 Β.
871 443 902 468 G.
912 451 931 474 1,
940 451 961 468 2.
1069 440 1200 473 Perspicio
1214 438 1301 470 facile,

268 498 323 524 quo
336 488 453 514 intendat
465 487 564 513 animus
583 483 636 508 Cic.
651 481 725 505 Verr.
742 478 799 504 ΑΘ(-
817 487 837 510 i,
851 486 886 504 io.
992 476 1135 503 Peruenit-c
1154 474 1259 501 facilius
1277 479 1303 500 et

267 523 414 559 procliuius
427 523 457 549 ad
472 519 573 547 laudeni
586 514 734 541 nobilitatis
757 514 813 539 Cic.
827 519 912 548 anteq.
927 513 978 539 iret
992 513 1018 538 111
1032 511 1091 538 exii.
1107 519 1140 542 13.
1234 509 1303 535 Ter.

269 561 340 626 ἓξὲξ
348 567 447 621 aetztaifi²
454 589 529 616 facile
536 585 636 612 vietum
644 586 788 618 Quaerere,
804 584 843 610 ibi
852 584 934 611 homo
948 584 1035 618 coepit
1047 592 1090 608 me
1105 581 1252 612 obsecrare,
1259 587 1305 606 etc.

271 631 410 666 Reperitur
423 625 498 653 facile
518 622 582 648 Plin.
597 628 623 655 7,
641 628 672 654 15.
726 620 862 654 Spectatur
875 620 1003 646 facillime
1017 619 1114 645 mulier
1135 616 1216 643 Plaut.
1226 615 1305 642 Stich.

271 676 292 699 1,
305 676 330 698 2,
344 674 382 698 59.
458 659 524 685 Ter.
540 658 603 683 Hec.
617 664 692 689 5,1,9
711 656 757 682 Ne
767 664 864 682 nomen
877 655 946 682 1111111
959 655 1076 690 quaestus
1089 653 1173 680 obstet
1186 651 1252 686 apud
1267 657 1305 677 te:

269 711 330 729 nam
342 705 425 724 mores
441 694 518 720 facile
529 693 629 719 Tutor.
737 692 793 717 Cic.
810 691 842 717 de
853 691 961 717 Amicit.
976 693 1011 723 96
1032 690 1138 716 Tamen
1154 688 1225 714 illius
1244 696 1306 712 ven-

269 736 377 763 dibilem
390 731 538 758 orationem
551 728 649 762 religio
664 725 774 753 deorum
798 727 990 753 immortalium
1007 725 1085 751 nobis
1104 722 1308 750 defendentibus
1335 730 1360 756 15
1370 723 1545 757 plicabuntur.

599 763 713 789 Vincere
732 761 808 788 facile
820 762 936 797 aliquem
950 762 1039 796 aliqua
1052 770 1081 787 re
1114 761 1170 787 Cic.
1185 759 1216 785 de
1230 759 1305 784 Orat.

962 803 988 823 C.
1007 797 1087 823 soleo.
1125 804 1185 821 nam
1200 800 1306 829 propter

270 770 344 798 facilc
359 766 495 794 Vincebat.

268 815 290 838 3,
303 813 346 837 40.
443 801 524 826 Plaut.
538 800 614 826 Cure.
629 806 650 831 5,
664 806 686 830 2,
695 800 710 824 6
731 798 821 831 Nugas
833 799 924 832 garris.

267 849 308 866 eas
323 839 393 864 Viuo
407 836 519 862 facilius.
553 834 628 869 Coris.
644 833 719 868 Epid.
734 842 757 864 2,
772 842 797 865 z,
812 842 852 867 59.
926 833 1042 859 Vsurum
1056 833 1081 858 se
1095 831 1172 858 facile
1186 829 1305 856 Antonio

267 884 298 901 ex
310 873 446 899 voluntate
467 869 566 897 Sallust.
581 869 660 896 Catil.
674 877 716 903 27.
731 878 754 894 a.
952 865 972 904 q
993 876 1005 894 2
1022 868 1139 904 Obstrua.
1177 865 1305 893 Interdum

267 909 353 937 Facile
365 907 399 934 ad
411 910 488 933 animi
501 905 623 942 quandam
637 904 842 940 tranquillitatem
858 910 882 929 et
894 902 1035 939 dvrdfnaozv
1047 903 1173 939 refertur,
1189 905 1231 937 qui
1244 901 1309 926 mhil
1315 910 1350 928 20

265 946 371 979 amplius
388 942 512 976 diffideret.
550 941 606 967 Cic.
621 941 673 967 Att.
691 949 729 972 12,
744 948 776 973 34
785 947 829 975 pr.
850 940 904 973 Ego
917 939 961 965 hic
974 939 1015 965 vel
1029 939 1081 965 sine
1095 939 1166 965 Sicca
1179 936 1307 963 facillime

285 981 362 1006 osfem
376 979 438 1008 esse,
457 984 485 1004 vt
499 977 527 1003 in
540 977 625 1003 malis.
732 977 763 1001 Et
776 984 816 1007 13,
829 983 859 1006 39
884 976 955 1008 Ego,
975 982 1003 1001 vt
1017 980 1118 1009 tempus
1130 974 1165 999 est
1178 972 1306 1003 nostrum,

277 1024 353 1042 ocum
379 1013 463 1040 habeo
485 1012 604 1044 nullum,
623 1011 669 1038 vbi
688 1010 793 1037 facilius
814 1011 862 1037 esse
880 1010 985 1044 poslim,
1005 1019 1083 1044 quam
1097 1010 1224 1036 Asturae:
1263 1007 1306 1033 sed

265 1052 328 1086 quia
342 1051 390 1085 qui
403 1058 506 1075 mecum
520 1049 593 1080 sunt,
612 1054 657 1073 etc.
677 1047 701 1073 h.
715 1056 734 1072 e.
749 1047 883 1073 Libentius.
975 1045 1048 1072 Idem
1062 1047 1133 1072 Fam.
1149 1055 1174 1077 2,
1189 1052 1213 1077 15
1227 1042 1307 1077 Quod

265 1092 353 1113 autem
375 1086 402 1111 in
427 1084 568 1110 maritimis
590 1083 716 1109 facillime
737 1083 811 1115 sum,
837 1090 935 1107 moueo
962 1082 1099 1108 nonnullis
1121 1081 1344 1115 suspicionem‚25

265 1122 334 1148 velle
347 1130 388 1147 me
402 1121 535 1153 nauigare.
611 1118 668 1145 Vid.
683 1118 778 1144 Graeu.
792 1117 825 1144 ad
838 1118 893 1143 Cic.
908 1118 978 1144 Fam.
992 1126 1011 1148 3,
1027 1126 1064 1143 12.
1144 1118 1175 1143 Et
1188 1116 1218 1142 de
1231 1116 1306 1141 Orat.

265 1166 289 1190 2,
304 1160 348 1189 346
368 1155 513 1183 Gratissima
533 1159 622 1180 autem
643 1154 697 1180 laus
717 1162 810 1180 eorum
825 1152 955 1179 factorum
968 1152 1095 1185 habetur,
1116 1161 1181 1187 quae
1195 1152 1308 1185 suscepta
1328 1153 1333 1156 '

266 1193 393 1220 videntur
413 1201 425 1217 a
444 1191 511 1217 viris
531 1189 648 1216 fortibus
667 1189 720 1215 sine
739 1189 921 1215 emolumento
942 1197 970 1214 ac
986 1189 1125 1222 praemio:
1160 1196 1226 1222 quae
1240 1195 1306 1212 vero

266 1229 346 1255 etiam
361 1237 418 1254 cum
433 1226 522 1252 labore
534 1232 559 1252 et
573 1225 693 1260 periculo
707 1225 841 1259 ipsorum,
861 1223 924 1250 haec
937 1223 1033 1250 habent
1053 1223 1215 1250 vberrimam
1235 1221 1306 1256 copi-

265 1273 308 1291 am
320 1263 350 1289 ad
367 1261 541 1294 laudandum,
560 1261 631 1296 quod
644 1267 668 1287 et
683 1260 736 1286 dici
750 1259 909 1286 ornatissime
928 1261 1044 1294 possunt,
1064 1266 1089 1285 et
1103 1258 1190 1285 audiri
1212 1258 1305 1283 facilli·
1314 1269 1346 1293 30

266 1309 318 1326 me.
432 1299 500 1325 Ter.
515 1298 611 1323 Heaut.
626 1305 648 1329 5,
663 1304 684 1328 5,
700 1298 728 1322 16
754 1296 838 1322 Gnate
851 1296 905 1328 mi,
923 1305 972 1330 ego
987 1296 1030 1330 pol
1046 1295 1097 1321 tibi
1110 1295 1179 1321 dabo
1193 1293 1308 1328 puellam

265 1334 380 1369 lepidam
390 1354 398 1366 ,
415 1343 494 1368 quam
506 1340 534 1359 tu
547 1332 625 1358 facile
638 1341 715 1358 ames.
788 1331 890 1362 Facile,
909 1338 937 1356 vt
951 1334 1034 1367 inquit
1049 1332 1180 1361 Donatus,
1190 1329 1308 1363 aliquan-

264 1371 300 1398 do
315 1370 480 1396 Aduerbium
492 1368 671 1395 confirmantis
686 1367 737 1399 cst,
758 1367 776 1393 i.
787 1376 810 1393 e.
830 1367 948 1401 Liquido
961 1372 987 1393 ct
1008 1365 1164 1398 manifesto,
1183 1364 1216 1391 ad
1237 1365 1307 1390 Ter.

265 1406 346 1433 Andr.
361 1415 389 1438 4,
400 1414 421 1437 3,
435 1413 447 1438 5
465 1405 552 1431 Facile
567 1403 609 1429 hic
621 1404 679 1438 plus
693 1403 755 1429 mali
769 1402 819 1435 est,
840 1411 919 1437 quam
938 1402 994 1428 illic
1011 1402 1087 1428 boni.
1157 1400 1240 1427 Addit
1255 1400 1307 1426 Do-

264 1448 355 1474 natus,
374 1442 482 1467 Veteres
496 1439 618 1466 dicebant
634 1440 714 1465 Facile
728 1438 776 1473 pr‘o
790 1444 870 1464 certo.
948 1439 980 1463 Vt
996 1438 1092 1464 Cicero
1106 1436 1180 1463 Illius
1193 1436 1343 1474 ciuitatis33

264 1477 341 1504 facile
354 1476 484 1511 princeps.
520 1476 630 1510 Respicit
641 1475 674 1500 ad
687 1475 741 1500 Cic.
755 1475 826 1500 Fam.
839 1476 865 1506 6,
882 1482 910 1499 10
930 1473 1004 1499 Illius
1018 1473 1133 1499 ciuitatis
1147 1472 1224 1498 facile
1238 1472 1308 1506 prin-

439 1514 479 1540 Sic
491 1511 613 1537 Eudoxus
628 1510 656 1536 in
669 1509 809 1543 astrologia
822 1509 898 1535 facile
912 1509 1030 1543 princeps
1052 1509 1107 1535 Cic.
1117 1507 1150 1533 de
1163 1508 1281 1534 Diuinat.
1296 1516 1309 1534 2

417 1548 490 1573 Idem
505 1555 553 1581 pro
566 1545 657 1572 Rabir.
672 1545 737 1571 Post.
753 1553 780 1578 25
796 1554 816 1570 c.
831 1553 848 1576 9
866 1544 963 1570 Virum
978 1553 1060 1570 vnum
1078 1543 1160 1570 totius
1181 1542 1308 1570 Graeciae

780 1579 911 1613 Quinc’til.
934 1580 963 1606 de
977 1582 1061 1615 Eurip.
1087 1589 1123 1610 10,
1137 1588 1157 1611 1,
1171 1582 1202 1608 36
1222 1578 1308 1604 Facile

265 1522 333 1548 cept.

265 1557 287 1575 c.
302 1557 346 1580 42.

266 1584 344 1610 facile
367 1582 540 1609 doctissimum
566 1582 708 1608 Platonem.

267 1618 432 1654 praecipuus.
537 1617 618 1643 Plaut.
632 1617 699 1642 Pers.
713 1624 735 1648 5,
749 1625 798 1648 2,2
815 1616 871 1648 Qu
885 1616 958 1648 sunt,
979 1616 1026 1650 qui
1039 1621 1115 1642 erunt
1151 1629 1196 1635 —
1233 1614 1308 1640 Solus
1316 1625 1352 1650 40

265 1663 315 1688 ego
329 1653 453 1680 omnibus
465 1652 570 1679 antideo
577 1651 663 1678 Facile
677 1651 839 1677 miserrimus
852 1651 990 1677 hominum
1005 1658 1033 1677 vt
1047 1652 1148 1678 vinam.
1219 1650 1307 1676 Facile

267 1689 383 1724 optimus
397 1690 542 1722 Imperator
555 1688 621 1713 Cato
647 1686 703 1712 Cic.
718 1686 749 1712 de
764 1687 837 1712 Orat.
852 1695 874 1718 3,
887 1696 932 1720 40.
1049 1687 1161 1721 Compar.
1193 1686 1308 1712 Facilius

266 1724 385 1752 Scribon.
400 1729 453 1758 178.
525 1722 636 1749 Facilius
651 1722 710 1747 aliis
722 1720 920 1747 medicamentis
943 1721 980 1747 Id.
996 1729 1051 1755 217.

301 1766 318 1786 Ρ
327 1767 349 1786 Α
359 1765 376 1785 C
387 1767 396 1785 1
407 1767 422 1785 L
432 1767 441 1785 1
451 1765 472 1784 'r
481 1766 498 1785 E
507 1765 536 1784 R.
572 1758 638 1784 Adu.
655 1766 684 1783 ex
697 1765 743 1791 quo
757 1755 789 1788 est
804 1754 965 1782 Difficiliter.
1002 1757 1110 1782 Vitruu.
1124 1764 1142 1785 1,
1157 1763 1166 1780 1
1181 1761 1245 1780 extr.
1259 1756 1309 1780 Ita-

264 1804 316 1829 que
330 1795 444 1820 facilitci·
457 1799 547 1819 contra
558 1802 600 1819 eas
612 1792 761 1826 disciplinas
774 1791 903 1825 disputare
916 1792 1027 1825 possunt.
1134 1790 1206 1815 Idem
1219 1798 1243 1819 2,
1261 1798 1269 1815 1
1285 1795 1347 1823 et45

259 1831 369 1866 μωρίας.
405 1828 536 1861 Qxinctil.
551 1836 572 1860 1,
584 1831 610 1860 6,
625 1836 654 1862 17
672 1827 812 1853 Inhaerent
830 1832 918 1853 tamen
935 1826 1044 1861 quidam
1059 1825 1234 1852 molcstissima
1249 1823 1309 1849 dili-

264 1865 368 1899 gentiae
381 1863 549 1898 peruersitate
582 1877 627 1882 —
662 1863 712 1888 His
725 1863 906 1896 permittamus
926 1868 953 1888 et
988 1877 1034 1882 —
1071 1862 1191 1888 faciliter
1210 1859 1308 1886 dicere.

269 1899 329 1929 Vid.
344 1901 429 1926 Burm.
444 1905 467 1924 et
481 1897 596 1924 Bon-ich.
615 1897 716 1922 Vindic.
727 1903 754 1930 p.
769 1901 810 1930 69.
854 1918 857 1922 .

301 1942 316 1962 F
326 1943 346 1962 Α
356 1941 372 1961 C
381 1942 401 1960 V
413 1941 429 1960 1.
438 1953 446 1966 ,
466 1940 489 1959 et
511 1939 526 1959 F
536 1939 556 1958 A
569 1938 586 1958 C
599 1939 618 1957 V
629 1937 645 1956 1.
655 1937 676 1956 Τ
686 1938 701 1957 Ε
711 1937 739 1956 R.
774 1930 887 1964 Antiqui
901 1930 992 1956 dixere
1006 1939 1054 1963 pro
1063 1929 1167 1960 Facile,
1187 1928 1256 1953 vnde
1271 1928 1311 1953 vi-

264 1970 360 1997 dentur
372 1969 441 1996 dicta
457 1968 573 1995 Facultas
587 1972 612 1993 et
624 1964 792 1997 Difficultas3
826 1964 870 1991 sed
890 1965 991 1999 postea,
1007 1964 1129 1990 Facilitas
1148 1971 1254 1988 morum
1274 1962 1348 1998 fil-50

265 2007 306 2033 &a
319 2006 370 2038 est,
387 2004 502 2031 Facultas
520 2012 619 2029 reruni.
640 2002 737 2029 chluS.
802 2001 898 2026 Vtrum
913 2000 942 2026 sit
957 2008 1078 2033 magnum
1093 2008 1124 2025 an
1139 1997 1311 2032 paruuiiusfa-

265 2042 305 2069 cul
328 2051 360 2068 an
374 2039 482 2067 difficul.
501 2040 595 2065 Varro.
667 2036 745 2063 Haud
758 2036 827 2062 facul
843 2037 898 2067 (ait
912 2037 1057 2066 Pacuuius)
1077 2034 1176 2060 femina
1189 2033 1309 2059 inuenie-

265 2084 309 2104 tui·
321 2077 398 2104 bona.
469 2075 564 2101 Accius
578 2073 727 2107 Meleagro,
748 2072 808 2098 Erat
820 2071 901 2098 virile
914 2070 999 2097 isthuc
1019 2072 1089 2096 ferre
1103 2069 1240 2095 aduersam
1253 2068 1309 2094 for-

265 2120 355 2140 tunam
369 2111 445 2138 facul.
516 2109 600 2136 Lucil.
636 2109 744 2135 Peccare
758 2107 866 2140 impune
881 2107 930 2133 rati
944 2107 1001 2132 sunt
1020 2106 1106 2136 Posse,
1125 2110 1151 2130 et
1168 2103 1310 2130 nobilitate

265 2148 334 2175 facul
347 2146 494 2182 propellere
507 2146 624 2180 iniquoS.
695 2145 763 2170 Haec
779 2143 853 2169 Non.
867 2150 895 2174 2,
910 2149 958 2173 331.
1316 2150 1344 2176 55

302 2181 543 2213 FAclLi'TAS,
573 2180 631 2207 fitis.
661 2179 680 2205 f.
717 2177 862 2213 [εὗχέραα,
891 2176 1007 2210 ainakla]
1043 2175 1119 2202 Illius
1142 2174 1178 2200 est
1198 2174 1310 2209 (inquit

266 2220 402 2250 Donatus)
419 2218 465 2252 qui
478 2217 532 2243 cito
546 2216 613 2242 iram
630 2214 755 2249 deponit,
774 2222 868 2248 nempe
880 2211 1051 2240 Placabilitas.
1124 2211 1155 2236 Et
1169 2208 1237 2235 modo
1251 2218 1308 2235 uoce

269 2261 333 2281 FAC
342 2260 385 2279 VL
398 2252 507 2279 uidimm
521 2252 624 2277 Festum
638 2250 727 2282 dicere,
736 2249 897 2275 Facilitatem
906 2255 1010 2274 morum
1019 2244 1071 2279 effi.
1108 2244 1156 2273 Sed
1168 2254 1216 2271 non
1225 2246 1311 2280 placa-

264 2290 352 2317 bilitas
365 2288 433 2315 modo
448 2286 496 2320 ιβ,
515 2296 597 2313 verum
610 2289 687 2312 omnis
700 2286 854 2321 benignitas,
873 2291 896 2310 et
909 2283 1052 2319 obfiquium.
1123 2281 1193 2307 Ter.
1213 2281 1309 2306 Heant.

268 2334 296 2358 4,
311 2335 330 2357 1,
344 2332 369 2357 35
391 2325 461 2350 Male
474 2322 550 2348 docet
564 2327 588 2348 te
601 2329 659 2347 inea
673 2320 783 2346 facilitas
796 2320 887 2346 multa.
975 2318 1048 2343 Idem
1061 2317 1126 2343 Eun.
1141 2324 1163 2351 5,
1177 2321 1200 2348 8,
1214 2321 1238 2345 18
1268 2316 1309 2341 An
1317 2318 1352 2341 60

266 2361 402 2387 fortunam
415 2358 563 2385 collaudem
574 2377 581 2389 ‚
601 2365 667 2391 quac
680 2355 850 2389 gubernatrix
865 2354 933 2386 fuit,
949 2361 993 2379 ete.
1015 2361 1082 2387 quae
1096 2358 1134 2379 tot
1149 2360 1205 2383 res,
1219 2356 1311 2382 tantas,

267 2401 321 2423 tam
344 2400 493 2430 opportune
513 2395 541 2419 in
560 2402 642 2419 vnum
662 2390 785 2418 conclusit
802 2391 872 2416 diem
889 2400 894 2416 :
929 2398 961 2415 an
979 2389 1033 2416 inei
1046 2388 1125 2423 patris
1140 2387 1309 2413 festiuitatem

265 2437 292 2458 et
305 2431 458 2457 facilitatem
473 2430 482 2456 3
554 2429 610 2455 Cic.
625 2427 656 2454 de
664 2427 770 2453 Amicit.
785 2429 815 2455 68
831 2425 879 2452 Sed
894 2424 1010 2451 amicitia
1022 2423 1150 2451 remiffior
1161 2423 1208 2449 effe
1223 2421 1311 2454 debet,

268 2473 294 2493 et
307 2466 436 2498 liberior,
456 2470 481 2491 et
496 2464 612 2493 dulcior,
633 2469 658 2489 et
671 2464 701 2488 ad
715 2471 821 2488 omnem
841 2461 1008 2492 comitatem,
1028 2459 1236 2493 facilitatemque
1250 2467 1311 2492 pro-

268 2503 375 2529 cliuior.
446 2500 519 2526 Idem
534 2500 616 2525 Tusc.
631 2507 658 2530 4,
672 2504 701 2526 28
732 2498 780 2523 Sed
799 2497 862 2523 haec
882 2496 910 2522 in
925 2495 1003 2522 bonis
1016 2495 1112 2527 rebus,
1132 2494 1205 2529 quod
1218 2494 1265 2520 alii
1278 2493 1308 2519 ad
1322 2496 1352 2528 65

267 2539 320 2565 alia
333 2537 403 2564 bona
417 2537 474 2562 funt
487 2535 618 2569 aptiores,
638 2533 759 2560 Facilitas
773 2533 939 2563 nominetur,
961 2532 989 2557 in
1002 2531 1078 2557 malis
1091 2530 1261 2565 procliuitas,
1281 2536 1309 2555 vt

268 2573 394 2608 significet
425 2571 575 2605 lapsionem.
650 2568 686 2601 fist
700 2571 780 2604 igitur
812 2567 947 2597 Facilitas,
966 2576 1032 2602 quem
1053 2566 1182 2592 Habitum
1202 2565 1310 2591 virtutis

267 2611 355 2635 dicunt
370 2606 522 2640 Scholastica
558 2605 604 2632 Sed
616 2604 674 2631 add.
689 2604 804 2630 Facultas
817 2613 842 2630 n.
858 2612 882 2629 2..
954 2602 1075 2629 Facilitas
1090 2601 1200 2636 Imperii
1219 2600 1311 2627 Tacit.

269 2644 357 2679 Agric.
372 2651 394 2675 3,
409 2651 427 2668 i.
502 2641 548 2668 Sed
558 2643 591 2674 iil.
605 2640 736 2667 Felicitas.
808 2639 928 2665 Facilitas
943 2638 1070 2665 sermonis
1085 2638 1141 2663 Cic.
1156 2639 1208 2663 Att.
1224 2645 1260 2668 12,
1274 2644 1313 2668 39.

269 2681 339 2707 Suet.
353 2679 471 2706 Graium.
486 2685 524 2708 23,
533 2685 554 2702 2.
626 2675 708 2700 Abuti
723 2674 895 2701 immoderate
907 2674 1033 2700 facilitate
1047 2673 1158 2699 alicuius
1177 2672 1232 2699 Cic.
1241 2673 1355 2706 Fam.70

271 2724 290 2746 1,
305 2724 323 2741 1.
359 2714 411 2740 vid.
433 2719 454 2738 A
465 2718 509 2738 BV
522 2717 544 2737 'r
555 2717 610 2736 ΟΒ.
683 2709 855 2742 Adiungenda
872 2709 907 2735 est
921 2709 1032 2736 facilitas
1045 2709 1073 2735 in
1084 2708 1233 2740 audiendo,
1247 2707 1312 2733 leni·

270 2756 307 2776 tas
320 2750 348 2776 in
361 2747 524 2775 decernendo
545 2747 601 2772 Cic.
616 2746 654 2777 Q
668 2745 751 2770 Fratr.
764 2752 782 2773 ι,
797 2752 816 2769 1.
872 2744 1003 2776 Qinffil.
1018 2753 1046 2777 4,
1059 2753 1068 2770 1
1086 2745 1200 2770 Multum
1214 2743 1313 2777 gratiae

269 2785 382 2812 exordio
396 2783 440 2813 est,
463 2782 534 2816 quod
544 2781 576 2807 ab
584 2780 688 2806 actione
702 2780 820 2805 diuersae
832 2779 912 2812 partis
925 2780 1062 2805 materiam
1076 2779 1166 2809 trahit,
1181 2779 1230 2804 hoc
1246 2779 1313 2812 ipso,

271 2820 344 2855 quod
362 2828 415 2845 non
429 2817 603 2852 compositum
616 2815 704 2846 domi,
723 2814 765 2841 sed
780 2814 817 2840 ibi
829 2834 836 2845 ,
856 2820 935 2847 atque
948 2822 962 2839 e
974 2824 1002 2840 rc
1016 2821 1121 2846 natum,
1140 2820 1167 2840 et
1187 2813 1313 2839 facilitate

272 2858 369 2882 famam
383 2854 483 2888 ingenii
495 2859 586 2886 auget,
604 2859 649 2877 etc.
738 2849 857 2883 Contigit
873 2850 899 2875 id
917 2850 999 2883 inagis
1016 2850 1158 2881 facilitate,
1173 2857 1251 2883 quam
1265 2849 1315 2874 alia
1326 2852 1358 2880 75

271 2892 324 2919 vlla
337 2891 411 2924 culpa
425 2897 482 2915 inea
503 2889 559 2914 Cic.
574 2887 605 2913 de
619 2887 693 2913 Orat.
707 2894 731 2915 2,
744 2894 778 2919 15.
812 2887 934 2920 chritur
966 2883 1080 2918 Crustas,
1091 2885 1119 2920 [ε
1138 2887 1213 2910 nimis
1233 2884 1317 2920 facile

271 2929 350 2954 Iocum
365 2924 453 2958 dedJfl‘e
464 2933 596 2950 ‹mucorum
605 2925 732 2957 petitioni.
802 2921 924 2948 Facilitas
936 2926 962 2946 et
975 2920 1088 2947 altitudo
1109 2919 1190 2945 animi
1204 2920 1232 2945 in
1245 2928 1317 2946 exer-

267 2961 354 2989 cenda
368 2962 434 2987 iuris
446 2959 632 2994 aequabilitate
653 2958 707 2984 Cic.
723 2956 776 2983 Off.
789 2965 807 2987 1,
822 2961 859 2986 88.
944 2957 1070 2982 Exercere
1082 2955 1236 2982 facilitatem
1257 2956 1313 2982 Cic.

274 2998 327 3025 Off.
345 3006 363 3027 1,
375 3002 414 3026 88.
487 2993 617 3029 Quintiiil.
633 3002 655 3024 2,
670 3002 688 3026 4
729 2992 784 3018 Erit
803 2992 876 3018 filum
897 2992 1025 3018 Parandac
1045 2991 1180 3018 facilitatis
1204 2997 1314 3026 tempus.

273 3035 364 3060 Parem
382 3031 482 3058 infimis
502 3030 628 3056 facilitate
646 3028 774 3062 dignitate
793 3027 956 3062 principibus
977 3037 1065 3062 parem
1079 3028 1126 3053 esl'e
1150 3027 1206 3054 Cic.
1223 3036 1271 3061 pro
1284 3028 1313 3054 L.
1328 3030 1360 3056 80

273 3069 365 3096 Manis.
380 3070 419 3100 36.
455 3066 618 3093 Facilitatem
630 3070 702 3091 vocat
714 3064 847 3095 Virtutem,
862 3072 909 3098 qua
921 3063 1024 3089 libenter
1035 3064 1120 3091 multis
1133 3063 1316 3099 gratificamur.

274 3104 365 3131 Tacit.
378 3104 444 3129 Ann.
459 3111 491 3134 11,
506 3104 539 3128 26
574 3102 629 3127 Iam
648 3098 781 3126 Messalina
800 3098 926 3125 facilitate
944 3098 1126 3125 adulterorum
1143 3099 1171 3125 in
1181 3099 1316 3125 fastidium

273 3141 359 3174 versa,
368 3138 397 3164 ad
420 3137 566 3172 incognitas
586 3135 711 3163 libidines
734 3133 896 3169 profluebat,
917 3143 940 3160 eo
954 3134 1018 3169 quod
1030 3137 1105 3161 nimis
1110 3134 1206 3170 facilis
1220 3135 1317 3161 illorum

274 3179 347 3210 copia
361 3174 429 3208 qffi‘t,
448 3172 513 3209 quod
521 3174 596 3208 plane
608 3181 655 3197 non
669 3177 784 3197 metueret
797 3169 923 3196 Claudium
931 3169 1012 3204 suum.
1115 3171 1173 3196 Sen.
1196 3170 1274 3205 Epist.
1296 3179 1319 3196 11

276 3213 376 3245 corpori
389 3209 479 3236 tribuit
492 3219 499 3233 :
533 3215 575 3238 vt,
595 3206 719 3234 Naturali
731 3206 758 3232 in
772 3205 823 3232 hoc
835 3204 962 3231 facilitate
974 3206 1095 3239 corporis
1112 3215 1219 3240 pronus.
1261 3206 1355 3235 ”sa-85

277 3247 323 3272 cit.
336 3246 425 3272 Germ.
440 3247 484 3276 26,
496 3252 512 3270 2
538 3243 701 3269 Facilitateni
731 3240 861 3275 partiendi
891 3249 1046 3275 camporum
1076 3241 1156 3276 spatia
1182 3241 1318 3276 praestant.

278 3280 465 3307 Conueniendi
479 3278 592 3304 facilitas
612 3277 672 3311 le.
689 3277 706 3303 l.
720 3286 732 3303 2
744 3276 770 3303 ff.
785 3277 841 3311 Qii
855 3275 946 3303 Satisd.
968 3284 1024 3310 cog.
1094 3277 1261 3304 inuentionis
1282 3278 1318 3303 fa-

278 3317 362 3343 cilitas
383 3316 473 3342 lustin.
488 3323 512 3347 9,
526 3319 549 3346 8,
564 3323 599 3340 10.

317 3359 363 3379 FA
372 3358 415 3378 CV
424 3359 439 3377 L
452 3357 473 3377 T
486 3357 507 3376 A
517 3356 529 3375 S
538 3367 546 3379 ‚
564 3349 619 3374 atis.
645 3347 664 3374 f.
700 3346 830 3382 [εὖποριόι,
845 3348 968 3381 nepteo-loc,
987 3346 1067 3379 ἕξεσῖα
1078 3366 1086 3378 ,
1104 3344 1222 3380 δύνοιμις]
1259 3357 1318 3381 pro-

281 3388 338 3422 prie
351 3387 471 3412 Facilitas
484 3384 643 3420 agendarum
657 3391 762 3414 rerum,
781 3385 863 3418 inquit
874 3380 971 3409 Festus.
1020 3384 1051 3408 Et
1061 3382 1116 3409 Cic.
1131 3381 1163 3408 de
1176 3383 1279 3408 Inucnt.
1293 3392 1360 3418 ²²90

281 3432 318 3455 40
339 3422 481 3448 Facultates
505 3422 578 3451 sunt,
596 3424 641 3446 aut
663 3418 761 3452 quibus
783 3418 886 3444 facilius
901 3418 945 3450 fit,
964 3423 1008 3444 aut
1030 3417 1082 3443 sine
1105 3416 1201 3452 quibus
1214 3417 1317 3452 aliquid

281 3457 375 3483 confici
388 3466 441 3482 non
454 3457 545 3490 potest.
617 3456 703 3490 Itaque
717 3460 739 3480 et
752 3456 820 3479 vires
830 3453 936 3488 agendi,
956 3460 979 3479 ct
992 3452 1101 3480 habitum
1117 3462 1146 3479 ex
1165 3452 1318 3487 conjice-tudi-

282 3501 326 3522 ηε,
346 3498 368 3517 ct
383 3494 539 3523 occaflonem,
558 3492 651 3520 locum,
670 3496 763 3551 tctnKus
775 3487 945 3523 compIeHitur
955 3508 962 3520 ,
978 3498 1050 3524 eaque
1061 3490 1101 3515 ve!
1113 3488 1263 3514 coniunctim
1282 3490 1323 3516 vel

275 3526 558 3587 {paratimstg-mficat.
628 3526 696 3552 Ter.
736 3524 792 3550 ndr.
808 3532 828 3555 i,
840 3533 868 3556 4,
881 3531 894 3556 5
914 3524 960 3550 Dii
973 3523 1031 3550 date
1046 3523 1195 3550 facultatem
1210 3524 1320 3552 obsecro

305 3561 346 3600 uic
360 3561 480 3594 pariundi
490 3581 497 3592 ‚
516 3568 594 3595 atque
606 3561 647 3587 illi
661 3561 688 3587 in
702 3560 760 3587 aliis
774 3559 859 3594 potius
877 3559 1000 3593 peccandi
1018 3559 1114 3585 locum.
1219 3561 1275 3587 Cic.
1291 3561 1321 3587 de
1329 3571 1360 3598 93

285 3597 392 3622 Amicit.
405 3603 431 3629 17
447 3605 468 3621 c.
484 3605 494 3627 5
515 3596 562 3621 Sed
580 3598 638 3629 quis
651 3605 699 3630 ego
712 3596 768 3622 sum
781 3596 790 3621 3
826 3600 870 3621 aut
882 3603 948 3629 quae
962 3594 989 3620 in
1002 3603 1044 3620 me
1058 3594 1094 3621 est
1107 3594 1233 3622 facultas?
1280 3596 1320 3623 Id.

285 3632 357 3658 Fam.
366 3638 408 3664 1,7
429 3630 540 3663 Qiotics
552 3631 619 3656 mihi
632 3638 766 3659 certorum
778 3630 918 3657 hominum
931 3629 1039 3656 facultas
1052 3631 1104 3657 erit
1113 3651 1121 3663 ‚
1139 3634 1232 3666 quoties
1241 3639 1323 3664 crunt,

284 3667 371 3703 quibus
385 3672 437 3691 tuto
451 3665 547 3691 tradam
561 3667 656 3692 literas.
726 3668 757 3693 Et
772 3675 820 3701 pro
833 3666 907 3693 Rosc.
921 3666 1009 3692 Amer.
1024 3674 1053 3697 92
1072 3666 1126 3700 Age
1140 3675 1223 3696 nunc,
1241 3674 1322 3693 caete-

286 3711 327 3729 ras
349 3700 484 3727 facultates
506 3709 612 3739 quoque
626 3701 825 3728 consideremus.
928 3701 1053 3727 Manendi
1067 3701 1174 3728 facultas
1188 3703 1259 3729 nulla
1272 3704 1322 3729 Mi-

286 3737 342 3763 loni
362 3737 418 3763 Cic.
433 3745 481 3770 pro
496 3735 591 3761 Milon.
607 3738 650 3768 46.

286 3771 427 3799 Vindictae
447 3770 518 3797 nulla
532 3770 639 3796 facultas
662 3771 743 3797 Ouid.
757 3772 842 3798 Trist.
858 3782 886 3805 4,
899 3781 926 3805 9,
938 3779 972 3805 15.
1167 3770 1188 3809 q
1209 3782 1221 3798 2
1263 3775 1323 3800 νίν-

284 3807 503 3842 borumformulne
516 3816 524 3830 :
560 3804 662 3830 Accidit
677 3806 798 3837 facultas,
818 3807 870 3833 vid.
884 3813 1021 3834 ACCIDO.
1093 3807 1149 3834 Cic.
1163 3810 1238 3835 Verr.
1248 3817 1261 3842 5
1279 3811 1323 3836 126

286 3844 365 3870 Nunc
381 3851 446 3868 vero
460 3842 513 3868 iam
526 3839 626 3866 ademta
641 3839 690 3870 cst,
709 3849 762 3866 non
775 3841 856 3867 modo
867 3842 1015 3874 resistendi,
1033 3850 1126 3869 verum
1139 3844 1219 3870 etiam
1233 3829 1322 3879 suppe-

285 3878 387 3904 ditandi
400 3878 516 3904 facultas.
620 3875 745 3909 Arripere
767 3876 880 3903 libenter
898 3878 1018 3904 laedendi
1031 3878 1182 3905 facultatem
1203 3879 1257 3906 Cic.
1273 3889 1322 3913 pro

285 3914 368 3941 Flacc.
382 3922 419 3946 ¹9·
489 3912 589 3947 Capere
608 3911 697 3945 Pomp.
713 3910 744 3937 ad
758 3911 811 3938 Cic.
819 3911 867 3947 sub
881 3912 933 3939 Λα.
949 3919 977 3945 8,
995 3921 1026 3940 11.

465 556 511 582 Ille
526 552 571 577 vbi
583 551 675 580 miser,
695 549 846 580 famelicus,
860 549 934 576 videt
947 558 990 574 nie
1003 549 1050 574 ell'e
1064 548 1092 573 in
1106 552 1206 572 tantum
1221 544 1305 570 hono-
1330 556 1359 573 10
1368 550 1428 577 tur,
1446 551 1474 572 vt
1488 546 1673 573 Alexandriam
1687 552 1776 573 tenere
1790 544 1881 580 pollis,
1894 551 1938 570 etc.
1959 547 1977 569 i.
1984 543 2076 579 fifieri
2084 542 2169 578 Postil-

752 3736 873 3763 Restandi
884 3736 957 3763 nulla
970 3736 1077 3763 facultas
1103 3737 1207 3763 Lucret.
1230 3747 1239 3765 1
1248 3758 1257 3771 ‚
1279 3747 1377 3769 ¹110100
1388 3746 1467 3764 omne
1480 3737 1587 3763 Clarum
1601 3734 1700 3761 facinus
1713 3734 1820 3761 audaces
1834 3744 1924 3761 manus
1937 3735 1995 3761 Sen.
2009 3734 2085 3760 Herc.
2099 3730 2152 3756 fur.
2164 3740 2190 3763 4.

1114 3914 1170 3941 Cic.
1190 3924 1240 3950 pro
1253 3914 1425 3948 Rab.105¹nat
1444 3912 1542 3938 Lucan.
1556 3918 1579 3944 5,
1596 3919 1656 3944 290.

1755 134 1788 173 F
1875 135 1915 175 A
1972 111 2036 173 'C
2334 138 2435 194 ,588¹2

1364 226 1431 253 Post.
1447 231 1472 257 18
1491 226 1599 253 Vtinam
1613 225 1681 253 mihi
1695 225 1761 252 hanc
1774 223 1927 251 facultatem
1940 224 2013 251 causa
2019 221 2194 253 Concedent,
2210 226 2239 248 vt
2252 221 2347 256 possem
2354 219 2405 247 hoe
2428 233 2429 237 =

1366 261 1525 296 praedicare.
1632 262 1687 288 Cic.
1711 261 1743 287 de
1764 260 1821 287 Fin.
1843 269 1871 292 1,
1883 268 1917 294 72
1953 262 2027 294 Quae
2040 260 2109 286 mihi
2122 258 2245 290 facultas,
2264 262 2293 282 vt
2304 255 2331 282 id
2345 264 2407 287 ineo
2427 267 2435 282 1.

1365 297 1495 324 arbitratu
1508 298 1621 324 facerem
1635 303 1694 324 ante
1708 297 1757 322 hoc
1772 302 1871 329 teinpus
1885 305 2017 330 nunquam
2031 295 2066 321 est
2080 296 2154 321 Data.
2224 292 2297 319 Idem
2317 291 2348 317 de
2361 289 2406 318 Di·
2428 305 2429 309 =

1367 332 1423 359 vin.
1439 342 1462 363 z,
1475 342 1505 366 39
1521 334 1624 366 Doleo,
1644 338 1741 359 tantam
1754 338 1779 358 te
1792 331 1917 357 omnibus
1938 331 2068 358 irridendi
2091 330 2131 356 tui
2156 328 2306 354 facultatem
2329 327 2407 354 Dare.
2428 327 2436 353 ἰ’

1368 368 1424 394 Cic.
1438 369 1509 395 Fam.
1525 378 1545 401 3,
1559 377 1572 402 5
1593 370 1739 403 Vtriusque
1760 367 1877 393 nostrum
1890 367 1977 401 magni
1993 366 2115 397 interest,
2134 365 2218 399 111-1115,
2231 370 2259 390 vt
2272 369 2298 389 te
2311 370 2406 388 conue-
2430 377 2436 390 ,ι

1367 404 1449 437 niam,
1468 414 1547 439 quam
1568 404 1671 431 decidas
1687 415 1691 429 :
1727 412 1806 438 quain
1824 402 1974 429 facultatem
1993 401 2011 427 si
2026 401 2086 435 quis
2100 402 2170 426 casus
2182 398 2332 433 Eripuerit,
2349 406 2407 428 mea
2430 395 2432 426 l

1366 444 1454 465 tamen
1468 440 1496 466 in
1509 447 1534 466 te
1547 441 1637 467 onmia
1648 439 1735 467 officia
1747 437 1911 465 constabunt.
1983 437 2039 463 Cic.
2054 437 2128 462 Vefr.
2142 444 2167 467 2,
2181 443 2226 468 ¹79
2240 444 2261 459 c.
2275 441 2305 468 73
2330 432 2357 458 Si
2369 433 2407 459 fa»
2430 435 2438 461 :'

1366 474 1489 501 cultatem
1503 485 1565 502 vere
1578 483 1655 511 atque
1668 475 1775 502 honeste
1789 473 1922 500 iudicandi
1935 473 1986 499 fide
1998 480 2023 499 et
2037 471 2174 505 diligentia
2186 478 2244 496 mea
2258 469 2357 503 (uobis,
2371 471 2409 494 iu·
2430 483 2439 497 u

1368 509 1455 544 dices)
1475 512 1582 538 Feccro.
1690 511 1745 538 Cic.
1761 511 1831 536 Fam.
1849 518 1869 541 1,
1882 517 1898 543 7
1919 508 1946 534 Si
1960 517 2000 534 res
2014 507 2163 534 facultatem
2175 505 2306 531 Habitura
2320 503 2408 529 videa-

2241 539 2329 567 Habet
2342 539 2409 566 aiiii·

1368 589 1447 607 nemo
1461 582 1609 609 facultatem
1625 582 1775 616 decipiendi
1790 590 1837 607 nos
1854 580 1928 606 Idem
1939 579 2010 605 Fam.
2025 587 2058 611 ii,
2072 587 2093 604 ε.
2166 578 2197 603 Et
2210 577 2238 602 in
2253 575 2322 601 Catil
2345 583 2371 606 3,
2389 583 2409 608 4

1370 617 1528 644 Facultatem
1547 618 1615 644 1111111
1629 617 1752 644 Oblatam
1766 617 1874 651 putaui,
1889 622 1917 641 vt
1932 620 1987 641 tota
2005 623 2046 640 res
2079 628 2124 633 -—
2160 610 2409 646 deprehenderetur.

1370 652 1581 680 Praetermitterc
1598 652 1748 679 facultatem
1768 653 1880 679 alicuius
1899 651 1939 677 rei
1957 651 2046 684 Pomp.
2068 649 2100 675 ad
2119 648 2174 675 Cic.
2189 647 2236 683 Jiab
2255 647 2308 672 Att.
2329 650 2356 676 8,
2377 653 2410 672 11.

1371 688 1427 714 Cic.
1440 688 1472 714 de
1486 690 1587 716 Inucnt.
1601 698 1620 721 i,
1635 691 1651 714 6
1671 690 1761 722 Qiare
1774 688 1820 714 illa
1835 686 1912 713 nobis
1927 686 1982 712 alio
1995 692 2123 719 tempore,
2143 683 2161 709 si
2174 682 2282 710 facultas
2297 681 2358 713 erit,
2367 689 2410 706 ex-

1653 725 1709 751 Cic.
1723 725 1753 750 A.
1772 733 1780 750 1
1796 724 1823 749 in
1836 724 1913 749 Verr.
1922 729 1986 748 extr.
2008 722 2042 747 Vt
2056 720 2110 746 illis
2123 718 2213 745 eadem
2228 715 2410 750 interrogandi

1369 759 1493 792 facultas,
1514 760 1729 794 argumentandi,
1746 759 1904 792 dicendique
1916 757 1953 783 sit.
2024 756 2080 782 Cic.
2096 756 2166 782 Fam.
2182 763 2220 786 io,
2234 763 2253 786 4
2283 753 2380 786 Neque
2391 750 2410 778 si

1368 794 1475 822 facultas
1489 795 1614 830 optabilis
1627 795 1695 821 mihi
1708 794 1817 829 quidem
1830 795 1870 820 tui
1885 792 2025 828 praesentis
2039 792 2114 823 esset,
2128 798 2244 825 vnquani
2257 797 2272 814 a
2285 788 2338 814 tuis
2351 795 2412 813 con-

1368 829 1432 856 siliis
1446 831 1627 866 discreparem.
1697 831 1753 857 Cic.
1768 839 1817 864 pro
1831 830 1906 856 Rosc.
1919 830 1995 855 Com.
2004 835 2048 863 pr.
2074 826 2123 853 Sed
2142 834 2192 859 ego
2205 825 2281 859 copia
2295 830 2320 850 et
2333 822 2426 859 facula?

1369 871 1421 892 tate
1436 867 1523 893 causae
1538 866 1647 893 confisus
1659 867 1720 893 vide
1734 874 1788 900 quo
1800 865 1964 900 progrediar.
1982 867 2000 890 i.
2009 864 2192 899 opportunitate
2210 860 2242 892 effi
2257 858 2324 895 quali
2337 864 2416 884 mate-³·

1370 904 1425 933 ria,
1443 911 1513 937 quam
1525 903 1597 938 causti
1605 902 1760 938 stippeditat.
1995 908 2006 931 3
2029 900 2158 933 speciatim
2167 896 2299 926 Facultas,
2319 892 2352 927 est
2365 890 2428 924 Vis-2.

1371 937 1502 972 quaedam,
1519 948 1578 974 quae
1593 939 1674 974 facit,
1688 945 1718 965 vt
1732 936 1761 963 id
1767 936 1879 972 facilius
1896 942 1920 962 et
1933 934 1999 963 recle
2008 934 2068 970 fieri
2076 932 2164 968 pollis,
2184 931 2247 967 quod
2260 931 2288 957 de
2302 930 2432 965 vnaquaff'

1371 981 1417 1007 que
1430 977 1656 1009 artepraecipitur.
1712 973 1776 1000 Plin.
1792 972 1868 1006 Epist.
1882 974 1908 1003 6,
1923 980 1956 1004 29
1976 971 2047 1004 Qiia
2060 969 2159 995 scilicet
2171 968 2256 993 nimia
2268 965 2433 1000 asl‘iduitate'q:¹

1373 1007 1485 1036 facilitas
1507 1010 1590 1044 inagis
1611 1018 1690 1044 quam
1714 1009 1821 1035 facultas
1836 1019 1842 1034 :
1878 1016 1925 1033 nec
1946 1006 2058 1037 fiducia,
2077 1004 2120 1030 sed
2141 1003 2275 1030 temeritas
2298 1006 2432 1035 paratura:

1371 1043 1487 1070 Facultas
1501 1043 1534 1077 est
1546 1045 1646 1072 habitus
1659 1044 1725 1072 νεὲἶε
1733 1044 1831 1081 agcndi.
1938 1042 2061 1069 Materies
2075 1040 2152 1074 digna
2164 1037 2286 1064 facultate
2299 1043 2324 1062 ct
2337 1036 2428 1070 copias

1372 1084 1418 1104 tua
1438 1080 1493 1106 Cic.
1508 1081 1577 1107 Fam.
1592 1088 1614 1113 ς,
1629 1089 1664 1107 12.
1736 1080 1828 1107 Claud.
1843 1078 1876 1105 ad
1889 1078 1983 1111 Olybr.
1996 1086 2009 1110 3
2028 1076 2077 1103 Sed
2091 1083 2158 1110 quae
2172 1081 2225 1100 tam
2237 1081 2320 1108 prona
2332 1069 2430 1106 facul-f'.

1370 1119 1409 1140 tas
1423 1115 1548 1142 Carmina
1561 1118 1605 1142 seu
1619 1116 1711 1142 scribis
1720 1137 1728 1149 ‚
1749 1117 1791 1142 seu
1805 1116 1934 1141 Cicerona
1952 1120 2035 1140 tonas.
2127 1111 2182 1137 Cic.
2196 1110 2227 1136 de
2241 1110 2315 1135 Orat.
2330 1116 2348 1139 1,
2364 1106 2429 1141 2¹4²*

1372 1150 1473 1176 Crassus
1486 1160 1551 1178 vero
1564 1151 1632 1178 mihi
1646 1152 1734 1178 noster
1746 1152 1816 1177 visus
1830 1151 1865 1176 est
1878 1150 1992 1176 oratoris
2011 1147 2162 1174 facultatem
2181 1154 2235 1171 non
2255 1144 2328 1171 iuius
2348 1142 2431 1175 artinj‘!

1371 1185 1509 1219 terminis,
1525 1187 1567 1213 sed
1581 1187 1684 1222 ingenii
1698 1187 1737 1213 sui
1752 1187 1849 1213 finibus
1863 1184 1993 1212 immensis
2006 1192 2086 1219 paene
2097 1181 2254 1209 describere.
2356 1179 2427 1209 Cic-5¹*

1371 1230 1421 1255 pro
1435 1221 1514 1248 Arch.
1530 1231 1546 1248 2.
1585 1224 1621 1249 Ac
1636 1232 1669 1249 ne
1682 1223 1740 1257 quis
1752 1232 1767 1249 a
1778 1222 1856 1248 nobis
1871 1222 1920 1248 hoc
1935 1222 1971 1248 ita
1985 1220 2038 1246 dici
2050 1220 2121 1245 forte
2134 1218 2259 1247 miretur,
2279 1213 2351 1250 quod
2363 1213 2427 1249 aliar*¹

1371 1257 1500 1291 quaedam
1515 1258 1544 1284 in
1556 1257 1606 1284 hoc
1621 1259 1728 1285 facultas
1739 1258 1768 1285 sit
1782 1259 1890 1292 ingenii.
1915 1258 1940 1283 h.
1954 1267 1973 1283 e.
1988 1258 2055 1292 Qua
2067 1254 2177 1281 Archias
2192 1254 2316 1279 Poeticam
2334 1252 2445 1288 arten&

1370 1292 1533 1328 profiteatur,
1553 1304 1601 1320 non
1623 1301 1703 1320 autem
1726 1297 1859 1320 oratoriam
1868 1313 1876 1326 ,
1897 1299 1925 1318 vt
1946 1301 1998 1328 ego.
2040 1290 2109 1317 Vnde
2133 1297 2156 1315 et
2174 1287 2280 1314 dicendi
2296 1285 2404 1319 Faculta,
2415 1289 2431 1322 5²}

1370 1335 1417 1363 pro
1431 1330 1495 1355 Arte
1507 1329 1562 1365 ipsit
1576 1333 1695 1357 oratoria.
1731 1331 1844 1356 caeterae
1859 1338 1949 1364 quoque
1961 1336 2029 1353 urici·
2045 1325 2166 1352 interdum
2179 1322 2323 1350 Facultates
2335 1327 2396 1356 appe
2407 1331 2410 1333 ’
2423 1320 2446 1352 μ*

1371 1365 1467 1391 [antur.
1540 1365 1644 1400 Ingenii
1657 1365 1802 1398 facultates,
1809 1364 1910 1391 consilii
1920 1384 1928 1396 ,
1947 1363 2047 1397 gratiae
2067 1362 2123 1387 Cic.
2137 1362 2189 1386 Att.
2204 1368 2224 1390 3,
2238 1367 2276 1385 10.
2349 1358 2397 1388 Or⁴
2427 1359 2429 1362 ⁴
2442 1372 2457 1395 ζ.

1372 1399 1454 1425 tionis
1468 1400 1575 1427 facultas
1592 1402 1647 1427 Cic.
1660 1401 1713 1427 Off.
1727 1410 1746 1432 1,
1760 1410 1782 1428 2.
1865 1399 1975 1426 Dicendi
1990 1397 2121 1432 Qiinc'til.
2135 1405 2161 1428 2,
2176 1403 2209 1428 15.
2300 1393 2385 1419 Dicen
2406 1420 2409 1421 ,
2442 1393 2462 1421 ’Ἰ

1370 1435 1479 1462 facultas
1495 1442 1522 1462 et
1534 1437 1609 1470 copia
1630 1437 1685 1464 Cic.
1702 1438 1777 1463 Verr.
1792 1436 1849 1462 Aa.
1866 1445 1885 1467 1,
1923 1455 1928 1461 .
1967 1455 1974 1460 .
2047 1432 2159 1459 Dicendi
2173 1429 2287 1464 amplior
2304 1428 2379 1460 Qiin
2430 1428 2433 1433 ⁴
2464 1444 2465 1447 ,

2090 1466 2202 1494 Dicendi
2216 1464 2390 1495 uzatui'ior,2.·1'
2444 1487 2446 1489 ,
2464 1483 2465 1489 ,

1369 1479 1396 1503 2,
1411 1479 1432 1503 3.
1502 1472 1613 1498 Dicendi
1628 1472 1726 1498 eximia
1744 1472 1816 1498 Idem
1831 1472 1858 1497 111
1872 1473 1991 1498 Prooem.
2002 1478 2020 1496 1.

1371 1512 1546 1534 MATVRVS.
1618 1507 1720 1534 Orandi
1741 1506 1872 1540 Qninffil.
1885 1516 1904 1538 3,
1919 1514 1940 1539 5.
2010 1505 2082 1531 Idem
2095 1512 2119 1534 2,
2129 1512 2152 1533 13
2172 1501 2223 1527 Cui
2236 1500 2352 1526 Socrates
2360 1507 2406 1533 per
2443 1511 2447 1518 1

1372 1541 1514 1574 suadendi,
1534 1551 1590 1568 non
1602 1542 1715 1569 docendi
1729 1542 1848 1568 concedit
1863 1542 2023 1568 facultatem.
2130 1537 2256 1563 formulae
2269 1534 2437 1561 i›⁷erb0rum=1

1371 1577 1476 1604 Paullus
1489 1578 1505 1603 l·
1521 1586 1537 1610 9
1555 1578 1581 1604 ff.
1591 1585 1634 1613 pr.
1648 1578 1814 1612 Temporale
1826 1578 1924 1604 vitium
1938 1583 1983 1603 aut
1998 1573 2138 1605 valetudo,
2159 1577 2265 1606 propter
2277 1579 2355 1604 quam
2365 1569 2416 1595 Ab·

1370 1613 1481 1639 ducatur
1495 1612 1577 1639 homo
1590 1613 1894 1648 agenerandifacultate.
1929 1611 2047 1646 Adipisci
2060 1609 2208 1636 facultatem
2223 1606 2277 1633 Cic.
2286 1605 2336 1632 Off.
2346 1613 2368 1637 2,
2379 1611 2415 1636 ¹9-

1372 1650 1533 1682 Comparare
1545 1649 1696 1676 facultatem
1716 1649 1772 1676 Cic.
1781 1649 1812 1675 de
1821 1649 1895 1675 Orat.
1904 1657 1922 1679 i,
1931 1657 1971 1680 30.
2044 1644 2187 1678 Continget
2195 1643 2226 1668 lic
2232 1641 2298 1668 Stilo
2306 1640 2416 1678 facultas

1371 1683 1480 1719 Qiineh
1489 1692 1514 1717 2,
1521 1693 1546 1717 2,
1555 1694 1585 1712 11.
1622 1686 1676 1712 Cic.
1686 1685 1718 1711 de
1725 1686 1799 1712 Orat.
1808 1694 1830 1717 2,
1838 1693 1873 1718 49
1880 1684 1945 1710 Non
1953 1682 2046 1709 Deerit
2053 1680 2099 1716 ipsi
2106 1680 2213 1706 facultas
2221 1687 2251 1704 ez:
2261 1682 2368 1714 caeteris
2376 1681 2418 1699 re-

1372 1719 1421 1746 bus
1430 1726 1588 1754 comparata.
1626 1721 1738 1755 Quinct.
1747 1730 1769 1753 2,
1779 1730 1800 1747 11
1811 1722 1897 1754 anue
1905 1720 1951 1746 diu
1960 1720 2046 1744 secum
2055 1716 2101 1751 ipfi
2108 1717 2230 1748 clareque
2238 1709 2429 1748 meditati-De-.

1370 1755 1470 1788 sperata
1479 1755 1654 1781 connectendi
1662 1757 1784 1782 facultate
1793 1756 1923 1782 deserunt.
1951 1753 2097 1781 Distributa
2105 1752 2145 1778 vis
2153 1756 2178 1776 et
2187 1748 2294 1776 facultas
2302 1752 2418 1772 oratoris

1371 1789 1525 1829 inquinque
1533 1797 1617 1823 partes
1631 1791 1723 1817 Cic.de
1732 1792 1805 1817 Orat.
1814 1800 1890 1823 ¹:¹4²·
1927 1789 2061 1816 Excellere
2069 1789 2097 1814 in
2105 1793 2160 1813 arte
2169 1786 2257 1819 aliqua
2264 1789 2289 1809 et
2295 1781 2403 1807 facultat

1373 1825 1429 1865 0⁶,-
1441 1823 1474 1850 de
1486 1825 1560 1851 Orat.
1576 1833 1604 1857 2,
1618 1833 1657 1856 30-
1747 1826 1873 1852 Exercere
1892 1825 1999 1850 dicendi
2019 1824 2170 1849 facultatem
2201 1817 2333 1851 Quinctil.
2348 1825 2377 1846 2,
2389 1825 2407 1847 4

1374 1860 1485 1893 Exigere
1497 1860 1525 1885 in
1540 1860 1632 1894 aliquo
1653 1861 1779 1887 eximiam
1798 1860 1901 1887 dicendi
1920 1859 2071 1885 facultatem
2102 1854 2233 1890 Quinfftil.
2253 1854 2376 1879 Prooem.
2395 1855 2418 1879 8.

1373 1895 1479 1921 Habere
1492 1895 1642 1922 facultatem
1658 1897 1686 1922 in
1699 1895 1811 1923 dicendo
1838 1897 1903 1922 Plin.
1919 1894 1996 1929 Epist.
2011 1903 2033 1925 2,
2047 1902 2072 1926 9.
2164 1891 2220 1916 Cic.
2233 1897 2282 1923 pro
2296 1889 2390 1920 ant-
2404 1890 2429 1915 8.

1372 1931 1410 1968 Q
1420 1930 1586 1961 Hortensius,
1599 1931 1643 1956 cui
1655 1932 1783 1957 summam
1797 1932 1900 1964 copiam
1913 1929 2115 1961 facultatemque
2133 1924 2239 1952 dicendi
2258 1930 2351 1949 natura
2370 1921 2436 1953 lar-q>

1373 1970 1427 2003 grta
1440 1963 1485 1989 est.
1601 1966 1735 1992 Perfed'tus
1749 1967 1856 1992 scientia
1865 1985 1870 1993 ,
1889 1972 1915 1991 et
1928 1965 2002 1990 omni
2017 1962 2140 1988 facultate
2154 1958 2262 1986 dicendi
2285 1956 2425 1992 Obuinetil..¹

1372 2007 1401 2025 111
1413 1999 1534 2038 Prooem.
1549 2007 1570 2031 1,
1586 2004 1619 2029 18.
1688 2001 1753 2027 Sum
1767 2012 1773 2027 :
1795 2002 1851 2027 Cic.
1866 2000 1897 2027 de
1913 1999 2005 2034 Legib.
2021 2006 2042 2030 1,
2056 2002 2083 2029 58
2104 1996 2145 2022 Est
2162 1995 2240 2021 huius
2253 2002 2318 2020 vero
2333 1992 2419 2027 dispu-

1373 2039 1498 2075 tationis,
1516 2035 1632 2067 Qiinte,
1651 2036 1791 2071 proprium
1806 2036 1833 2062 id
1847 2036 1918 2071 quod
1932 2034 2077 2069 exspectas,
2096 2038 2175 2066 atque
2187 2031 2285 2057 vtinam
2305 2029 2365 2055 esset
2382 2029 2428 2054 <tt-²

1374 2078 1428 2096 iam
1444 2069 1573 2097 facultatis
1587 2080 1669 2098 meae.
1689 2073 1714 2098 h.
1723 2081 1741 2098 e.
1756 2074 1858 2098 Vtinam
1872 2079 1893 2098 et
1905 2070 2004 2098 dicendi
2009 2069 2138 2105 facultate
2151 2066 2213 2093 illud
2221 2064 2310 2100 tffiqui
2318 2062 2416 2098 poffim.

1375 2105 1546 2138 Suppeditare
1560 2106 1713 2133 facultatem
1734 2107 1788 2134 Cic.
1804 2106 1836 2134 de
1850 2108 1924 2135 Orat.
1939 2116 1964 2140 2,
1972 2114 2020 2140 215.
2089 2103 2213 2130 Tradere
2228 2099 2360 2127 scientiam
2374 2098 2418 2124 de-

1374 2139 1503 2179 clamandi
1515 2148 1544 2166 ac
1557 2141 1707 2169 facultatem
1725 2143 1858 2176 Qiine'til.
1871 2152 1896 2176 2,
1910 2152 1928 2170 1.
2025 2140 2150 2167 Versatur
2162 2144 2297 2164 oratorum
2310 2134 2418 2161 facultas
2456 2146 2458 2156 ι

1373 2183 1402 2200 111
1415 2174 1456 2200 his
1469 2174 1547 2201 rebus
1567 2176 1624 2202 Cic.
1638 2177 1670 2203 de
1678 2179 1777 2210 Orati,
1787 2187 1829 2210 90.
1899 2177 2025 2205 VtTulit
2039 2175 2164 2206 facultas,
2182 2175 2222 2200 vel
2239 2170 2333 2206 Quoad
2347 2169 2417 2202 tulit,
2464 2174 2479 2199 *l

1371 2213 1390 2236 ''-
1405 2211 1530 2244 Quintum
1539 2214 1620 2245 potui.
1657 2213 1713 2238 Cic.
1728 2213 1760 2239 dc
1777 2215 1881 2240 Inucnt.
1895 2223 1914 2243 1,
1929 2221 1966 2247 49
2001 2213 2038 2238 Vt
2061 2210 2168 2236 facultas
2191 2208 2273 2235 Tulit
2298 2204 2425 2245 fecimuss,
2473 2211 2479 2227 ⁶

1374 2246 1430 2284 Hffoe
1441 2247 1581 2276 retulerim,
1600 2247 1666 2281 quod
1677 2249 1696 2274 F
1698 2248 1793 2274 acultas
1807 2258 1821 2273 a
1834 2249 1910 2274 Celso
1930 2256 1943 2280 5
1953 2254 1995 2281 pr.
2014 2248 2139 2280 accipitur
2152 2250 2203 2278 pro
2214 2253 2249 2274 co,
2263 2241 2328 2277 quod
2344 2250 2360 2267 v
2473 2247 2479 2266 Ἴ,

1374 2282 1509 2306 Virtutem
1522 2283 1548 2306 in
1566 2282 1687 2309 medicina
1707 2290 1813 2315 vocant,
1831 2277 1927 2310 Omnia
1945 2281 2072 2316 (inquit)
2091 2279 2279 2306 medicamenta
2300 2285 2376 2311 propr
2393 2304 2396 2307 ,
2415 2275 2422 2287 ”
2452 2300 2455 2306 ,
2475 2293 2479 2304 1

1371 2316 1505 2342 facultates
1518 2315 1632 2350 habent,
1655 2326 1682 2343 ac
1698 2320 1770 2353 saepe
1783 2318 1908 2353 simplicia
1922 2317 2103 2352 opitulantur,
2122 2315 2196 2348 saepe
2208 2313 2292 2339 mista.
2329 2309 2413 2339 Facul-
2450 2311 2452 2344 ὲ

1373 2358 1410 2378 tas
1423 2352 1520 2378 secreta
1534 2354 1611 2379 certis
1626 2354 1654 2379 in
1666 2354 1743 2381 rebus
1757 2354 1822 2380 inest
1844 2355 1949 2381 Lucrct.
1964 2362 1984 2385 1,
1998 2361 2055 2387 174.
2073 2352 2075 2355 ’
2252 2345 2272 2384 ff
2291 2356 2311 2380 4
2330 2351 2415 2381 Appa-

1372 2394 1444 2414 ratus
1460 2391 1553 2421 omnis,
1573 2398 1618 2424 quo
1631 2389 1665 2416 ad
1675 2390 1795 2426 agendum
1812 2388 2006 2425 velfaciendum
2022 2395 2082 2422 opus
2095 2381 2127 2417 est
2136 2403 2145 2416 ,
2165 2382 2248 2417 Copia.
2297 2381 2352 2407 Cic.
2365 2387 2414 2414 pro

1373 2423 1435 2449 Sull.
1450 2432 1483 2456 42
1503 2424 1535 2449 At
1549 2433 1614 2458 quos
1628 2425 1701 2451 viros
1716 2426 1725 2452 3
1761 2434 1814 2451 non
1835 2426 1918 2452 folum
1933 2425 2034 2450 summa
2047 2421 2146 2449 virtute
2161 2424 2186 2444 et
2201 2417 2266 2449 fide,
2286 2417 2357 2443 cuius
2371 2423 2414 2448 ge-

1373 2459 1444 2485 neris
1470 2459 1498 2485 in
1523 2460 1617 2486 Senatu
1643 2460 1752 2487 facultas
1771 2461 1902 2491 maxima,
1922 2459 1964 2486 sed
1978 2458 2058 2485 etiam
2073 2464 2140 2490 quos
2152 2453 2265 2480 sciebam
2278 2450 2414 2482 memori&

1373 2494 1496 2526 scientia,
1513 2496 1720 2529 consuetudine,
1735 2502 1760 2522 et
1774 2497 1907 2523 celeritate
1921 2493 2054 2522 scribendi
2067 2490 2195 2518 facillime
2213 2495 2282 2523 quae
2301 2485 2416 2512 diceren-

1372 2536 1431 2562 tur,
1452 2531 1573 2566 persequi
1588 2532 1665 2566 posse.
1732 2533 1805 2558 Caes.
1817 2533 1844 2558 Β.
1859 2533 1890 2558 G.
1907 2536 1961 2563 1,38
1977 2530 2102 2562 Namque
2115 2526 2236 2552 omnium
2249 2531 2339 2550 rerum
2352 2527 2418 2555 quae

1372 2565 1404 2592 ad
1419 2565 1519 2592 belluni
1533 2567 1590 2593 vsui
1603 2573 1691 2598 erant,
1710 2568 1810 2594 summa
1824 2573 1879 2594 crat
1893 2567 1920 2592 in
1935 2565 2035 2600 oppido
2049 2562 2167 2589 facultas.
2224 2561 2265 2587 Ita
2282 2557 2420 2593 Cic.Faui=

1375 2610 1407 2633 11,
1422 2610 1453 2626 20
1472 2602 1635 2635 Legionibus
1650 2603 1683 2629 iis
1696 2603 1777 2630 video
1790 2603 1941 2629 facultatem
1956 2601 2016 2627 fore
2029 2607 2059 2626 ex
2078 2598 2146 2632 agris
2164 2595 2287 2622 Sullanis.
2359 2593 2423 2618 Vct.¹

1376 2637 1456 2662 Gloff.
1478 2637 1613 2670 Facultas,
1631 2639 1749 2673 περιεσίοι.
1797 2638 1958 2670 Facultates,
1977 2635 2060 2666 οὐσία,
2078 2633 2181 2667 εὐπορίαι
2215 2630 2254 2657 Ib.
2362 2627 2409 2654 Nu

1375 2680 1482 2699 morum
1496 2673 1605 2699 facultas
1621 2674 1676 2699 Cic.
1691 2682 1740 2707 pro
1753 2674 1847 2707 Qiint.
1861 2675 1898 2699 16.
1987 2671 2091 2705 Operae
2105 2667 2214 2694 facultas
2239 2665 2321 2692 Plaut.
2334 2663 2413 2690 Truc

1377 2728 1384 2734 .
1420 2727 1426 2734 .
1464 2727 1471 2734 .
1507 2708 1548 2734 Sic
1562 2709 1618 2735 Cic.
1632 2710 1708 2736 Verr.
1722 2717 1751 2741 5,
1764 2712 1808 2736 126
1833 2708 1952 2735 Facultas
1972 2703 2163 2741 suppeditandi.
2271 2699 2396 2739 Praeserti

1376 2743 1536 2776 Facultates,
1555 2746 1625 2771 Plur.
1633 2744 1696 2780 flant
1709 2746 1837 2777 Diuinae,
1857 2752 1920 2780 opes.
1956 2743 2011 2770 Cic.
2026 2742 2078 2767 Att.
2092 2747 2148 2773 11,7
2163 2738 2190 2764 Si
2204 2745 2266 2772 quas
2279 2735 2425 2764 habuimus,

1376 2779 1528 2811 facultates,
1548 2789 1589 2807 eas
1613 2786 1670 2807 tum
1694 2781 1835 2816 Pompeio,
1855 2789 1938 2815 quum
1964 2778 1992 2805 id
2013 2775 2171 2804 videbamur
2185 2773 2312 2807 sapienter
2323 2770 2422 2802 facere,

1378 2813 1530 2841 detulimus.
1600 2816 1747 2842 Facultates
1760 2822 1786 2843 et
1798 2816 1891 2850 copiae
1910 2815 1965 2842 Cic.
1979 2815 2057 2840 Verr.
2073 2821 2097 2844 2,
2106 2818 2161 2843 1352*
2222 2805 2368 2834 Facunates
2379 2814 2422 2831 fe·

1379 2859 1437 2876 rum
1447 2869 1455 2882 ,
1474 2850 1580 2883 copiae,
1600 2860 1662 2885 opes
1681 2852 1754 2878 Idem
1767 2852 1819 2879 Off.
1835 2861 1854 2884 1,
1868 2860 1892 2881 9.
1963 2848 2087 2876 Modicus
2099 2841 2283 2874 facultatibus,
2295 2841 2324 2867 de
2340 2842 2430 2877 ᾳιιῖη.μ
2442 2860 2444 2870 1

1379 2884 1484 2911 &iliano
1501 2886 1568 2912 Plin.
1582 2886 1659 2920 Epist.
1675 2889 1701 2919 6,
1717 2895 1763 2919 132.
1835 2887 1896 2921 le.
1910 2886 1938 2912 in
1951 2885 1968 2911 l.
1985 2893 1994 2911 1
2009 2883 2032 2921 §.
2046 2884 2072 2909 Si
2084 2883 2153 2908 inter
2164 2877 2327 2913 magistratus
2340 2877 2372 2903 D.
2387 2875 2444 2903 dew'

1378 2920 1573 2955 magistratibus
1587 2923 1777 2949 conueniendis
1786 2943 1794 2955 ,
1811 2923 1886 2949 Prius
1906 2921 1976 2948 enim
1994 2919 2111 2945 arbitror
2124 2913 2335 2940 conueniendum
2348 2921 2420 2944 eum,

1379 2957 1427 2991 qui
1441 2956 1490 2982 hoc
1505 2957 1635 2992 suscepit:
1672 2957 1767 2985 deinde
1784 2958 1895 2985 Excuffis
1915 2953 2100 2983 facultatibus,
2120 2956 2180 2976 tunc
2205 2947 2364 2975 veniendum
2385 2947 2419 2974 ad
2436 2967 2437 2973 ,

1377 2992 1512 3026 collegam.
1584 2993 1642 3020 Cic.
1656 3002 1704 3028 pro
1718 2995 1796 3020 Dom.
1813 3000 1876 3019 extr.
1895 2992 1924 3018 de
1936 2991 2005 3016 bonis
2012 2988 2146 3024 fortunae,
2165 2986 2288 3018 Qiorum
2302 2992 2350 3018 ego
2363 2991 2419 3013 non

1379 3034 1432 3055 tam
1447 3028 1598 3055 facultatem
1611 3038 1726 3064 vnquam
1741 3036 1766 3056 et
1779 3029 1881 3062 copiam
1897 3023 2088 3052 Extendendam
2101 3021 2199 3055 putaui.
2305 3019 2420 3053 Implere
2454 3017 2462 3046 ¹.

1379 3064 1515 3090 facultates
1527 3064 1654 3098 equestris
1672 3065 1774 3091 ordinis
1792 3065 1856 3090 Plin.
1869 3061 1945 3096 Epist.
1959 3069 1980 3092 1,
1993 3068 2029 3091 19.
2097 3057 2155 3091 le.
2170 3056 2196 3082 in
2209 3056 2226 3082 l.
2242 3064 2251 3082 1
2265 3053 2288 3091 §.
2302 3054 2419 3088 811113ςί-

1378 3100 1470 3126 stratus
1483 3099 1515 3126 ab
1529 3100 1609 3126 initio
1622 3101 1654 3126 D.
1668 3100 1699 3126 de
1713 3098 1908 3135 Magistratibus
1922 3092 2125 3124 conueniendis,
2162 3091 2242 3125 Qiod
2255 3092 2274 3118 si
2289 3090 2348 3117 satis
2361 3098 2420 3116 exe-

1381 3136 1434 3170 git,
1452 3141 1477 3161 et
1491 3135 1615 3162 idoneum
1629 3136 1727 3170 exegit,
1741 3135 1862 3170 quamuis
1877 3132 1962 3168 postea
1974 3129 2140 3156 facultatibus
2148 3127 2220 3162 Lapfi
2234 3128 2292 3154 sunt
2309 3132 2420 3157 tutores,
2433 3126 2447 3162 ‘¹

1381 3171 1424 3198 vel
1438 3171 1598 3197 fideiussores
1614 3182 1619 3197 :
1655 3171 1723 3197 1111111
1739 3171 1774 3197 est
1789 3170 1859 3206 quod
1871 3170 1911 3200 ei,
1931 3166 1978 3200 qui
1992 3165 2077 3195 dedit,
2101 3165 2253 3198 imputetur.
2291 3161 2344 3188 vid·
2365 3168 2419 3188 LA-

1384 3214 1453 3234 BOR·
1533 3206 1664 3240 Qlinffiil.
1680 3208 1799 3233 Prooem.
1814 3208 1830 3232 6
1842 3211 1904 3231 extr.
1926 3202 1983 3228 Nos
1997 3201 2085 3227 miseri
2101 3199 2164 3226 sicut
2186 3199 2322 3224 facultates
2340 3196 2437 3231 patri-¹¹
2456 3213 2457 3218 ,

1383 3242 1470 3269 monii
1490 3242 1589 3274 nostri,
1610 3243 1646 3269 ita
1670 3243 1720 3269 hoc
1746 3250 1811 3276 opus
1839 3239 1897 3266 aliis
1927 3245 2123 3271 praeparamus,
2141 3235 2201 3262 aliis
2227 3234 2419 3267 relinquemus.
2434 3251 2449 3262 Α,

1383 3279 1525 3313 Supersunt
1538 3278 1608 3312 large
1623 3278 1663 3304 illi
1678 3277 1827 3307 facultates,
1843 3274 1895 3300 vid.
1910 3279 2061 3299 LARGiOR,
2150 3269 2198 3296 Sed
2210 3272 2281 3296 etiam
2294 3268 2421 3299 Facultas,
2439 3275 2441 3278 ’
2456 3293 2457 3301 ¹

1381 3318 1408 3341 in
1423 3315 1491 3350 Sing.
1506 3324 1572 3340 num.
1581 3320 1630 3348 pro
1643 3315 1752 3340 Divitiis
1762 3311 1841 3346 posita
1851 3309 1951 3335 videtur
1987 3308 2069 3334 Paull.
2089 3307 2117 3332 in
2130 3305 2147 3333 l.
2160 3307 2228 3332 Cum
2242 3305 2323 3339 pluris
2337 3301 2359 3340 §.
2373 3303 2421 3331 vlt.
2430 3323 2439 3338 ¹:
2456 3332 2458 3338 ,

1382 3351 1414 3376 D.
1429 3349 1460 3375 de
1474 3349 1572 3376 admin.
1585 3355 1632 3374 tut.
1669 3348 1732 3374 Non
1745 3355 1808 3381 quas
1820 3345 1941 3371 minimas
1955 3343 2066 3378 poterit,
2086 3341 2129 3368 scd
2143 3350 2191 3376 pro
2206 3340 2328 3367 facultate
2342 3339 2422 3373 patri-

1382 3386 1476 3411 monii.
1521 3383 1579 3417 Nifi
1607 3385 1681 3410 malis
1710 3389 1840 3418 exponere,
1861 3388 1911 3416 pro
1942 3380 2015 3414 Copia
2043 3379 2202 3415 patrimonii.
2273 3374 2346 3411 Conf.
2376 3375 2420 3400 Iu-

1378 3421 1437 3447 stin.
1451 3427 1488 3451 38,
1502 3429 1518 3447 2
1562 3438 1568 3445 .
2430 3438 2433 3440 ,
2457 3422 2459 3428 ⁴

1418 3461 1434 3481 F
1444 3462 1464 3480 A
1473 3462 1489 3481 C
1502 3427 1576 3481 v'L7T
1585 3460 1605 3480 A
1618 3450 1692 3479 '1’V“L
1702 3459 1739 3484 A,
1757 3460 1796 3478 ae.
1821 3451 1841 3477 f.
1860 3451 1959 3477 Dimin.
1994 3449 2153 3481 Hieronym.
2167 3446 2200 3474 ad
2213 3445 2332 3472 Eustoch.
2341 3444 2420 3480 Epist.
2436 3443 2439 3459 ³

1380 3497 1425 3525 27,
1439 3498 1458 3521 4
1477 3490 1527 3515 Pro
1544 3488 1695 3515 facultatula
1709 3488 1761 3514 sua.

1418 3522 1540 3551 FAci‘N
1552 3530 1607 3554 vs,
1628 3524 1692 3549 bris.
1712 3532 1738 3548 n.
1758 3521 1881 3556 [πρὸἱξις]
1915 3520 2059 3557 Aliquando
2075 3516 2330 3552 Faflumfimpliciter
2344 3515 2366 3549 si
2384 3518 2423 3541 ni·
2436 3538 2438 3543 ,

1376 3559 1452 3596 ficut.
1487 3558 1588 3585 Sallust.
1602 3558 1679 3584 Catil.
1700 3567 1722 3583 c.
1741 3566 1757 3583 2
1770 3565 1833 3583 extr.
1858 3558 1912 3591 Qli
1932 3558 2023 3591 aliquo
2042 3555 2150 3590 negotio
2175 3553 2270 3579 intenti
2295 3525 2422 3586 praedari
2436 3567 2459 3580 ‹.,

1385 3595 1526 3625 facinoris,
1541 3599 1586 3620 aut
1599 3593 1684 3619 bonae
1697 3593 1759 3619 artis
1774 3592 1868 3619 famam
1882 3598 2019 3627 quaerunt.
2108 3590 2162 3616 Cic.
2176 3589 2247 3615 Fam.
2263 3597 2293 3619 2,
2307 3593 2320 3617 8
2356 3588 2422 3614 Non
2459 3585 2464 3601 ³

1386 3631 1479 3665 edepol
1499 3634 1621 3665 quantam
1639 3628 1723 3661 egeris
1736 3638 1808 3660 rein,
1825 3638 1909 3663 neque
1921 3625 2049 3662 quantum
2063 3625 2162 3652 facinus
2176 3623 2275 3649 feceris.
2337 3623 2441 3648 I'laut..v
2459 3614 2460 3633 l

1386 3666 1478 3693 Bacch.
1494 3675 1514 3698 1,
1530 3669 1598 3697 1,181
1619 3664 1684 3690 Non
1703 3673 1752 3698 ego
1771 3664 1852 3690 isthuc
1873 3665 1973 3690 facinus
1991 3661 2060 3689 1111111
2077 3660 2173 3686 mulier
2193 3657 2362 3685 conducibile
2373 3658 2436 3684 esser
2460 3667 2465 3686 χ

1387 3701 1520 3732 arbitror,
1539 3703 1557 3726 i.
1571 3700 1615 3726 hoc
1623 3699 1719 3734 facere.
1789 3700 1894 3726 Basilica
1905 3699 2040 3729 facinora,
2057 3695 2108 3722 uid.
2129 3699 2301 3721 BASiLiCVS.
2380 3690 2421 3719 Ad
2460 3692 2465 3696 ”

2261 3728 2372 3763 Egregia
2384 3728 2422 3754 fa·
2435 3738 2440 3749 τ

1387 3773 1478 3799 cinora
1510 3770 1612 3804 ingenii
1649 3769 1748 3796 Sallust.
1771 3770 1889 3806 Iugurtli.
1915 3780 1936 3796 c.
1959 3778 1984 3796 2.
2053 3766 2131 3792 Forte
2158 3765 2238 3791 Ouid·
2251 3765 2316 3790 Met.
2329 3772 2357 3796 9,
2371 3771 2421 3796 ¹50-
2473 3766 2479 3781 ‘

1387 3806 1565 3836 Immortalia,
1585 3804 1713 3839 Lepidum
1724 3826 1733 3838 ,
1752 3806 1942 3837 Luculentum,
1960 3803 2012 3830 vid.
2025 3802 2066 3828 hh.
2081 3810 2124 3827 υτ.
2194 3801 2317 3834 Magnum
2331 3805 2357 3824 et
2371 3807 2422 3824 me-

1387 3841 1519 3868 morabile
1553 3840 1623 3866 Ter.
1636 3840 1729 3867 l-lcaut.
1742 3851 1768 3873 2,
1784 3850 1807 3874 3,
1820 3850 1860 3876 73,
1965 3839 2066 3866 Mirum
2075 3856 2083 3868 ,
2103 3835 2204 3862 Nobile
2213 3855 2221 3867 ,
2259 3834 2310 3861 vid.
2323 3834 2365 3861 hh.
2379 3842 2422 3860 vv.

1385 3876 1595 3904 Pulcherrimurn
1615 3876 1683 3903 Ter.
1696 3876 1801 3904 Phorm.
1818 3886 1841 3909 ς,
1854 3878 1881 3908 6,
1895 3885 1932 3907 30.
2019 3873 2119 3905 Aequat
2141 3871 2241 3897 facinus
2255 3879 2322 3906 quos
2334 3868 2422 3904 inqui-

1726 3911 1842 3948 Aggredi
1855 3911 1972 3942 facinus,
1991 3907 2043 3934 vid.
2057 3912 2255 3935 AGGREDIOR.
2339 3905 2423 3966 Apgxee-
