2479 4225
47 140 175 221 76⁵*
423 162 701 225 FVN
1504 161 1793 204 FVN
2101 172 2176 219 766

48 253 136 286 cendi,
156 252 188 280 ab
202 252 345 288 ignaroque
359 252 518 288 distinguat,
539 262 616 288 quam
637 253 708 288 quod
723 253 766 280 ille
786 250 858 280 rudi:
872 250 1006 291 incondite
1021 252 1079 278 fun-
1140 251 1277 278 Praedium
1295 252 1357 278 idem
1375 250 1418 291 rJJ}
1433 252 1544 291 declarat
1557 252 1677 279 Scaeuola
1691 251 1719 279 in
1732 253 1748 278 l.
1763 254 1811 279 vlt.
1833 254 1863 280 D.
1877 256 1958 289 Qut).
1972 257 2043 284 mod.
2058 257 2111 293 pig.
2131 256 2175 284 ve!

49 286 103 322 dit',
121 294 246 323 quantum
260 287 359 323 potest,
378 295 424 314 vec.
490 290 554 315 Fusa
569 289 645 316 latius
659 290 780 316 oratione
798 288 836 314 1d.
851 287 883 313 de
896 286 987 326 Legib.
1004 296 1022 317 1,
1044 307 1050 313 .
1072 307 1079 314 .
1098 321 1100 324 y
1142 287 1250 322 hypoth.
1265 288 1334 327 solu.
1358 288 1439 326 Primi
1453 288 1606 321 creditoris,
1626 289 1673 323 qui
1687 289 1793 324 pignori
1806 290 1910 322 praedia
1922 299 2066 327 acceperat:
2090 299 2116 319 et
2129 302 2175 328 po-

0 328 2 330 “
49 321 70 362 q
88 332 106 358 4
142 324 264 350 Formulac
276 324 347 350 aliae.
391 324 510 351 Fundere
529 325 557 350 in
572 324 715 357 Tiberim,
742 326 893 353 Imm-merc.
949 322 1007 348 L1u.
1021 331 1052 354 2,
1067 331 1080 355 ς
1141 323 1274 355 stcrioris,
1293 330 1336 348 cui
1350 322 1456 356 quidam
1468 332 1499 349 cx
1514 324 1614 350 eisdem
1627 323 1715 350 fundis
1727 324 1780 350 dati
1795 331 1881 350 erant:
1916 327 1947 352 ad
1961 328 2069 354 eandem
2089 329 2175 363 perso-

43 367 87 397 pr.
111 358 244 386 Desefflam
257 367 315 384 cum
329 359 469 386 stramento
489 361 600 393 segetem
619 369 710 395 magna
725 360 764 385 vis
778 353 915 384 houiiuum
935 356 1008 383 simul
1031 358 1079 384 im·
1143 367 1203 384 nam
1225 357 1355 385 hereditas
1370 357 1518 385 deueucrat.
1588 361 1673 387 Palam
1693 358 1741 392 est,
1767 368 1827 394 quae
1840 362 1915 394 prius
1931 361 2037 389 Praedia
2056 368 2176 394 vocarat.

27 406 29 409 .
48 395 118 423 mitra
131 393 253 420 corbibus
265 394 376 421 fundere
391 395 418 421 in
431 395 567 421 Tiberim,
641 395 770 422 Funditur
782 394 809 420 in
822 393 920 426 septem
932 392 1001 419 lacus
1011 394 1079 425 Stry·
1107 400 1121 426 ς
1137 392 1221 429 postca
1234 393 1339 420 Fundos
1351 393 1477 428 appellari.
1549 395 1641 421 Cultus
1653 395 1749 422 fundus
1773 395 1840 421 Hor.
1856 394 1935 423 Scrm,
1951 404 1975 427 2,
1989 405 2010 430 ς,
2024 407 2055 429 ¹3-
2115 400 2175 425 Lati

50 438 112 458 mon
138 429 202 455 Plin.
216 438 243 462 4,
258 438 296 455 10.
362 430 492 457 Funditur
504 432 532 457 in
545 430 666 457 Rhenum
681 430 776 456 fluuius
800 427 872 454 Idem
880 436 906 460 4,
917 436 952 453 10.
1023 429 1079 455 Cic.
1143 429 1217 463 Virg.
1230 429 1327 462 Geor-g.
1341 437 1367 459 z,
1379 430 1439 460 468.
1532 430 1644 456 Mendax
1676 432 1742 457 Hor.
1758 430 1845 456 Carm.
1858 438 1886 462 3,
1903 439 1912 455 1
1926 449 1932 459 ‚
1945 439 1983 461 30.
2052 434 2174 469 Opflnqgs

50 465 82 493 de
92 463 147 491 Fin.
161 473 183 496 5,
199 473 208 490 1
243 465 348 499 Semper
362 466 432 492 enim
446 474 477 492 ex
491 475 539 498 eo,
559 465 631 500 quod
644 466 768 492 maximas
787 468 871 497 partes
891 463 1023 493 continet,
1045 464 1079 490 la-
1141 465 1332 498 maximusque,
1341 462 1622 497 Ornatiffimus,v1·‹l.stj
1632 466 1656 491 ll.
1692 464 1860 492 Suburbanus
1874 464 1969 491 fundus
1985 467 2050 492 Cato
2063 469 2093 493 1²..
2105 470 2133 494 R.
2147 477 2173 503 7.

49 499 189 534 tiffimeque
202 499 339 532 funditur,
357 507 411 527 tota
424 510 465 528 res
477 502 630 536 appellatur.
696 498 781 526 Fundi
793 498 996 524 inlatitudinem
1014 499 1079 526 Plin.
1142 499 1295 525 Conducere
1309 499 1436 530 fundum,
1472 499 1578 533 Ingredi
1591 500 1619 525 in
1632 501 1759 533 fundum,
1783 501 1837 527 vid.
1850 500 1891 527 hh.
1906 510 1949 527 vv.
2019 502 2102 528 Obire
2117 504 2176 530 fun-

0 554 2 558 ,
40 540 82 568 ’[8,
94 541 141 566 13.“
196 535 328 562 Funditur
342 537 370 563 in
383 545 473 563 omues
486 544 570 572 partes
582 537 645 563 vitis
669 536 723 562 Cic.
738 533 770 559 de
782 533 882 559 Seneel.
895 540 943 565 52.·
1141 535 1187 560 dos
1200 535 1302 560 nostros
1315 534 1357 560 cui
1371 543 1424 560 non
1438 533 1515 566 licet,
1536 542 1579 561 aut
1600 544 1640 561 res
1653 536 1758 562 rusticas
1777 536 1819 563 vel
1836 536 1936 563 fruetus
1954 537 2028 562 causa
2046 537 2087 562 vel
2106 537 2174 564 dele-

36 590 39 591 .
83 576 99 596 F
111 575 132 595 V
144 576 220 602 svs,
241 580 254 597 a
265 591 272 603 ‚
291 580 345 597 um.
382 572 442 599 Adi.
497 573 562 599 Fusa
573 572 606 598 ad
618 569 782 597 latitudinem
796 578 825 595 ae
838 568 1030 602 longitudinem
1045 569 1079 596 la·
1095 571 1123 589 10
1141 570 1263 596 &ationis
1277 569 1408 596 inuisere?
1443 569 1497 595 Cic.
1515 569 1546 595 de
1559 571 1633 596 Orat.
1649 579 1674 602 1,
1688 580 1739 604 249
1752 581 1773 597 c.
1787 578 1823 605 58.
1911 571 2069 598 Occideruut
2083 572 2175 604 fundi,

0 615 1 638 3
30 613 125 640 ggenae
139 605 220 632 niodo
247 607 312 633 Plin.
328 615 359 638 11,
372 615 413 642 37.
481 607 622 642 Dispositio
634 614 690 640 pars
704 604 873 634 Rhetorica.
894 610 919 629 ct
933 613 977 638 per
989 614 1079 631 omnes
1140 605 1192 632 vid.
1208 612 1227 632 ο
1237 611 1254 631 c
1266 611 1283 632 c
1296 607 1333 631 iD
1344 610 1375 630 o.
1446 604 1528 631 Plaut.
1544 605 1617 640 Capt.
1634 614 1652 636 1,
1665 614 1689 638 2,
1706 612 1738 640 78
1762 606 1839 639 Quasi
1854 606 1964 634 fundum
1977 606 2099 639 vendam,
2111 608 2176 633 meis

45 640 184 674 materiem,
207 647 347 677 totumque
371 651 462 669 earum
479 652 571 678 corpus
591 641 737 676 aequaliter
755 640 810 666 fusa
850 639 978 672 Qunffil.
999 649 1028 672 a,
1053 649 1078 673 9.
1140 649 1183 666 me
1195 640 1312 667 addicam
1326 638 1437 673 legibus.
1611 638 1632 678 ff
1651 649 1662 673 3
1698 643 1838 677 Metapa-or.
1875 641 1980 668 Fundus
1993 652 2040 668 non
2053 642 2175 677 modopro

45 675 94 703 Pei·
108 675 215 702 herbam
229 677 277 704 fusi
306 678 381 713 Virg.
396 680 460 705 Aen.
477 687 497 711 1,
510 683 560 708 218.
626 675 756 702 Homines
775 674 823 702 fusi
841 683 887 708 per
899 684 975 709 agros
993 684 1021 701 ac
1040 676 1079 702 di·
1140 676 1311 702 fundamento
1323 675 1432 708 dicitur,
1452 680 1481 701 vt
1494 674 1561 701 Gell.
1578 682 1606 710 17
1617 695 1623 706 ,
1637 681 1650 705 8
1685 677 1745 703 Eius
1767 686 1865 703 coenae
1878 678 1974 704 fundus
1986 683 2010 704 et
2023 677 2177 704 fundamen-

32 711 124 746 *spersi
139 718 266 746 vagantur
302 713 357 740 Cic.
372 723 420 748 pro
434 714 500 740 sext.
521 722 542 738 c.
558 720 599 745 42.
688 711 725 738 ld.
741 711 773 737 dc
791 711 827 737 N.
841 711 872 736 D.
890 718 919 739 2.
939 719 976 736 101
1012 711 1078 737 Exin
1139 716 1196 737 tum
1209 719 1288 737 omne
1303 716 1358 737 erat
1368 710 1426 735 aula
1439 718 1489 736 vna
1505 711 1678 745 Aegyptiacae
1693 712 1782 738 lentis:
1817 712 1865 740 Sed
1877 716 1949 739 etiam
1958 721 2006 748 pro
2018 712 2124 745 austore,
2135 716 2179 749 qui

45 747 114 773 mari
127 746 254 774 finitimus
267 751 312 776 a'er
324 749 367 775 die
379 758 407 776 ac
419 748 496 776 noete
508 746 685 781 distinguitur.
740 747 817 781 Isque
826 751 881 772 tum
891 745 960 771 fusus
974 751 1000 771 ct
1008 752 1078 772 exte.
1096 749 1122 775 ις
1139 746 1294 782 (λιιηιρνοόαι
1305 745 1415 781 aliquid,
1433 745 1497 771 illud
1509 749 1575 772 velut
1586 749 1613 771 in
1619 747 1648 781 [υ
1662 750 1761 783 recipit.
1831 748 1912 774 Plaut.
1931 748 2013 775 Trin.
2027 755 2050 781 5,
2064 757 2085 781 1,
2100 757 2118 783 7
2142 750 2177 776 Vt

44 788 136 808 nuatus
151 782 263 810 sublime
276 784 376 817 fertur,
396 790 451 810 tum
464 789 550 809 autem
563 788 698 810 concretus
712 782 741 808 in
753 781 834 808 nubes
849 781 967 814 cogitur,
985 780 1077 808 humo-
1139 791 1206 816 quae
1220 790 1279 808 cum
1291 781 1348 806 eius
1361 780 1418 806 filio
1432 781 1489 814 egi,
1515 781 1540 807 ei
1558 782 1598 807 rei
1618 782 1714 808 fundus
1729 790 1801 817 pater
1816 783 1846 809 sit
1860 783 1950 817 potior
1962 792 2002 809 eo.
2074 783 2176 811 Festus:

14 832 15 835 =
44 826 153 852 remque
166 818 306 854 colligens,
326 825 422 846 terram
435 824 510 852 auget
523 818 671 850 imbribus,
690 823 746 844 tum
766 818 873 844 effluens
895 816 944 842 huc
961 822 986 841 ct
998 816 1059 842 illuc
1069 838 1077 849 ,
1139 817 1243 843 Fundus
1256 824 1363 851 quoque
1376 815 1474 843 dicitur
1487 817 1600 851 Populus
1613 818 1661 844 effe
1674 826 1715 844 ret
1729 826 1809 853 quam
1819 818 1931 850 alienat,
1957 818 2007 844 hoc
2025 818 2061 845 est
2075 819 2176 846 auetor.

43 858 136 879 ventos
150 852 238 881 efficit.
308 855 389 881 Aluus
409 854 475 881 Cels.
483 862 532 886 1,3.
550 856 569 880 i.
588 853 762 888 ninzisfhluta.
817 851 949 879 Omnibus
963 851 1077 879 hostium
1139 853 1206 878 Geli.
1221 854 1258 884 16,
1275 860 1299 883 13
1332 851 1478 886 Municipes
1492 853 1550 878 sunt
1563 853 1632 878 ciues
1647 854 1723 881 Rom,
1737 862 1769 880 ex
1784 854 1953 888 municipiis,
1972 854 2072 888 legibus
2087 855 2137 881 suis
2151 861 2178 881 et

0 886 3 904 l
33 889 135 922 -Copiis
150 889 212 916 fusis
245 890 316 917 Caes.
330 891 357 917 B.
370 891 401 916 G.
414 898 443 922 3,
455 891 480 915 6.
566 889 626 915 Liu.
641 893 684 921 38,
698 897 725 914 21
756 886 900 922 Detegebat
913 887 1020 913 vulnera
1033 897 1076 914 eo·
1137 888 1184 914 suo
1198 887 1257 913 iure
1269 892 1387 918 vtentes‚
1409 888 1525 914 muneris
1546 893 1646 914 tantum
1667 898 1725 915 cum
1741 889 1840 923 Populo
1854 890 1931 916 Rom.
1945 890 2083 916 honorarii
2098 891 2178 925 parti-

42 931 120 956 rum,
139 930 164 950 et
177 925 249 960 quod
264 926 329 952 nudi
341 930 468 960 pugnant:
504 929 530 950 et
545 924 603 951 sunt
614 924 669 950 fusa
677 929 703 950 et
715 922 824 950 candida
831 931 957 957 corpora,
974 930 1002 949 vt
1010 933 1075 957 quae
1089 927 1124 946 20
1138 923 1208 956 cipes
1226 937 1272 942 --
1291 930 1376 956 neque
1390 922 1442 948 vlla
1455 923 1548 957 Populi
1560 923 1674 949 Romani
1688 924 1711 949 le
1731 934 1744 950 e
1759 924 1892 957 adstriffl,
1911 924 1958 951 nisi
1968 945 1976 958 ,
1996 925 2113 961 inquam,
2130 935 2175 960 po-

42 967 176 994 nunquam
189 961 236 987 nisi
251 961 279 987 in
290 970 374 996 pugna
386 959 525 986 nudentur.
575 960 640 986 Fusa
652 967 762 994 corpora
775 958 856 985 dicere
867 958 966 984 videtur
981 959 1076 991 mollia,
1137 958 1212 992 pulus
1227 966 1319 984 eorum
1332 957 1429 983 fundus
1442 958 1525 984 sacius
1539 958 1583 984 est.
1621 961 1639 984 i.
1665 967 1695 984 au
1725 969 1769 991 or,
1785 959 1981 995 dcclarauitque,
1999 961 2027 996 fi
2046 964 2084 986 ita
2101 962 2177 992 velle,

40 995 108 1030 quast
120 995 271 1032 liquqfotl'a,
289 995 446 1032 infunditur
457 1004 512 1027 aes,
532 1000 580 1022 etc.
670 995 762 1021 Crines
796 994 870 1028 Virg.
887 994 950 1019 Aen.
966 1002 1009 1025 10,
1024 1003 1074 1028 137.
1136 1001 1160 1019 et
1171 993 1264 1028 legibus
1275 994 1393 1019 Romanis
1400 993 1428 1028 sc
1437 993 1567 1028 subiicere.
1619 995 1661 1020 Sic
1675 997 1748 1019 etiam
1760 995 1934 1030 intelligendus
1949 995 1985 1027 est
2003 996 2114 1028 Cicero,
2133 1000 2177 1032 qui

41 1033 61 1056 τ’.
81 1030 172 1065 Sparfi.
241 1032 377 1066 cupressus
404 1030 469 1057 Plin.
485 1039 523 1062 12,
538 1038 575 1064 17.
645 1031 775 1057 Decorum
785 1029 836 1055 late
848 1029 935 1055 fusum
959 1029 1012 1055 Cic.
1021 1030 1073 1056 Off.
1136 1030 1258 1055 oratione
1271 1037 1320 1062 pro
1333 1027 1414 1054 Balbo
1431 1030 1477 1055 hac
1482 1027 1598 1064 formula
1608 1029 1738 1064 aliquoties
1749 1032 1839 1056 mitur.
1908 1031 1939 1055 V.
1953 1031 1985 1056 G.
2001 1039 2029 1063 19
2047 1040 2068 1056 c.
2082 1037 2096 1060 8
2127 1034 2176 1057 Ac-

42 1073 63 1097 1,
78 1071 118 1098 98.
189 1067 310 1094 Membra
322 1066 378 1092 fusa
390 1071 451 1092 toro
489 1066 570 1092 Ouid.
585 1073 616 1091 ex
637 1066 710 1091 Pont.
723 1074 752 1097 3,
771 1073 799 1096 3,
819 1069 840 1094 8.
931 1065 1002 1098 Opus
1021 1065 1073 1091 late
1136 1065 1239 1090 cusator
1250 1069 1326 1096 negat
1340 1072 1370 1089 ex
1384 1064 1521 1090 foederato
1536 1063 1636 1097 populo
1648 1073 1809 1098 quemquam
1822 1065 1948 1098 potuisse,
1967 1065 2014 1091 nifi
2030 1065 2051 1091 is
2064 1068 2175 1100 populus

43 1101 174 1134 Quinffil.
188 1109 211 1133 2,
226 1109 258 1133 13.
328 1101 411 1127 Sicuti
424 1101 531 1135 Sanguis
548 1101 577 1126 in
597 1100 769 1135 corporibus,
786 1099 818 1126 fic
838 1099 899 1126 illae
914 1100 963 1126 Res
975 1100 1002 1126 in
1015 1109 1074 1126 ora.
1087 1103 1120 1130 25
1135 1099 1232 1125 fundus
1245 1098 1329 1124 faetus
1342 1100 1414 1129 estet,
1441 1099 1470 1125 in
1483 1098 1547 1125 hanc
1561 1099 1697 1125 ciuitatem
1715 1100 1816 1126 venire.
1871 1101 1944 1125 Hunc
1961 1099 2047 1125 deinde
2065 1101 2176 1128 deridet.-

41 1136 161 1163 tionibus
172 1136 244 1163 fitsae
258 1137 305 1163 ess'e
317 1136 450 1163 debebunt
481 1137 536 1162 Cic.
549 1135 582 1161 de
593 1137 665 1162 Orat.
674 1145 685 1161 2
698 1145 720 1161 c.
733 1143 777 1170 77.
849 1135 893 1161 Ob
913 1144 994 1169 remp.
1015 1136 1074 1162 fuso
1137 1134 1210 1167 Quid
1224 1134 1296 1161 enim
1309 1134 1396 1169 potuit
1409 1134 1462 1161 dici
1475 1134 1640 1169 imperitum,
1660 1143 1739 1169 quam
1757 1134 1906 1161 foederatos
1919 1135 2029 1169 populos
2046 1135 2104 1162 fieri
2118 1137 2175 1162 fun-

41 1171 170 1206 Sanguine
195 1172 254 1198 Sall.
268 1172 370 1207 Fragm.
382 1180 403 1204 3,
418 1177 450 1202 18.
503 1171 570 1198 Add.
585 1171 644 1197 Liu.
656 1178 682 1204 7,
698 1179 737 1202 3ο.
807 1171 922 1197 Vulnere
936 1171 1018 1197 multo
1032 1172 1074 1198 su-
1137 1169 1184 1196 dos
1196 1171 1337 1204 oportere?
1372 1178 1432 1196 nam
1444 1169 1471 1195 id
1485 1178 1539 1196 non
1552 1170 1633 1204 magis
1646 1170 1785 1204 proprium
1806 1170 1842 1196 est
1859 1170 2074 1203 foederatorum,
2095 1180 2175 1206 quam
2197 1170 2202 1179 ¹

39 1207 81 1232 sus
107 1207 153 1233 Sil.
167 1216 194 1240 4,
206 1215 259 1239 233.
328 1208 413 1234 Humi
426 1207 497 1233 fusus
522 1206 596 1240 Virg.
610 1206 675 1232 Aen.
689 1208 719 1237 6,
733 1214 798 1239 440.
870 1206 936 1232 Idem
948 1216 977 1232 ac
990 1207 1021 1232 Co
1039 1210 1074 1233 io·
1136 1205 1258 1231 omnium
1271 1204 1436 1232 liberorum:
1472 1205 1514 1231 sed
1533 1210 1618 1231 totum
1632 1204 1682 1231 hoc
1695 1205 1810 1237 Iudices,
1830 1206 1860 1232 i'n
1872 1214 1903 1232 ea
1914 1206 1967 1232 fuit
1984 1206 2096 1240 positum
2110 1208 2177 1233 scm-

33 1241 89 1276 sus.
146 1242 214 1268 Gell.
226 1251 253 1275 2,
265 1245 300 1269 26
341 1243 440 1270 Graeca
465 1241 553 1276 lingua
576 1241 710 1275 prolixior
729 1241 865 1276 fusiorque
884 1251 962 1276 quam
976 1214 1072 1269 nosfra.
1135 1249 1183 1274 per
1196 1241 1299 1267 ratione
1319 1246 1397 1274 atque
1418 1240 1559 1271 sententia,
1580 1246 1608 1266 vt
1625 1249 1707 1275 quum
1721 1241 1823 1267 iussisset
1843 1242 1949 1269 Praetor
1970 1241 2088 1276 aliquid,
2109 1242 2127 1268 si
2146 1241 2175 1269 id

0 1278 3 1283 '
30 1276 94 1303 cic.
108 1275 140 1302 de
153 1277 227 1304 Orat.
243 1286 255 1303 2
274 1287 295 1304 c.
311 1285 336 1310 ¹3
365 1277 452 1304 Genus
465 1277 593 1303 orationis
607 1278 695 1305 susum
707 1283 784 1312 atque
797 1277 918 1304 tractum.
1087 1282 1119 1306 30
1135 1275 1298 1302 adsciuiss'ent
1309 1276 1373 1302 socii
1386 1276 1479 1310 populi
1493 1285 1521 1302 ae
1536 1276 1641 1308 Latini,
1659 1283 1700 1308 et,
1720 1276 1737 1302 si
1751 1285 1780 1303 ea
1793 1276 1842 1307 ch,
1857 1286 1935 1311 quam
1948 1286 1995 1303 nos
2003 1277 2158 1304 haberemus
2167 1298 2176 1310 ,

0 1316 1 1320 ’
28 1319 31 1324 ·
73 1317 141 1338 Fvs
152 1317 172 1338 o
183 1319 250 1339 RES
264 1332 273 1345 ‚
308 1312 462 1346 [χωνεύται]
497 1312 514 1338 l.
530 1321 539 1338 1
561 1313 590 1338 C.
605 1312 637 1338 de
655 1314 767 1340 excusat,
786 1313 858 1340 artis.
880 1312 995 1340 videntur
1014 1311 1074 1346 effe,
1135 1311 1226 1337 eadem
1240 1312 1268 1337 in
1281 1311 1380 1346 populo
1397 1311 1487 1345 aliquo
1500 1317 1623 1346 tanquam
1636 1312 1663 1337 in
1677 1311 1761 1338 fundo
1774 1312 1916 1338 resedisset:
1951 1318 1980 1339 vt
1993 1319 2049 1339 tum
2064 1313 2120 1347 lege
2134 1322 2175 1340 ea—

1 1363 3 1374 1
31 1349 80 1411 ἔνι’
94 1356 124 1372 ex
136 1347 231 1373 metallo
237 1346 355 1380 statuas,
368 1349 420 1373 alia
431 1348 472 1373 vel
482 1353 554 1381 opera
560 1348 686 1383 fiendum.
1135 1347 1194 1373 dem
1208 1347 1229 1373 is
1244 1347 1354 1381 populus
1365 1352 1515 1379 teneretur,
1539 1355 1594 1373 non
1614 1352 1642 1373 vt
1654 1346 1686 1373 de
1699 1347 1789 1374 nostro
1803 1348 1862 1374 iure
1875 1348 1976 1381 aliquid
1993 1349 2175 1381 minueretur,

2 1399 3 1410 ι
44 1382 165 1419 r53-1‹·V'so
174 1388 211 1409 ΕΙ
220 1388 240 1408 ν
251 1388 264 1408 s
274 1402 283 1415 ,
308 1391 338 1415 a,
361 1391 414 1409 um.
448 1382 513 1409 ndi.
569 1384 706 1410 Formauit
737 1392 818 1419 opere
850 1383 953 1410 fusorio
995 1383 1072 1418 Vulg.
1136 1382 1179 1408 sed
1192 1388 1219 1409 vt
1230 1383 1272 1408 illi
1286 1381 1379 1416 populi
1389 1388 1434 1409 aut
1448 1382 1506 1409 iure
1517 1390 1566 1413 e0,
1590 1383 1661 1417 quod
1675 1391 1689 1409 a
1702 1383 1780 1409 nobis
1795 1384 1854 1410 esset
1867 1383 2051 1416 constitutum,
2070 1390 2115 1410 aut
2127 1384 2175 1411 ali-

2 1429 3 1433 *
35 1412 118 1444 kind.
130 1425 171 1449 32,
188 1425 214 1450 4.
1137 1427 1191 1451 quo
1205 1417 1362 1450 commodo,
1382 1424 1427 1444 aut
1443 1417 1575 1444 beneficio
1588 1423 1733 1445 vtereutur.
1789 1420 1867 1446 Plana
1881 1419 1945 1454 sunt
1957 1422 2052 1450 omnia,
2070 1419 2096 1453 fi
2115 1420 2176 1447 fun—

76 1458 138 1480 Fvs
149 1458 168 1478 0
179 1459 198 1479 R
207 1460 217 1479 1
226 1459 281 1479 VM
290 1472 299 1485 ‚
318 1453 337 1481 i.
357 1461 384 1480 n.
420 1451 589 1486 Emiffizrium,
606 1453 788 1489 quofusaaqua
799 1451 891 1488 effluat.
942 1453 1038 1480 Pallad.
1054 1462 1075 1485 1,
1092 1455 1119 1481 ὃς
1137 1452 1200 1479 dum
1212 1453 1406 1489 sierifigniftcat
1420 1452 1626 1487 auHorcmfieri,
1646 1460 1669 1480 ct
1680 1457 1795 1489 recipere.
1847 1455 1888 1481 Sic
1901 1463 1926 1480 n.
1937 1462 1960 1480 21
1989 1455 2045 1489 Ipsa
2060 1454 2175 1490 denique

2 1499 4 1502 >
41 1493 70 1523 17
88 1487 191 1514 Relicto
203 1488 310 1514 fusoriis
323 1488 392 1515 loco.
461 1490 494 1515 Et
506 1497 525 1520 1,
539 1496 570 1523 37
596 1490 733 1523 Coquinae
745 1490 854 1516 fusoria.
925 1490 999 1516 Idem
1015 1497 1075 1522 1,42
1137 1489 1205 1515 Iulia
1216 1490 1269 1521 lex,
1288 1498 1340 1523 qua
1353 1488 1409 1523 lege
1421 1488 1513 1515 ciuitas
1526 1489 1562 1515 est
1580 1489 1657 1515 sociis
1670 1495 1695 1515 et
1710 1489 1811 1516 Latinis
1823 1489 1897 1522 data,
1918 1490 1965 1524 qui
1984 1490 2061 1516 fundi
2081 1491 2176 1525 populi

2 1528 3 1531 ’
37 1522 192 1550 Balnearum
204 1524 314 1550 fusoria.
592 1547 593 1555 ,
1136 1524 1200 1550 faeti
1215 1533 1267 1549 non
1282 1525 1372 1556 essent,
1392 1524 1526 1550 ciuitatem
1545 1533 1600 1550 non
1617 1523 1751 1551 haberent.
1803 1526 1834 1551 In
1855 1534 1908 1560 quo
1928 1535 2020 1560 magna
2038 1525 2174 1552 contentio

25 1571 33 1574 -
71 1564 172 1585 FVSE.
208 1559 275 1585 Adu.
312 1556 427 1592 [χύδην]
463 1558 487 1584 h.
498 1567 517 1584 e.
532 1557 693 1585 Abundantcr
707 1565 731 1584 ct
742 1558 843 1594 copiast.
898 1559 954 1586 Cic.
969 1559 1001 1586 de
1017 1560 1074 1587 Fin.
1136 1559 1342 1586 Heracliensium
1356 1566 1381 1586 et
1395 1559 1633 1594 Neapolitanorum
1647 1560 1716 1592 fuit,
1735 1569 1793 1586 cum
1807 1569 1900 1595 magna
1919 1570 1976 1595 pars
1995 1561 2023 1587 in
2037 1562 2070 1586 iis
2082 1562 2176 1587 ciuita-

26 1601 60 1626 ⁷3‚
73 1596 107 1620 26
133 1594 218 1620 Potest
230 1595 257 1620 id
272 1594 378 1628 quidem
392 1593 447 1619 fuse
460 1599 486 1619 et
499 1594 619 1628 copiose,
644 1600 669 1620 et
682 1594 805 1620 omnibus
819 1593 973 1620 eleetiffimis
986 1595 1075 1621 verbis
1136 1594 1207 1620 tibus
1221 1594 1335 1622 foederis
1349 1595 1389 1621 sui
1403 1594 1554 1622 libertatem
1573 1595 1676 1621 ciuitati
1694 1595 1845 1622 anteferret.
1899 1596 2032 1623 Postremo
2050 1596 2114 1622 haec
2132 1596 2175 1622 vis

32 1629 244 1663 grauiffimisque
263 1629 396 1655 sententiis
419 1628 551 1655 rhetorice
578 1636 603 1655 et
626 1629 717 1663 augeri
739 1635 765 1655 et
788 1629 887 1656 ornari.
960 1631 1072 1664 Populus
1083 1638 1120 1662 40
1136 1630 1170 1656 est
1184 1630 1256 1656 illius
1269 1631 1335 1657 iuris
1352 1636 1377 1656 et
1391 1629 1483 1662 verbi,
1508 1636 1536 1657 vt
1549 1630 1626 1657 fundi
1639 1632 1731 1665 popuii
1743 1631 1874 1657 beneficio
1886 1630 1975 1657 nostro
1987 1640 2042 1656 nou
2055 1631 2101 1656 suo
2115 1630 2174 1657 iure

35 1664 92 1690 fuse
109 1664 136 1690 in
146 1664 231 1690 tribus
244 1669 403 1690 conuocatus
426 1664 464 1692 Id.
478 1663 510 1690 de
524 1664 613 1699 Legib.
622 1672 645 1697 3,
658 1674 695 1697 44
708 1674 728 1690 c.
739 1673 775 1696 19.
845 1664 883 1690 ld.
897 1665 979 1691 Tusc.
988 1675 1016 1698 4,
1037 1685 1042 1692 .
1065 1686 1071 1692 .
1134 1665 1205 1691 fiant.
1262 1666 1329 1692 Cum
1342 1665 1444 1700 aliquid
1456 1667 1570 1700 Populus
1584 1667 1661 1693 Rom.
1676 1666 1759 1697 iussit,
1781 1666 1808 1693 id
1821 1666 1839 1692 si
1860 1665 1896 1691 est
1907 1665 2056 1696 eiusmodi,
2074 1671 2103 1691 vt
2116 1665 2176 1699 qui-

37 1699 77 1725 De
90 1699 164 1725 cuius
178 1699 332 1725 excellentia
345 1699 426 1725 multa
445 1699 552 1734 quidem
572 1700 625 1727 dici
644 1701 766 1734 quamuis
779 1699 836 1725 fuse
850 1699 954 1734 lateque
967 1700 1073 1734 possint,
1133 1700 1243 1726 busdam
1254 1701 1357 1734 populis
1371 1701 1424 1727 fiue
1437 1701 1578 1729 foederatis
1591 1701 1644 1727 siue
1657 1701 1748 1727 liberis
1757 1700 1963 1733 permittendum
1976 1700 2024 1725 esse
2038 1700 2173 1733 videatur,

36 1733 80 1760 sed
93 1733 242 1761 breuisiime
253 1734 302 1761 illo
316 1734 404 1760 modo.
475 1735 540 1761 Fuse
552 1735 655 1769 lateque
669 1735 756 1762 dicere
782 1735 819 1762 Id.
835 1735 863 1759 in
877 1736 949 1761 Orat.
959 1744 995 1766 113
1005 1744 1073 1766 c.32.
1133 1741 1163 1760 vt
1177 1735 1286 1760 statuant
1300 1735 1347 1769 ipsi
1357 1755 1365 1766 ‚
1385 1744 1438 1762 non
1452 1736 1483 1762 de
1497 1736 1607 1766 nostriS,
1626 1736 1667 1761 sed
1682 1735 1772 1761 defuis
1786 1735 1878 1766 rebus,
1897 1743 1952 1769 quo
1960 1735 2019 1761 iure
2026 1735 2065 1761 vti
2074 1735 2157 1762 velint
2168 1746 2176 1762 :

0 1799 1 1804 Ἰ
31 1769 108 1799 Ηᾱοε
131 1779 213 1803 quum
225 1769 332 1795 vberius
345 1770 509 1804 disputantur
529 1776 555 1795 et
574 1771 654 1795 fusius
690 1771 746 1796 Cic.
770 1769 802 1794 de
822 1769 884 1794 Nat.
911 1770 943 1793 D.
965 1777 981 1794 2
1004 1778 1025 1793 c.
1045 1776 1070 1801 7.
1134 1773 1189 1793 tum
1199 1788 1207 1800 ,
1233 1776 1321 1796 vtrum
1343 1769 1422 1795 flandi
1440 1770 1506 1796 faeti
1525 1770 1573 1796 sint
1598 1778 1631 1796 an
1649 1771 1720 1796 non?
1756 1769 1935 1804 quaerendum
1965 1770 2012 1797 effe
2042 1770 2174 1798 videatur.

71 1803 238 1835 Fvsfms,
258 1813 281 1830 e.
317 1804 376 1829 Adi.
429 1803 594 1838 defusum
607 1802 650 1835 est,
708 1805 753 1833 Vt,
772 1804 874 1827 Aurum
887 1802 963 1827 fufilc
988 1803 1071 1840 Ouid.
1085 1807 1118 1832 45
1135 1803 1174 1840 De
1187 1803 1275 1828 nostra
1287 1811 1353 1829 vero
1363 1804 1518 1838 republica,
1544 1804 1575 1831 de
1594 1805 1686 1831 nostro
1706 1806 1834 1839 imperio,
1860 1805 1892 1832 de
1910 1805 2006 1832 nostris
2025 1804 2117 1838 bellis,
2141 1806 2175 1832 de

34 1838 198 1868 Met.u‚126.
268 1838 307 1863 Sal
321 1838 406 1863 futilis
431 1837 595 1868 Columel.6‚
607 1845 644 1868 33.
672 1837 722 1871 fid
731 1834 965 1870 ibipraeslatlcgcre
972 1836 1071 1862 foffius.
1133 1836 1265 1870 vic‘ioria,
1283 1837 1315 1864 de
1328 1838 1411 1865 salute
1425 1840 1537 1875 populos
1550 1840 1646 1866 fundos
1661 1840 1720 1868 fieri
1732 1841 1882 1868 uoluerunt.
1942 1840 2051 1867 Tandem
2066 1849 2101 1873 42
2115 1850 2136 1866 c.
2147 1846 2174 1871 18

34 1873 99 1899 Vasa
112 1872 197 1900 fusilia
220 1873 298 1897 Mart.
312 1870 431 1905 Capellae
444 1876 457 1900 8
475 1880 499 1904 p.
513 1879 564 1902 290
581 1872 642 1909 βαρ
650 1872 764 1906 peretz-fis,
782 1877 812 1896 vt
830 1879 893 1905 aqua
914 1868 1072 1904 maiestatem
1133 1872 1222 1898 Potuit
1234 1873 1316 1907 magis
1328 1874 1424 1901 fundus
1437 1876 1548 1910 populus
1563 1876 1705 1903 Gaditanus
1719 1876 1794 1907 fieri,
1812 1875 1830 1901 fi
1845 1881 1901 1902 tum
1913 1874 1942 1901 fit
1957 1875 2070 1907 fundus,
2090 1885 2174 1911 quum

28 1907 187 1943 flel’sydfflff
222 1905 291 1932 Μαάθ
306 1915 354 1932 ”On
369 1906 459 1932 f¹¹ffli³
474 1906 649 1942 ‘egffldumflf-
1133 1907 1196 1934 scita
1208 1916 1236 1934 ac
1249 1909 1311 1937 iuss'a
1325 1910 1413 1937 nostra
1426 1912 1468 1937 sua
1481 1911 1608 1937 sententia
1621 1911 1775 1944 comprobat
1784 1930 1791 1941 ,
1812 1919 1890 1944 quam
1904 1919 1963 1936 cum
1977 1910 2122 1945 hospitium
2135 1912 2173 1938 fe-

69 1947 197 1972 Fvs1o‚
214 1942 282 1967 onis.
313 1941 333 1967 f.
369 1941 459 1975 [χύσις
466 1941 486 1980 ]ἱ
532 1941 588 1968 Cic.
603 1941 682 1981 deN·
698 1941 730 1981 D.
746 1949 770 1981 1,
789 1949 819 1973 39
837 1950 858 1967 c.
875 1948 900 1974 13
929 1941 1070 1977 Ipsumque
1132 1943 1184 1974 cit,
1202 1950 1247 1970 etc.
1300 1947 1350 1980 Qu·
1360 1946 1419 1972 haec
1432 1952 1524 1972 attente
1538 1940 1646 1980 legerim*
1658 1955 1707 1971 non
1720 1945 1790 1972 ualde
1802 1945 1836 1971 ad
1840 1946 1979 1982 forandam
1992 1946 2087 1982 quidem
2095 1947 2174 1981 ipsam

34 1978 159 2006 mundum
173 1977 251 2003 deum
264 1977 329 2003 dicit
341 1977 388 2002 ess'e
401 1977 563 2011 Chrjfippus,
584 1981 610 2003 et
624 1981 679 2003 eius
687 1985 770 2002 animi
777 1976 1071 2008 fusionemvniuersam,
1089 1986 1120 2012 50
1132 1986 1180 2015 qua
1192 1979 1220 2006 dc
1232 1982 1334 2015 agitur,
1349 1980 1534 2016 intelligendum
1547 1978 1628 2006 doctis
1642 1980 1850 2016 disputationibus
1867 1982 1989 2017 Rigaltii,
2016 1982 2138 2008 Romami
2150 1989 2175 2009 et

35 2017 54 2041 ι’.
66 2013 152 2050 fusam
163 2012 207 2047 23]st
222 2019 336 2039 naturam
350 2012 458 2037 cilicinam
465 2019 512 2047 per
524 2021 615 2038 omnem
629 2011 756 2043 mundum,
770 2018 800 2037 vt
806 2018 855 2047 per
868 2019 956 2048 corpus
963 2011 1072 2048 nostrum
1133 2016 1212 2042 chr.
1233 2015 1323 2048 Valglii
1335 2015 1367 2041 de
1381 2016 1485 2050 populis
1499 2016 1605 2048 fundis,
1629 2025 1691 2051 quas
1709 2016 1779 2042 dedit
1794 2017 1914 2042 Graeuius
1932 2015 2005 2051 Thejfi
2025 2018 2088 2043 Ant.
2102 2018 2173 2045 Rom.

36 2051 123 2084 artimu-
201 2048 277 2075 FUfiO
292 2047 377 2075 tennis
389 2046 520 2074 stellarum
547 2047 654 2074 Vifflffl·
667 2056 694 2080 9²
707 2055 732 2081 7-
767 2050 786 2086 ῖς
802 2049 980 2085 Plures-stellae
993 2050 1072 2076 fufio-
1137 2052 1206 2077 Toni.
1221 2060 1233 2077 2
1252 2050 1388 2087 indigebit:
1424 2060 1485 2087 quas
1504 2058 1584 2078 tamen
1606 2050 1687 2087 IngJJe
1706 2051 1734 2077 ob
1754 2052 1875 2086 reliquam
1893 2052 2037 2087 elegantiam
2056 2056 2175 2079 neminem

36 2094 95 2115 nem
107 2093 182 2121 aquae
199 2091 321 2119 utcunque
335 2083 552 2120 repratffent'antes.
623 2084 652 2110 L.
672 2092 685 2116 3
706 2084 735 2110 C.
749 2083 807 2112 Th.
821 2085 853 2112 de
866 2086 921 2112 fals.
937 2095 1008 2112 mon.
1043 2085 1070 2111 Si
1126 2089 1288 2120 poenituerit.
1347 2085 1439 2112 Dictae
1450 2085 1630 2120 diffirtationes
1647 2089 1720 2112 etiam
1738 2088 1833 2124 remiſsie
1845 2086 1908 2123 sunt
1919 2096 1973 2113 cum
1985 2088 2063 2114 Henr.
2084 2088 2175 2123 Valqfii

39 2121 94 2156 quis
103 2129 212 2147 numum
230 2121 294 2147 falsa
312 2121 415 2147 fusione
427 2119 594 2148 formanerit.
769 2118 790 2158 q
816 2130 832 2147 2.
866 2121 943 2147 Fusio
980 2119 1072 2152 raestw
1132 2121 1206 2147 libris
1227 2121 1434 2147 Emendationum.

42 2159 124 2183 tionem
135 2163 158 2182 et
170 2156 304 2183 illationem
310 2157 435 2193 publicam
441 2155 580 2193 fignificat.
633 2157 691 2183 Vct.
702 2156 743 2182 Gl.
752 2156 827 2182 Fufio
839 2156 936 2190 εἰσφοραὶ
951 2128 1071 2189 stripeium.
1088 2161 1117 2187 ςς
1170 2162 1186 2182 F
1196 2162 1216 2180 v
1224 2163 1246 2181 N
1254 2163 1273 2182 D
1283 2163 1304 2181 V
1313 2162 1329 2181 L
1340 2163 1360 2181 v
1369 2164 1382 2183 s
1391 2176 1399 2188 ,
1420 2156 1437 2183 i.
1454 2165 1489 2182 m.
1527 2157 1628 2184 Dimin.
1669 2158 1744 2186 Cuizu·
1758 2161 1810 2185 tria
1823 2166 1913 2195 genera
1924 2160 2048 2194 reperias,
2069 2158 2175 2185 Fundu.

44 2191 157 2219 Fufiones
168 2193 315 2225 συντέλειαι,
333 2193 446 2228 εἰσφοραί.
517 2192 621 2226 leian.
642 2192 659 2218 l.
674 2199 707 2226 27
721 2189 744 2228 6,
755 2200 771 2223 3
792 2192 824 2217 D.
838 2191 870 2216 de
882 2191 964 2217 vsufr.
997 2191 1068 2217 Nam
1131 2190 1172 2216 lus
1179 2198 1287 2226 paruum
1293 2191 1406 2226 fundum
1419 2192 1594 2226 orbicularem,
1613 2196 1656 2229 qui
1669 2196 1696 2219 in
1707 2194 1820 2228 cylindro
1833 2203 1890 2220 cauo
1903 2196 1996 2221 moueri
1997 2193 2085 2228 Ροίῖῐι,
2093 2194 2174 2230 figni-

41 2227 122 2254 solent
131 2228 276 2262 possessores
289 2233 385 2255 certam
398 2232 499 2262 partem
510 2228 648 2254 fruetuum
661 2226 808 2260 municipio
819 2226 911 2253 viliori
926 2226 1012 2260 pretio
1026 2225 1069 2252 ad-
1123 2225 1192 2261 ficut
1212 2226 1320 2252 Vitruu.
1343 2235 1385 2257 10,
1414 2236 1438 2259 13
1482 2228 1561 2255 Aerei
1591 2228 1694 2255 moduli
1722 2238 1781 2255 cuin
1813 2229 1931 2255 fundulis
1965 2229 2174 2256 ambulatilibus.

10 2270 11 2274 ¹
40 2262 136 2292 dicere:
154 2263 238 2290 solent
250 2269 276 2289 et
289 2263 351 2289 fisco
363 2262 618 2297 fusionespraestare.
673 2263 744 2288 Haec
757 2270 837 2288 onera
848 2261 878 2288 ad
893 2261 1070 2288 frudiuarium
1133 2259 1153 2322 p
1175 2271 1186 2287 2
1222 2261 1372 2289 Fundulum
1386 2261 1548 2295 Inteslinmm
1568 2273 1582 2290 a
1596 2263 1693 2294 fundo,
1714 2264 1786 2299 quod
1809 2273 1863 2290 non
1884 2269 1913 2290 vt
1933 2264 2052 2298 reliquae
2073 2271 2173 2299 partes,

37 2296 209 2332 pertinebunt.
266 2299 372 2339 Vulgari
390 2304 446 2325 ante
459 2297 578 2333 Gothqfr.
595 2298 689 2324 codices
703 2297 862 2324 Func'tiones
879 2297 976 2324 habent.
1028 2298 1070 2324 sic
1144 2296 1175 2322 ed
1189 2305 1219 2322 ex
1233 2306 1283 2324 vna
1302 2304 1375 2332 parte
1394 2298 1448 2324 sola
1466 2305 1596 2332 apertum.
1647 2298 1689 2325 Ab
1703 2299 1753 2326 hoc
1767 2300 1881 2326 Graecos
1896 2305 1959 2334 puto
1976 2299 2070 2334 τυφλὸν
2087 2302 2137 2326 ἕπε
2152 2312 2174 2326 αν

10 2348 11 2357 1
34 2333 76 2360 l.6
91 2334 120 2360 C.
133 2333 241 2360 Theod.
253 2334 287 2360 de
301 2334 400 2368 indulg.
413 2333 473 2360 deb.
502 2334 592 2368 Vsque
603 2334 632 2360 in
645 2333 753 2360 initium
765 2333 876 2359 fulionis
891 2332 999 2367 quintae
1012 2333 1069 2359 vni·
1083 2334 1118 2358 60
1131 2332 1248 2365 (caccum
1261 2332 1424 2367 intestinum)
1448 2334 1590 2368 appellasse.
1625 2335 1701 2361 Varr.
1714 2335 1743 2360 L.
1754 2335 1783 2361 L.
1798 2343 1826 2368 4,
1839 2343 1872 2361 22
1886 2344 1910 2370 p.
1919 2340 1958 2367 28,
1971 2343 2008 2368 35.
2157 2345 2170 2368 3

9 2390 11 2396 .
33 2369 104 2396 versa
123 2369 241 2405 reliqua,
268 2378 335 2405 quae
348 2375 401 2396 tam
414 2369 446 2395 ad
464 2378 550 2396 arcam
571 2368 725 2395 sublimium
745 2368 915 2402 potestatum,
935 2377 1015 2402 quam
1035 2368 1068 2394 ad
1132 2367 1360 2404 Fundfflapluew,
1395 2369 1534 2404 Ψάμμιν
1545 2369 1592 2405 sub
1613 2375 1691 2396 FVN
1703 2377 1762 2396 DA.

10 2423 11 2427 ,
31 2403 183 2439 largitiones
198 2405 345 2440 pertinent,
365 2405 480 2431 relaxari
492 2404 674 2438 praecipimus.
731 2405 781 2430 Hic
794 2403 957 2429 lmltffionem
978 2405 1071 2430 intelli·
1167 2410 1182 2429 F
1192 2410 1211 2427 v
1222 2411 1242 2430 N
1251 2412 1269 2430 1)
1279 2403 1291 2430 i
1300 2411 1321 2430 T
1333 2410 1353 2429 V
1365 2411 1387 2430 S.
1422 2404 1490 2430 Adu.
1526 2404 1650 2439 [πάγχυ]
1687 2406 1743 2431 Cic.
1756 2407 1831 2432 Verr.
1844 2414 1873 2437 4,
1888 2411 1922 2438 79
1946 2405 2002 2438 Qui
2013 2414 2067 2431 non
2080 2406 2171 2433 obtru-

0 2445 3 2453 '
31 2441 71 2476 git
79 2439 134 2476 posi
148 2441 272 2467 Cuiacium
291 2442 340 2466 lae.
357 2439 539 2475 Cart-ofredus,
557 2439 698 2465 antecedens
717 2448 746 2465 ex
757 2439 920 2474 consequente.
978 2441 1071 2474 Nempe
1131 2437 1161 2464 fit
1175 2438 1264 2473 aliqua
1277 2448 1308 2465 ex
1322 2445 1395 2473 parte
1409 2441 1572 2466 monimenta
1585 2441 1610 2466 P.
1624 2441 1752 2475 Scipionis
1761 2461 1769 2472 ,
1787 2440 1829 2467 sed
1842 2439 1960 2466 {unditus
1976 2441 2076 2467 sustulit
2087 2450 2116 2467 ac
2127 2441 2170 2467 de-

9 2487 12 2494 >
31 2476 158 2509 fundere,
178 2475 326 2506 effimdere,
350 2475 491 2501 refundere
505 2477 578 2501 ctiam
590 2474 624 2501 ad
636 2477 798 2510 erogationem
804 2478 922 2509 pecuniae
931 2477 1070 2510 pertinent.
1131 2473 1205 2500 lenit.
1242 2478 1260 2500 i.
1279 2476 1400 2510 Prorfiaes,
1423 2479 1534 2507 omnino,
1547 2479 1663 2511 penitus,
1686 2483 1709 2501 et
1722 2477 1789 2502 velut
1807 2475 1838 2501 ab
1851 2475 1903 2511 ipfi)
1910 2475 2002 2511 fimdo.
2072 2477 2092 2502 F
2095 2477 2171 2503 undi-

5 2533 11 2536 .
37 2511 95 2538 Vid.
112 2517 258 2538 FVNDERE
277 2510 435 2537 numismata
446 2519 471 2535 n.
481 2518 505 2536 2.
1083 2514 1114 2545 65
1131 2515 1171 2535 tus
1187 2510 1298 2536 Amissae
1311 2510 1415 2536 nobiles
1429 2511 1547 2537 familiae
1578 2511 1646 2536 Tac.
1661 2511 1727 2537 Ann.
1742 2519 1770 2542 3,
1791 2513 1824 2542 6,
1843 2519 1870 2543 4.
1940 2510 1994 2536 Cic.
2009 2511 2079 2537 Fam.
2097 2514 2113 2537 6
2124 2532 2132 2544 ,
2152 2520 2169 2538 2

67 2553 114 2572 Fv
123 2552 135 2572 S
144 2548 220 2572 VRA
230 2567 238 2580 ,
254 2554 293 2571 ae.
314 2546 331 2571 f.
368 2545 482 2579 [κόμαι]
528 2545 594 2571 Plin.
608 2553 645 2577 33,
660 2547 677 2571 6
700 2544 857 2578 Molybditis
873 2544 976 2578 plumbi
990 2544 1069 2579 ipsius
1131 2544 1239 2571 Necesse
1253 2545 1289 2571 est
1301 2546 1382 2577 enim,
1391 2552 1434 2571 aut
1447 2546 1527 2572 armis
1540 2545 1628 2579 vrgeri
1643 2545 1781 2579 Rempubl.
1794 2545 1956 2579 sempiternis
1966 2565 1973 2577 ,
1993 2551 2037 2572 aut
2048 2546 2089 2572 his
2103 2547 2169 2581 posi-

30 2581 121 2608 fusura
139 2589 205 2616 quae
219 2581 249 2607 fit
260 2581 388 2613 Puteolis,
407 2586 433 2607 et
445 2580 506 2607 inde
517 2580 597 2607 habet
611 2588 717 2608 nomen.
771 2580 844 2616 Conf.
858 2580 936 2614 Vulg.
954 2581 1067 2615 Interpr.
1129 2580 1163 2606 tis
1180 2581 1294 2607 recreari
1312 2580 1470 2615 aliquando,
1490 2587 1534 2606 aut
1552 2580 1671 2607 funditus
1690 2581 1808 2607 interire.
1902 2580 2027 2607 Euertere
2049 2582 2171 2609 funditus

31 2625 45 2649 3
73 2617 135 2651 Reg.
148 2624 175 2651 7,
190 2624 229 2650 37.
1130 2615 1274 2640 amicitiam
1300 2615 1373 2641 Idem
1387 2616 1419 2641 de
1433 2616 1490 2641 Fin.
1506 2623 1537 2647 2,
1550 2621 1581 2643 80
1600 2624 1622 2641 c.
1636 2623 1673 2648 23.
1743 2616 1781 2642 Id.
1792 2615 1823 2641 de
1832 2615 1973 2647 Amicit.23
1995 2626 2017 2642 c.
2036 2636 2043 2643 .
2064 2636 2070 2642 .
2091 2619 2168 2651 Qiae

68 2659 84 2679 F
94 2660 115 2678 v
125 2659 148 2678 N
160 2659 177 2678 D
186 2660 195 2678 1
208 2659 229 2678 Τ
238 2658 257 2678 o
266 2671 275 2684 ,
295 2655 354 2678 are.
382 2651 548 2685 [καταντλῶ]
589 2652 698 2678 Multum
711 2657 734 2677 ct
743 2648 847 2686 frustra
859 2650 934 2676 verba
942 2650 1068 2684 proferre.
1128 2655 1217 2674 autem
1233 2649 1326 2675 domus
1340 2656 1393 2677 tam
1406 2650 1519 2682 stabilis,
1542 2659 1608 2683 quae
1622 2655 1675 2677 tam
1688 2650 1763 2678 firma
1776 2651 1868 2677 ciuitas
1881 2650 1930 2681 est,
1949 2660 2015 2685 quae
2029 2661 2083 2678 non
2095 2653 2167 2681 odiis

31 2687 115 2714 Plaut.
129 2686 198 2714 Asin.
212 2695 233 2720 3,
247 2696 279 2719 2,
292 2695 322 2719 52
352 2687 409 2714 Nae
420 2687 466 2713 ille
479 2686 577 2713 ecastor
595 2687 714 2712 fenerato
728 2685 858 2714 funditat,
877 2688 896 2711 i.
908 2684 991 2715 verba,
1009 2693 1068 2718 quae
1078 2689 1113 2716 70
1129 2690 1208 2718 atque
1230 2683 1335 2711 diffidiis
1358 2685 1477 2712 funditus
1501 2685 1573 2720 possit
1589 2686 1692 2713 euecti?
1747 2686 1815 2713 Add.
1844 2685 1883 2712 Id.
1901 2695 1949 2720 pro
1973 2688 2061 2714 Domo
2083 2697 2106 2714 c.
2127 2698 2166 2722 ¹4-

29 2724 60 2757 ¹⁷2²
71 2732 108 2749 me
121 2722 201 2756 dicit,
220 2732 308 2759 magno
321 2724 377 2748 luet.
446 2722 526 2748 Plaut.
538 2723 616 2748 Poen.
632 2730 652 2753 1,
665 2729 694 2752 2,
709 2722 737 2746 61
767 2721 804 2746 En
818 2720 963 2746 monstrum
975 2719 1068 2744 mulie.
1129 2718 1228 2745 Sallust.
1243 2719 1274 2745 ad
1289 2720 1361 2746 Caes.
1376 2720 1408 2746 de
1422 2721 1533 2755 Republ.
1548 2721 1635 2747 ordin.
1649 2723 1680 2753 6,
1695 2729 1719 2754 51
1752 2721 1801 2748 Sed
1819 2730 1873 2748 non
1888 2722 1999 2754 inscius,
2019 2732 2104 2758 neque
2118 2724 2167 2750 im-

32 2759 83 2789 ris‚
102 2758 201 2785 tantula
214 2763 284 2785 tanta
300 2757 380 2784 verba
393 2757 516 2784 funditat.
553 2756 621 2784 Add.
632 2756 706 2784 Idem
719 2755 814 2789 Amph.
826 2765 860 2788 4,
872 2764 893 2787 2,
909 2764 941 2787 31.
1000 2755 1067 2780 Fun·
1127 2753 1241 2788 prudens
1253 2755 1325 2786 sum,
1352 2762 1377 2781 et
1394 2765 1461 2790 quae
1475 2765 1531 2782 mea
1544 2765 1584 2782 res
1596 2763 1704 2790 agetur,
1726 2766 1792 2791 quae
1806 2757 1927 2788 saeuitia,
1951 2766 2053 2792 quaeue
2071 2764 2169 2794 tempe-

33 2794 116 2821 ditare
132 2803 205 2826 rem,
228 2801 275 2829 pro
295 2792 446 2855 ΟονιιζῙανηενε,
473 2799 496 2819 et
509 2792 641 2829 prodigere
659 2801 688 2818 ac
705 2790 855 2827 profundere
884 2790 965 2817 Plaut.
983 2790 1065 2816 Merc.
1129 2789 1203 2816 states
1227 2789 1367 2817 hominum
1386 2791 1521 2817 nobilium
1539 2791 1644 2818 futurae
1664 2792 1725 2823 siut,
1752 2801 1834 2827 quum
1855 2792 2062 2827 indignabuntur
2078 2796 2169 2822 onmia

31 2829 134 2864 prolog.
175 2829 232 2856 Vid.
248 2830 330 2855 Turne
346 2831 357 2855 i
369 2828 473 2864 Aduerfi
488 2838 522 2863 15,
536 2838 560 2862 7.
1128 2825 1248 2852 funditus
1259 2826 1378 2861 misceri,
1398 2827 1514 2862 antiquis
1523 2826 1626 2853 ciuibus
1640 2827 1705 2854 hanc
1714 2829 1869 2855 seruitutem
1877 2828 1987 2863 imponi.
2022 2843 2026 2846 -
2057 2830 2170 2857 Perdere

59 2870 113 2892 ’Ἑν
123 2871 171 2892 ND
181 2871 201 2891 V
211 2872 241 2897 S,
260 2864 278 2891 i.
300 2873 335 2891 m.
370 2862 507 2897 [πνθμῆν,
524 2862 623 2895 βένθος,
643 2861 739 2895 βύθος]
783 2863 886 2896 Proprie
900 2860 933 2894 cst*
945 2864 994 2887 ima
1002 2867 1067 2896 pars
1085 2866 1117 2893 75·
1129 2861 1244 2895 aliquem
1256 2861 1377 2888 funditus
1401 2863 1482 2889 Plaut.
1494 2863 1576 2889 Merc.
1590 2871 1612 2895 ς,
1627 2873 1654 2897 4,
1670 2866 1709 2895 63.
1778 2864 1848 2891 Ter.
1863 2864 1944 2890 Andr.
1961 2872 1987 2895 1,
2000 2871 2027 2897 ς,
2041 2873 2057 2897 9
2085 2867 2166 2899 Q1od

31 2903 219 2936 oniuscuiusque
230 2903 285 2932 rei,
304 2908 364 2935 quoe
377 2899 473 2934 aliquid
482 2902 509 2925 iu
516 2899 545 2934 se
557 2900 662 2933 liquoris
672 2900 811 2928 contineat,
835 2898 875 2923 vel
891 2897 926 2923 ad
942 2899 1068 2924 contium·
1128 2896 1146 2922 si
1160 2896 1203 2928 sit,
1227 2905 1305 2931 pereo
1319 2897 1447 2924 funditus.
1517 2898 1574 2924 Cic.
1589 2899 1659 2924 Fam.
1675 2907 1693 2930 ι,
1707 2907 1723 2931 9
1751 2899 1836 2932 Qem
1850 2908 1899 2934 ego
1911 2899 2029 2926 funditus
2051 2901 2165 2934 perdidi.

34 2935 89 2962 dum
102 2936 180 2972 sabla
192 2935 244 2969 fit,
262 2943 291 2961 vt
312 2935 386 2965 dolii,
405 2937 494 2966 nauis,
518 2934 596 2964 aluei,
608 2933 739 2969 fluminis,
755 2933 839 2964 lacus,
858 2935 943 2959 maris.
998 2933 1067 2958 Male
1129 2932 1239 2959 Perdere
1252 2932 1372 2959 funditus
1387 2933 1519 2960 ciuitatem
1546 2933 1620 2959 Idem
1635 2935 1687 2960 Att.
1700 2936 1726 2965 6,
1741 2943 1759 2960 1.
1829 2935 1941 2961 Pereunt
1954 2936 2031 2962 vrbes
2045 2936 2166 2964 funditus

0 2999 2 3002 ‚
36 2970 189 3007 distinguunt
202 2973 280 3006 aliqui
296 2970 477 3005 chz'cographi
493 2973 559 2995 inter
579 2968 699 2995 Fundum
715 2974 738 2994 ct
755 2967 877 3000 Fundus,
900 2974 931 2994 vt
944 2970 1019 3003 prius
1039 2967 1067 2994 de
1129 2968 1196 2993 Hor.
1208 2969 1294 2994 Carm.
1310 2977 1330 3003 1,
1343 2970 1381 3000 16,
1395 2977 1437 2995 20.
1509 2969 1606 2994 Pessum
1621 2969 1683 2996 dare
1719 2969 1839 2996 Prudent.
1851 2971 1928 2996 Rom.
1941 2978 1986 3003 49.
2056 2972 2113 2998 Cic.
2133 2973 2165 2998 de

38 3006 91 3031 lma
101 3009 167 3033 cuius
184 3016 210 3033 ue
222 3010 273 3037 rei,
292 3004 415 3040 posterius
435 3006 464 3031 cle
478 3006 549 3040 Agro
562 3005 674 3030 dicatur:
710 3013 763 3030 cum
776 3006 850 3038 prius
864 3005 956 3030 Latina
969 3005 1067 3044 Lingua
1129 3003 1236 3030 Amicit.
1244 3012 1278 3035 92
1302 3005 1376 3037 Qiae
1390 3005 1464 3031 causa
1477 3004 1521 3036 est,
1538 3013 1584 3031 cur
1596 3005 1741 3031 amicitiam
1754 3005 1872 3032 funditus
1888 3006 2008 3032 tollamus
2023 3015 2036 3031 e
2050 3007 2115 3039 vita,
2132 3017 2165 3033 ne

41 3047 89 3064 non
100 3049 158 3075 agno
170 3049 225 3068 cat:
262 3041 365 3068 Fundus
378 3041 513 3076 vfierpatur
524 3050 539 3066 a
554 3040 648 3066 Seruio
660 3038 694 3065 ad
708 3040 772 3065 Aen.
789 3047 817 3069 α,
831 3044 876 3073 758
903 3045 953 3074 pro
977 3041 1066 3074 Infima
1082 3041 1114 3067 80
1128 3038 1227 3072 aliquas
1239 3045 1347 3073 propter
1361 3048 1419 3066 eam
1434 3040 1602 3074 suscipiamus
1613 3040 1759 3067 molestias?
1829 3041 1919 3067 Tacit.
1928 3041 1994 3066 Ann.
2004 3049 2025 3072 3,
2038 3049 2069 3073 54
2090 3043 2164 3068 Hanc

36 3079 126 3109 parte:
158 3077 221 3104 Cum
238 3077 270 3104 de
291 3079 362 3109 imo,
388 3078 487 3111 inquit,
504 3075 615 3106 fundus,
636 3074 668 3101 de
687 3075 789 3100 summo
807 3074 940 3110 fastigium
954 3073 1066 3101 dicatur.
1130 3076 1156 3100 P.
1171 3075 1199 3100 C.
1216 3083 1304 3101 curam
1316 3075 1423 3101 sustinet
1437 3076 1573 3110 princeps;
1595 3075 1659 3102 haec
1671 3076 1771 3111 omissa,
1790 3075 1908 3101 funditus
1922 3076 2163 3109 Rempubl.trahet.

41 3110 74 3135 In
93 3110 152 3135 Vet-
172 3111 246 3139 Gloff.
275 3115 335 3139 item
358 3112 463 3138 Fundus
486 3111 515 3137 de
537 3113 589 3138 Imo
612 3113 712 3146 pariter
736 3116 807 3145 atque
827 3111 900 3147 Agro
926 3112 1065 3144 exponitur.
1128 3111 1223 3136 Versae
1238 3109 1306 3143 leges
1318 3110 1439 3137 funditus
1463 3110 1537 3137 Idem
1551 3111 1618 3137 Ann.
1632 3120 1653 3143 3,
1664 3113 1690 3137 6.
1713 3106 1717 3112 Ἴ
1759 3111 1851 3137 Victus
1864 3110 1982 3137 funditus
2012 3110 2102 3137 lustin.
2117 3120 2163 3145 ις,

40 3144 163 3176 Fundus,
191 3149 284 3182 χωρίον,
310 3147 398 3183 α’γρᾰς,
425 3147 469 3181 effic)
488 3147 589 3180 πυθμήν.
648 3146 800 3181 Etymologia
820 3146 903 3181 fundi
925 3144 1065 3179 abstrusior.
1128 3153 1150 3176 3,
1165 3151 1187 3174 8.
1257 3147 1305 3172 Pro
1321 3146 1433 3182 Prorfiaes.
1468 3147 1525 3172 Cic.
1541 3146 1573 3173 de
1586 3148 1659 3174 Orat.
1667 3155 1688 3178 3,
1703 3154 1743 3178 193
1768 3146 1862 3180 Neque
1875 3154 1966 3172 earum
1978 3155 2069 3172 rerum
2101 3156 2163 3173 uen-

0 3176 3 3183 '
40 3177 143 3210 Hv'usios,
158 3185 205 3214 pro
215 3191 259 3216 quo
269 3182 363 3215 πῦιδαξ
368 3184 482 3218 placuit,
500 3181 617 3209 commode
632 3191 660 3207 ex
668 3181 696 3216 se
704 3181 828 3216 producat
837 3181 959 3208 fundum.
1007 3181 1064 3207 Vid.
1128 3190 1206 3215 quam
1220 3180 1338 3207 funditus
1351 3188 1444 3209 natura
1456 3181 1545 3209 voluit
1561 3183 1609 3208 effe
1623 3189 1765 3216 expertem.
1836 3181 1962 3207 Funditus
1975 3181 2067 3207 tollere
2101 3182 2163 3210 dem

0 3226 1 3234 ι
41 3215 129 3241 Pollux
142 3224 177 3246 10,
191 3224 222 3251 79
240 3224 262 3243 et
273 3218 308 3244 ibi
322 3217 457 3251 Hcmsterh.
527 3217 623 3244 Cacabi
635 3216 733 3242 fundus
751 3216 869 3243 Scribon.
882 3224 936 3251 271.
1007 3217 1064 3242 Seu.
1083 3216 1112 3245 83
1128 3215 1199 3242 Idem
1213 3216 1242 3242 in
1255 3217 1328 3243 Orat.
1343 3225 1391 3249 209
1406 3227 1427 3244 c.
1441 3219 1483 3244 62.
1568 3218 1612 3245 Ne
1624 3216 1766 3251 spondaeus
1778 3216 1887 3251 quidem
1899 3216 2017 3244 funditus
2036 3217 2072 3243 est
2085 3226 2161 3253 repu-

0 3255 5 3264 ·
41 3250 120 3284 Epist.
136 3259 146 3276 1
172 3250 231 3276 Sera
243 3252 272 3278 in
283 3253 364 3280 fundo
377 3253 540 3289 parsimonia.
613 3253 741 3279 Arenosus
757 3251 854 3279 fundus
873 3251 950 3278 fluuii
978 3251 1024 3278 Sil.
1037 3261 1065 3284 3,
1127 3251 1239 3278 diandus
1263 3251 1301 3278 Id.
1315 3252 1345 3279 in
1356 3254 1485 3280 Orat.216
1498 3262 1518 3279 c.
1528 3255 1572 3286 64.

40 3288 101 3318 463.
171 3285 228 3310 Imo
240 3285 338 3315 Nereus
351 3289 402 3316 ciet
414 3298 529 3324 aequora
543 3288 627 3315 fundo
656 3288 729 3322 Virg.
743 3288 806 3314 Aen.
821 3297 845 3320 2,
858 3296 914 3322 4¹9·
986 3287 1066 3314 Euer-
1162 3294 1178 3313 F
1188 3294 1209 3313 v
1219 3295 1241 3314 N
1250 3294 1268 3313 D
1279 3295 1298 3314 o
1307 3308 1315 3319 ,
1334 3292 1387 3315 are.
1423 3289 1435 3322 [
1443 3288 1581 3322 θεμελιόω,
1600 3285 1776 3321 καταζείλλω]
1829 3287 1954 3319 firmare,
1979 3293 2003 3313 et
2021 3287 2160 3322 quafifun-

38 3327 96 3347 tere
107 3319 191 3347 fundo
212 3320 340 3355 Luci-eng,
353 3329 392 3358 84.
462 3325 578 3351 Armarii
591 3323 702 3351 fundum
715 3323 829 3356 execuit,
847 3330 873 3350 et
886 3322 1065 3349 sestertiorum
1127 3322 1183 3348 dum
1198 3329 1222 3350 et
1226 3323 1420 3359 fundamentum
1424 3324 1528 3360 facere,
1540 3321 1710 3359 stabilireque.
1797 3322 1872 3356 Virg.
1886 3323 1950 3348 Aen.
1963 3327 1986 3353 8,
1998 3329 2048 3356 478
2080 3324 2159 3351 Haud

39 3362 65 3382 et
78 3357 137 3383 auri
149 3355 266 3389 quinque
282 3357 367 3389 pondo
385 3359 489 3387 abstulit
517 3361 633 3395 Cic.pro
647 3359 751 3385 Cluent.
766 3368 818 3389 107.
892 3358 1012 3384 Refidere
1035 3359 1065 3384 in
1128 3358 1219 3392 procul
1241 3358 1302 3385 hinc
1321 3359 1383 3385 saxo
1401 3359 1498 3386 colitur
1523 3358 1631 3384 fundata
1651 3357 1768 3389 vetusto,
1785 3357 1884 3385 ”Vrbis
1910 3358 2048 3391 Agyllinae
2079 3359 2158 3386 sedes.

39 3392 125 3418 fundo
150 3391 204 3418 Cic.
218 3399 266 3424 pro
278 3391 356 3418 Corn.
367 3394 437 3421 Balb.
451 3404 484 3422 20
497 3405 518 3421 c.
529 3401 552 3426 8.
623 3396 731 3421 Vertere
743 3394 827 3421 fundo
858 3395 931 3429 Virg.
944 3394 1008 3419 Aen.
1026 3402 1063 3426 10,
1079 3399 1115 3422 90
1129 3396 1206 3420 Arces
1220 3394 1373 3421 fundantem
1382 3414 1390 3427 ,
1409 3403 1436 3420 ac
1451 3394 1518 3421 te&a
1531 3399 1673 3420 nouantem
1698 3393 1771 3419 Idem
1779 3392 1845 3419 ibid.
1855 3402 1883 3425 4,
1897 3396 1956 3418 260.
2027 3394 2143 3429 Opposita
2152 3406 2160 3421 .-

39 3433 78 3458 83.
148 3425 268 3459 Largitio
280 3426 385 3453 fundum
399 3438 451 3456 non
462 3431 541 3457 habet
566 3431 621 3457 Cic.
632 3430 684 3456 Off.
699 3439 713 3456 2
723 3450 730 3462 ‚
743 3438 770 3462 33
784 3439 805 3455 c.
820 3438 853 3462 ις.
1007 3426 1027 3465 fl
1048 3438 1064 3455 2
1126 3430 1193 3456 Plin.
1207 3430 1234 3455 in
1249 3431 1340 3464 Paneg.
1354 3439 1375 3456 c.
1388 3439 1420 3463 34
1443 3428 1567 3456 Excidisti
1581 3429 1732 3456 intestinum
1744 3428 1841 3454 malum
1850 3448 1858 3460 ‚
1874 3433 1900 3453 et
1913 3428 2024 3462 prouida
2037 3430 2161 3457 seuerita-

39 3463 161 3494 Flffldllss:
197 3462 315 3496 [χωρίον’
331 3460 416 3496 ῡῖνρός]
449 3466 476 3491 id
487 3467 586 3502 quadiu
616 3465 775 3500 oſjkJJionibus
787 3469 890 3492 maxime
915 3462 1066 3496 olidumest,
1126 3470 1152 3490 te
1171 3465 1278 3497 cauisti,
1316 3475 1349 3491 ne
1378 3465 1485 3492 fundata
1507 3465 1608 3499 legibus
1635 3464 1743 3494 ciuitas,
1780 3464 1869 3489 euersa
1890 3463 1991 3497 legibus
2015 3465 2160 3494 videretur.

20 3505 63 3525 ψει
76 3500 168 3525 moueri
178 3504 299 3532 totumque
311 3495 368 3522 adeo
379 3499 451 3532 perdi
467 3510 515 3527 non
527 3473 613 3537 [201⁶ss
615 3521 623 3533 ,
648 3504 709 3537 quin
722 3501 818 3536 fimpcr
831 3501 878 3537 sub
901 3503 971 3526 antia
989 3500 1066 3525 veluti
1127 3500 1272 3534 Disciplina
1283 3506 1400 3527 accurate
1413 3501 1519 3527 fundata
1531 3506 1557 3527 et
1569 3499 1695 3526 exstruet&
1725 3499 1779 3524 Cic.
1793 3497 1825 3524 de
1839 3498 1894 3523 Fin.
1910 3507 1935 3531 4,
1953 3507 1972 3525 1.
2042 3501 2160 3529 Domum

54 3534 153 3561 uaedam
171 3539 282 3564 maneat,
308 3541 337 3557 cx
355 3539 415 3566 qua,
438 3537 464 3559 in
477 3545 522 3570 qua
535 3544 599 3563 certe
612 3537 707 3572 renasci
719 3534 843 3569 restituiue
856 3542 951 3562 caetera
961 3534 1062 3569 poffiut.
1128 3535 1237 3562 fundare
1252 3535 1343 3562 subole
1374 3536 1429 3563 Sen.
1443 3536 1536 3563 Oe‘tau.
1552 3544 1604 3568 532.
1675 3535 1789 3560 Domum
1801 3532 1935 3560 fundatam
1949 3536 2079 3569 paternis,
2103 3538 2159 3564 aui-

7 3593 11 3599 .
37 3543 125 3596 {latro
137 3568 169 3595 de
182 3569 210 3594 L.
220 3568 250 3593 L.
265 3577 293 3601 4,
307 3575 318 3597 3
332 3576 355 3601 p·
369 3575 400 3598 Π,
413 3575 437 3599 ¹3
466 3570 548 3604 Ager,
566 3571 639 3607 quod
651 3571 792 3599 videbatur
804 3572 933 3606 pecudum
947 3579 974 3596 ac
988 3578 1063 3604 pecu·
1080 3571 1113 3596 95
1127 3570 1213 3604 tisque
1230 3571 1326 3605 opibus
1345 3572 1467 3598 exhaurit
1505 3570 1633 3604 Qinffll.
1648 3570 1676 3596 iu
1688 3569 1757 3595 Decl.
1771 3578 1787 3600 9
1806 3569 1823 3594 s.
1842 3568 2002 3598 Gladiatore.
2073 3572 2159 3599 Fami-

9 3611 11 3614 ⁴
40 3605 99 3631 niae
112 3605 159 3631 esi'e
171 3602 386 3634 fundamentum,
403 3602 495 3630 fundus
513 3606 610 3638 dions,
629 3614 674 3634 aut
687 3606 757 3642 quod
772 3607 864 3634 fundat
878 3611 1009 3641 quotquot
1020 3614 1063 3631 an·
1125 3605 1188 3631 liam
1202 3606 1305 3633 decimo
1318 3614 1405 3641 partus
1423 3606 1552 3642 stipendio
1566 3606 1720 3632 fundauerat
1739 3604 1838 3630 femina
1863 3605 1939 3639 Apul.
1955 3606 2017 3632 Met.
2031 3613 2048 3641 7
2067 3616 2092 3641 p.
2105 3610 2156 3640 ¹36·

9 3659 11 3661 .
40 3640 82 3667 nis
91 3640 180 3667 multa.
237 3637 324 3665 Festus
337 3638 387 3663 ilici
403 3639 441 3663 ait
452 3638 575 3674 fundum,
599 3643 670 3677 quod
688 3643 778 3678 plenus
797 3642 842 3673 sit,
865 3642 898 3668 ad
918 3640 1064 3667 similitudi·
1126 3640 1202 3667 Fides
1216 3641 1312 3668 leuiter
1322 3642 1444 3674 fundata,
1475 3643 1527 3668 vid.
1543 3648 1664 3667 LEVls.
1740 3639 1884 3672 Imperium
1902 3642 2002 3674 magnis
2021 3641 2158 3669 laboribus

7 3703 10 3706 ,
40 3685 101 3702 nem
113 3675 190 3702 fundi
198 3675 327 3701 vasorum.
380 3674 412 3699 Et
420 3671 481 3706 fiffle
492 3674 585 3702 fundus
599 3678 737 3711 intertium,
757 3678 860 3713 etforte
868 3679 982 3713 proprie,
998 3675 1063 3702 aedi·
1126 3675 1262 3703 fundatum
1289 3677 1344 3704 Cic.
1353 3678 1468 3709 Catil.4,
1485 3686 1521 3709 19.
1591 3674 1735 3708 Imperium
1755 3674 1820 3700 illud
1839 3675 1952 3702 maxime
1970 3677 2084 3703 vestrum
2098 3679 2156 3704 fun-

32 3710 96 3747 ῥεῖα
111 3711 235 3738 excludere
246 3709 354 3736 videtur.
394 3706 451 3736 Vitl.
465 3708 539 3735 Αιιὲὶ.
551 3710 582 3736 de
593 3711 670 3739 limit.
684 3716 763 3748 p.216
788 3714 855 3749 Confi
868 3713 909 3739 vbi
921 3711 1016 3738 fundus
1031 3709 1064 3744 ‘03st
1127 3710 1200 3737 dauit
1230 3712 1267 3738 Id.
1281 3721 1329 3746 pro
1341 3714 1422 3739 Corn.
1435 3712 1509 3739 Balb.
1521 3720 1546 3744 31
1563 3720 1585 3736 c.
1601 3719 1634 3743 13.
1702 3710 1860 3744 Pomponius
1880 3712 1907 3737 in
1927 3711 1942 3737 l.
1956 3720 1972 3738 2
1994 3710 2017 3747 6
2036 3713 2092 3738 Post
2105 3713 2155 3738 hos

7 3754 11 3770 τ
37 3748 113 3783 genus
125 3745 238 3781 plethri,
259 3744 347 3779 iugeri
358 3750 382 3770 et
393 3744 497 3770 aliarum
509 3745 670 3779 mensurarum
680 3750 818 3783 planarum.
874 3750 903 3775 In
917 3747 960 3783 vsu
973 3746 1234 3778 tamen‚100fuerunt
1259 3748 1291 3774 D.
1310 3747 1342 3774 de
1359 3749 1469 3783 Origine
1487 3748 1567 3778 iuris,
1592 3744 1649 3771 1³0st
1669 3744 1716 3771 hos
1735 3745 1843 3772 fuerunt
1861 3746 1969 3773 Publius
1988 3748 2102 3777 Mutius,
2129 3752 2157 3772 et

0 3795 3 3811 ι
39 3782 152 3810 Iocorum
165 3781 324 3816 praesertim,
342 3780 417 3806 multo
426 3784 498 3812 patet
511 3778 594 3805 latius·
651 3783 738 3810 Videri
752 3783 852 3819 poffimt
871 3786 924 3810 viri
943 3780 1012 3808 dotti
1030 3782 1063 3807 ad
1125 3782 1237 3813 Brutus,
1255 3783 1394 3815 Manilius,
1420 3783 1467 3817 qui
1486 3780 1664 3808 fundauerunt
1683 3781 1723 3806 ius
1742 3781 1832 3808 ciuile.
1902 3783 2004 3809 Nauem
2028 3781 2153 3811 fundare,

0 3816 6 3839 ἶ
39 3816 105 3844 l.211
117 3817 148 3844 de
161 3818 194 3844 V.
209 3817 233 3843 S.
271 3815 356 3843 Fundi
369 3813 542 3849 appellatione
555 3822 631 3853 omne
643 3817 789 3846 aedificium
803 3827 828 3846 et
841 3819 927 3846 omnis
934 3827 996 3852 ager
1003 3826 1064 3843 con·
1127 3819 1227 3847 facere,
1246 3816 1390 3850 constituere
1422 3819 1500 3844 Plaut.
1514 3816 1573 3842 Mil.
1590 3824 1619 3848 3,
1634 3825 1662 3848 3,
1685 3825 1725 3850 43.
1801 3817 1933 3853 Significat
1955 3823 1977 3842 et
1998 3817 2107 3841 firmare
2125 3820 2153 3842 in

0 3850 17 3883 Ἰ,
39 3851 145 3880 tinetur.
198 3851 246 3878 Sed
258 3851 286 3878 in
299 3852 346 3879 vsu
359 3849 458 3877 vrbana
476 3848 611 3878 aedificia,
627 3851 715 3882 aedes3
749 3855 858 3887 rustica,
879 3854 959 3880 villae
972 3853 1063 3879 dicun·
1124 3856 1196 3878 mari.
1252 3852 1326 3887 Virg.
1348 3854 1413 3880 Aen.
1427 3856 1458 3884 6,
1476 3860 1495 3884 4
1530 3866 1575 3872 —
1599 3859 1654 3877 tum
1676 3851 1752 3879 dente
1770 3853 1857 3879 tenaci
1889 3852 2007 3879 Anchora
2027 3851 2152 3877 fundabat

14 3886 17 3912 l
39 3893 91 3914 tur.
144 3889 228 3915 Locus
242 3896 306 3914 vcro
318 3887 370 3913 fine
383 3884 519 3916 aedificio,
542 3884 570 3910 in
583 3883 648 3910 vrbe
660 3893 732 3917 area3
765 3898 826 3916 rure
839 3896 927 3917 autem
947 3897 1007 3922 ager
1021 3897 1064 3922 ap-
1123 3896 1210 3913 naues.
1281 3887 1350 3922 Opes
1362 3888 1428 3916 bene
1438 3887 1561 3915 fundatae
1589 3887 1666 3914 Ouid.
1682 3888 1745 3913 Mct.
1760 3896 1806 3921 14,
1819 3893 1869 3920 533,
1923 3920 1927 3924 ι
1960 3886 2063 3911 Penates
2076 3886 2152 3918 prole

36 3923 154 3958 pellatur.
208 3922 333 3957 Idemque
344 3930 404 3957 ager
418 3929 477 3948 cum
488 3919 608 3946 aedificiO
621 3919 716 3947 fundus
726 3921 829 3951 dicitur.
899 3925 1020 3953 Fundum
1040 3930 1064 3951 ct
1072 3928 1116 3956 105
1123 3924 1184 3950 Stat.
1192 3922 1292 3955 Silu.4‚
1306 3930 1334 3956 7,
1346 3932 1388 3956 29.
1460 3921 1570 3950 Reditus
1587 3922 1652 3951 Plin.
1666 3923 1758 3958 Paneg.
1772 3932 1794 3949 c.
1802 3932 1846 3957 70.
1897 3921 1951 3947 Cic.
1965 3919 1993 3945 in
2003 3921 2091 3947 Parad.
2104 3929 2123 3951 ι,
2137 3928 2152 3951 3

1273 3958 1329 3991 ,Β
1366 3967 1382 3985 2
2094 3955 2150 3987 Q¹i
