2479 4225
292 165 361 206 727
657 148 720 188 'F
804 146 839 185 O
924 141 956 180 R

298 241 379 275 Qiod
393 245 480 267 autem
492 238 598 270 forum,
611 237 638 264 id
652 236 687 264 est
699 233 855 262 vestibulum
870 228 990 269 sepulcri,
1004 227 1142 254 bustumue
1156 225 1201 251 vsu
1215 225 1273 260 capi
1287 233 1332 275 ve:

296 283 333 304 tat
349 275 515 311 (lca-,sumta
529 284 540 300 e
553 273 636 310 Legib.
653 274 710 298 XII
727 268 824 301 Tabb.)
838 271 926 291 tuetur
938 272 979 290 lus
992 263 1179 298 sepulcrorum.
1275 258 1295 297 q
1317 278 1329 293 2

297 312 360 340 Fori
377 312 486 338 nauium
498 309 635 346 fiparatim
654 308 806 342 explicantur
815 302 895 336 supra
921 299 946 326 h.
967 309 992 326 υ.
1012 305 1042 342 vt
1060 305 1084 340 εξ
1102 297 1166 324 Fori
1185 299 1213 322 in
1227 302 1328 323 cmco.

296 346 317 383 q
338 349 355 374 6
391 345 492 382 Oppida
503 351 556 372 tota
569 345 666 371 Forum
680 345 813 368 vocantur,
832 341 949 371 quatenus
968 341 1044 361 certis
1058 333 1140 359 diebus
1158 333 1198 358 ch
1212 338 1329 366 perpetuo

292 380 422 419 praestant
437 390 518 408 rarum
531 381 651 406 venalium
665 378 765 409 copiam,
800 371 846 396 uod
852 370 914 406 siant
927 371 1049 406 Emporia,
1062 376 1090 395 vt
1099 368 1154 394 Cic.
1169 376 1218 402 pro
1227 366 1330 408 Cluent.
1350 382 1364 408 5

319 428 335 445 0
348 427 360 444 c
385 426 415 452 14
437 417 489 444 Cui
509 416 567 442 fora
580 415 599 447 (
601 410 704 439 obeunda
707 410 726 442 )
742 416 785 432 mu
799 413 823 432 ta
838 405 978 438 restarent,
990 405 1018 431 de
1026 404 1216 440 pharmacopola
1229 411 1332 442 circuiri-

292 429 402 490 J‘oraheo
447 451 548 480 Sallust,
562 451 616 481 Ing.
629 454 672 478 47,
687 453 698 469 2
724 442 858 476 Oppidum
874 441 1054 468 Numidarum
1068 439 1176 466 nomine
1191 439 1260 472 Vaga
1270 457 1276 467 ‚
1290 440 1330 463 1ο-

299 499 358 517 rum
370 473 460 516 ref-um
475 485 605 513 venalium
619 480 700 506 totius
711 478 786 512 regni
801 477 915 504 maxime
926 477 1098 507 celebratum,
1117 474 1163 500 vbi
1179 480 1203 499 et
1216 473 1332 499 incolere

299 531 325 552 et
340 525 450 552 mercari
464 520 647 548 consueuerant
667 514 754 540 Italici
773 513 876 547 generis
895 513 972 539 multi
991 511 1123 538 mortales.
1161 509 1208 548 Seii
1218 512 1290 534 etiam
1304 508 1333 534 ob

300 568 431 588 conuentus
447 556 565 584 iuridicos
582 550 610 576 de
622 551 710 586 quibus
722 559 747 575 n.
758 558 782 581 3.
802 547 893 585 oppida
922 547 1020 575 uaedam
1032 548 1098 573 Fora
1111 543 1256 580 dista-sunt.
1269 582 1272 585 .
1287 544 1332 569 Ca·
1351 557 1380 576 10

299 597 405 632 talogum
432 600 508 619 corum
528 588 688 621 relinquimus
711 586 877 621 Geographis:
925 587 949 610 ic
972 585 1078 618 exempla
1098 582 1191 620 aliquot
1208 587 1334 615 pommus.

300 633 396 659 Forum
416 625 493 661 Appii
512 623 568 649 Cic.
581 623 634 648 Att.
655 630 676 652 2,
689 629 725 647 10.
762 621 830 646 Hinc
849 619 994 653 Foroappii
1011 619 1104 644 incolae
1123 617 1187 643 Plin.
1208 624 1231 647 3,
1250 623 1272 647 5.
1308 616 1335 641 A

298 667 369 694 Foro
383 660 488 695 Augusti
499 657 568 684 dista
582 658 652 684 Foro
667 655 814 690 Augustana
833 655 926 681 ciuitas
942 654 1076 716 Higpmiiae
1087 654 1212 678 citerioris
1226 651 1297 676 Idem
1311 658 1335 682 3,

301 711 338 735 ¹4·
375 700 470 725 Forum
484 693 623 720 Aurelium
640 693 696 718 Cic.
711 692 768 717 Cat.
783 699 802 722 1,
817 699 860 723 24.
897 691 968 716 Foro
988 689 1089 716 rentani
1105 689 1163 714 Liu.
1179 696 1199 718 3,
1217 695 1254 718 14.
1284 686 1331 712 Fo-

298 745 355 763 rum
369 731 473 762 Clodii,
490 729 553 756 vnde
565 727 721 755 Foroclodii
735 726 800 752 Ptin.
815 734 835 757 3,
850 733 883 757 15.
920 723 1159 752 Forocornelienfis
1179 730 1240 756 ager
1260 722 1332 762 Idem
1352 733 1376 758 15

298 781 319 803 3,
335 771 369 796 16.
405 765 649 793 Foroflaminienses
664 763 731 794 Id.3,
748 770 786 795 ¹4·
822 760 964 787 Forofului
977 761 1103 800 oppidum
1116 759 1248 797 Ρ1111.3,,ς.
1285 758 1334 783 ro—
1373 784 1376 785 ⁷

296 814 354 832 runi
368 803 431 829 Iulii
446 801 516 828 Mela
530 810 552 833 ε,
567 809 588 833 5.
612 799 669 825 Cic.
683 799 753 824 Fam.
769 805 806 828 10,
823 805 857 828 15.
894 797 962 822 Hinc
975 795 1171 822 For0iulienscs
1184 794 1249 832 Plin.
1262 801 1284 824 3,
1294 801 1332 825 ¹4·

294 842 393 867 Forum
415 837 520 864 Laccini
541 835 614 862 Idem
629 843 649 867 3,
664 842 696 867 15.
733 831 972 859 Foroneronienses
988 841 1003 858 a
1017 832 1088 858 Foro
1103 831 1219 857 Neronis
1239 832 1266 853 in
1276 835 1334 863 pro-

294 877 380 902 vincia
397 871 547 905 Narboncrfi
560 870 597 897 Id.
612 879 634 903 3,
646 879 673 902 4.
716 867 953 901 Foropopulienses
966 867 1031 894 Plin.
1046 876 1069 901 3,
1083 874 1104 899 ς.
1148 865 1334 904 Forosenipro-

294 910 395 937 nienses
418 909 491 936 Idem
509 916 530 940 3,
545 916 583 939 ¹4·
635 906 732 932 Forum
747 902 1089 935 Truentinorumld.3,15.
1131 900 1376 940 Foroii'ibiensesm

294 947 450 978 Ρ1111.3,10.
486 944 585 970 Forum
605 940 722 967 Voconii
740 938 812 966 Idem
831 947 854 970 3,
876 947 903 976 4.
1099 934 1119 974 ff
1140 945 1156 971 7
1191 937 1333 975 Vitiarium

294 983 392 1009 Forum
405 981 490 1007 Varro
506 988 526 1012 1,
539 987 580 1011 54,
596 986 609 1003 2
628 976 728 1003 videtur
747 976 828 1001 alueus
847 972 906 1007 zfle,
925 975 952 998 in
972 980 1017 1008 quo
1038 973 1141 998 calcatis
1155 978 1179 997 et
1196 970 1334 1010 comprcffis

293 1021 350 1044 vuis
368 1015 470 1050 mustum
483 1015 584 1050 cle-fluit,-
604 1015 687 1047 itaque
705 1010 776 1037 addit
796 1011 891 1039 Varro,
911 1007 979 1033 vnde
993 1007 1021 1033 in
1035 1007 1137 1035 dolium
1151 1008 1229 1033 inane
1244 1012 1333 1032 veniat

294 1056 388 1080 vinum.
430 1050 485 1077 Vid.
501 1049 634 1076 adCaton.
648 1057 668 1073 c.
685 1051 718 1076 18.
755 1045 886 1072 Coluniel.
901 1052 931 1074 11,
946 1052 967 1075 2,
981 1051 1018 1077 71.
1037 1046 1068 1069 it.
1089 1052 1126 1076 12,
1141 1048 1175 1075 18,
1188 1051 1200 1075 3
1226 1042 1293 1068 Fora
1307 1047 1332 1067 et

294 1087 437 1115 torcularia
460 1086 601 1120 diligenter
622 1081 760 1110 emundari
784 1081 857 1106 iubet.
895 1081 974 1104 Etiam
995 1078 1082 1105 Plinio
1100 1081 1215 1111 restituta
1235 1086 1332 1117 vor-effe
1350 1088 1380 1114 23

297 1125 353 1151 MS.
369 1131 401 1155 15,
417 1125 432 1148 6
447 1129 511 1148 extr.
526 1121 554 1146 de
565 1121 630 1151 olco,
651 1118 744 1144 Factus
762 1123 813 1143 tres
833 1115 940 1150 gemino
960 1114 1022 1141 foro
1041 1123 1055 1140 a
1069 1114 1203 1149 quaternis
1220 1113 1334 1140 1101111111-

295 1159 342 1187 bus
355 1158 432 1185 nocie
447 1166 474 1183 ac
488 1156 529 1182 die
544 1154 645 1190 premi,
660 1153 756 1179 iustum
769 1152 812 1178 est.
840 1150 913 1186 Conf.
936 1155 1046 1176 FORvs.

332 1202 347 1222 F
359 1201 378 1220 o
390 1198 541 1219 RENSis,
560 1199 580 1216 e.
610 1189 670 1216 Adi.
707 1187 852 1222 [ᾰγοραῖος]
888 1185 961 1221 Qioa'
977 1185 1111 1221 misorum
1123 1187 1243 1220 pertinet.
1281 1184 1334 1209 Ru-

297 1230 391 1261 sticus,
415 1227 537 1257 forensis,
558 1225 722 1259 negotiator,
741 1222 830 1251 miles,
852 1222 1007 1255 nauigatur,
1028 1220 1145 1247 medicus
1165 1220 1236 1246 aliud
1255 1226 1334 1253 atque

293 1265 367 1291 aliud
381 1263 497 1290 efficiunt
511 1261 642 1295 Qiin‘ctil.
658 1267 679 1292 ς,
695 1268 732 1285 io.
912 1292 918 1297 ὓ
939 1293 943 1297 η
1020 1292 1025 1296 .
1117 1293 1120 1296 ,
1316 1291 1320 1294 .

293 1301 341 1326 bus
357 1299 482 1334 publicis,
496 1297 622 1332 priuatis,
635 1293 797 1326 forensibus,
809 1292 957 1319 domesticis
966 1312 974 1324 ‚
987 1297 1039 1318 tuis
1048 1312 1055 1324 ‚
1070 1300 1233 1321 amicorum,
1247 1290 1334 1324 hospi-

292 1342 347 1362 tum
356 1355 364 1368 ,
378 1335 502 1361 clientum
517 1339 623 1359 tuorum
642 1330 763 1364 negotiis.
833 1327 957 1354 Actiones
970 1328 1100 1359 forenses,
1119 1336 1178 1362 quae
1192 1327 1253 1352 alibi
1267 1327 1333 1352 Ciui-

292 1372 342 1403 les,
354 1370 407 1404 stuc
419 1371 465 1396 Rei
470 1369 632 1404 familiaris,
651 1367 768 1393 Priuatae
782 1370 825 1390 aut
840 1365 997 1390 pecuniariae
1010 1363 1132 1389 dicuntur.
1169 1362 1275 1396 leian.
1290 1362 1307 1387 l.
1322 1370 1331 1388 1

292 1407 323 1433 D.
339 1405 370 1432 de
383 1405 485 1431 incend.
499 1403 584 1430 naufr.
604 1403 633 1429 Et
652 1409 812 1436 quamquain
833 1399 881 1425 sint
895 1399 927 1425 de
947 1399 987 1425 his
1007 1397 1170 1424 facinoribus
1189 1398 1268 1423 etiani
1282 1399 1331 1424 cri-

291 1442 394 1468 minum
408 1439 613 1475 exequutiones,
630 1444 744 1464 attamen
759 1435 830 1462 1·οἑἲο
846 1436 952 1461 Praetor
967 1434 1046 1464 fecit,
1065 1434 1112 1468 qui
1132 1433 1247 1459 forenses
1265 1442 1331 1467 quo-
1348 1448 1376 1474 3)-

293 1486 344 1512 que
363 1477 479 1503 aftiones
500 1474 657 1502 criminibus
676 1472 731 1499 istis
749 1470 907 1506 praeposuit.
981 1470 1111 1504 Asperitas
1132 1469 1264 1502 Qiinciil.
1277 1478 1295 1498 1,
1310 1474 1331 1498 8.

292 1514 389 1539 Causae
410 1512 466 1539 Cic.
487 1511 518 1537 de
532 1511 567 1536 N.
583 1511 614 1536 D.
632 1518 653 1541 3,
674 1516 691 1541 9
709 1517 730 1533 c.
745 1516 771 1539 4.
844 1506 932 1531 Genus
957 1505 1063 1532 dicendi
1094 1505 1225 1538 Qiinc'iil.
1248 1513 1271 1536 2,
1296 1513 1331 1530 io.

291 1550 379 1574 Genus
393 1547 496 1573 forense
524 1543 747 1572 concertatorium
756 1562 764 1574 ‚
783 1547 808 1568 et
821 1540 945 1567 iudiciale
958 1550 1011 1567 non
1022 1540 1144 1567 traftauit
1158 1539 1331 1572 Thucydides

292 1584 348 1610 Cic.
362 1583 393 1609 de
407 1583 475 1609 Clar.
490 1569 563 1608 Orat.
579 1582 632 1608 286.
706 1579 796 1605 Homo
816 1576 942 1611 forensis,
961 1575 1115 1608 malificus,
1134 1577 1175 1602 vel
1197 1578 1239 1612 qui
1254 1576 1283 1611 st
1302 1578 1329 1601 in

287 1619 350 1654 foro
372 1624 464 1644 exercet
488 1615 619 1649 Qiinciil.
637 1622 659 1647 5,
679 1623 715 1640 10.
786 1613 969 1639 Latrociniuiii
991 1612 1048 1638 Cic.
1069 1612 1096 1637 in
1110 1612 1195 1638 Pisoii.
1234 1632 1239 1637 .

294 1654 398 1680 Literae
416 1651 487 1678 Idem
507 1651 559 1677 Off.
575 1659 594 1680 2,
609 1658 628 1681 3.
699 1650 784 1675 Marte
803 1648 899 1674 forcnfi
919 1648 1021 1680 valere,
1040 1650 1058 1673 i.
1082 1649 1223 1682 Eloquentia
1248 1646 1330 1673 Ouid.

294 1698 325 1715 ex
339 1690 411 1714 Pont.
425 1697 453 1721 4,
467 1689 493 1718 6,
506 1694 548 1717 29.
617 1684 712 1718 Opella
727 1684 791 1709 Hor.
801 1684 877 1716 Epist.
893 1692 911 1713 1,
925 1691 951 1716 7,
964 1688 986 1712 8.
1038 1684 1125 1717 Opera
1147 1683 1215 1717 Nep·
1229 1691 1253 1716 7³
1268 1691 1289 1714 32
1303 1691 1329 1715 4-

293 1724 388 1751 Oratio
403 1721 535 1749 iudicialis
549 1726 573 1746 et
587 1718 696 1745 forensis
711 1718 765 1743 Cic.
782 1718 809 1743 in
822 1719 895 1743 Orat.
909 1726 963 1751 170.
1019 1719 1092 1750 Quid
1106 1727 1169 1751 ergo
1183 1719 1330 1750 miramini,

293 1759 415 1786 viliffinia
427 1758 510 1791 capita
519 1776 527 1788 ‚
547 1756 630 1781 inimo
643 1753 755 1779 forensia
768 1754 862 1778 Pecora
872 1772 879 1783 ‚
892 1753 975 1777 immo
988 1761 1052 1778 vero
1067 1754 1149 1785 togati
1170 1754 1296 1784 vulturii,
1310 1754 1327 1778 fi

292 1794 343 1820 toti
363 1802 431 1818 nunc
451 1792 552 1818 iudices
571 1789 708 1816 sententias
728 1789 782 1814 suas
803 1787 888 1822 pretio
905 1786 1086 1812 nundinantur
1111 1787 1188 1820 Apul.
1209 1788 1272 1812 Met.
1294 1795 1330 1811 10.
1345 1799 1378 1825 45

292 1828 407 1862 Populus
420 1826 544 1856 forensis,
559 1825 625 1860 apud
637 1825 697 1850 Liu.
711 1831 728 1855 9
742 1822 844 1856 influe,
858 1822 947 1855 differt
962 1822 990 1847 ab
1003 1822 1109 1856 Integro
1127 1822 1227 1855 populo
1246 1821 1329 1846 bono-

290 1872 403 1898 rumque
419 1862 532 1888 fautore.
604 1858 730 1891 Qiaestus
749 1858 804 1883 Cic.
820 1865 867 1890 pro
880 1857 982 1883 Cluent.
997 1864 1040 1889 72.
1098 1857 1176 1882 Ratio
1199 1856 1331 1890 Qinffii.

291 1909 304 1933 3
327 1910 353 1933 4.
424 1894 567 1923 Rhetorica
588 1893 643 1918 Cic.
657 1892 689 1917 de
702 1891 758 1917 Fin.
779 1900 804 1921 2,
826 1898 863 1923 17.
933 1891 1030 1915 Turba
1054 1891 1135 1916 Ouid.
1156 1892 1221 1916 Fati.
1243 1900 1265 1922 3,
1287 1900 1330 1923 94.

291 1920 324 1961 αἸ.
343 1932 471 1963 Curensis.
507 1928 574 1957 Adii.
595 1928 654 1954 Liu.
669 1925 766 1961 p‘affim.
838 1924 1000 1950 Vestimenta
1015 1924 1145 1955 forensia,
1173 1924 1331 1958 Veste-&qui-

291 1971 336 1997 bus
354 1973 380 1995 in
394 1969 456 2005 foro
475 1972 596 1996 utuntur,
610 1956 791 1998 velsoi'1'1,id
808 1957 841 1991 est
861 1966 931 1985 extra
950 1958 1053 1984 domum.
1091 1959 1226 1998 .CO¹¹¹¹.¹¹e¹·
1245 1966 1282 1989 12,
1299 1967 1331 1998 45
1343 1969 1375 1994 50

293 2005 404 2034 Arculae
426 2003 561 2037 fagineae,
581 1999 623 2025 vel
643 1998 723 2024 etiam
743 1995 880 2027 tiliaceae,
899 1994 988 2029 quales
1009 1994 1076 2025 sunt,
1090 2003 1116 2019 in
1129 1993 1226 2028 quibus
1246 1994 1331 2020 Vesti-

294 2047 379 2068 menta
397 2037 509 2066 forenfla
529 2034 686 2062 conduntur.
758 2030 881 2058 Forenfia
905 2030 1011 2065 absolute
1036 2029 1104 2055 Suet.
1127 2029 1156 2055 in
1169 2031 1235 2064 Aug.
1255 2039 1276 2055 c.
1292 2037 1332 2064 73,

299 2073 520 2110 Vid.1biCasaub.
538 2075 569 2097 it.
595 2074 751 2098 VESTls,
777 2070 1094 2095 VESTIMENTVM,
1120 2071 1330 2092 VESTITVS.

293 2113 350 2139 Cic.
364 2112 391 2137 in
406 2109 493 2136 parad.
508 2117 518 2134 1
537 2103 724 2133 Animaduerti
737 2102 831 2130 Brute,
846 2100 918 2132 saepe
931 2101 1058 2125 Catonem
1072 2100 1232 2125 auunculum
1246 2107 1330 2131 tuum,

294 2156 375 2181 quum
395 2146 422 2172 in
434 2145 528 2171 Senatu
546 2140 698 2168 sententiam
718 2137 832 2167 diceret,
854 2135 925 2160 locos
943 2143 1035 2168 graues
1049 2142 1080 2160 ex
1098 2134 1267 2169 philosophia
1281 2140 1331 2160 tra.
1351 2140 1380 2166 55

293 2183 380 2214 ctare,
397 2180 569 2207 abhorrentes
584 2176 616 2203 ab
631 2175 680 2201 hoc
694 2173 740 2199 vsu
753 2169 849 2197 forensi
863 2175 888 2196 et
901 2170 1019 2209 publico.
1271 2204 1276 2209 .
1293 2204 1298 2209 ’

331 2223 430 2244 roni*
442 2223 473 2247 s,
493 2215 511 2240 i.
532 2222 567 2238 m.
606 2210 672 2237 Idem
690 2207 753 2244 quod
771 2208 878 2232 Forum.
916 2205 1017 2231 Charis.
1032 2213 1041 2231 1
1062 2214 1085 2238 p.
1099 2212 1126 2237 53
1137 2211 1181 2240 pr.
1212 2204 1330 2231 Lucilms

292 2253 461 2288 negotiorum
481 2250 570 2276 forum
589 2245 729 2272 masculine
744 2242 838 2269 extulit
850 2241 921 2267 libro
935 2241 1031 2272 tertio,
1052 2241 1132 2266 Forus
1147 2240 1212 2266 olim
1225 2241 1330 2280 'ornatu'

293 2289 410 2315 lacernis.
437 2286 493 2312 Vid.
508 2287 554 2320 leg.
570 2281 688 2308 lucernis.
725 2279 797 2305 Non.
812 2286 833 2309 3,
849 2278 883 2308 96
896 2279 995 2311 plcm'ux
1005 2279 1094 2310 ponit,
1118 2276 1243 2302 Romanis
1264 2275 1331 2301 ludis

800 1258 856 1284 Cic.
872 1257 942 1283 Fani.
957 1265 979 1289 ς,
993 1262 1006 1286 8
1032 1257 1072 1282 Sic
1087 1264 1193 1282 vtantur
1208 1257 1235 1280 iii
1248 1255 1334 1281 onmi-
1354 1272 1387 1296 30

1278 1631 1283 1637 .
1324 1631 1330 1637 .
1348 1618 1433 1648 40net
1447 1610 1572 1637 Drakeub.
1587 1610 1620 1636 ad
1633 1610 1693 1636 Liu.
1708 1617 1730 1642 5,
1744 1619 1754 1641 3
1767 1617 1831 1635 extr.

1786 135 1817 174 F
1915 136 1946 176 R
2035 138 2074 178 A
2356 146 2423 190 728
2466 181 2468 189 ¹

1389 227 1431 256 Sic
1438 226 1535 262 Georg.
1544 236 1572 261 4,
1584 234 1617 259 43
1636 224 1717 258 Saepe
1731 223 1811 251 etiam
1824 223 1924 257 effoffis,
1945 223 1961 251 si
1976 235 2038 253 vera
2047 226 2082 253 est
2094 226 2163 253 fania
2172 226 2302 260 ‚latebris,
2310 227 2362 253 Sub
2374 232 2423 256 ter-

1392 272 1422 290 ra
1445 264 1538 289 fouere
1563 262 1653 287 larem.
1685 260 1742 286 Vid.
1759 261 1843 286 Burni.
1914 260 2001 287 Nidos
2017 262 2110 288 fouent
2141 263 2215 297 Virg.
2230 263 2327 296 Georg.
2347 272 2373 296 4,
2386 265 2423 296 56,

1390 299 1431 325 Sic
1446 299 1534 325 Castra
1553 298 1644 323 fouere
1665 296 1729 321 Aen.
1744 304 1769 328 9,
1783 303 1822 330 57.
1843 298 1870 321 in
1882 299 1918 321 iir
1930 296 2041 328 desidere.
2113 299 2177 324 Plin.
2192 304 2213 329 8,
2228 301 2257 330 36
2286 298 2378 324 foetus
2390 299 2424 326 r'i-
2454 307 2457 311 ’

1390 341 1479 367 gentes
1491 331 1664 369 apprinicndo
1686 330 1787 365 peEIori
1808 331 1916 363 fouent,
1935 341 1988 358 non
2005 331 2058 358 alio
2071 333 2208 366 incubitu,
2221 342 2300 368 quain
2316 342 2366 359 oua
2379 343 2424 362 vo·
2454 344 2459 354 =.

1392 369 1483 395 lucres.
1540 368 1610 395 Idem
1629 376 1660 398 9,
1678 375 1705 392 10
1731 367 1758 391 de
1778 365 1956 399 testudinibus,
1983 366 2100 400 Qiida'iii
2113 370 2197 396 oculis
2211 369 2349 404 spectando
2362 374 2424 403 quoi

1392 413 1442 438 que
1455 414 1507 431 oua
1520 404 1608 430 foueri
1623 402 1655 428 ab
1670 403 1702 428 iis
1715 408 1814 436 putant.
1862 402 1920 428 Oua
1934 402 2030 436 plumis
2048 403 2129 429 Ouid.
2143 405 2207 431 Fast.
2221 414 2240 437 1,
2254 413 2314 438 443.
2363 401 2423 432 Pen:

1392 440 1431 466 nis
1450 440 1533 474 pullos
1552 440 1609 465 suos
1622 438 1714 464 fouent
1732 446 1808 467 aues,
1822 446 1853 464 ne
1868 437 1968 472 frigore
1981 437 2117 465 laedantur
2131 440 2186 467 Cic.
2201 441 2232 468 de
2246 441 2281 466 N.
2295 440 2327 465 D.
2342 446 2367 471 2,
2381 447 2423 474 129
2454 444 2455 447 ’

1393 483 1415 500 c.
1429 484 1468 508 52.
1539 474 1649 502 Gremio
1668 473 1785 508 aliquem
1806 473 1878 507 Virg.
1900 475 1963 499 Aen.
1985 482 2005 506 1,
2024 481 2081 508 722.
2264 473 2284 512 ff
2304 483 2319 500 2
2355 474 2427 506 Atia:

1386 510 1512 545 formulae
1532 510 1615 537 ordine
1628 511 1803 534 elementorum.
1823 510 1963 544 Met-aphar.
1986 509 2089 543 Εἰς-(ζ
2100 510 2168 536 Frat.
2185 517 2208 542 3,
2220 518 2239 542 i,
2252 519 2264 542 3
2286 509 2381 536 Scribis
2394 509 2424 537 de

1393 546 1508 572 Caesaris
1527 546 1554 573 isi
1568 554 1614 571 nos
1627 545 1740 571 Amore:
1760 544 1829 570 hunc
1842 549 1868 570 et
1881 550 1909 570 tu
1921 544 2040 575 foiiebis,
2056 551 2081 571 et
2098 554 2145 571 nos
2163 545 2364 579 quibuscunque
2382 554 2424 580 po.

1395 581 1504 607 terimus
1518 582 1594 608 rebus
1607 579 1769 614 augebimus.
1841 580 1921 607 Arma
1940 580 2021 607 Ouid.
2036 580 2181 613 Trist.1‚5,
2196 589 2235 613 4¹·
2292 582 2370 607 Artus
2388 581 2426 608 fo-

1395 616 1494 643 vendos
1506 618 1600 652 accipit
1618 616 1690 642 Ideni
1703 616 1767 642 Met.
1782 620 1805 647 8,
1820 618 1879 648 654.
1946 616 2017 643 Bella
2040 616 2115 650 Virg.
2129 619 2193 642 Aen.
2206 624 2244 648 10,
2258 620 2310 648 838.
2372 616 2433 650 (Ξίος

1394 653 1447 678 Att.
1463 661 1499 684 12,
1516 659 1540 682 18
1575 653 1644 679 Nam
1665 650 1727 676 dum
1749 651 1816 676 illud
1836 649 1995 683 tra-{labaim
2021 650 2053 677 de
2072 661 2126 686 quo
2146 659 2221 678 antea
2241 651 2326 686 scripsi
2344 651 2377 678 ad
2392 657 2425 684 te,

1394 687 1464 722 quasi
1483 688 1606 715 fouebam
1622 686 1735 712 Dolores
1748 695 1837 719 meos,
1857 690 1876 712 i.
1894 688 2054 722 mitigabam,
2066 694 2095 712 vt
2115 689 2198 718 ulcus,
2210 690 2250 713 cui
2261 685 2375 723 ‚tomenta
2387 687 2427 714 ad.

1391 723 1513 751 hibentur.
1540 723 1597 750 Vid.
1611 722 1712 748 Vulnus
1725 722 1830 748 fouere.
1898 723 2003 748 Famam
2016 722 2139 748 fouemus
2152 723 2258 750 inanem
2275 723 2348 757 Virg.
2363 722 2437 750 Aen-⁵

1394 767 1420 792 4,
1433 766 1487 789 218.
1557 757 1659 785 Gaudia
1677 764 1764 784 mente
1790 757 1896 784 Consol.
1917 758 1949 784 ad
1969 758 2073 783 Liuiam
2093 767 2132 791 29.
2204 759 2329 785 Hiemem
2348 758 2430 793 (quai

1392 795 1573 831 aliasfriget)
1594 794 1663 819 inter
1676 794 1701 819 se
1719 793 1783 821 luxu
1802 794 1896 819 fouere
1917 793 1990 827 Virg.
2004 794 2069 819 Aen.
2083 803 2110 827 4,
2126 802 2190 826 193.·
2245 794 2379 820 Iudicium
2390 792 2429 821 fo-'¹

1393 839 1466 862 vere,
1479 830 1550 865 quod
1564 830 1595 856 de
1607 829 1685 855 nobis
1699 828 1778 855 habet
1791 829 1856 855 alter
1879 828 1944 855 Plin.
1960 829 1988 854 in
2002 830 2094 863 Paneg.
2109 835 2148 861 87,
2161 837 2182 861 3.
2254 829 2340 856 Nares
2358 826 2428 863 exul23

1392 873 1489 892 ceratas
1503 865 1572 891 intus
1585 865 1791 898 fouereoportet
1798 873 1896 898 vapore
1903 873 1986 899 aquae
1999 865 2097 891 calidae
2110 865 2176 891 Cels.
2189 866 2215 897 6,
2229 869 2251 894 8.
2307 867 2344 891 Os
2356 865 2431 907 Iden*

1394 910 1414 933 1,
1428 910 1450 927 2.
1483 901 1550 928 Add.
1566 900 1684 927 Scribon.
1698 903 1752 926 160.
1823 901 1909 926 Partes
1929 900 2019 927 Tacit.
2028 901 2096 926 Hui.
2110 909 2129 932 i,
2142 905 2163 930 8.
2235 900 2382 927 Periculum
2393 900 2434 936 al-‘j

1393 937 1490 970 terius,
1511 936 1564 963 vid.
1587 941 1783 963 remcvrvm.
1849 935 1914 961 Rem
1926 936 2073 962 Romanam
2090 936 2150 961 Liu.
2164 937 2207 968 26,
2243 955 2250 962 .
2288 955 2294 962 .
2348 936 2449 964 Plauti*

1393 971 1514 1005 Stich.‘4‚
1530 981 1549 1004 1,
1562 974 1592 998 62
1613 972 1700 998 Postea
1719 971 1766 997 ibo
1780 970 1896 996 lanatum
1917 971 1944 997 in
1958 972 2043 998 Pilum
2057 972 2198 1004 (Pyeluin)
2218 971 2257 997 ibi
2277 970 2378 998 fouebo
2391 971 2436 1013 Se,

1393 1008 1524 1034 110611110111
1542 1017 1637 1034 meam.
1713 1007 1803 1033 Sensus
1824 1006 1963 1033 hominum
1981 1008 2090 1038 fouere,
2114 1006 2230 1033 delinire
2248 1007 2349 1033 animos
2375 1007 2430 1040 Cio·

1392 1051 1441 1078 pro
1453 1044 1571 1069 Muraen.
1586 1052 1631 1078 74.
1702 1043 1762 1076 Spes
1778 1042 1912 1077 improbas
1931 1043 1988 1069 Seii.
2003 1043 2034 1069 de
2047 1043 2137 1069 Benef.
2152 1051 2172 1074 1,
2187 1051 2214 1075 4.
2280 1043 2354 1077 Virg.
2366 1043 2428 1070 Aen.

1394 1087 1420 1111 4,
1433 1084 1476 1108 218
1503 1079 1632 1113 Spemque
1650 1078 1774 1104 fouemus
1792 1078 1906 1104 inanem.
1976 1078 2036 1113 Spes
2050 1079 2132 1104 vitain
2152 1078 2227 1104 fouet
2246 1078 2354 1104 Tibull.
2368 1087 2393 1110 z,
2425 1077 2435 1094 '‘

1394 1122 1436 1140 20.
1472 1114 1537 1141 Add.
1551 1114 1666 1140 Martial.
1680 1122 1707 1146 9,
1719 1122 1764 1147 49.
1831 1114 1892 1140 Liu.
1907 1118 1946 1145 38,
1983 1133 1989 1139 .
2027 1133 2034 1140 .
2069 1114 2100 1139 Et
2118 1122 2200 1148 prope
2219 1119 2288 1140 certa
2303 1114 2400 1140 foiieba

1394 1156 1436 1175 tui·
1451 1150 1502 1184 spe.
1537 1152 1599 1177 Alia
1620 1151 1768 1185 exemplaria
1790 1149 1888 1181 haberit,
1911 1149 2047 1176 Fouebant
2070 1150 2121 1183 spe.
2193 1149 2365 1175 Voluntatem
2388 1150 2433 1176 Pa.-

1394 1191 1466 1211 trum
1479 1185 1544 1211 noui
1557 1185 1659 1212 tribuni
1673 1185 1756 1219 plebis
1770 1185 1895 1211 fouerunt
1910 1186 1969 1211 Liu.
1983 1195 2003 1217 3,
2015 1188 2046 1217 65
2058 1191 2102 1220 pr.
2157 1185 2227 1211 Vota
2241 1185 2332 1211 animo
2351 1184 2448 1218 Ouid..-

1394 1222 1459 1247 Met.
1473 1228 1500 1255 7,
1513 1223 1564 1253 633·
1635 1221 1736 1246 Vulnus
1753 1221 1859 1254 lympha
1879 1221 1953 1254 Virg.
1967 1222 2031 1247 Aen.
2047 1229 2081 1253 12,
2095 1229 2155 1253 420.
2175 1228 2204 1246 vt
2222 1220 2367 1253 Dolorem,
2379 1220 2431 1255 Na!v

1394 1265 1443 1283 res.
1479 1258 1535 1283 Sine
1553 1256 1718 1291 namium-jd
1735 1256 1859 1282 intellecta
1881 1257 2056 1290 cogitatione,
2071 1258 2110 1282 vc!
2120 1255 2210 1289 simili.
2244 1255 2327 1282 Plaut.
2341 1257 2404 1283 Bacc
2423 1260 2435 1292 ξ
2454 1276 2457 1287 ,

1393 1301 1473 1326 4,10‚
1485 1300 1495 1318 1
1514 1293 1602 1325 Qiam
1617 1293 1699 1326 magis
1719 1292 1747 1317 in
1766 1292 1872 1325 pectore
1887 1300 1949 1318 meo
1968 1293 2067 1322 foueo,
2085 1300 2148 1326 quas
2167 1300 2240 1317 meus
2260 1291 2331 1318 filius
2344 1291 2435 1327 turba,
2454 1313 2460 1325 ,

1393 1327 1489 1354 turbet.
1509 1330 1528 1354 i.
1551 1330 1650 1362 Quinto
1663 1331 1743 1364 magis
1760 1335 1850 1363 cogito.
2046 1327 2066 1364 ¹]
2088 1336 2100 1359 3
2137 1328 2301 1354 peculiariter
2317 1322 2434 1356 annota‘i‘ff
2454 1341 2457 1359 1,

1391 1370 1512 1393 meretur,
1538 1364 1640 1389 Fouere
1655 1363 1770 1398 aliquem
1780 1383 1788 1395 ,
1804 1370 1852 1398 pro
1866 1361 2015 1397 Illifauerc.
2053 1363 2126 1396 Virg.
2136 1364 2201 1388 Aen.
2218 1371 2236 1395 1,
2250 1369 2295 1396 283
2316 1364 2392 1389 Mecu
2407 1358 2435 1399 {ss
2454 1373 2455 1378 ¹

1393 1408 1446 1433 que
1460 1398 1565 1425 fouebit
1586 1399 1720 1424 Romanos
1733 1407 1821 1424 rerum
1835 1398 1966 1424 dominos.
2037 1398 2161 1432 Aliquem
2174 1407 2227 1424 non
2241 1397 2323 1424 niodo
2330 1399 2393 1425 fone
2414 1394 2418 1402 ’
2454 1420 2455 1425 .
2468 1402 2479 1431 11

1392 1434 1436 1460 sed
1451 1440 1476 1460 et
1497 1435 1537 1460 illi
1556 1434 1693 1468 pecuniam
1713 1432 1775 1459 dare
1806 1433 1863 1459 Cic.
1878 1434 1932 1459 Att.
1954 1441 1984 1464 11,
1998 1442 2020 1465 9.
2089 1434 2259 1460 Peculiariter
2275 1434 2369 1461 fouere
2384 1438 2398 1461 a
2415 1464 2419 1466 ‚
2454 1441 2455 1447 ¹

1392 1479 1471 1505 quem
1484 1470 1510 1495 in
1525 1470 1597 1495 suain
1609 1469 1721 1502 gloriam
1735 1468 1866 1501 Quinctil.
1881 1477 1900 1499 1,
1915 1477 1933 1495 1.
1988 1469 2062 1502 Virg.
2076 1469 2127 1494 Ecl.
2143 1478 2165 1501 3,
2179 1479 2197 1501 4
2225 1470 2321 1496 Infelix
2338 1470 2355 1496 ό
2368 1470 2426 1502 [αφ

1392 1515 1438 1540 per
1458 1505 1517 1531 ouis
1539 1513 1632 1539 pecus,
1646 1504 1700 1538 ipse
1716 1504 1847 1530 Ncaeram
1884 1503 1967 1529 Dium
1977 1503 2067 1535 fouet,
2086 1513 2115 1529 ac
2129 1513 2161 1529 ne
2177 1514 2219 1529 nie
2239 1504 2287 1531 sibi
2304 1505 2429 1540 praeferat
2454 1508 2456 1532 ἰ

1394 1541 1454 1571 1113,
1469 1546 1585 1566 veretur.
1624 1540 1711 1571 Fouet,
1725 1539 1810 1573 afficiet
1822 1539 1869 1570 illi,
1883 1545 1912 1564 vt
1924 1546 2003 1565 mater
2010 1540 2099 1573 paliis.
2169 1540 2271 1565 Fouere
2284 1547 2310 1567 et
2322 1539 2430 1568 osculari

1391 1576 1508 1610 aliquem
1524 1575 1580 1601 Cic.
1593 1575 1664 1600 Fam.
1681 1583 1699 1605 1,
1712 1583 1737 1606 9.
1775 1575 1843 1600 Hinc
1857 1574 1959 1600 fouere
1973 1581 1996 1600 et
2009 1575 2100 1601 fauere
2116 1574 2239 1609 consimili
2257 1578 2284 1601 in
2296 1576 2369 1613 MSS.
2382 1585 2432 1603 mo-

1429 1653 1445 1673 r
1454 1652 1503 1672 o‘r
1512 1653 1530 1671 v
1542 1653 1554 1672 s
1563 1666 1571 1678 ,
1589 1654 1602 1671 a
1611 1666 1618 1677 ,
1639 1655 1693 1672 11111.
1731 1645 1825 1671 Partic.
1861 1643 2100 1679 [οἷκτεθαλμέμοε]
2134 1644 2191 1671 cic.
2205 1645 2236 1671 de
2250 1646 2285 1672 N.
2298 1643 2331 1673 15.
2344 1654 2370 1679 2,
2383 1654 2431 1679 124

1391 1692 1413 1708 e.
1429 1688 1457 1713 48
1487 1681 1560 1714 Qiin
1575 1682 1655 1707 etiam
1673 1687 1778 1713 anatum
1791 1689 1843 1707 oiia
1863 1680 1968 1714 gallinis
1988 1681 2062 1715 saepe
2081 1681 2268 1715 supponimus,
2283 1690 2315 1707 ex
2335 1680 2433 1715 quibu!

1392 1718 1457 1753 pulli
1473 1718 1526 1743 orti
1541 1718 1657 1752 primum
1669 1717 1775 1743 aluntur
1789 1716 1821 1742 ab
1835 1716 1882 1749 iis,
1902 1722 1930 1742 vt
1942 1725 1956 1742 a
1969 1717 2108 1750 matribus,
2122 1726 2137 1743 a
2148 1717 2245 1752 quibus
2260 1716 2355 1743 exclusi
2369 1716 2432 1742 foti>-

1392 1762 1444 1787 que
1458 1755 1523 1778 sunt.
1594 1752 1752 1778 Honoribus
1765 1752 1836 1778 fotus
1848 1751 1949 1778 Arnob.
1964 1761 1983 1778 1.
2422 1773 2435 1785 =.

1427 1793 1444 1812 F
1453 1793 1472 1812 o
1482 1794 1502 1812 T
1512 1793 1531 1811 v
1543 1793 1555 1812 s
1565 1805 1572 1816 ‚
1591 1786 1628 1811 sis.
1648 1796 1683 1812 m.
1720 1787 1851 1820 [θυέλφις]
1891 1787 1999 1813 Fouendi
2010 1785 2096 1819 astus,
2108 1791 2276 1823 accipiturque
2287 1792 2311 1812 et
2320 1787 2440 1821 propr-ies:

1392 1827 1415 1846 et
1429 1821 1601 1855 metaphorice.
1618 1854 1620 1856 q
1658 1821 1724 1847 Plin.
1740 1829 1776 1852 23,
1792 1830 1800 1846 i
1832 1822 1976 1847 Decoc’tum
1992 1831 2084 1848 eorum
2105 1830 2206 1848 veteres
2219 1821 2395 1854 dysentericos
2407 1802 2449 1885 eg

1391 1856 1520 1882 coeliacos
1539 1856 1614 1881 iuuat
1629 1861 1654 1882 et
1675 1856 1785 1889 potione
1800 1861 1824 1881 et
1838 1855 1906 1881 fotu.
1941 1856 2007 1882 Add.
2024 1857 2061 1883 Id.
2076 1865 2114 1888 23,
2128 1866 2153 1889 9.
2209 1858 2329 1884 Prudent.
2342 1863 2418 1884 contr
2443 1874 2451 1890 μ

1391 1891 1537 1922 Synimach.
1553 1900 1578 1922 2,
1592 1896 1639 1923 584
1677 1891 1760 1924 Qicis
1777 1891 1862 1924 gloria
1877 1891 1978 1917 fotibus
1992 1891 2067 1918 311613
2103 1892 2144 1918 Sic
2163 1892 2246 1922 cluat,
2261 1892 2388 1927 impositis
2403 1886 2445 1924 11ξῖ

1389 1924 1517 1949 mundum
1539 1925 1626 1950 frenet
1651 1926 1779 1950 habenis?
1865 1926 1970 1951 Blandis
1992 1926 2093 1952 fotibus
2120 1928 2194 1952 Idem
2214 1928 2361 1963 Hamartig.
2379 1922 2434 1962 303?

1391 1958 1515 1991 Benignis
1529 1958 1631 1983 fotibus
1647 1958 1720 1984 Idem
1734 1959 1821 1984 Perist.
1838 1966 1860 1991 5,
1874 1967 1926 1990 330.

1426 2000 1471 2019 ro
1483 1999 1504 2019 T
1518 1999 1535 2017 v
1547 2000 1612 2023 ΕΑ,
1629 2002 1668 2021 ae.
1687 1994 1706 2020 f.
1744 1993 1824 2019 Gloff.
1846 1994 1912 2020 ldem
1927 1993 1991 2029 quod
2008 1995 2090 2021 Fotus.

1426 2034 1568 2058 rorio,
1586 2029 1655 2055 onis.
1680 2029 1701 2056 f.
1737 2029 1813 2055 Idem.
2113 2052 2122 2055 -

1429 2069 1502 2089 rov
1513 2065 1600 2097 ELA,
1619 2073 1658 2091 ae.
1679 2065 1700 2091 f.
1735 2065 1766 2091 T
1767 2061 1856 2091 ertull.
1876 2063 1909 2091 de
1927 2065 2024 2092 Anima
2045 2075 2065 2095 c.
2079 2074 2097 2101 7
2122 2066 2250 2094 Immunis
2270 2076 2284 2095 a
2301 2077 2385 2103 poena
2393 2074 2429 2097 set

1388 2107 1403 2125 a
1421 2098 1520 2125 souela.
2454 2109 2455 2113 ¹

1430 2139 1446 2159 F
1458 2140 1572 2166 OMES,
1594 2134 1646 2160 i'tis.
1674 2144 1710 2160 m.

2292 2033 2299 2046 Ι

1421 2168 1425 2172 .
1522 2169 1527 2173 ⁴
1748 2133 1885 2170 [giba-opor,
1899 2134 2030 2170 ἔναυσμᾴα]
2065 2138 2087 2163 A
2101 2137 2242 2171 Fouendo,
2261 2138 2312 2165 hoc
2329 2139 2366 2166 est
2384 2148 2430 2166 nu·
2462 2158 2464 2163 >

1392 2169 1498 2194 triendo
1520 2177 1608 2201 ignem
1626 2169 1739 2196 dicitur:
1759 2170 1795 2196 est
1813 2171 1884 2197 enim
1897 2171 1982 2198 Assiila
1997 2180 2029 2198 ex
2046 2172 2142 2199 arbore
2160 2175 2259 2201 excussa
2271 2173 2334 2200 dum
2347 2174 2428 2202 caedi·
2454 2192 2455 2197 =

1391 2208 1450 2236 tur,
1465 2210 1493 2229 vt
1513 2206 1551 2228 ait
1563 2204 1650 2229 Festus
1670 2211 1693 2230 et
1706 2205 1778 2230 Seru.
1793 2205 1827 2230 ad
1839 2206 1903 2231 Aen.
1924 2214 1944 2237 1,
1964 2209 2019 2240 176.
2055 2209 2129 2243 Cous.
2143 2210 2245 2245 Salmafi
2266 2211 2351 2237 Exere.
2363 2212 2425 2238 Ptin.

1385 2245 1415 2274 p.
1429 2248 1482 2272 ⁴1:³7.
1518 2239 1622 2264 Ponitur
1635 2246 1658 2264 et
1687 2248 1715 2265 ro
1730 2242 1796 2265 omni
1810 2241 1922 2266 Materia
1929 2239 2082 2276 ficca,quae
2091 2244 2173 2277 facile
2186 2247 2242 2279 igni
2254 2245 2427 2280 ivfflammatu'rl'

1390 2274 1464 2308 Virg.
1481 2274 1545 2299 Aen.
1567 2282 1586 2304 1,
1607 2276 1653 2308 176
1697 2274 1823 2309 apuitque
1844 2275 1873 2300 in
1892 2274 1987 2302 fomite
2005 2277 2152 2309 flamniam,
2171 2279 2280 2305 Achates
2291 2280 2437 2319 flammam,¹

293 2325 369 2351 forus
390 2322 457 2349 olim
475 2327 580 2347 ornatus
599 2315 727 2345 lucernis;
752 2320 775 2339 et
785 2312 880 2346 Jimzlia
898 2311 1010 2338 Sallustii
1029 2321 1059 2337 ac
1070 2312 1210 2346 Pomponii
1223 2313 1274 2337 loca
1287 2310 1331 2337 ad·
1349 2318 1451 2345 50quae
1462 2315 1515 2336 erat
1526 2313 1552 2348 iii
1560 2308 1663 2344 fomite,
1673 2311 1784 2336 celeriter
1794 2313 1953 2352 propagauit.
1975 2310 2039 2337 Plin.
2055 2315 2091 2342 16,
2104 2321 2139 2343 40
2160 2313 2313 2348 Excipiente
2321 2315 2424 2344 materia

286 2360 347 2396 sgrt
595 2361 609 2378 2
646 2351 801 2382 Isidor.i3,6
821 2348 912 2378 Porus,
929 2347 974 2373 vbi
989 2355 1041 2373 vua
1059 2346 1179 2374 calcatur.
1215 2347 1332 2382 Respexit

292 2395 325 2421 ad
337 2379 430 2421 Caton.
447 2392 477 2417 R.
492 2390 522 2415 R.
538 2395 572 2421 18,
587 2397 598 2420 3
639 2386 731 2413 Facito
749 2400 794 2404 -—
814 2389 900 2409 totum
919 2382 1009 2409 forum
1028 2382 1137 2422 longum
1157 2383 1181 2408 P.
1196 2383 1228 2408 V.
1248 2384 1330 2408 latum

293 2432 319 2457 P.
333 2431 364 2456 II.
403 2429 586 2460 Interpretatur
600 2425 672 2448 etiam
688 2423 794 2455 Popma,
809 2418 896 2445 locum
911 2419 939 2444 in
953 2418 1079 2444 torculari
1094 2427 1147 2452 quo
1161 2418 1329 2444 continentur

294 2474 360 2492 vuae
372 2465 414 2489 vel
429 2462 513 2488 oleae.
568 2460 653 2485 Varro
666 2457 697 2483 de
709 2457 740 2482 R.
757 2456 787 2481 R.
803 2463 828 2486 2,
843 2461 884 2487 54,
898 2462 913 2479 2
943 2455 1033 2494 Itaque
1052 2453 1145 2479 tectius
1164 2454 1227 2493 (Ie-g.
1243 2453 1328 2484 10613)

293 2501 411 2527 defertur
435 2498 462 2523 in
484 2496 574 2522 forum
596 2492 746 2523 vinarium,
767 2490 835 2516 vnde
854 2491 882 2515 in
902 2489 1003 2515 dolium
1020 2497 1096 2515 1113110
1110 2495 1207 2515 veniat.
1263 2490 1329 2516 Fora
1343 2491 1375 2522 65

293 2544 364 2563 uocat
382 2531 513 2561 Coluniel.
533 2540 566 2563 ii,
580 2538 604 2562 2,
619 2537 657 2565 7¹·
674 2534 698 2554 et
720 2535 755 2558 12,
772 2532 806 2558 18,
821 2534 842 2557 3.
880 2525 963 2551 Forus
981 2523 1062 2559 potest
1083 2527 1155 2550 etiam
1178 2528 1205 2550 in
1227 2531 1329 2550 mentem

288 2570 365 2608 fuiffe
378 2569 466 2596 Plinio
481 2575 516 2599 15,
531 2569 546 2592 6
559 2573 623 2592 extr.
644 2564 672 2590 de
683 2564 749 2594 olea,
770 2561 862 2587 Faetus
876 2566 943 2591 tres,
956 2560 1062 2595 gemino
1077 2558 1153 2592 foro,
1168 2568 1182 2585 a
1196 2560 1331 2594 quaternis

294 2601 449 2635 hominibus
465 2602 543 2628 nocie
556 2610 583 2627 ac
597 2600 640 2627 die
653 2598 737 2634 premi
751 2596 846 2623 iustum
866 2595 911 2622 est.
1079 2593 1099 2632 ff
1118 2604 1129 2627 3
1168 2596 1235 2620 Hinc
1248 2593 1332 2621 dictus

294 2642 325 2676 cst
346 2643 428 2667 l-‘orus
447 2637 603 2668 aleatoriuS,
622 2639 641 2661 i.
659 2636 756 2665 alueus,
769 2633 851 2658 tabula
871 2635 898 2657 in
919 2639 967 2666 qua
986 2629 1096 2661 luditur,
1117 2634 1143 2656 in
1157 2630 1265 2664 epistola
1280 2632 1332 2656 Aii-

296 2677 362 2713 gusti
376 2687 390 2702 a
409 2674 441 2700 uti
453 2674 631 2705 Siieton.c.72.
655 2671 806 2702 Forumque
820 2667 977 2692 aleatorium
990 2666 1153 2692 calfeciinus:
1178 2673 1243 2692 certe
1250 2666 1275 2699 Ji
1289 2676 1329 2692 au-
1344 2677 1380 2704 70

296 2714 375 2739 dimus
389 2683 541 2742 §almi-sium,
556 2707 747 2739 Gronouiumqiie
760 2702 793 2728 ad
805 2703 861 2728 Sen.
876 2703 981 2728 Consol.
997 2701 1028 2728 ad
1047 2702 1187 2733 Polybium
1201 2711 1221 2728 c.
1234 2704 1265 2733 36
1288 2702 1331 2728 vbi

296 2753 333 2774 ita
347 2749 407 2782 legit
443 2742 491 2770 Sed
510 2743 537 2768 in
553 2741 655 2767 Albano
674 2741 719 2766 suo
740 2738 837 2763 tess'cris
857 2746 885 2762 ac
899 2737 959 2763 foro
976 2743 1001 2763 et
1019 2738 1167 2770 prouocatis
1180 2736 1332 2764 huiusmodi

295 2783 354 2810 aliis
376 2766 607 2813 oec’upationibus,
624 2773 778 2801 acerbillimi
798 2773 898 2798 funeris
917 2772 1034 2799 eleuabat
1049 2773 1125 2798 mala.
1179 2774 1234 2798 Huc
1252 2773 1333 2809 refert

295 2821 368 2845 ctiam
382 2816 443 2843 illud
455 2813 545 2840 Manil.
562 2819 583 2844 ς,
597 2819 643 2843 322
668 2810 743 2836 Ponit
757 2809 863 2839 forum,
882 2811 900 2833 i.
919 2811 945 2833 in
960 2808 1039 2843 niensis
1051 2808 1152 2834 collocat
1165 2809 1256 2833 alueum
1270 2811 1333 2834 alea-

296 2857 396 2881 lorium.
433 2851 459 2876 Si
479 2852 534 2884 quis
552 2854 631 2873 tamen
650 2845 682 2870 acl
694 2854 776 2870 viuum
794 2853 843 2870 rem
858 2843 961 2879 re'fi‘cet,
974 2850 1041 2869 certa
1061 2850 1084 2869 et
1098 2846 1175 2869 maior
1194 2848 1332 2879 e'xcaePtiovie
1348 2851 1380 2878 75

295 2887 434 2916 auctoritas
453 2886 559 2910 nominis
579 2882 652 2908 forus
666 2890 694 2906 ex
707 2880 747 2905 his
765 2881 825 2905 locis
839 2882 894 2914 peti
903 2888 951 2904 non
961 2877 1040 2913 potist
1049 2898 1056 2910 ,
1070 2888 1123 2905 cum
1136 2878 1229 2913 pzffm
1242 2880 1333 2915 obliqui

296 2935 324 2952 ca
339 2934 365 2949 115
386 2932 400 2948 a
415 2921 504 2947 forum
524 2918 582 2951 estin·
601 2915 749 2943 Columella
766 2922 844 2941 autem
865 2915 923 2940 fora
941 2914 1045 2940 dixerit.
1081 2915 1112 2940 Ee
1129 2917 1156 2940 in
1171 2915 1188 2940 Ι.
1203 2924 1224 2941 c.
1238 2915 1332 2942 Isidori

297 2965 379 2995 aperte
397 2965 441 2992 pro
462 2964 509 2981 0⁷10
532 2948 625 2980 nomine
642 2951 760 2978 hahentur
782 2950 878 2982 Forus,
894 2950 970 2980 Fori,
984 2950 1096 2975 Forum:
1119 2958 1179 2985 quae
1196 2957 1225 2975 vt
1240 2951 1269 2976 ab
1286 2961 1333 2977 imo

292 2996 367 3032 sonte
386 2992 572 3019 manantomnm
582 3009 589 3020 ,
603 2991 638 3013 ita
653 2988 696 3013 hnc
708 2995 829 3011 commum
843 2986 945 3017 habent,
966 2992 995 3010 vt
1011 2994 1095 3011 cauum
1108 2985 1224 3020 quiddam
1234 2985 1332 3022 fig'llfi-

324 3038 360 3056 nt.

296 3041 381 3101 {illigo
390 3084 396 3094 ,
412 3070 501 3098 ponam
515 3067 610 3092 tamen,

299 3102 397 3131 culari,
414 3098 441 3125 id
454 3097 489 3123 est
507 3096 577 3129 ληνῷ.

630 3059 713 3084 Foriis
727 3056 804 3082 status
823 3062 874 3081 tam
897 3056 922 3081 in
936 3056 1013 3087 foro,
1031 3065 1109 3090 quam
1125 3056 1152 3082 iii
1166 3059 1228 3083 naui
1242 3063 1266 3083 et
1280 3064 1332 3084 tor-

613 3096 656 3122 An
670 3093 748 3119 status
767 3090 799 3125 est
816 3091 906 3122 statio,
925 3093 943 3116 i.
959 3093 1024 3117 locus
1039 3092 1079 3117 vlu
1089 3090 1160 3125 stare·
1173 3099 1196 3118 et
1208 3092 1273 3125 confi
1297 3102 1334 3120 cre

296 3135 395 3173 aliquid
409 3130 498 3170 ponst-

515 3169 536 3199 F
612 3167 640 3198 O
712 3166 731 3196 S
889 3164 909 3194 F
986 3164 1014 3194 O
1086 3165 1115 3194 V
1351 3200 1380 3230 85

333 3246 452 3270 rossA
469 3258 477 3271 ‚
506 3242 677 3264 FOSSILIS
691 3254 698 3265 ,
728 3239 862 3261 fossio
877 3252 885 3264 ‚
917 3238 1146 3265 FOSSITlvs,
1178 3240 1336 3267 rosson,

300 3282 483 3307 Fossvnn.
525 3271 583 3298 l'id.
617 3277 686 3297 ron
698 3278 706 3296 1
719 3276 750 3296 ο.

337 3317 480 3342 1:01-10,
507 3314 524 3334 F
538 3312 658 3338 o'rvs,
690 3310 866 3330 FOTVRA.
907 3302 964 3329 Vici.
995 3308 1137 3329 Fovro.

337 3355 354 3375 Ρ
365 3354 438 3374 OVE
447 3353 468 3372 Λ
478 3365 486 3378 ,
510 3350 548 3370 ae.
577 3342 595 3367 f.
631 3340 752 3375 [βόθρος,
775 3338 875 3370 βόθυνος
887 3339 899 3372 ]
936 3340 1014 3364 Locus
1036 3345 1168 3364 [scamaras
1193 3345 1217 3365 ει
1242 3339 1332 3372 tebius,

294 3384 441 3420 pracsertim
466 3389 510 3415 quo
521 3377 672 3411 insidiantur
681 3376 760 3412 feris.
796 3374 875 3400 Belua
889 3375 917 3399 in
931 3374 1036 3399 foueam
1048 3373 1142 3399 incidit
1154 3374 1208 3400 Cic.
1216 3374 1330 3409 Philipp.

300 3430 318 3451 4
333 3429 354 3445 c.
372 3428 391 3444 ·.
444 3403 525 3442 i’iaiit.
542 3415 619 3440 Poen.
635 3421 654 3444 1,
667 3420 687 3444 1,
701 3419 730 3443 59
758 3411 795 3436 Ita
816 3409 975 3443 decipiemus
990 3409 1069 3434 fouea
1088 3409 1208 3435 lenonem
1224 3411 1331 3442 Lycum.

301 3436 416 3483 Pitn.³10‚
431 3457 457 3483 38
477 3452 566 3485 Itaque
581 3454 666 3474 anates
685 3446 712 3472 in
733 3445 836 3474 foueas,
854 3444 953 3478 quibus
972 3444 1039 3470 feras
1057 3453 1201 3477 venamur,
1216 3445 1332 3479 delapsae

576 3484 680 3510 Liicret.
696 3489 716 3514 5,
730 3489 792 3513 1249
810 3480 880 3506 Nam
896 3480 984 3512 fouea,
996 3486 1073 3514 atque
1088 3481 1142 3513 igni
1156 3481 1227 3514 prius
1241 3481 1276 3506 est
1290 3490 1333 3507 ve-

1264 3518 1332 3542 Hor.

1213 3550 1286 3579 Idem
1301 3552 1333 3579 de
1347 3559 1379 3585 95

787 3174 833 3181 —..

1343 3379 1378 3403 90

389 3498 396 3503 ¹
433 3488 505 3511 dunt.

301 3489 490 3549 gfflffercfflmm
500 3540 507 3552 ‚
543 3521 629 3553 Qiam
644 3517 727 3552 sepire
741 3515 822 3550 plagis
835 3515 941 3545 saltum,
956 3515 1117 3549 canibusque
1132 3524 1209 3543 ciere.

304 3557 381 3591 Epist.
403 3566 423 3587 i,
443 3559 479 3585 16,
499 3563 529 3587 50
569 3556 666 3581 Cautus
693 3551 764 3579 enim
788 3551 884 3577 metuit
910 3550 1016 3577 foueam
1038 3551 1123 3585 lupus.

302 3595 363 3620 Arte
385 3592 455 3618 Po'et.
476 3598 524 3622 439

457 3625 523 3655 Hie,
544 3624 604 3650 dum
622 3623 745 3650 sublimes
765 3622 853 3648 versus
870 3620 1004 3652 ructatur,
1024 3627 1050 3647 et
1072 3626 1152 3654 errat,

458 3658 484 3684 Si
503 3659 584 3684 veluti
606 3659 712 3685 merulis
734 3659 850 3685 intentus
868 3655 966 3683 decidit
985 3663 1078 3691 auceps

456 3694 487 3719 In
508 3700 614 3726 puteum
635 3694 780 3720 foueaniiie.

303 3731 324 3771 q
343 3741 359 3759 2
405 3727 548 3764 Metaphor.
582 3729 715 3754 Genitales
745 3729 858 3754 feminae
894 3728 988 3754 foueae
1025 3725 1055 3752 Τ
1057 3726 1142 3752 ertull.
1180 3725 1212 3753 de
1236 3727 1522 3754 Animaiootanteuin

305 3779 326 3796 c.
338 3776 382 3830 1¹:96
391 3770 573 3829 §.Eugepffiui’
591 3796 695 3828 fotum,
715 3800 767 3823 ere.
803 3796 928 3830 [bukki-w,
945 3795 1061 3832 περιέπω]
1098 3797 1200 3831 Proprie
1220 3794 1253 3829 ist
1267 3797 1332 3823 Cali-

302 3839 359 3866 dum
374 3844 453 3863 tenere
463 3857 471 3869 ‚
482 3832 535 3867 flue
546 3831 687 3866 calefacere.
723 3831 803 3858 Plaut.
817 3833 889 3865 Capt.
902 3842 930 3865 4,
944 3841 967 3862 2,
982 3834 1016 3866 67
1041 3830 1132 3857 Iuben'
1144 3840 1176 3857 an
1190 3840 1243 3858 non
1257 3832 1332 3858 iubes

302 3873 391 3901 astitui
403 3870 490 3901 aulaS,
509 3868 607 3902 patinas
621 3865 690 3896 elui,
703 3866 816 3892 laridum
830 3872 906 3900 atque
919 3868 1007 3902 epulas
1021 3867 1109 3892 foueri
1120 3867 1214 3893 foculis
1227 3867 1332 3893 feruen-

300 3909 371 3937 tibus
380 3909 390 3935 Ξ

395 3030 483 3054 Locum
497 3025 577 3051 Marii
595 3021 729 3049 Vic‘torini
744 3021 799 3047 Art.
814 3021 901 3046 Graiu.
917 3029 925 3046 1
944 3029 967 3054 p.
981 3028 1052 3054 2470
1065 3028 1129 3046 extr.
1154 3030 1202 3046 non
1215 3022 1283 3056 satis
1297 3026 1333 3047 in·
1350 3024 1381 3050 80
1389 3019 1536 3054 plicationes
1550 3027 1630 3044 rerum
1644 3018 1779 3044 calidarum
1793 3017 1846 3052 siue
1863 3017 2017 3044 humatarum
2029 3017 2064 3042 ad
2076 3025 2162 3051 partes
2173 3023 2283 3054 corporis
2297 3021 2392 3057 laesas,
2403 3029 2428 3048 et
2454 3030 2455 3034 ¹

444 3907 563 3934 Humum
575 3902 650 3929 fouet
663 3900 770 3929 coluber
783 3901 856 3936 Virg.
873 3902 967 3937 Georg.
986 3911 1007 3936 3,
1020 3906 1074 3937 418.
1090 3902 1227 3930 incubando
1240 3909 1330 3938 nempe.
1339 3910 1382 3937 ¹05
1390 3901 1523 3935 ἓξῐς-αμαι]
1558 3901 1670 3930 Caldore
1684 3907 1709 3929 et
1729 3903 1854 3931 vetustate
1873 3902 2023 3939 putrefieri,
2035 3909 2066 3929 vt
2083 3907 2121 3929 ait
2134 3903 2240 3930 Nonius
2253 3912 2272 3936 i,
2286 3910 2340 3937 308.

1391 2344 1461 2372 aridi
1482 2344 1594 2371 fomitis.
1789 2344 1810 2381 q
1837 2354 1850 2370 2
1887 2346 1993 2375 Fontes,
2004 2355 2051 2380 per
2072 2347 2276 2383 translationem,
2300 2350 2426 2387 Qidquid

1392 2384 1484 2407 excitat
1507 2389 1551 2406 nos
1573 2386 1596 2406 ee
1615 2379 1728 2406 accendit
1746 2380 1781 2406 ad
1795 2381 1894 2415 aliquid
1907 2380 2034 2416 agendum.
2072 2380 2141 2407 Gell.
2156 2390 2190 2414 15,
2204 2391 2217 2408 2
2235 2385 2365 2411 Fomitem
2378 2387 2426 2413 effe
2466 2396 2479 2410 x.

1391 2415 1523 2451 quendam
1537 2415 1624 2441 dicens
1639 2421 1664 2441 et
1677 2415 1854 2441 incitabulum
1867 2415 1968 2449 ingenii
1989 2416 2165 2450 virtutisque,
2178 2417 2195 2443 fi
2208 2426 2279 2444 niens
2293 2426 2319 2446 et
2329 2429 2423 2455 corpu·

1391 2451 1508 2478 hominis
1526 2452 1591 2479 vino
1611 2451 1740 2485 flagraret.
1777 2451 1854 2485 Apul.
1870 2451 1969 2477 Florid.
1985 2460 1999 2477 2
2012 2459 2075 2479 extr.
2094 2452 2209 2480 Fomites
2223 2450 2424 2489 disciplinarum.

1389 2487 1480 2513 Sidon.
1494 2496 1516 2519 3,
1532 2496 1552 2518 ¹3
1575 2487 1613 2513 De
1629 2487 1718 2522 spinae
1731 2486 1794 2521 dorsi
1807 2487 2022 2513 internodiorum
2035 2487 2174 2515 fomitibus
2186 2487 2322 2523 erumpens
2336 2499 2425 2521 curua·
2453 2493 2455 2501 '

1389 2529 1447 2549 tura
1462 2523 1599 2549 costarum.
1655 2524 1686 2548 Et
1699 2531 1725 2554 2,
1740 2531 1752 2547 2
1763 2522 1891 2556 simillima
1905 2525 2001 2548 ratione
2008 2542 2017 2554 ‚
2037 2524 2114 2549 Mons
2144 2539 2189 2544 —-
2220 2524 2360 2552 inferiores
2377 2525 2427 2553 fibi

1390 2559 1469 2585 colles
1482 2565 1607 2592 tanquam
1622 2558 1730 2592 gemino
1744 2557 1839 2583 fomite
1852 2557 1973 2583 effundin
2009 2559 2140 2585 Fomiteni
2156 2567 2204 2595 pro
2222 2563 2310 2592 initio,
2323 2564 2428 2598 origine,

1406 2601 1460 2620 031Ῐὲ
1495 2603 1507 2619 0
1522 2601 1567 2619 ull.

1383 2594 1408 2630 f
1426 2594 1602 2660 Ρόξνῐίιτο,
1622 2632 1675 2654 ῖ11-0.
1712 2627 1779 2654 Idem
1797 2626 1840 2661 effi
1857 2627 1972 2660 videtur,
1986 2628 2050 2663 quod
2065 2629 2230 2656 Defomitare
2250 2630 2283 2665 Is.
2300 2632 2336 2658 Vo
2357 2641 2379 2658 io
2395 2630 2429 2660 ad
2451 2646 2455 2669 Ι

1392 2664 1486 2691 Catull.
1499 2673 1523 2698 p.
1536 2666 1590 2696 246
1606 2663 1649 2689 vbi
1662 2661 1693 2695 est
1710 2665 1798 2697 Priapi
1812 2662 1981 2698 periphrasis,
2000 2665 2119 2697 Qiercus
2133 2665 2205 2692 arida
2218 2666 2312 2693 rustica
2336 2666 2429 2699 omita'-‘
2451 2673 2455 2702 l

1391 2706 1417 2726 ta
1430 2700 1531 2731 securi,
1550 2702 1567 2725 i.
1587 2697 1696 2735 deseHa,
1714 2706 1737 2724 et
1743 2698 1878 2734 fomitibus
1893 2699 2029 2734 reffecandi‘s
2043 2707 2115 2735 atque
2128 2701 2275 2733 abradendis
2281 2704 2374 2737 polita.

1429 2742 1445 2761 F
1454 2741 1473 2762 o
1483 2741 1507 2761 M
1516 2742 1532 2761 E
1542 2742 1562 2760 N
1572 2741 1592 2761 T
1602 2741 1637 2766 0,
1657 2738 1709 2760 are.
1747 2734 1822 2769 Qast
1833 2735 2046 2770 Frequentatiuum
2061 2744 2089 2761 ex
2099 2737 2199 2769 Foiieo,
2205 2737 2329 2772 fomentis
2342 2748 2386 2765 cur

1392 2770 1495 2806 aliquid.
1533 2770 1612 2796 Glofl'.
1626 2771 1682 2796 Lat.
1698 2770 1743 2796 Gr.
1757 2771 1902 2802 Fomento,
1915 2771 2054 2802 καταντλῶ,
2089 2772 2179 2806 Veget.
2198 2780 2223 2802 z,
2236 2777 2249 2801 8
2284 2773 2370 2807 Caput
2386 2774 2402 2800 f
2422 2800 2425 2810 ,
2454 2803 2455 2807 ¹

1391 2806 1533 2832 mentando
1552 2814 1688 2839 vaporare.
1734 2805 1806 2831 Cael.
1820 2806 1909 2832 Aurei.
1925 2807 2000 2832 Acut.
2013 2815 2033 2839 1,
2045 2814 2062 2839 9
2096 2808 2179 2841 Caput
2196 2807 2257 2832 oleo
2271 2807 2427 2838 fomentare:

1391 2841 1464 2877 Conf.
1483 2841 1560 2875 Apul.
1573 2841 1604 2866 de
1619 2841 1700 2867 Herb.
1715 2850 1736 2867 c.
1751 2846 1792 2873 80,
1806 2849 1824 2867 1.

1427 2883 1529 2903 FOME
1540 2884 1560 2902 N
1572 2883 1592 2901 T
1602 2883 1718 2905 AT10‚
1738 2878 1806 2903 onis.
1824 2876 1844 2902 f.
1882 2876 1941 2910 le.
1957 2876 1985 2903 in
1999 2876 2014 2904 Ι.
2034 2877 2061 2903 Si
2076 2877 2118 2903 cui
2138 2875 2161 2912 §.
2185 2876 2271 2904 Lanae
2292 2880 2374 2914 appel.
2393 2881 2425 2908 D}

1392 2911 1424 2938 de
1438 2911 1486 2946 leg.
1501 2920 1513 2943 3
1533 2912 1590 2937 Nec
1610 2920 1639 2937 ea
1654 2911 1778 2946 quidem,
1796 2920 1862 2946 quae
1874 2911 2073 2939 fomentationis
2092 2913 2174 2946 gratia
2190 2920 2278 2946 parata
2291 2915 2363 2947 sunt,
2384 2915 2426 2944 vel

1391 2947 1538 2974 medicinae
1547 2967 1553 2978 ,
1573 2947 1690 2973 lanarum
1703 2948 1879 2982 appellatione
1892 2948 2066 2974 continentur.

1430 2988 1447 3008 F
1460 2989 1478 3009 o
1488 2989 1511 3008 M
1522 2989 1537 3008 E
1547 2989 1568 3009 N
1576 2989 1597 3008 ‘r
1606 2989 1626 3007 v
1636 2989 1659 3008 ixi
1669 3003 1676 3015 ‚
1697 2991 1715 3009 1.
1736 2992 1761 3009 n.
1798 2981 1986 3017 [θαλπτὴμω]
2021 2983 2119 3008 Fomen

2122 2987 2146 3008 ta
2158 2990 2237 3009 aretem
2250 2984 2366 3012 dicamur
2374 2987 2426 3022 Ap-

1393 3053 1503 3080 mcdendi
1536 3056 1619 3078 racia:
1639 3062 1697 3088 quae
1710 3060 1733 3079 et
1750 3055 1823 3079 Fotus
1834 3053 1994 3088 appellantur.
2030 3052 2160 3079 Coluiiicl.
2175 3057 2201 3087 6,
2214 3064 2244 3086 30
2270 3057 2374 3090 Frigori
2385 3057 2426 3084 fo-

1393 3094 1481 3116 menta
1494 3090 1525 3115 ad
1548 3088 1668 3120 ibentiir,
1684 3095 1814 3123 caputque
1828 3094 1853 3114 et
1868 3089 1956 3122 spina,
1975 3089 2073 3121 tepenti
2085 3089 2160 3123 adipe
2181 3091 2222 3121 vel
2239 3091 2304 3118 vino
2317 3092 2424 3120 illinun-
2448 3089 2454 3101 ⁸

1393 3131 1446 3151 tur.
1518 3123 1583 3150 Cels.
1602 3131 1627 3155 2,
1643 3131 1670 3157 17
1697 3125 1823 3150 Fomenta
1842 3132 1947 3158 quoque
1966 3123 2047 3149 calida
2068 3125 2139 3157 sunt,
2152 3126 2270 3158 milium,
2284 3127 2334 3160 sal,
2350 3128 2423 3155 hare-
2452 3138 2455 3157 i

1394 3169 1441 3187 na:
1461 3158 1598 3194 quodlibet
1616 3167 1709 3185 eorum
1722 3159 1890 3188 calefaciffim,
1909 3165 1934 3184 et
1949 3159 1975 3184 in
1998 3158 2108 3185 linteum
2124 3161 2280 3188 coniectum.
2351 3163 2425 3192 Idem

1394 3205 1422 3229 4,
1437 3204 1467 3228 ¹4
1495 3194 1548 3221 Vbi
1564 3194 1586 3220 is
1605 3194 1682 3220 dolor
1694 3195 1797 3229 coepit,
1816 3193 1956 3221 admouere
1971 3194 2032 3220 licea
2044 3203 2069 3221 et
2083 3196 2164 3223 calida
2177 3197 2293 3224 fomenta
2305 3205 2426 3233 oportet:

1395 3231 1437 3258 sed
1453 3231 1540 3266 primo
1552 3230 1636 3259 lenta,
1649 3229 1744 3256 deinde
1758 3230 1896 3256 validiora.
1969 3231 1998 3255 Et
2012 3239 2039 3262 4,
2053 3239 2073 3257 11
2106 3232 2132 3257 Si
2145 3241 2209 3259 vcro
2228 3234 2344 3260 tormina
2357 3235 2426 3270 sunt,
2448 3229 2449 3235 ¹

1397 3272 1502 3302 oportet
1517 3265 1622 3299 frigidis
1638 3271 1662 3290 et
1675 3264 1788 3291 humidis
1808 3265 1930 3291 fomentis
1942 3264 2101 3292 stomachum
2115 3267 2221 3294 fouere:
2241 3269 2282 3295 vel
2299 3269 2315 3295 fi
2334 3273 2426 3298 venter'

1395 3302 1484 3334 dolet,
1499 3300 1592 3328 iisdem
1606 3300 1723 3333 egelidis.
1771 3300 1932 3331 Humidum,
1946 3300 2037 3327 liceum
2051 3302 2118 3328 Cels.
2133 3313 2160 3337 4,
2174 3313 2200 3336 4.
2307 3302 2327 3366 ²
2341 3314 2356 3332 2
2376 3303 2448 3344 peri»¹

1394 3339 1580 3364 translationcm
1594 3336 1650 3362 Cic.
1665 3336 1748 3362 Tusc.
1762 3344 1784 3367 2,
1799 3343 1829 3368 59
1847 3344 1869 3360 c.
1886 3344 1917 3368 ²4
1946 3337 2015 3363 Haec
2035 3337 2092 3364 sunt
2105 3339 2211 3370 solatia,
2227 3338 2288 3366 haec
2320 3346 2424 3369 omenta

1395 3374 1556 3399 summorum
1576 3369 1708 3397 dolorum.
1742 3371 1814 3397 Idem
1828 3370 1860 3396 de
1876 3371 1931 3397 Fin.
1949 3381 1960 3397 2
1980 3381 2001 3398 c.
2016 3381 2055 3405 ²9·
2126 3374 2245 3401 Nutricis
2264 3375 2423 3409 fomentum,
2447 3381 2453 3398 l*

1387 3416 1436 3443 pro
1455 3409 1509 3469 ipsa
1524 3409 1699 3433 Nutricatione
1715 3409 1775 3441 poni
1789 3413 1864 3440 putat
1879 3407 1935 3432 Sen.
1958 3407 1987 3433 de
2003 3408 2091 3435 Benef.
2110 3417 2134 3441 3,
2154 3418 2187 3442 29
2198 3417 2262 3436 extr.
2275 3411 2324 3446 fid
2335 3413 2367 3439 al.
2379 3413 2426 3438 ali·
2447 3403 2448 3425 l

1393 3451 1431 3469 ter
1451 3447 1461 3469 i
1478 3447 1487 3469 i
1506 3444 1527 3469 Ie
1546 3461 1552 3468 .
1574 3442 1627 3467 vid.
1652 3443 1723 3468 Grut.
1743 3442 1837 3467 Merito
1858 3444 1981 3476 contemsit
2000 3445 2106 3470 Gronou.
2179 3444 2285 3479 Frigida
2303 3441 2448 3474 curarum-x

1395 3480 1461 3505 Hor.
1476 3478 1521 3512 Epi
1546 3497 1552 3503 .
1572 3485 1592 3509 1,
1605 3486 1627 3509 3,
1643 3480 1685 3503 26.
1755 3476 1873 3510 Ingrata,
1899 3478 1993 3504 vulnus
2019 3479 2057 3505 nil
2082 3479 2179 3506 malum
2204 3480 2318 3508 leuantia
2348 3482 2423 3510 Idem
2449 3481 2452 3487 ⁴

1394 3514 1475 3548 Epod.
1496 3522 1528 3545 11,
1545 3520 1581 3545 ²5·
1652 3513 1743 3551 Parare
1767 3512 1882 3538 fomenta
1901 3514 1939 3540 Id.
1960 3514 2040 3541 Seri-n.
2062 3523 2082 3548 i,
2098 3524 2118 3548 1,
2132 3520 2171 3545 82.
2253 3517 2423 3551 Praemollire

1392 3551 1509 3584 asperum
1521 3547 1643 3574 fomentis
1659 3546 1788 3580 anciil.
1802 3558 1830 3580 4,
1844 3556 1864 3579 3.

1430 3590 1447 3610 r
1456 3591 1475 3611 ο
1483 3591 1499 3611 c
1507 3591 1516 3610 1
1525 3590 1541 3610 1.
1551 3590 1566 3609 L
1575 3589 1595 3608 A
1606 3589 1644 3608 Ti
1654 3589 1672 3607 0
1682 3589 1702 3607 N
1713 3588 1728 3607 13
1737 3589 1758 3608 s.
1779 3583 1944 3619 [aasabim]
1963 3586 2049 3621 Inquit
2060 3585 2156 3617 Festus,
2167 3595 2182 3612 a
2194 3586 2319 3614 Fouendo
2334 3587 2424 3614 dicun-

1394 3625 1453 3651 tur,
1466 3619 1494 3646 id
1506 3618 1540 3645 est
1553 3626 1567 3644 a
1579 3617 1764 3644 calefaciendo.
1789 3619 1844 3644 Vni.
1853 3620 1933 3654 supra
1947 3623 1974 3646 in
1999 3626 2105 3648 Focvs.

1434 3661 1562 3683 Fovit,
1581 3653 1626 3686 qui
1651 3662 1718 3678 nunc
1738 3653 1813 3680 Fabii
1837 3655 1976 3688 dicuntur,
2001 3655 2082 3688 dieii,
2102 3655 2172 3689 quod
2198 3657 2316 3692 princeps
2339 3658 2424 3692 gentio
2455 3678 2458 3683 .

1395 3690 1451 3717 eius
1463 3699 1493 3717 ex
1510 3698 1538 3716 ea
1557 3687 1688 3721 nanneni,
1706 3697 1764 3714 cuin
1783 3698 1834 3723 qua
1848 3691 1973 3717 Hercules
1995 3691 2022 3717 in
2036 3691 2114 3717 fouea
2127 3692 2276 3719 concubuit.
2313 3693 2365 3719 Alii
2378 3702 2424 3728 pu-

1552 3724 1648 3750 rimum
1662 3723 1811 3757 ostendifl‘e,
1837 3726 2060 3760 quemadmodum
2072 3726 2121 3752 111-11
2135 3733 2161 3753 et
2173 3727 2231 3762 lupi
2249 3728 2337 3755 foueis
2352 3737 2423 3764 cape·
2464 3747 2466 3752 ⁷

1529 3733 1624 3786 tien...

1394 3767 1494 3788 rentur.

1772 3798 1795 3830 F
2014 3799 2042 3829 A

1891 3799 1919 3830 R

1427 3872 1596 3897 ranei-30,
1621 3868 1680 3897 ere;
1705 3866 1759 3900 fiae
1785 3873 2002 3899 FRACESCO,
2020 3866 2122 3900 statui,
2141 3868 2192 3894 ere.
2229 3867 2421 3910 [apponimus.

2353 3905 2422 3965 11111ιῖ1*
