2479 4225
673 161 947 205 FER

317 260 559 286 FERETRIVS,
578 259 816 284 FERETRVM,
840 250 892 276 vid.
914 254 1007 289 ris-Ro.

319 296 337 316 F
347 296 441 316 KREO
452 296 497 315 LA
524 291 600 316 Vitis.
638 288 769 316 Columel.
783 296 805 318 3,
818 295 843 317 2,
858 290 887 314 28
912 285 1047 317 Irtiolam,
1068 285 1250 317 fereolamqne
1259 290 1318 310 non

284 325 362 352 facilc
382 326 521 352 affeuerem
544 335 599 360 quo
620 325 700 359 gradu
724 321 855 349 habendae
877 319 933 346 lint.
969 320 1077 356 Qiidam
1095 319 1154 346 libri
1168 318 1320 350 ferreolam‚

283 360 426 396 quodsorte
438 361 472 387 ad
481 362 582 388 colorem
601 361 706 396 referas.
1088 390 1093 394 ι
1152 389 1157 394 ¹
1223 389 1228 393 ι
1260 388 1266 393 ·
1300 388 1306 393 .

322 402 338 422 F
353 402 492 429 ERIAE,
512 406 595 423 arum.
620 396 640 421 f.
659 395 697 420 Pl.
733 390 832 424 Nearti,
850 389 958 425 τελετῆ]
993 401 1008 417 a
1035 389 1171 417 Feriendis
1201 388 1320 415 vufihmis
1343 399 1358 426 ς

284 431 432 466 appellatae,
452 439 481 458 vt
494 432 568 459 Festo
578 432 673 465 placet,
684 427 747 462 finnt
759 426 812 451 dies
832 424 986 459 ceffationum
997 426 1027 453 ab
1041 435 1125 461 opere,
1144 426 1185 451 vel
1196 425 1226 451 ab
1244 426 1322 459 epulis

284 466 408 494 ferendis.
446 469 476 494 In
491 468 530 494 his
544 469 606 492 enim
619 461 809 498 epulaefiebant,
818 470 846 487 ex
853 469 977 497 pecorum,
988 463 1142 499 frugumque
1151 460 1322 496 prouentibus.

286 502 390 535 Festus,
410 503 497 530 Ferias
515 499 618 533 antiqui
639 496 719 523 Fefias
739 495 792 530 (fic
805 498 852 533 leg.
861 504 910 532 pro
930 498 1030 529 Fessas)
1052 496 1196 528 vocabant,
1212 502 1237 522 et
1257 496 1323 535 aliae

287 545 360 565 erant
383 538 435 564 line
458 537 500 563 die
523 535 602 563 sesto,
621 538 649 558 vt
663 532 805 558 Nundinae
819 542 825 557 :
859 533 927 559 aliae
940 543 999 559 cum
1015 534 1096 565 festo,
1120 539 1147 558 vt
1162 531 1322 557 Saturnalia:

279 167 340 217 631

286 574 384 609 quibus
404 570 610 605 adiungebantur
628 567 792 602 epulationes
809 576 840 594 ex
861 576 992 603 prouentu
1017 570 1085 595 fetus
1108 576 1248 602 pecorum,
1267 567 1322 592 fru-
1348 581 1453 604 mmm,
1471 577 1488 599 ,χ
1503 574 1664 601 ,ηαξῖαρῃηω
1683 575 1751 601 Hor,
1765 576 1852 601 earm,
1867 584 1890 608 2,
1906 583 1943 610 ¹7³
1956 584 1992 607 3²-

287 618 409 644 gumque.
476 604 548 639 conf.
569 602 633 636 Voffi
650 601 711 635 lnfl.
727 604 800 630 Orat.
814 610 868 638 4p.
883 614 932 638 253.
1027 605 1163 631 Feriarum
1183 603 1322 629 festorum-

287 654 339 679 que
359 645 458 669 dierum
477 641 546 666 ratio
563 639 592 665 in
609 639 701 665 liberis
715 639 863 673 requietem
874 639 954 666 habet
968 640 1057 667 litium
1072 646 1096 666 et
1110 640 1276 673 iurgiorum,
1294 638 1323 663 in

287 680 366 706 seruis
380 685 487 711 operum
503 681 527 701 et
541 675 663 701 laborum
682 674 738 700 Cic.
753 674 786 700 de
798 675 890 708 Legib.
905 684 928 708 2,
944 684 982 709 29.
1059 675 1179 702 Macrob.
1192 675 1242 700 Sat.
1256 683 1280 703 1,
1295 675 1323 699 16

285 716 416 741 Feriarum
430 710 594 745 publicarum
608 719 701 745 genera
716 711 774 736 sunt
788 717 909 744 quatuor.
979 712 1032 738 Aut
1051 712 1121 737 enim
1136 711 1244 736 statinae
1257 710 1322 740 sunt,

284 758 327 776 aur
341 747 517 780 conceptiuae,
537 752 581 772 aut
594 746 781 780 imperatiuae,
798 752 843 772 aut
855 746 996 773 nundinae.
1032 748 1062 773 Et
1077 745 1250 779 fimtstatiuae
1264 745 1322 770 vni·
1341 760 1368 787 ¹5

285 784 347 810 versi
361 782 451 816 populi
466 790 635 812 communes,
655 782 731 807 certis
746 788 771 807 et
784 782 931 808 constitutis
946 782 1037 809 diebus
1053 792 1081 809 ac
1096 782 1235 813 mensibus,
1256 786 1281 806 et
1295 781 1323 806 in

285 819 353 845 fastis
370 818 439 843 statis
453 817 684 843 obseruationibus
698 824 855 850 annotatae,
870 818 898 843 in
913 818 1010 852 quibus
1032 819 1170 852 praecipue
1189 818 1324 842 seruantur

282 853 424 887 Agonalia,
444 853 620 879 Carmentalia
629 873 638 885 ,
657 853 820 886 Lupercalia.
892 854 1051 889 Conceptiuae
1064 855 1203 888 sunt,quae
1212 859 1323 886 quotan-

281 890 320 914 nis
335 897 349 914 a
363 888 556 922 magistratibus
568 889 609 914 vel
621 898 636 914 a
650 888 827 915 sacerdotibus
841 889 1026 923 concipiuntur
1047 890 1075 916 in
1096 890 1151 915 dies
1172 895 1256 914 certos
1279 887 1322 913 vel

280 925 359 950 etiam
372 924 484 950 incertos
494 944 501 955 ,
521 929 550 950 vt
562 925 620 950 sunt
633 925 758 956 Latinae,
776 924 959 957 sementinae,
978 925 1130 959 Paganalia,
1149 923 1319 958 Compitalia.
1331 938 1366 956 20

278 961 445 994 Imperatiuae
459 961 530 990 sunt,
551 968 614 994 quas
638 960 755 986 consules
774 960 818 986 vel
835 967 968 994 praetores
988 969 1036 995 pro
1056 961 1169 987 arbitrio
1189 959 1322 994 potestatis

278 995 407 1021 indicunt.
463 995 606 1031 Nundinae
626 996 684 1022 sunt
706 1004 866 1030 paganorum
890 996 1007 1031 itemque
1028 997 1204 1027 rusticorum,
1224 994 1322 1030 quibus

280 1032 441 1057 conueniunt
455 1032 568 1065 negotiis
580 1032 694 1066 propriis
711 1032 752 1057 vel
765 1031 896 1057 mercibus
910 1033 1053 1066 prouisuri.
1111 1033 1173 1058 Sunt
1187 1038 1321 1066 praeterea

278 1067 361 1093 feriae
380 1067 504 1101 propriae
515 1067 677 1102 familiarum
712 1082 757 1087 —
793 1067 851 1093 sunt
868 1067 1034 1103 lingularum,
1060 1073 1088 1094 vt
1105 1068 1250 1099 natalium,
1269 1066 1320 1092 ful-

279 1111 427 1137 gurumque
439 1103 630 1137 susceptiones,
648 1103 712 1128 item
724 1103 848 1129 funerum
861 1110 940 1137 atque
953 1103 1134 1137 expiationum
1147 1110 1191 1130 etc.
1232 1104 1322 1129 Totum
1329 1116 1360 1142 23

279 1141 343 1165 enim
357 1144 429 1173 caput
441 1138 487 1164 huc
496 1141 616 1172 pertinet.
651 1139 705 1174 Ipse
720 1141 794 1165 etiam
808 1139 892 1164 Varro
906 1139 937 1165 de
953 1139 981 1165 L.
996 1140 1026 1165 L.
1034 1147 1074 1171 5,3
1084 1147 1128 1175 pr.
1150 1139 1193 1165 vbi
1206 1139 1234 1165 de
1241 1138 1323 1174 feriis

277 1176 347 1209 agit,
365 1174 473 1204 Dicam,
492 1177 591 1208 inquit,
610 1174 697 1209 prius,
716 1174 764 1208 qui
784 1174 895 1200 deorum
914 1175 1004 1207 causa,
1022 1181 1077 1200 tum
1106 1175 1152 1209 qui
1171 1174 1321 1205 hominum,

279 1209 327 1235 sint
342 1209 435 1243 (dies)
450 1209 572 1235 instituti.
649 1209 735 1246 Etficb
746 1209 798 1245 fin.
813 1219 836 1244 p.
849 1218 900 1242 49,
916 1219 944 1236 10
981 1211 1019 1236 De
1033 1210 1134 1237 statutis
1149 1210 1242 1237 diebus
1256 1209 1322 1239 dixi,

277 1253 346 1271 nunc
369 1244 401 1271 de
422 1245 558 1271 annalibus
580 1244 675 1271 dicam.
747 1245 815 1271 Gell.
831 1254 850 1278 1,
865 1245 1032 1278 251nduciae
1057 1247 1115 1272 sunt
1139 1246 1204 1273 belli
1223 1246 1321 1271 feriae:

277 1281 315 1307 Ex
329 1280 366 1306 M.
375 1282 450 1307 Varr.
464 1281 492 1306 in
506 1281 553 1306 lib.
568 1280 766 1311 Humanarum,
789 1281 835 1316 qui
851 1281 886 1307 est
901 1281 933 1307 de
946 1281 1018 1308 bello
1032 1287 1058 1308 et
1070 1290 1140 1316 pace.
1211 1281 1283 1307 Caes.
1291 1280 1367 1317 B.30·

278 1316 309 1342 C.
324 1324 346 1347 3,
359 1324 374 1342 2
391 1317 441 1342 His
454 1316 532 1342 rebus
547 1323 571 1342 et
585 1316 660 1342 feriis
673 1317 790 1348 Latinis,
808 1317 976 1352 comitiisque
996 1319 1122 1343 omnibus
1140 1315 1320 1351 perficiundis,

277 1351 324 1377 XL
338 1350 393 1377 dies
405 1352 509 1378 tribuit.
578 1352 669 1378 Feriae
682 1361 736 1378 non
750 1352 858 1387 populi,
878 1353 919 1379 sed
933 1361 1120 1379 montanorum
1133 1352 1224 1384 modo,
1238 1352 1322 1386 Septi-

280 1387 412 1413 montium
433 1387 504 1419 dies,
521 1393 550 1413 vt
563 1387 714 1421 Paganalia,
734 1389 780 1422 qui
796 1389 852 1414 sunt
865 1389 941 1415 vnius
955 1389 1014 1423 pagi
1046 1390 1131 1415 Varro
1144 1389 1173 1414 L.
1188 1388 1218 1414 L.
1232 1395 1254 1420 ς,
1267 1396 1278 1419 3
1294 1396 1319 1422 p.

279 1430 325 1456 49,
341 1427 363 1452 8.
437 1422 572 1449 Denicales
593 1424 693 1455 feriae,
711 1423 764 1455 pici.
784 1424 809 1450 h.
825 1434 849 1450 υ.
921 1425 1003 1450 Ρ13111.
1026 1426 1099 1458 Capt.
1119 1432 1142 1456 3,
1155 1432 1173 1454 1,
1188 1429 1200 1453 8
1227 1425 1319 1458 ltaque

279 1464 371 1484 venter
381 1464 523 1493 gutturque
535 1457 648 1484 refident
663 1459 791 1485 Esuriales
803 1459 893 1486 ferias.
929 1461 1101 1494 Imperatiuas
1122 1459 1192 1486 modo
1211 1459 1355 1499 vidimus33

279 1503 308 1519 ex
322 1494 458 1520 Macrobio.
529 1494 639 1520 Latinae
649 1495 748 1525 feriae,
765 1495 817 1521 uid.
837 1495 862 1521 h.
877 1496 956 1531 v.fieb
978 1504 989 1520 a.
997 1502 1119 1522 AT1VM.
1215 1494 1320 1521 Nundi-

278 1538 323 1555 nas
340 1530 407 1555 modo
421 1529 547 1556 habuimus
561 1539 589 1555 ex
603 1531 716 1556 Macrob.
820 1531 979 1557 Piscatorum
993 1531 1079 1557 feriae
1109 1531 1164 1557 Cic.
1180 1530 1232 1557 Off.
1247 1540 1267 1562 3,
1281 1538 1320 1563 59.

279 1565 441 1598 Repentinae
454 1565 536 1591 feriae
546 1585 554 1597 ,
574 1574 636 1599 quas
650 1574 679 1591 re
691 1565 805 1592 feliciter
819 1566 887 1600 gesta
899 1566 1032 1601 Principes
1047 1566 1166 1592 indicunt
1181 1566 1199 1591 l.
1214 1575 1223 1592 1
1244 1566 1274 1591 C.
1288 1565 1321 1592 de

281 1600 365 1625 feriis.
402 1600 442 1634 Est
454 1608 535 1634 nempe
549 1605 678 1636 utriusque
691 1602 798 1627 Codicis
812 1611 860 1627 non
871 1605 951 1628 minus
964 1611 1037 1638 quam
1045 1602 1215 1636 Digestorum
1227 1601 1321 1627 titulus

282 1634 314 1660 de
327 1634 417 1660 Feriis.
452 1636 495 1661 Ad
507 1637 537 1661 C.
551 1635 689 1661 Theodos.
705 1645 731 1668 2,
744 1642 757 1666 8
771 1634 856 1663 ‘multa
888 1647 953 1663 more
978 1638 1025 1674 fiio
1060 1640 1111 1664 Iac.
1144 1637 1365 1678 Gothosrediis.40

280 1670 423 1696 Sollemnes
437 1669 588 1705 feriaesunt
599 1672 794 1706 Anniuerfiiriae
811 1672 879 1698 Gell.
888 1681 909 1704 2,
918 1681 961 1706 24.
998 1676 1027 1699 it.
1040 1673 1056 1699 1.
1065 1677 1094 1699 26
1103 1672 1126 1709 §.
1135 1683 1146 1706 5
1156 1673 1182 1699 ff.
1197 1682 1228 1699 ex
1245 1672 1320 1707 quib.

281 1706 348 1731 caus.
362 1706 425 1731 mai.
532 1706 712 1737 Sementinae,
733 1707 785 1732 vid.
796 1707 821 1732 h.
835 1717 859 1732 v·
953 1707 1056 1734 Addere
1068 1709 1149 1734 alicui
1167 1709 1222 1735 dies
1242 1709 1321 1734 feria-

282 1748 342 1767 rum
362 1741 416 1767 Cic.
433 1741 485 1766 Ate.
503 1749 537 1773 13,
552 1748 592 1773 43.
706 1741 858 1767 Amonento
871 1742 947 1767 feriis
961 1744 1047 1776 iurgia
1067 1744 1139 1770 Idem
1154 1744 1184 1769 de
1194 1744 1285 1777 Legib.
1300 1752 1322 1773 2,

281 1784 319 1808 ¹9·
427 1777 532 1802 Habere
546 1776 624 1802 ferias
638 1775 759 1802 triduum
779 1777 834 1802 Cic.
848 1776 880 1803 de
894 1777 986 1811 Legib.
1002 1787 1027 1809 2,
1042 1785 1072 1811 ,η
1087 1787 1108 1803 c.
1123 1786 1160 1803 22.
1237 1780 1322 1810 Impe-

280 1818 340 1836 rare
361 1810 441 1836 ferias
473 1811 547 1836 Idem
571 1809 603 1836 de
627 1812 720 1838 Dinin.
745 1821 765 1844 1,
792 1821 843 1838 102.
949 1812 1068 1839 Indicere
1083 1812 1162 1838 ferias
1193 1811 1254 1837 Liu.
1266 1820 1288 1842 3,
1302 1819 1361 1847 5.43

280 1844 402 1870 Refidere
424 1845 504 1870 ferias
525 1845 648 1871 esuriales
676 1847 758 1873 Plaut.
783 1848 858 1881 Capt.
874 1855 929 1879 3,1,
944 1853 965 1877 8.
1070 1848 1176 1879 Feriae,
1193 1854 1242 1882 pro
1261 1848 1322 1872 l'ita
1346 1869 1349 1872 ,

279 1880 357 1914 otiosa
377 1879 458 1906 Plaut.
472 1880 546 1913 Capt.
561 1889 588 1911 4,
604 1888 623 1911 1,
638 1888 658 1910 3.
765 1883 882 1914 Longas,
903 1882 956 1908 dux
989 1883 1075 1915 bone,
1096 1883 1175 1908 ferias
1207 1881 1321 1908 Praestes

279 1915 421 1949 Hesperiae
439 1916 506 1939 Ηνικ
520 1914 569 1941 Od.
585 1923 612 1946 4,
627 1923 648 1946 ς,
663 1922 703 1948 37.
806 1917 888 1941 Plaut.
903 1916 977 1949 Epid.
992 1925 1015 1948 3,
1029 1925 1056 1948 4,
1071 1925 1098 1948 33
1123 1918 1200 1942 Tuas
1215 1916 1322 1949 poffide-

279 1951 318 1978 bit
333 1960 345 1968 ·=
362 1951 425 1976 uli..
442 1959 504 1976 iaxo
519 1949 614 1982 ferias,
633 1952 651 1974 i.
667 1949 804 1975 libertatem
819 1957 840 1975 rt
855 1953 931 1975 otium
951 1960 965 1974 a
980 1951 1072 1985 sei-mli
1099 1958 1184 1986 opere,
1212 1950 1276 1984 quod
1296 1956 1323 1974 tu

279 1988 316 2012 ilic
331 1987 401 2012 dabis
415 1996 422 2011 :
456 1985 557 2011 Liberta
571 1991 613 2010 tua
628 1988 689 2016 erit,
703 1985 796 2020 solutis
810 1984 1014 2021 mihiftxaginta
1026 1988 1111 2010 miizis.
1168 1987 1232 2011 Leno
1246 1986 1322 2019 loqui·
1331 1990 1363 2016 50

278 2029 329 2048 tur.
365 2021 495 2054 Salmasius
514 2024 541 2046 in
559 2022 609 2046 alia
627 2020 697 2052 abit,
716 2030 778 2051 non,
793 2028 871 2055 puto,
891 2022 1000 2046 meliora.
1056 2022 1163 2047 Veteres
1186 2028 1322 2054 nunquam

279 2057 410 2091 Singulari
424 2065 536 2083 numero
551 2056 611 2088 (uti
624 2055 711 2082 Festus
725 2056 818 2090 habet)
838 2056 974 2090 appellasse
992 2056 1098 2088 Ferias,
1118 2056 1230 2092 obseruat
1255 2054 1323 2081 Gell.

279 2102 316 2125 19,
333 2098 354 2122 8.
550 2089 570 2129 fl
592 2100 608 2118 2
634 2092 746 2126 sequiori
759 2099 836 2117 aetate
853 2092 945 2118 Feriae
961 2098 1033 2117 etiam
1045 2093 1217 2126 appellantur,
1226 2090 1325 2127 singuli

278 2128 330 2154 dies
343 2126 497 2154 hebdomadis
509 2137 518 2153 .·
554 2129 628 2158 Cuius
641 2129 678 2154 rei
694 2127 790 2159 catiliim
804 2133 895 2153 narrat
915 2128 1005 2162 Scalig.
1020 2126 1049 2152 de
1061 2126 1159 2152 Emend.
1177 2128 1291 2160 Tempor.
1311 2135 1324 2151 ι

274 2171 304 2199 p.
318 2167 336 2189 6
358 2165 455 2189 Veteres
464 2182 470 2193 ‚
487 2166 585 2198 inquit,
602 2172 692 2189 annum
707 2161 890 2195 ecclesiasticum
901 2172 915 2187 a
929 2162 1023 2197 Pascha
1035 2162 1200 2196 incapiebant,
1220 2160 1284 2196 quod
1296 2169 1322 2186 ea
1329 2169 1357 2194 35

279 2199 308 2225 de
322 2208 348 2224 re
361 2200 450 2224 Annus
464 2208 541 2224 noum
553 2198 730 2233 appellabatur.
786 2199 865 2224 Erant
883 2204 962 2223 autem
971 2196 1098 2232 paschalis
1105 2195 1323 2234 septimanae-dies

274 2235 379 2270 feriati.
417 2233 476 2259 Inde
490 2234 606 2265 obtinuit,
622 2240 650 2259 vt
663 2234 721 2259 boni
735 2236 825 2259 ominis
838 2233 910 2268 causti
924 2242 1029 2259 omnium
1043 2235 1236 2267 confiquentium
1244 2233 1324 2266 jepti-

279 2278 407 2295 manarum
419 2269 487 2300 dics,
502 2273 581 2303 primi
595 2269 721 2299 Domini,
740 2270 829 2304 reliqui
845 2269 935 2294 Feriae
949 2269 1141 2303 appellarentur.
1176 2268 1261 2298 Hinc,
1275 2267 1320 2292 Fe-

281 2305 320 2332 ria
334 2305 434 2339 prima,
454 2304 515 2330 Dies
528 2306 690 2334 Dmninicus,
711 2304 785 2329 Feria
798 2304 925 2336 secunda,
944 2305 1005 2330 Dies
1024 2304 1104 2329 lunae.

317 2346 532 2371 famarm,
555 2339 815 2365 vid.rf.RA11A.

318 2381 335 2401 F
347 2382 364 2400 E
373 2382 392 2401 R
403 2382 412 2401 1
423 2380 442 2400 O
453 2382 472 2401 R
481 2395 489 2407 ,
507 2376 555 2401 ari.
575 2375 639 2409 Dep.
660 2374 783 2410 [χολαὶζω
792 2394 800 2406 ,
818 2372 897 2409 χολῆν
909 2372 975 2407 ἄγω]
995 2374 1082 2399 Ferias
1089 2381 1176 2409 agere,
1190 2380 1280 2399 vacare
1293 2372 1322 2398 ab

279 2412 360 2446 aliquo
374 2417 444 2445 opere
459 2409 597 2443 velstudr‘o.
634 2410 819 2436 Fornacalibus
833 2409 927 2435 feriari
946 2410 1021 2435 Varr.
1035 2408 1066 2434 de
1080 2409 1110 2436 L.
1124 2409 1154 2435 L.
1170 2415 1223 2441 ;,3.
1258 2408 1322 2434 Non

280 2446 372 2475 Ludo,
392 2445 434 2471 sed
447 2446 517 2472 serio
531 2446 623 2472 feriari
640 2445 757 2472 Macrob.
773 2446 875 2471 Saturn.
892 2453 911 2476 1,
924 2452 948 2470 2.
1017 2444 1091 2470 Idem
1106 2444 1266 2477 Somn.&ip.
1279 2450 1324 2477 1,7

281 2482 396 2508 Achilles
410 2481 442 2506 ab
456 2482 535 2508 arinis
547 2481 702 2507 feriabatur.
809 2480 940 2506 Tertium
960 2479 1012 2505 iam
1031 2480 1101 2506 diem
1119 2479 1209 2506 feriati
1235 2480 1322 2505 sumus

280 2518 336 2544 Cic.
350 2524 389 2552 ap.
404 2517 522 2543 Macrob.
537 2517 625 2542 Somn.
641 2517 709 2550 Scip.
723 2524 750 2548 4,
764 2525 791 2548 4.
862 2514 986 2541 Trebon.
1001 2515 1056 2542 Cic.
1070 2516 1141 2542 Fam.
1154 2524 1190 2546 12,
1207 2516 1235 2540 16
1253 2514 1323 2540 Illud
1338 2510 1369 2542 65

282 2561 389 2588 quoque
412 2553 463 2578 erit
487 2552 565 2578 nobis
587 2561 678 2583 curae,
699 2557 727 2577 vt
751 2551 891 2584 Cratippus
912 2559 964 2576 vna
978 2560 1037 2577 cum
1052 2559 1085 2577 eo
1098 2551 1144 2582 sit,
1162 2559 1194 2575 ne
1208 2555 1281 2584 putes
1295 2550 1324 2575 in

282 2589 339 2615 Asia
352 2588 477 2614 feriatum
491 2587 568 2614 illum
579 2588 612 2614 ab
623 2588 657 2613 iis
671 2586 779 2618 studiis,
799 2586 826 2612 in
842 2594 908 2620 quae
921 2592 965 2612 tua
985 2586 1169 2613 cohortatione
1188 2585 1324 2618 incitatur,

282 2625 411 2650 futurum.
447 2623 519 2658 Conf.
533 2624 648 2650 Borrich.
668 2622 743 2649 Vind.
757 2629 785 2657 p.
801 2632 844 2656 74.

318 2666 333 2686 F
344 2666 359 2684 E
369 2666 387 2685 R
397 2666 405 2684 1
415 2665 436 2684 A
445 2665 465 2684 T
475 2665 494 2683 V
503 2666 515 2685 S
526 2678 534 2690 ,
554 2667 568 2684 a
577 2678 585 2690 ,
601 2667 655 2684 um.
674 2659 767 2684 Partic.
783 2664 805 2682 et
821 2657 928 2683 Nomen
942 2656 1001 2683 Adi.

1327 2341 1362 2366 60

1038 2656 1152 2691 [α’ργῦς]
1189 2657 1241 2691 Qui
1262 2659 1323 2682 otio-

276 2695 322 2731 fiis
330 2692 474 2727 qsl,et⁷11hil
483 2696 546 2728 agit.
581 2693 662 2719 Plaut.
675 2693 733 2718 Mil.
748 2701 773 2724 2,
790 2701 812 2724 2,
825 2695 858 2719 62
884 2694 925 2718 An
938 2693 1047 2719 feriatus
1070 2701 1103 2718 ne
1123 2692 1171 2725 fis,
1190 2702 1219 2718 ne
1245 2691 1322 2725 testes.
1336 2696 1371 2724 70
1382 2693 1491 2720 iuuenci
1508 2695 1589 2721 Ouid.
1605 2695 1668 2721 Fast.
1685 2704 1711 2728 1,
1727 2701 1761 2727 85.

283 2730 397 2757 Martial.
412 2738 434 2761 3,
447 2736 482 2763 47
503 2730 559 2755 Nec
573 2729 684 2755 feriatus
696 2728 751 2753 ibat
765 2734 823 2754 ante
844 2737 977 2755 carrucam
996 2730 1094 2759 cursor,
1102 2738 1149 2754 non
1165 2727 1220 2762 stne
1244 2737 1323 2754 onere.

283 2765 402 2791 Feriatus
424 2765 560 2790 voluntate
584 2765 627 2790 sua
649 2773 663 2790 a
685 2763 799 2798 negotiis
819 2763 932 2797 publicis
962 2764 1019 2790 Cic.
1041 2765 1073 2790 de
1092 2765 1165 2790 Orat.
1179 2772 1202 2795 3,
1215 2771 1323 2797 53015.

283 2801 369 2827 Deum
383 2800 506 2825 feriatum
519 2800 613 2825 volunt
626 2799 762 2825 cess'atione
775 2805 881 2832 torpere
896 2800 1018 2833 Epicurei
1038 2800 1094 2826 Cic.
1107 2799 1139 2825 de
1153 2799 1188 2826 N.
1202 2799 1233 2824 D.
1244 2807 1263 2830 1,
1274 2808 1324 2831 103.

285 2835 383 2862 Feriati
397 2835 467 2867 dies,
487 2836 521 2861 In*
531 2835 709 2870 quibusferiae
723 2841 832 2870 agimtur
853 2834 918 2860 l'lin.
932 2840 967 2866 18,
981 2838 1005 2861 6.
1121 2834 1195 2861 Idem
1209 2834 1288 2868 Epist.
1302 2843 1324 2866 3,

286 2880 325 2904 14,
345 2873 361 2896 6
392 2870 465 2904 Qud
485 2877 619 2904 praeterea
641 2870 728 2896 noui?
765 2869 862 2903 Qud?
897 2870 982 2903 nihil,
1000 2870 1104 2905 alioqui
1128 2869 1322 2904 subiungerem.

285 2907 356 2934 Nam
383 2912 408 2932 et
431 2905 519 2932 charta
532 2905 616 2931 adhue
629 2905 758 2940 superest,
776 2912 802 2931 et
816 2905 871 2931 dies
886 2906 997 2932 feriatus
1011 2907 1110 2941 patitur
1123 2905 1197 2939 plura
1209 2906 1324 2932 contexi.

284 2946 302 2969 i.
326 2939 416 2974 Festus.
486 2942 527 2968 Sic
543 2950 580 2973 10,
592 2950 637 2974 24,
651 2949 662 2972 3
682 2942 799 2967 Feriatos
812 2941 866 2967 dies
879 2941 964 2975 plures
978 2941 1070 2968 meniis
1085 2941 1173 2967 habet.
1264 2942 1323 2967 Liu.

284 2980 327 3008 26,
342 2985 369 3012 ¹7
390 2977 456 3002 Eum
475 2976 545 3003 diem
566 2976 823 3011 Carthaginiensibus
841 2977 1009 3011 religiosum,
1029 2977 1062 3003 ad
1083 2976 1229 3011 quidquam
1250 2985 1326 3011 agen-

285 3013 348 3039 dum
361 3012 486 3038 feriatum
500 3013 556 3039 ess'e.
661 3013 738 3039 Varr.
753 3011 784 3038 de
798 3012 829 3038 R.
844 3012 874 3038 R.
894 3021 915 3038 c.
932 3021 955 3045 1,
970 3015 997 3038 16
1025 3012 1068 3038 Ne
1082 3012 1113 3038 de
1124 3012 1208 3039 fundo
1223 3012 1325 3039 familia

1335 2874 1367 2902 75

285 3049 318 3076 ab
330 3056 411 3082 opere
424 3047 553 3081 discedat,
573 3057 602 3074 ac
617 3047 737 3082 profestis
758 3047 850 3073 diebus
875 3047 992 3074 ambulet
1015 3047 1108 3074 feriata
1128 3048 1228 3082 potius,
1246 3057 1325 3083 quam
1341 3050 1373 3076 80
1385 3049 1483 3082 possum
1497 3049 1566 3074 idem
1581 3051 1653 3084 quod
1667 3051 1800 3078 Plautinus
1814 3058 1887 3085 pater
1909 3051 1937 3076 in
1949 3049 2102 3082 Trinumo,
2124 3051 2192 3076 Mihi
2223 3052 2331 3086 quidem
2349 3060 2422 3081 aetas
2448 3058 2449 3061 ’

286 3092 366 3119 opere
381 3083 506 3110 faciundo
521 3092 613 3118 agrum
627 3082 831 3110 fruetuofiorem
844 3083 943 3110 reddat.
1060 3083 1199 3110 Machaera
1220 3084 1325 3116 feriata,

286 3121 342 3154 Qui
356 3122 411 3154 quis
424 3129 472 3145 non
485 3122 567 3145 utitur
585 3119 668 3146 Plaut.
681 3118 738 3146 Mil.
753 3127 771 3149 1,
785 3127 804 3150 1,
817 3126 843 3153 7.
947 3118 1037 3144 Musae
1058 3119 1119 3146 Stat.
1135 3120 1198 3146 Situ.
1216 3128 1239 3151 1,
1254 3123 1286 3151 6,
1301 3129 1325 3146 2.

286 3156 368 3190 Toga
386 3153 452 3181 Plin.
468 3155 545 3188 Epist.
560 3162 586 3189 7,
600 3163 623 3187 3,
637 3163 658 3180 2.
728 3154 799 3190 Conf.
815 3153 886 3180 Idem
900 3161 923 3186 5,
937 3156 964 3185 6,
978 3163 1019 3185 45.
1126 3156 1197 3182 Male
1216 3156 1327 3182 feriatos

286 3191 376 3217 Troas
389 3196 461 3216 uocat
475 3191 567 3216 Horat.
582 3191 631 3216 Od.
646 3200 674 3224 4,
683 3192 707 3223 6,
721 3198 751 3223 14
770 3198 824 3215 cum
837 3189 979 3224 infortunio
986 3190 1032 3224 suo
1047 3196 1070 3215 et
1077 3189 1173 3225 flamina
1186 3193 1327 3218 calamitate

284 3232 384 3262 agentes
391 3225 479 3261 ferias
485 3224 537 3259 Jibi
542 3225 649 3260 fatales.

285 3262 342 3287 bene
353 3263 450 3297 longum
463 3267 550 3286 contra
563 3260 752 3296 Philosophiam,
766 3259 872 3294 ostendit
884 3260 954 3286 illum
966 3269 1037 3296 agere
1051 3261 1082 3287 de
1097 3261 1143 3288 ista
1157 3263 1231 3289 futili
1245 3270 1324 3298 atque

285 3297 382 3330 puerili
397 3295 569 3322 meditatione
582 3298 755 3329 argutiarum,
774 3296 843 3323 nihil
855 3295 887 3322 ad
902 3296 985 3322 vitam
1003 3305 1088 3330 neque
1103 3298 1226 3324 tuendam
1239 3308 1324 3333 neque

286 3329 459 3358 ordinandam
474 3338 649 3366 promouente
664 3341 671 3362 3
706 3332 734 3357 in
747 3341 798 3366 qua
811 3332 838 3358 id
850 3340 930 3366 genus
943 3331 1063 3358 homines
1075 3334 1258 3361 consenescunt
1272 3344 1324 3362 ma-

287 3367 310 3392 le
325 3367 428 3399 feriati,
449 3376 516 3402 qnos
529 3366 702 3401 Philosophos
716 3367 763 3393 esse
776 3368 870 3428 vulpus
884 3373 956 3401 putat
968 3374 1014 3393 etc.
1067 3368 1135 3394 Hinc
1149 3376 1266 3404 apparet,
1283 3373 1326 3406 qui

288 3402 394 3428 homines
407 3403 474 3429 male
486 3403 576 3429 feriati
588 3405 692 3438 antiqua
705 3406 801 3428 ratione
832 3405 866 3428 ici
879 3402 995 3434 debeant,
1011 3409 1091 3438 nempe
1104 3407 1146 3439 qui
1158 3406 1198 3430 uel
1203 3405 1326 3440 feriando
1338 3411 1374 3435 90
1388 3411 1509 3431 concreta
1521 3413 1568 3439 pro
1581 3404 1711 3431 fermento
1721 3411 1838 3431 Vtuntur.

288 3444 310 3463 et
317 3436 398 3471 festos
411 3438 462 3463 dies
475 3437 625 3474 ageizdofibi
636 3438 725 3464 malum
737 3439 888 3466 conciliant,-
907 3439 947 3464 vel
958 3441 996 3464 ita
1006 3439 1034 3473 se
1047 3439 1139 3465 abdunt
1153 3443 1179 3466 in
1191 3444 1264 3476 nugis
1273 3460 1281 3473 ,
1299 3447 1329 3466 vt

288 3473 352 3497 nihil
365 3472 398 3497 ad
410 3476 487 3499 vitam
503 3482 646 3500 communem
655 3471 775 3508 praifidii
788 3473 916 3508 adferant.
957 3474 1043 3500 Thom.
1056 3474 1178 3508 Reinifius
1191 3477 1250 3502 Var.
1260 3475 1329 3503 Leti.

289 3515 308 3535 ι,
323 3517 338 3539 4
353 3514 416 3532 extr.
433 3510 505 3541 plura
518 3509 634 3545 aduersus
646 3508 770 3535 abutentes
782 3507 830 3541 ista
841 3508 1001 3543 appellatione
1013 3509 1140 3544 disputat,
1158 3517 1182 3537 et
1197 3511 1264 3546 strio
1284 3513 1330 3538 ali-

291 3548 343 3571 tcr,
360 3550 429 3575 quam
441 3543 507 3569 modo
525 3543 617 3570 dib-tum
631 3542 679 3578 esi,
696 3543 842 3580 usurpantes
853 3553 904 3569 eam
922 3544 1088 3578 reprehendit.

332 3582 399 3601 FER
410 3584 417 3601 1
429 3582 522 3603 ›xT‘ic
533 3587 586 3609 vs,
604 3589 634 3612 a,
650 3588 703 3605 um.
740 3579 800 3605 Adi.
838 3579 962 3604 Feriatici
987 3578 1057 3610 dics,
1075 3587 1125 3615 pro
1160 3581 1270 3613 striati,
1288 3583 1328 3608 vel
1344 3586 1376 3611 95
1390 3582 1470 3609 Μαι-ε.
1481 3588 1550 3614 5‚3‚3
1569 3580 1638 3606 Nam
1652 3589 1708 3607 mea
1722 3590 1789 3607 vxor
1801 3589 1905 3616 propter
1918 3582 1991 3609 illam
2004 3589 2059 3609 tota
2073 3583 2101 3610 in
2114 3583 2246 3610 fermento
2260 3584 2332 3611 iacet.
2348 3588 2367 3611 i.
2375 3587 2420 3612 1²2-

286 3608 359 3646 s‘fls·
395 3611 499 3644 leian.
514 3612 551 3639 l.2
566 3615 596 3640 D.
604 3616 636 3641 de
651 3615 742 3647 feriis,
762 3615 846 3641 Diuus
860 3615 964 3640 Marcus
980 3614 1065 3642 effecit
1078 3615 1109 3641 de
1121 3615 1179 3642 aliis
1193 3617 1327 3650 speciebus

291 3646 439 3672 Praetorem
454 3646 536 3677 adiri,
556 3649 634 3675 etiam
648 3650 740 3676 dicbus
754 3649 890 3677 feriaticis.
925 3651 1091 3684 Appellantur
1103 3658 1181 3677 autem
1189 3653 1236 3687 Jiib
1247 3653 1327 3678 eodem

290 3683 364 3707 titulo
379 3681 485 3713 Feriae,
505 3681 559 3708 dies
572 3692 679 3717 omnes,
697 3686 793 3720 quibus
807 3685 970 3720 magistratus
984 3692 1090 3719 propter
1104 3688 1267 3713 vacationem
1282 3698 1326 3722 pu·

291 3716 388 3743 blicam
402 3717 442 3742 ius
456 3725 508 3742 non
521 3717 600 3749 dicit,
618 3719 700 3746 veluti
715 3729 822 3756 propter
834 3721 938 3747 messem
952 3727 996 3746 aut
1009 3721 1170 3753 vindemias,
1186 3729 1229 3748 aut
1247 3723 1325 3758 depo-

291 3753 365 3779 litum
381 3751 573 3786 magistratum,
591 3760 620 3778 vt
634 3763 704 3788 quum
717 3759 742 3781 in
761 3757 777 3781 l.
798 3765 810 3790 ς
829 3756 1072 3791 leianusfiribit,
1088 3756 1177 3783 Pridie
1207 3759 1325 3784 calendas
1333 3764 1379 3783 100
1388 3766 1438 3785 tur.
1474 3757 1577 3783 Colum.
1591 3766 1618 3789 4,
1632 3765 1651 3789 1,
1664 3764 1680 3790 7
1701 3759 1778 3785 Velut
1789 3760 1919 3786 fermento
1933 3761 2045 3794 quodam
2060 3757 2154 3784 humus
2167 3759 2323 3788 intumescit.

289 3788 422 3814 Ianuarias
450 3787 613 3822 magistratus
636 3796 722 3823 neque
750 3791 791 3817 ius
815 3792 917 3823 dicere,
935 3800 982 3818 nec
1004 3792 1044 3818 sui
1067 3792 1220 3826 potestatem
1237 3794 1323 3822 facere

287 3824 485 3849 consueuernnt.

324 3866 339 3885 r
349 3866 364 3887 E
375 3866 393 3885 R
404 3865 441 3884 ιΑ
450 3864 471 3883 Τ
482 3864 492 3884 ι
503 3863 522 3883 o
530 3878 539 3891 ,
560 3858 627 3884 anis.
646 3858 665 3884 f.
700 3859 778 3895 Apud
788 3859 927 3889 Boethium
940 3861 983 3896 este
997 3862 1098 3889 dicitur.

323 3899 509 3926 FERINVS,
526 3893 579 3920 vid.
606 3899 712 3921 FERA.

325 3936 363 3956 rr
376 3936 461 3960 nio,
483 3932 531 3956 ire.
567 3929 663 3963 [naim
680 3930 779 3965 χραύω,
803 3930 899 3966 κόπω,
922 3933 1070 3969 euyno'mus]
1106 3934 1164 3962 Sim
1183 3935 1374 3966 Praeterit0105
1383 3933 1455 3959 culae
1467 3931 1623 3960 admistione
1637 3934 1853 3968 fermentabatur.

720 3225 789 3251 Gell.
806 3234 844 3257 10,
859 3233 892 3251 22
905 3233 959 3250 cum
973 3224 1095 3258 recitaffi’t
1108 3227 1185 3252 locum
1198 3237 1209 3253 e
1224 3229 1326 3254 Platone
1341 3226 1369 3255 83

1378 250 1421 286 effe
1435 253 1520 280 dicunt
1533 254 1703 280 Grammatici.
1747 253 1834 280 Acron
1847 259 1926 280 tamen
1943 254 2017 282 Ferii'
2028 257 2192 283 Praeteritum
2206 257 2336 293 usurpauit
2347 265 2414 294 expo.
2446 281 2447 286 ,

1378 298 1438 315 nens
1451 290 1513 315 illud
1525 292 1591 316 Hor.
1605 291 1692 316 (Zarin.
1708 297 1729 321 1,
1741 296 1768 323 7,
1785 298 1806 316 11
1828 290 1885 316 Nec
1898 296 1951 316 tam
1966 292 2075 318 Larissae
2084 291 2223 327 percussit,
2239 300 2285 319 etc.
2336 294 2415 322 Caete-
2446 316 2447 322 ,

1380 334 1433 351 rum
1439 324 1570 361 fignificat
1578 332 1722 360 peri-utere,
1742 325 1839 360 inferre
1845 327 1956 362 plagam.
1994 324 2083 362 Nescio
2100 328 2162 363 quid
2174 328 2224 362 fibi
2241 330 2303 354 velit
2322 329 2415 362 Festus,

1381 360 1472 386 Ferire
1488 360 1587 387 dieium
1596 381 1602 392 ,
1622 359 1693 394 quod
1707 360 1832 387 ferientes
1843 361 1964 388 feruntur
1978 371 1983 387 :
2017 369 2081 388 certe
2093 367 2262 400 etymologiam
2274 363 2358 390 bonam
2370 368 2416 392 nim
2425 372 2431 375 ‘
2446 381 2449 398 f

1383 394 1426 428 effe
1433 403 1504 431 puto.
1525 414 1528 416 -
1575 397 1655 423 Plaut.
1668 395 1761 430 Amph.
1777 405 1799 428 2,
1813 405 1834 428 2,
1848 405 1882 431 72
1901 398 1937 423 Ex
1952 397 2040 423 insana
2054 398 2212 425 insaniorem
2225 399 2322 431 facies,
2339 397 2430 429 serice-K

1383 431 1483 465 saepius
1499 433 1508 458 3
1580 432 1670 458 Ferire
1684 437 1709 457 et
1722 432 1849 466 repellere
1863 432 2040 462 aduersarium
2059 433 2155 465 Εἰς-ἀς
2162 435 2236 462 Orat.
2245 443 2270 467 2,
2279 442 2319 469 72.
2353 435 2416 464 Nee
2448 438 2449 443 ¹

1384 467 1484 501 semper
1497 468 1578 494 feriet
1591 466 1765 502 quodcunque
1776 467 1923 495 minabitur
1935 477 2009 495 arcus
2027 469 2093 495 Hor.
2109 469 2138 495 A.
2154 470 2179 495 P.
2189 479 2242 503 350.
2346 470 2421 499 Idem·
2432 476 2450 498 -5

1384 502 1435 528 od.
1449 511 1470 534 3,
1485 511 1508 536 3,
1522 509 1535 533 3
1563 504 1588 529 Si
1611 502 1708 529 faetus
1740 502 1864 529 illabatur
1889 503 1976 535 orbis,
1995 504 2164 540 Impauidum
2192 506 2288 532 ferient
2317 503 2448 534 ruinam-'⁴‘

1383 537 1496 565 Aethera
1514 539 1577 565 ferit
1597 539 1696 564 clamor
1719 539 1793 573 Virg.
1808 540 1872 565 Aen.
1887 547 1985 573 5,140.

2349 171 2415 221 632

2086 541 2188 575 Agnam
2201 539 2329 568 humilem
2341 540 2426 569 ferie!

2084 576 2192 610 Quin&
2206 577 2278 603 Decl.
2292 585 2318 609 1,
2331 585 2359 603 10
2379 577 2419 606 Si'e‘
2447 581 2449 588 ⁴

1383 617 1447 642 ergo
1459 609 1569 636 librauit
1584 618 1689 636 manum
1711 619 1816 642 caecus,
1839 617 1868 637 vt
1882 611 1963 645 ipsam
1976 611 2097 645 protinus
2111 613 2204 639 feriret
2218 613 2341 639 Animam
2355 614 2365 639 3
2398 611 2430 652 14³

1381 646 1471 670 vulnus
1482 645 1607 681 letiferum
1620 645 1761 681 infligeret,
1778 652 1876 681 partem
1889 648 1989 673 vitalem
1996 646 2103 681 feriret.
2195 648 2250 675 Cic.
2265 648 2297 674 de
2311 649 2390 676 Orat.
2398 657 2420 682 ε,

1383 688 1436 712 344
1451 690 1472 706 c.
1487 686 1520 715 84
1534 689 1597 708 extr.
1615 682 1722 708 Feriunt
1738 682 1809 707 enim
1824 691 1899 708 aures
1919 682 2059 709 hominum
2077 691 2136 709 eum
2157 683 2203 710 illa
2221 692 2290 719 quae
2309 672 2442 712 iucunda2

1383 721 1409 741 et
1422 723 1509 750 grata,
1529 723 1584 744 tum
1597 717 1676 742 etiam
1690 716 1746 749 illa,
1760 725 1826 752 quae
1840 717 1976 745 mirabilia
1988 718 2046 744 sunt
2057 719 2086 744 in
2099 719 2198 745 virtute
2212 719 2324 752 laudari,
2339 720 2424 747 12an

1381 757 1444 786 gunt
1460 753 1621 779 vehementius
1630 773 1638 785 ,
1654 760 1804 788 monentque.
1911 753 2019 779 Crebris
2052 753 2152 780 feriunt
2179 755 2323 782 vlulatibus
2347 759 2423 782 aurei

1382 788 1479 814 Lucan.
1493 797 1519 820 2,
1534 797 1570 821 33.
1641 788 1718 814 Calce
1733 788 1828 815 feritur
1842 788 1915 815 aselli
1934 789 2013 816 Ouid.
2026 789 2090 816 Fast.
2102 798 2124 822 3,
2139 797 2198 824 734.
2280 791 2354 824 Virg.
2366 788 2426 818 Echi

1385 831 1410 856 9,
1424 831 1452 855 25
1486 838 1532 845 ·-—
1567 824 1597 849 Et
1611 824 1682 850 Inter
1694 824 1824 857 agendum
1859 825 2002 851 Occursare
2014 833 2108 859 capro,
2126 835 2210 852 cornu
2225 826 2288 852 serit
2301 825 2411 858 ille,'ca

1382 864 1454 884 veto.
1561 859 1670 885 Taurus
1695 860 1760 886 ferit
1779 860 1852 886 vneis
1881 861 2015 887 Cornibus
2045 861 2146 887 hostem
2178 862 2296 896 Propert.
2311 870 2336 893 z,
2349 870 2372 894 ς,
2386 832 2437 895 19}-

1382 893 1472 920 Ferire
1484 894 1593 926 foedus,
1612 895 1676 931 quod
1688 902 1711 920 ct
1723 896 1859 922 Percutere
1872 899 1974 932 itemque
1986 896 2057 927 icere
2069 897 2171 923 dicitur.
2213 898 2289 933 Virg.
2304 899 2370 923 Aen.
2384 895 2443 931 10ρῖ

1382 936 1420 961 153
1441 930 1520 956 Haud
1533 939 1609 957 mora
1622 930 1753 958 Tarchon
1794 932 1883 965 iungit
1894 940 1973 966 opes,
1993 931 2140 967 foedusque
2151 932 2223 961 ferit.
2307 933 2364 959 Cic.
2374 937 2430 966 pm!

1382 964 1470 991 Domo
1484 974 1529 999 129
1547 966 1595 992 Sed
1608 975 1661 992 vno
1674 972 1792 1001 tempore
1805 967 1939 993 cautiones
1952 967 2050 994 fiebant
2063 968 2248 1002 pecuniarum,
2265 967 2375 994 foedera
2387 967 2438 1009 fex-g

1380 1000 1517 1028 riebantur
1536 1002 1744 1036 prouinciarum.
1851 1002 1926 1029 Idem
1948 1003 1980 1029 de
2004 1005 2062 1031 inu.
2080 1012 2097 1030 2
2116 1013 2138 1030 c.
2157 1008 2198 1036 30.
2234 1010 2257 1030 et
2271 1012 2320 1038 pro
2331 1002 2398 1031 Rab'
2432 1022 2441 1030 .

1380 1036 1447 1062 Post.
1461 1039 1478 1063 6
1492 1046 1514 1064 c.
1527 1045 1549 1069 3.
1623 1039 1735 1064 Formula
1750 1045 1806 1064 orta
1820 1047 1849 1064 ex
1858 1041 1913 1065 ritu
1925 1042 1980 1064 anti
1997 1036 2041 1072 uo,
2058 1048 2127 1075 quem
2142 1039 2260 1076 describit
2276 1040 2336 1066 Liu.
2351 1042 2404 1072 1‚*2
2430 1039 2437 1051 ³

1381 1071 1427 1097 vbi
1438 1077 1511 1106 pater
1522 1079 1637 1107 patratus
1650 1077 1716 1100 inter
1728 1075 1779 1100 alia
1791 1077 1845 1108 ait,
1861 1074 1917 1100 Illis
1932 1074 1984 1108 legi
2006 1083 2035 1101 us
2051 1075 2164 1110 Populus
2179 1075 2256 1101 Rom.
2275 1076 2351 1110 prior
2369 1083 2387 1100 11
2404 1107 2408 1110 ¹
2422 1103 2438 1108 μ

1383 1106 1495 1134 deficiet.
1551 1109 1578 1135 Si
1596 1109 1671 1144 prior
1684 1110 1784 1136 defexit
1803 1110 1912 1144 publico
1925 1110 2048 1141 consilio,
2066 1110 2129 1137 dolo
2140 1110 2212 1137 malo
2226 1121 2234 1141 ;
2267 1116 2296 1137 tu
2310 1110 2360 1137 illo
2372 1109 2399 1136 di
2417 1124 2419 1127 v
2435 1120 2440 1123 ·

1381 1143 1483 1177 Iupiter
1494 1144 1622 1178 Populum
1635 1146 1711 1171 Rom.
1727 1145 1760 1171 fic
1773 1145 1868 1176 ferito,
1888 1153 1918 1172 vt
1931 1154 1981 1180 ego
1995 1145 2065 1172 hune
2078 1155 2188 1181 porcum
2202 1146 2246 1172 hic
2260 1145 2342 1174 hodie
2360 1145 2445 1183 fen2.{·

1382 1187 1424 1204 am
1438 1189 1443 1204 :
1479 1184 1605 1215 tantoque
1621 1182 1704 1215 magis
1718 1181 1808 1213 ferito,
1822 1188 1921 1215 quanto
1932 1182 2015 1216 magis
2029 1188 2102 1216 potes
2114 1182 2260 1217 pellesque.
2331 1181 2361 1208 Id
2374 1178 2432 1210 vbss.

1383 1213 1470 1247 dixit,
1487 1223 1598 1249 porcum
1611 1217 1674 1242 saxo
1687 1216 1757 1243 filice
1770 1217 1897 1250 percuffit.
1969 1218 2072 1249 Festus,
2090 1227 2147 1244 voce
2160 1217 2294 1244 Feretrius
2313 1212 2437 1281 Iupitle'ffi]

1381 1264 1427 1270 -—
1462 1258 1495 1276 ex
1517 1251 1590 1278 cuius
1612 1252 1712 1287 templo
1735 1253 1867 1278 sumerent
1880 1253 1994 1287 lapidem
2009 1253 2115 1288 filicem,
2129 1262 2183 1288 quo
2196 1253 2289 1280 foedus
2303 1253 2384 1280 ferire
2423 1279 2438 1286 ,,

1380 1285 1461 1312 Plaut.
1475 1286 1546 1312 Men.
1561 1295 1580 1319 1,
1592 1295 1618 1320 2,
1631 1290 1661 1320 63
1694 1287 1820 1323 Expedite
1844 1288 1990 1322 fabulatus,
2009 1289 2063 1316 iam
2082 1289 2154 1316 fores
2170 1288 2251 1316 ferio.
2299 1295 2335 1316 Μ.
2361 1288 2432 1325 ferfss·

1380 1321 1449 1348 Hor.
1460 1321 1542 1349 Serm.
1556 1331 1580 1356 2,
1595 1331 1620 1356 1,
1636 1326 1665 1350 61
2392 1325 2396 1328 ’
2431 1326 2434 1331 ’
2463 1327 2465 1331 ”

1771 1357 1788 1385 ὂ
1801 1368 1883 1394 puer,
1901 1365 1935 1385 vt·
1946 1359 1978 1386 fis

1577 1393 1672 1420 Vitalis
1686 1400 1776 1422 metuo
1785 1414 1793 1426 ,
1810 1401 1835 1421 et
1847 1395 1980 1421 maiorum
1993 1404 2026 1421 ne
2035 1395 2095 1430 quis
2109 1395 2209 1423 amicus
2354 1400 2361 1404 '
2430 1401 2431 1405 ¹

1577 1429 1687 1463 Frigore
1701 1435 1727 1456 te
1739 1431 1826 1457 feriat.
1906 1433 1925 1456 i.
1934 1431 2065 1467 frigidum
2078 1438 2102 1457 et
2111 1434 2214 1467 pigrum
2227 1429 2262 1457 ad
2268 1428 2388 1465 fhribmd
2431 1457 2434 1459 ,

1380 1464 1408 1488 in
1416 1460 1542 1497 posterum
1557 1469 1581 1490 te
1587 1464 1676 1500 faciat
1689 1475 1698 1490 :
1733 1467 1774 1491 vel
1779 1467 1855 1499 plane
1866 1469 1956 1492 mortis
1968 1468 2016 1492 tibi
2030 1467 2102 1502 causa
2113 1466 2154 1500 lit.
2257 1466 2351 1500 Frigus
2363 1466 2378 1492 f
2478 1463 2479 1471 ¹

1380 1507 1428 1524 nos
1448 1499 1551 1525 Lueret.
1565 1508 1595 1534 4,
1614 1502 1666 1525 261.
1773 1501 1830 1527 Cic.
1843 1501 1897 1527 Att.
1912 1510 1931 1532 1,
1947 1510 1956 1527 1
1978 1502 2043 1528 Puto
2058 1508 2083 1528 te
2097 1502 2126 1528 in
2138 1501 2188 1527 hoc
2201 1507 2246 1528 aut
2265 1501 2359 1533 risisse,
2379 1510 2401 1532 a,

1380 1533 1534 1567 ingemuiffe
1550 1544 1557 1564 ;
1593 1540 1621 1561 vt
1634 1535 1751 1561 frontem
1766 1536 1854 1562 ferias.
1907 1536 2016 1562 Hostem
2030 1537 2113 1563 ferire
2132 1537 2188 1562 Cic.
2203 1545 2253 1570 pro
2265 1537 2346 1563 Corn.
2353 1537 2397 1563 ssal

1380 1576 1411 1601 52
1424 1578 1445 1595 c.
1459 1577 1502 1595 22.
1571 1570 1614 1596 Sic
1627 1571 1696 1597 Hor.
1710 1571 1799 1597 Carm.
1814 1580 1836 1605 3,
1851 1580 1882 1602 11,
1896 1580 1928 1604 43
1951 1572 2007 1606 Ego
2025 1572 2079 1598 illis
2092 1572 2203 1598 mollior
2221 1580 2268 1598 nec
2286 1578 2311 1598 te
2328 1573 2429 1599 feriam·

1381 1610 1428 1630 etc.
1449 1604 1478 1630 id
1490 1601 1538 1637 est,
1558 1605 1717 1640 interficiam.
1790 1607 1870 1633 Latus
1886 1608 1945 1633 ense
1958 1607 2023 1634 ferit
2041 1607 2117 1642 Virg.
2131 1609 2197 1634 Aen.
2207 1615 2244 1641 12,
2251 1615 2306 1640 304.
2365 1609 2420 1634 Cic.

1382 1638 1414 1665 de
1428 1639 1492 1666 Fato
1506 1649 1527 1666 e.
1542 1647 1571 1674 17
1588 1641 1627 1667 Ac
1639 1641 1708 1667 mihi
1720 1641 1830 1676 quidem
1847 1642 1969 1675 videtur,
1991 1652 2051 1669 eum
2071 1643 2138 1670 duae
2159 1643 2298 1670 sententiae
2318 1642 2424 1670 fuiffent

1379 1680 1501 1701 veterum
1508 1674 1732 1711 Philosophorum
1767 1692 1813 1698 -—-
1847 1677 2146 1713 Chrysippus,tanqnan1
2155 1678 2253 1705 arbiter
2265 1672 2425 1705 honorarius

1381 1710 1502 1737 Medium
1524 1711 1607 1738 ferire
1628 1712 1749 1739 voluisse.
1787 1714 1829 1741 Sic
1851 1712 1963 1746 restituit
1991 1711 2089 1741 Viftor.
2111 1715 2143 1741 V.
2158 1714 2189 1740 L.
2204 1722 2224 1747 1,
2237 1719 2272 1744 18.
2289 1716 2307 1739 i.
2321 1713 2425 1747 mediam

1382 1746 1505 1780 quandam
1514 1746 1753 1782 sequifimentiam.
1862 1750 1967 1776 Montes
1987 1750 2102 1776 summos
2112 1749 2226 1776 fulmina
2239 1749 2340 1775 feriunt
2357 1749 2430 1776 Hor?

1384 1781 1472 1805 Carm.
1487 1789 1512 1814 2,
1529 1789 1567 1812 10,
1581 1790 1611 1807 11.
1718 1783 1788 1809 Ter.
1802 1783 1909 1811 Phorm.
1925 1793 1945 1814 1,
1961 1794 1980 1817 1,
1994 1794 2018 1817 13
2037 1786 2121 1812 Porro
2134 1791 2223 1812 autem
2236 1784 2302 1811 Geta
2315 1784 2431 1812 ferietur·

1382 1814 1437 1839 alio
1449 1823 1575 1847 munere,
1596 1815 1642 1842 vbi
1655 1815 1718 1842 hera
1732 1819 1873 1850 pepererit.
1944 1820 2080 1852 Ferietur,
2099 1823 2118 1846 i.
2131 1822 2288 1855 Emungetur.
2324 1819 2417 1855 signifi

1383 1855 1469 1875 canter
1483 1848 1577 1875 dietum
1592 1860 1602 1878 ;
1635 1859 1692 1876 nam
1706 1851 1819 1877 damnum
1847 1853 1907 1888 laga
1918 1854 2038 1888 censetur.
2072 1855 2177 1890 Cogetur
2191 1856 2252 1880 Geta
2264 1858 2337 1881 vnum
2355 1863 2380 1881 et
2392 1864 2408 1881 a

1381 1891 1461 1909 terum
1476 1893 1563 1923 manus
1575 1885 1643 1911 dare.
1717 1887 1789 1925 Forte
1803 1859 1912 1914 atfhunc
1924 1889 2003 1923 ipficm
2015 1890 2092 1915 locum
2104 1889 2210 1923 respicit
2221 1890 2297 1924 Prop.
2311 1900 2340 1924 4,
2353 1898 2376 1923 ς,
2389 1894 2441 1926 445·

1383 1919 1454 1943 Cum
1464 1919 1527 1944 ferit
1540 1919 1636 1945 astutos
1650 1921 1759 1946 Cormea
1771 1922 1881 1948 moecha
1895 1924 1983 1949 Getas.
2037 1925 2107 1950 Certe
2118 1925 2202 1950 ferire
2214 1923 2248 1956 1st
2261 1926 2375 1952 damnum
2388 1930 2427 1952 in-

1377 1952 1461 1986 ferre.
1497 1953 1571 1987 Conf.
1587 1953 1669 1979 Plaut.
1681 1954 1765 1980 Trin.
1777 1963 1805 1986 2,
1820 1964 1838 1986 1,
1853 1964 1880 1987 19
1900 1957 1942 1982 Ibi
1956 1957 2002 1982 illa
2013 1958 2170 1990 pendentem
2186 1959 2258 1985 ferit.
2327 1963 2358 1987 Et
2375 1961 2429 1996 ipfi‘

1382 1987 1459 2019 Prop.
1474 1994 1497 2018 3,
1510 1995 1535 2018 2,
1548 1995 1579 2019 ,Ὃ
1600 1987 1725 2013 Austeros
1738 1994 1794 2015 arte
1807 1990 1889 2015 ferire
1907 1991 2000 2017 virtus.
2073 1993 2115 2020 Sic
2147 1994 2249 2028 plagam
2264 1995 2350 2030 posuit
2369 1998 2424 2024 Cic.

1383 2021 1460 2062 Fam.
1473 2030 1500 2054 9,
1514 2024 1542 2048 16
1565 2022 1650 2049 Etiam
1665 2023 1728 2049 haec
1741 2024 1832 2051 leuior
1845 2026 1882 2051 est
1894 2026 1969 2060 plaga
1988 2025 2021 2053 ab
2040 2028 2142 2059 amico,
2161 2022 2239 2064 quam
2259 2039 2274 2058 a
2293 2031 2424 2060 debitore.

1382 2057 1463 2083 Oculi
1477 2057 1583 2091 speetris
1597 2059 1733 2085 feriuntur
1752 2059 1809 2086 Cic.
1823 2061 1892 2087 Fam.
1906 2069 1939 2094 ις,
1953 2065 1989 2088 16.
2060 2063 2159 2090 Oculos
2173 2065 2271 2098 ferire,
2281 2067 2424 2102 ,visumque

1381 2092 1502 2119 lacessere
1515 2094 1634 2120 dicuntur
1648 2095 1799 2131 quaeeunque
1812 2096 1922 2132 conspici
1929 2097 2029 2133 poſjlmt
2046 2099 2148 2125 Lucret.
2164 2110 2190 2134 4,
2199 2109 2253 2134 329.
2293 2102 2422 2130 Vimine·
2451 2104 2453 2111 '

1382 2137 1447 2167 man.
1461 2128 1496 2154 ad
1508 2129 1818 2163 Q1in5til.Declam.-301
1832 2141 1857 2166 p.
1866 2137 1921 2165 584.
1991 2133 2082 2161 peetus
2097 2137 2184 2162 Venus
2198 2136 2256 2171 igne
2274 2136 2337 2163 ferit
2362 2139 2422 2165 Sen.
2452 2140 2476 2161 '1⁴'

1382 2163 1492 2196 Hippol.
1505 2164 1522 2188 s.
1537 2172 1557 2194 3.
1631 2165 1740 2192 Ρεὸὶοτει
1753 2167 1838 2193 ferire
1850 2176 1930 2194 manu
1957 2169 2038 2196 Ouid.
2051 2171 2136 2197 Trist.
2146 2181 2166 2203 ς,
2175 2177 2245 2206 3,48.
2274 2184 2279 2187 “
2315 2173 2422 2200 Pectora
2477 2183 2479 2185 ’

1382 2197 1598 2236 plangore—Idem
1612 2200 1676 2225 Met.
1689 2209 1718 2232 4,
1728 2206 1788 2240 589.
1895 2204 1961 2229 Plin.
1970 2213 2007 2236 33,
2022 2214 2033 2235 3
2069 2206 2310 2242 Constitutumque,
2323 2214 2352 2234 vt
2364 2210 2422 2236 affe·

1381 2232 1540 2258 sextantario
1553 2233 1669 2266 pondere
1682 2235 1842 2267 ferirentur,
1857 2238 1922 2271 quod
1931 2240 1995 2265 alias
2008 2238 2180 2274 eslpercutere.
2217 2245 2285 2268 Hinc
2291 2243 2355 2277 fiant
2365 2245 2423 2277 Tri?

1380 2270 1474 2293 umairi
1489 2268 1518 2293 A.
1534 2268 1565 2294 A.
1581 2269 1611 2294 A.
1626 2269 1652 2295 F.
1669 2270 1695 2295 F.
1715 2271 1806 2301 Auro,
1824 2272 1955 2306 Argento,
1971 2274 2050 2305 Aeri,
2069 2275 2186 2308 Fland0,
2206 2272 2424 2316 Feriundosfflpffl,¹

1381 2303 1438 2329 Val.
1452 2303 1530 2343 Prob.
1637 2305 1747 2331 Porcum
1767 2306 1827 2332 Liu.
1835 2315 1855 2339 1,
1870 2316 1911 2340 24.
1982 2309 2072 2343 Pugno
2085 2312 2124 2337 vel
2137 2310 2206 2337 calce
2224 2312 2416 2347 Q1inc‘tii.a,›k.1
2467 2339 2470 2344 ,

1382 2339 1478 2364 Rostro
1498 2339 1559 2364 Liu.
1574 2347 1611 2371 30,
1650 2360 1655 2365 .
1694 2360 1700 2366 .
1738 2342 1828 2368 Securi
1847 2343 1919 2369 Caes.
1933 2344 1961 2369 B.
1975 2344 2006 2369 G.
2024 2349 2046 2376 8,
2061 2350 2097 2376 38.
2168 2347 2199 2370 Et
2213 2348 2268 2374 Cic.
2278 2350 2352 2377 Verr.
2360 2343 2421 2384 ,⁵273

1382 2382 1404 2400 c.
1419 2383 1457 2405 30.
1527 2374 1617 2401 Sidera
1630 2374 1738 2402 sublimi
1752 2378 1851 2403 vertice
1864 2378 1958 2404 feriam
1980 2380 2046 2405 Hor.
2060 2379 2111 2405 Od.
2128 2387 2148 2411 1,
2163 2388 2183 2412 1,
2195 2384 2232 2411 36.
2245 2383 2366 2416 siimmum
2378 2385 2420 2410 bo-
2450 2400 2452 2406 ι

1381 2412 1468 2435 minem
1482 2418 1518 2434 me
1524 2410 1625 2444 putabo.
1697 2412 1800 2437 Terras
1812 2419 1925 2439 remotas
1937 2413 2007 2439 fama
2020 2414 2086 2440 ferit
2111 2414 2207 2441 Lucan.
2215 2424 2237 2448 ς,
2248 2414 2304 2451 7752
2372 2419 2418 2444 Fe-
2450 2410 2454 2442 ι’

1381 2445 1438 2471 rire
1449 2452 1472 2471 et
1485 2445 1574 2471 Petere
1599 2446 1673 2481 saepe
1704 2456 1720 2473 a
1751 2447 1868 2473 librariis
1897 2449 2003 2485 confusa
2016 2459 2024 2474 .·
2059 2449 2113 2476 vid.
2137 2451 2222 2477 Burni.
2240 2452 2275 2478 -αά
2290 2453 2418 2486 Qumffil.

1383 2480 1498 2507 Declam.
1510 2489 1552 2513 301
1568 2490 1591 2515 p.
1605 2486 1662 2515 584.
2156 2496 2163 2505 κ

1420 2522 1461 2543 FE
1470 2523 1488 2542 R
1498 2524 1506 2542 1
1517 2522 1533 2542 E
1544 2524 1565 2542 N
1575 2524 1587 2543 S
1596 2537 1604 2549 ,
1624 2517 1700 2544 entis.
1720 2518 1812 2544 Partic.

1383 2560 1453 2578 mam
1473 2552 1569 2578 Lucan.
1586 2560 1658 2586 5,94.

1382 2593 1417 2619 83·

1834 2518 1945 2552 [παίων]
1982 2519 2091 2546 Numen
2102 2520 2246 2549 humanam
2260 2521 2424 2556 feriensani-

1731 2554 1868 2581 Tinnulae
1880 2554 1982 2588 piceno
1995 2555 2108 2583 feriente
2119 2557 2233 2584 chordae
2252 2558 2310 2585 Sen.
2318 2557 2422 2586 Troad-

1489 2588 1601 2622 Sagittae
1616 2588 1708 2614 cun&a
1723 2589 1849 2616 ferientes
1868 2590 1948 2616 Ouid.
1964 2599 1995 2616 ex
2008 2591 2082 2617 Pont.
2096 2601 2117 2623 3,
2133 2602 2154 2624 3,
2167 2601 2206 2626 39.
2397 2599 2440 2626 '233

1421 2628 1438 2648 F
1452 2628 1469 2648 Ε
1478 2629 1497 2649 R
1506 2630 1540 2650 113
1551 2631 1569 2649 N
1580 2630 1598 2649 D
1610 2630 1631 2649 v
1641 2632 1653 2651 s
1663 2644 1671 2656 ,
1691 2633 1715 2656 a,
1735 2634 1788 2651 um.
1809 2626 1902 2652 Partic.
1938 2626 2152 2661 [παι-θησόμενος]
2185 2628 2234 2654 Ille
2248 2628 2316 2655 mihi
2329 2629 2427 2656 seriem

1383 2657 1431 2684 dus
1444 2666 1506 2692 aper
1523 2659 1603 2685 Ouid.
1619 2660 1683 2686 Met.
1697 2668 1720 2692 3,
1735 2668 1788 2695 715.
1860 2661 1936 2688 Colla
1948 2662 2025 2688 rudes
2038 2670 2150 2696 operum
2163 2663 2289 2698 praebent
2303 2664 2416 2692 feriend‘

1420 2735 1556 2763 FERIO,
1576 2731 1644 2757 onis.
1664 2740 1699 2758 m.
1736 2733 1892 2758 foenerator.
1927 2733 1961 2758 Le
1978 2735 2001 2758 it
2013 2732 2077 2759 banc
2089 2741 2171 2760 vocem
2184 2741 2225 2770 ap.
2250 2735 2306 2762 Cic.
2324 2735 2412 2770 Att.14

1459 2766 1565 2793 Turneb.
1579 2766 1646 2795 Adu-
1663 2777 1689 2801 4,
1702 2777 1724 2801 5.
1760 2767 1808 2794 Sed
1820 2771 1896 2795 nimis
1901 2741 2015 2805 ,βαξξηαε
2026 2766 2109 2797 leHio.
2403 2774 2405 2776 ’

1422 2805 1587 2834 remon,
1604 2802 1656 2828 vid.
1678 2809 1830 2830 FERIAE.

1421 2840 1609 2869 FER1TAS,
1629 2837 1683 2864 vid.
1709 2844 1826 2865 FERA.

1419 2875 1436 2896 F
1446 2878 1462 2897 E
1472 2878 1491 2897 R
1500 2878 1524 2897 M
1534 2879 1559 2898 E.
1581 2872 1695 2899 Aduerb.
1733 2873 1812 2905 [οἱονεὶ
1821 2894 1830 2907 ‚
1847 2875 1924 2909 μικρέ
1937 2871 1989 2908 δεῖ]
2024 2874 2135 2902 Eiusdem
2145 2871 2342 2909 fignificatitmis
2354 2879 2396 2903 eu*
2429 2905 2432 2915 Ι

1382 2902 1415 2937 0st
1432 2908 1498 2933 Fere.
1534 2907 1601 2933 Ter.
1617 2909 1712 2935 Heaut.
1727 2917 1746 2941 1,
1760 2918 1780 2940 2,
1794 2918 1831 2940 30.
1902 2909 1975 2936 Idem
1987 2909 2068 2937 Andr.
2084 2919 2102 2940 1,
2115 2916 2137 2943 ς,
2151 2917 2182 2940 39
2202 2909 2256 2935 Iam
2271 2911 2354 2938 ferme
2366 2915 2449 2943 moi*

1382 2941 1453 2967 riens
1462 2951 1503 2968 me
1510 2949 1601 2974 vocat3
1619 2943 1713 2970 accessi.
1755 2945 1802 2971 Vbi
1815 2946 1942 2977 Donatus,
1951 2947 2041 2971 Ferme
2053 2944 2089 2970 est
2097 2943 2260 2971 Aduerbium
2268 2945 2426 2974 festinantis}

1384 2977 1485 3003 Sallust.
1498 2978 1525 3003 in
1540 2979 1657 3013 Iugurth.
1672 2989 1693 3006 c.
1708 2988 1745 3014 74
1758 2988 1822 3007 extr.
1842 2981 1912 3008 Nam
1926 2981 2010 3006 ferme
2023 2979 2153 3006 Numidas
2168 2980 2193 3005 in
2207 2981 2331 3008 omnibus
2346 2992 2427 3016 μακε

1384 3011 1428 3039 liis
1442 3013 1523 3047 magis
1538 3015 1628 3047 pedes,
1647 3024 1725 3050 quam
1738 3025 1808 3042 arma
1821 3021 1904 3042 tutata
1919 3016 1985 3042 sunt.
2074 3015 2129 3041 Cic.
2145 3015 2175 3041 ad
2190 3016 2261 3042 Brut.
2273 3025 2288 3042 2
2325 3018 2364 3044 De
2378 3026 2425 3046 me

1382 2772 1417 2796 14-

1384 3084 1440 3110 3613
1453 3084 1537 3110 ferme
1550 3084 1585 3110 est
1600 3096 1607 3115 ;
1642 3091 1686 3112 tua
1698 3087 1760 3113 istuc
1775 3088 1857 3114 refert
1871 3086 1991 3112 maxime.
2062 3086 2130 3112 Ter.
2146 3086 2226 3113 Andr.
2239 3096 2260 3119 3,
2276 3096 2300 3122 1,
2314 3098 2329 3115 2
2346 3088 2422 3116 Fide*-

1384 3119 1435 3146 lem
1450 3119 1518 3146 haud
1532 3120 1616 3146 ferme
1631 3122 1738 3148 mulieri
1752 3123 1871 3149 inuenias
1882 3122 1978 3148 virum.
2036 3121 2084 3147 Vbi
2097 3122 2192 3148 Donat.
2213 3123 2303 3149 Ferme
2316 3133 2364 3158 pro
2376 3122 2427 3152 Fa«

1386 3155 1436 3181 cile
1448 3156 1549 3190 posuit,
1568 3162 1593 3182 et
1607 3157 1715 3188 Ferme,
1735 3158 1896 3184 Facilitatern
1909 3155 2034 3190 fignificat
2048 3167 2055 3186 ;
2091 3158 2152 3191 quia
2164 3158 2222 3184 sunt
2235 3159 2368 3187 Aduerbia
2379 3169 2422 3187 exa

1385 3192 1555 3217 tenuationis.
1627 3193 1763 3226 Cogitatio
1776 3193 1897 3227 sapientis
1907 3200 1961 3217 non
1974 3192 2057 3218 ferme
2070 3193 2101 3219 ad
2117 3193 2327 3228 inuestigandum
2347 3195 2420 3222 adhi-

1386 3226 1429 3252 bet
1443 3226 1582 3253 aduocatos
1600 3227 1655 3254 Cic.
1668 3228 1749 3254 Tusc.
1763 3236 1786 3261 ς,
1799 3237 1845 3255 111.
1916 3226 2026 3253 Mobilis
2039 3234 2064 3254 et
2081 3229 2153 3255 varia
2172 3229 2208 3256 est
2226 3230 2311 3257 ferme
2327 3238 2440 3259 natura-⁴

1383 3262 1514 3289 malorum
1531 3263 1647 3288 quenal.
1661 3271 1698 3296 13,
1714 3266 1767 3295 236·
2396 3286 2400 3290 ,
2419 3281 2422 3291 ι

1420 3304 1437 3324 F
1448 3305 1464 3324 13
1472 3305 1491 3325 R
1499 3305 1547 3324 ME
1555 3305 1576 3324 N
1588 3304 1608 3324 T
1619 3304 1640 3323 v
1648 3305 1672 3324 M
1681 3319 1690 3331 ,
1710 3299 1729 3325 i.
1744 3308 1770 3325 n.
1808 3299 1821 3332 [
1828 3296 1893 3332 ζύμη
1901 3314 1908 3327 ,
1922 3297 2048 3333 φύραμα]
2084 3300 2170 3325 Portio
2185 3299 2294 3335 farime
2303 3300 2421 3336 fisbae‘i‘ae

1385 3334 1483 3365 acidas,
1500 3335 1541 3360 vel
1551 3337 1588 3359 rei
1594 3332 1702 3366 stmilir,
1716 3344 1776 3370 quae
1787 3335 1861 3360 alteri
1875 3340 1963 3359 motum
1977 3336 2045 3360 illum
2058 3333 2199 3366 intestinum
2219 3343 2243 3361 et
2262 3340 2421 3364 mutationem

1386 3369 1484 3405 inferre
1491 3369 1578 3404 poffit‚
1597 3367 1707 3402 ditium,
1726 3369 1791 3405 quod
1802 3369 1938 3395 Feruendo
1950 3370 2052 3405 actfiat.
2087 3370 2154 3397 Plin.
2175 3376 2216 3403 18,
2229 3378 2246 3405 7
2268 3372 2361 3406 Spuma
2382 3371 2424 3400 1τὲ
2446 3376 2448 3386 '

1911 3406 1983 3440 Virg.
1998 3406 2094 3440 Georg.
2108 3415 2128 3438 3,
2142 3411 2187 3438 380
2206 3407 2236 3432 Et
2249 3407 2342 3440 pocula
2355 3401 2427 3436 laets
2446 3397 2448 3427 l

1389 3441 1542 3471 Fermento,
1561 3445 1638 3474 atque
1652 3439 1732 3466 acidis
1746 3439 1884 3465 imitantur
1897 3440 1966 3467 vitea
1982 3441 2076 3467 sorbis.
2147 3442 2213 3467 Plin.
2227 3447 2268 3474 18,
2283 3451 2300 3477 7
2312 3444 2330 3469 s.
2347 3452 2389 3477 12,
2401 3444 2423 3470 Ξ·

1388 3475 1490 3501 Galliae
1504 3481 1530 3502 et
1541 3476 1684 3510 Hispaniae
1698 3475 1832 3502 frumento
1844 3475 1870 3500 in
1884 3482 1973 3509 potum
1986 3477 2117 3508 resoluto,
2137 3478 2225 3511 spuma
2244 3477 2280 3504 ita
2299 3485 2424 3505 concreta-

1389 3519 1438 3545 pro
1451 3511 1583 3537 fermento
1596 3517 1718 3543 Vtuntur,
1735 3519 1785 3544 qua
1800 3509 1832 3536 de
1846 3512 1919 3538 causa
1931 3512 2018 3539 leuior
2032 3512 2102 3544 illis,
2116 3520 2195 3546 quam
2209 3514 2331 3546 caeteris,
2346 3514 2431 3548 panis.
2446 3523 2447 3526 ¹

1389 3543 1434 3572 eff.
1504 3547 1591 3572 Iacere
1603 3546 1630 3571 in
1646 3546 1777 3572 fermento
1792 3548 1831 3572 vel
1845 3547 1897 3572 Esse
1911 3558 1918 3577 ς
1950 3554 1995 3582 per
2008 3549 2195 3574 translationem
2211 3547 2278 3574 dixit
2295 3549 2376 3576 Plaut.
2390 3550 2418 3576 in

2164 3619 2204 3644 Sol
2210 3619 2246 3644 in.
2259 3620 2340 3653 praef.
2354 3621 2418 3649 lubra

1381 3617 1450 3653 flata
1462 3615 1495 3649 ost
1508 3622 1530 3642 et
1542 3618 1618 3642 irata.
1690 3617 1719 3641 Ee
1733 3616 1766 3642 ad
1778 3620 1827 3643 alia
1858 3628 1932 3654 noque
1944 3619 2110 3654 transfertur.

1840 3627 1854 3685 ἵ
1993 3653 2039 3681 Sed
2050 3653 2101 3679 vid.
2116 3662 2176 3687 quae
2189 3654 2217 3679 de
2231 3655 2273 3681 illo
2286 3657 2337 3681 loco
2356 3655 2418 3681 dici-
2446 3668 2447 3683 1

1381 3652 1428 3688 fi¹⁰
1444 3653 1608 3678 Fermentum
1622 3651 1781 3685 cognitionis
1794 3655 1841 3686 imj
1852 3654 1862 3680 e
1875 3654 1950 3679 dixit.

1386 3698 1439 3714 mus
1451 3691 1477 3713 in
1503 3692 1662 3714 BRACTEA.
1725 3688 1800 3723 Apud
1815 3691 1939 3725 agricolas
1958 3692 2030 3715 etiam
2049 3696 2129 3723 terrae
2146 3689 2282 3722 tribuitur,
2300 3700 2354 3716 cum
2373 3691 2447 3717 illa-'1

1386 3723 1517 3758 refhluitur
1530 3728 1553 3747 et
1565 3725 1685 3752 tenerior,
1703 3724 1810 3754 mollior,
1821 3725 1955 3760 flebtilior,
1967 3724 2146 3760 seminibusque
2158 3724 2217 3750 adeo
2236 3729 2319 3759 aptior
2336 3725 2428 3752 reddi--

2375 3762 2421 3788 Sic=

1387 3795 1417 3820 In
1431 3793 1587 3818 fermentum
1603 3801 1743 3826 congerere
1754 3801 1849 3822 terram
1863 3802 1941 3830 atque
1953 3802 2110 3828 componere
2127 3794 2255 3822 Columel.
2269 3796 2417 3829 3,11,3.b.e.

1390 3826 1607 3863 thermentescat
1619 3835 1641 3853 et
1654 3831 1786 3865 putrefiat.
1821 3831 1888 3859 Add,
1899 3842 1919 3861 2,
1934 3839 1954 3860 2,
1967 3839 2001 3862 19.
2037 3828 2134 3855 Pallad.
2152 3830 2226 3857 Febr.
2244 3837 2279 3863 18,
2294 3840 2312 3859 1.

1423 3867 1441 3887 F
1452 3868 1494 3888 ER
1504 3868 1527 3887 Μ
1537 3868 1553 3887 E
1563 3869 1583 3887 N
1594 3869 1642 3889 TO
1653 3884 1661 3895 ,
1685 3869 1733 3892 are.
1769 3867 1884 3900 [mizonii-a,
1903 3865 2002 3901 ζυμόω]
2040 3865 2128 3890 Facere
2156 3873 2184 3891 vt
2208 3870 2284 3900 panis
2312 3866 2414 3902 ace-sitat-

1385 3897 1449 3924 Plin.
1465 3902 1498 3926 18,
1513 3905 1534 3922 11
1554 3898 1643 3930 Qmm
1658 3899 1733 3927 fieret
1747 3908 1833 3929 autem
1850 3903 1923 3937 panis
1937 3899 2111 3931 hordeaceus,
2130 3900 2257 3933 emiliae,
2277 3908 2320 3928 aut
2339 3903 2414 3928 cicer-

1924 3935 2009 3963 Palam
2023 3935 2058 3961 est
2070 3941 2191 3963 naturam
2208 3944 2285 3964 acore
2303 3937 2421 3976 fermen3=

2363 3977 2415 3999 tm

2448 4186 2479 4216 ,ζ’
2458 4153 2462 4181 ,ᾼ
