2479 4225
200 197 285 244 1263
617 188 636 228 Ι
717 186 754 228 V
844 183 870 222 S
1686 177 1705 218 1
1790 176 1830 218 V
1894 178 2001 226 .S,
2135 188 2137 194 ’
2252 156 2375 227 1264·

198 282 310 310 inimici.
349 281 449 307 Plenius·
460 279 545 304 dicunt
559 286 607 312 pro
620 277 686 304 iure.
755 273 822 299 Ter.
839 269 951 303 Adelph.
965 276 985 302 1,
1000 276 1020 299 1,
1034 269 1066 294 26
1091 266 1236 300 Do,'prae-
1303 265 1386 292 turali
1412 275 1500 302 neque
1524 266 1600 294 ciuili
1616 267 1675 294 iure
1698 266 1837 302 descripto.
1913 266 1971 293 Cic.
1990 274 2038 301 pro
2053 266 2146 302 Arusp.
2160 274 2189 299 34
2202 274 2223 292 c.
2238 266 2267 292 16
2300 264 2346 292 111⁸

197 318 330 345 termitto:
350 325 403 342 non
417 315 512 341 necelse
527 313 612 340 habeo
624 311 712 339 omnia
722 317 770 341 pro
788 316 848 333 mco
862 307 921 331 iure
935 313 1020 338 agere.
1070 303 1155 329 Multa
1170 301 1237 327 mul-
1301 301 1447 335 legatorum
1466 318 1512 324 —
1530 303 1609 330 etiam
1624 302 1727 330 Diuino
1743 303 1801 329 iure
1814 303 1863 329 else
1876 303 2011 329 vallatum.
2048 301 2095 328 Sed
2112 302 2156 328 hoc
2169 300 2250 336 potest
2269 303 2345 326 etiam

198 355 232 380 tis
247 352 279 378 de
298 353 355 378 mre
369 352 415 377 sno
436 350 528 376 (edere
549 349 605 376 cie,
618 347 669 374 Off.
684 354 698 371 2
711 353 732 368 c.
750 348 782 371 15„
837 342 909 367 Idem
926 340 957 365 de
968 340 1042 365 Orat.
1056 347 1081 370 2,
1096 346 1146 371 294
1173 338 1235 363 Duo
1301 337 1334 363 ad
1344 338 1485 373 religionem
1492 343 1595 375 proprie
1608 336 1701 365 difflant
1712 341 1850 373 pertinere,
1868 347 1921 364 cnm
1934 341 1962 364 in
1976 339 2044 364 Iouis
2053 339 2131 364 tutela
2141 343 2290 372 putarentur
2301 333 2345 369 effe

198 389 243 415 illa
265 395 329 422 quae
344 387 471 413 facillima
483 384 615 413 videntur,
634 380 759 416 quoniam
774 386 840 412 quae
854 374 1007 402 difficiliora
1021 375 1093 404 sunt,
1107 382 1161 399 non
1177 373 1234 406 pos·
1300 373 1386 408 legati.
1423 374 1568 410 Pontificum
1587 375 1683 401 decreta
1701 383 1728 400 rc
1738 376 1803 408 picit
1817 372 1883 399 ibid.
1898 382 1927 406 ¹4
1941 382 1963 400 c.
1977 380 2009 407 7:
2022 372 2070 408 sed
2082 379 2201 408 ponamus
2220 378 2297 398 totum
2310 373 2347 397 lo-

198 410 254 450 suni
289 422 354 448 mihi
368 430 416 455 pro
429 430 491 447 meo
504 421 561 447 iure
574 420 656 444 sumo.
711 415 765 440 Cic.
779 421 828 447 pro
841 410 957 438 Marcell.
974 412 988 435 6
1008 409 1152 436 Maximam
1166 416 1233 434 vero
1257 416 1271 442 5
1301 418 1371 438 cunt,
1392 408 1491 436 Multae
1505 411 1563 436 stmt
1575 410 1669 437 domus
1682 409 1709 435 in
1744 417 1771 435 ac
1784 409 1850 436 vrbe
1871 423 1916 428 ——
1936 409 1996 435 iure
2009 408 2125 442 optimo,
2140 405 2183 433 sed
2199 412 2292 436 tamem
2304 406 2345 432 iu-

197 443 297 494 parte’m
310 457 379 490 quali
393 458 439 483 suo
454 456 513 482 iure
532 456 638 480 fortuna
656 449 705 476 fibi
724 449 854 475 vindicat:
877 453 903 472 et
916 445 1048 480 quidquid
1062 444 1098 470 est
1110 445 1233 483 prospere
1301 452 1330 470 re
1343 444 1465 482 priuatO,
1487 444 1546 472 iure
1566 445 1744 476 hereditario,
1768 444 1828 471 iure
1847 443 2033 474 auctoriam,
2055 444 2114 470 iure
2126 441 2260 476 mancipi,
2285 442 2345 468 iure

197 494 314 529 gestum,
334 492 361 518 id
381 501 461 527 paene
479 497 555 517 omne
573 487 644 512 ducit
663 486 747 510 suum.
819 482 893 509 Idem
907 484 960 508 Att.
978 490 998 513 3,
1019 489 1034 507 2
1048 487 1091 515 pr.
1125 481 1233 518 ltine-ris
1302 487 1372 505 next.
1408 478 1486 514 Nego
1500 481 1548 507 ess'e
1567 481 1647 508 vllam
1664 481 1772 507 domum
1792 480 1871 507 aliam
1889 480 1972 514 aeque
1986 481 2093 514 priuato
2111 478 2171 504 iure
2184 483 2263 511 atque
2275 477 2346 511 opti-

197 529 280 556 nostri
293 529 365 554 causa
380 529 447 557 fuit,
467 524 536 559 quod
549 531 602 548 non
617 520 744 547 habebam
752 519 848 549 locum,
859 517 908 544 vbi
922 526 970 552 pro
983 525 1044 542 meo
1058 517 1116 542 iure
1132 514 1233 540 dumus
1302 524 1345 541 ma
1359 514 1431 548 lege,
1451 515 1557 549 publico
1578 526 1644 543 vero
1665 516 1742 543 omni
1756 517 1915 550 praecipue,
1928 516 2046 541 humano
2067 519 2093 540 et
2108 513 2203 540 diuino
2217 514 2275 539 iure
2289 520 2347 538 mu-

196 565 245 591 efl'e
258 564 368 598 possem,
385 570 460 597 quam
473 561 500 585 in
514 557 625 584 fundum
641 556 721 582 Sicae.
793 553 904 588 Optimo
917 553 985 584 iure,
998 553 1038 578 vel
1049 551 1158 585 Optima
1172 558 1234 576 con·
1301 550 1393 576 nitam.
1464 551 1611 579 Famularia
1625 552 1682 578 iura
1695 552 1773 584 dare,
1793 553 1813 577 i.
1833 553 1910 587 Leges
1922 551 2045 587 seruiles,
2058 549 2146 586 quibus
2158 551 2239 581 ciues,
2252 553 2282 573 vt
2289 547 2346 584 ser-

197 600 298 626 ditione
313 598 415 634 praedia
428 603 488 630 quae
500 596 563 628 cripi
576 593 641 618 nullo
653 593 726 617 titulo
733 589 835 625 poffimt
842 610 850 621 ‚
871 589 926 615 Cic·
941 597 990 623 ΡΓΟ
1004 588 1034 613 L·
1049 589 1111 621 Agr·
1125 595 1148 619 35
1162 593 1179 619 7
1192 595 1213 611 C·
1222 593 1235 611 2
1253 596 1282 614 10
1301 595 1359 615 2101,
1373 591 1486 620 oporteat
1504 586 1596 615 obedire
1610 587 1691 614 Ouid.
1703 589 1768 614 Met.
1783 593 1818 619 ις,
1833 595 1891 621 597.
1960 585 2059 613 Caedes
2079 585 2228 619 legatorum
2245 584 2347 617 rumpit

197 635 308 669 Optimo
323 634 390 660 enim
406 632 462 657 iure
481 638 510 655 ea
525 629 582 654 sum
600 626 721 662 profecto
735 625 856 660 praedia,
878 632 944 658 quae
965 623 1067 658 optima
1079 622 1235 660 conditione
1301 622 1342 648 ius
1351 621 1478 647 Gentium
1498 622 1557 649 Liu.
1570 632 1598 656 4,
1613 630 1640 656 17
1649 629 1691 657 pr.
1747 623 1844 657 Neque
1864 623 1935 648 Vero
1955 621 2006 648 hoc
2023 620 2110 647 solum
2127 625 2240 650 natura,v
2262 618 2291 644 id
2309 617 2347 644 est

197 671 264 697 sunt,
307 668 361 696 lsjd,
377 664 450 698 Brzssj
463 665 490 690 de
506 665 622 698 Fortinp.
638 666 687 694 136.
711 663 818 688 Gronou.
829 660 862 687 ad
874 660 934 686 Liu.
950 668 977 692 9,
990 667 1031 691 34.
1086 656 1236 691 Complec‘ii
1302 657 1361 684 iure
1374 657 1501 683 Gentium
1520 657 1576 685 Cic.
1592 658 1643 685 Off.
1658 666 1669 690 3
1683 667 1703 685 c.
1718 666 1746 691 19
1758 666 1803 693 pr.
1874 657 2004 684 Gentium
2020 657 2081 689 ius,
2094 662 2124 682 vt
2141 658 2224 691 inquit
2238 653 2347 688 leian.

197 705 312 740 aliquem
334 710 419 735 aequo
442 700 501 727 iure
533 699 624 725 Tacit.
638 699 706 724 Ann.
729 705 754 728 2,
773 702 814 727 82--
886 695 942 722 Cic·
957 696 1033 721 Verr·
1052 702 1076 724 2,
1092 702 1120 725 32
1155 691 1236 719 Siculi
1302 693 1331 720 in
1347 693 1363 718 1.
1379 701 1388 718 1
1404 693 1435 718 D.
1451 691 1482 719 de
1497 693 1597 721 Iustitia
1609 700 1635 720 et
1653 694 1728 725 iure,
1745 693 1781 719 est
1794 694 1858 727 Quo
1873 698 1962 727 gentes
1977 692 2109 719 humanae
2127 695 2252 717 Vtuntur:
2273 688 2346 724 quod

196 737 247 768 h'oc
280 739 336 764 iure
365 738 422 762 sunt
438 756 446 768 ,
477 741 506 761 vt
540 733 611 769 quod
644 733 709 759 ciuis
741 740 801 758 cum
836 731 895 758 ciue
925 735 984 764 agat
1001 749 1009 761 ‚
1042 729 1117 755 domi
1155 732 1236 754 certet
1301 737 1316 755 a
1335 728 1448 755 naturali
1468 728 1590 757 recedere
1609 729 1670 756 inde
1690 729 1769 755 facile
1783 728 1933 762 intelligere
1953 728 2028 755 licet:
2049 727 2115 762 quia
2134 725 2259 753 omnibus
2279 723 2347 750 illud

194 776 247 802 suis
262 772 375 807 legibus,
394 772 452 798 haec
469 772 522 796 illis
538 770 655 805 jacicltas
674 767 768 803 legibus
787 766 883 793 tributa
902 764 944 798 est.
979 764 1047 792 Add.
1063 764 1100 790 ib.
1120 773 1136 791 2
1155 772 1176 790 e.
1192 771 1235 797 27.
1256 775 1281 797 ¹5
1300 763 1476 795 animalibus,
1493 763 1543 790 hoc
1556 766 1617 792 solis
1631 764 1784 791 hominibus
1802 764 1872 790 inter
1893 765 1917 791 se
1929 772 2070 790 commune
2084 763 2128 789 fit:
2153 761 2253 793 veluti,
2265 766 2294 786 vt
2307 760 2349 787 in-

195 812 285 842 Quun
304 807 370 834 mihi
392 807 474 833 rostra
492 812 580 831 tencre
594 806 637 833 Ius
655 809 711 830 erat
730 803 826 829 Lucan.
842 811 861 833 1,
876 809 937 835 274.
954 803 973 826 i.
992 802 1103 827 tice-ntia.
1174 799 1234 832 le.
1302 800 1360 834 quit
1381 799 1542 834 Pomponius
1559 801 1577 828 l.
1595 801 1732 835 sequenti,
1751 808 1813 834 erga
1826 799 1906 826 deum
1919 799 2034 834 religio,
2053 803 2083 825 vt
2099 796 2253 833 parentibus
2265 802 2291 822 et
2304 804 2349 830 pa-

193 846 222 872 in
238 845 254 870 1.
275 844 319 869 Vti
333 842 386 868 frui
402 843 434 868 D.
447 841 473 867 Si
487 840 646 866 vsusfruc‘tus
661 844 775 874 petatur,
789 844 833 864 etc.
886 835 1003 871 Negauit
1019 835 1061 862 ius
1075 835 1122 861 effe
1142 834 1234 860 vtendi
1300 835 1367 862 triae
1381 844 1528 869 pareamuS.
1597 837 1659 863 Liu.
1673 843 1696 869 ς,
1711 844 1741 871 27
1781 836 1824 861 Ius
1844 836 2000 862 Humanum
2027 841 2112 861 vocat.
2186 832 2263 858 Caius
2283 833 2312 857 iu
2328 831 2348 858 l.

192 879 299 907 fruendi
317 877 481 904 fructuario:
503 877 544 902 vel
559 875 607 902 fibi
628 875 668 901 ius
682 875 730 901 effe
749 872 918 908 prohibendi.
955 870 1037 898 Paull.
1053 871 1081 897 in
1094 871 1110 896 l.
1125 879 1136 902 3
1152 871 1183 896 D.
1200 869 1233 896 de
1301 872 1399 898 Omnes
1414 872 1446 897 D.
1461 870 1493 896 de
1505 870 1606 899 iustitia
1616 879 1642 899 et
1658 872 1732 904 iure,
1751 870 1832 905 Qtod
1853 880 1919 897 vero
1938 871 2064 897 naturalis
2082 869 2156 896 ratio
2175 868 2243 894 inter
2255 875 2348 893 omnes

191 915 281 942 seruit.
300 913 358 940 vrb.
379 911 465 947 praed.
494 912 536 938 Ne
558 912 598 937 ius
618 911 647 937 fit
668 910 758 936 vicino
778 908 870 935 inuitis
889 907 968 934 nobis
987 906 1066 933 altius
1085 905 1233 932 aedificare.
1300 906 1422 932 homines
1446 906 1596 940 constituit,
1613 908 1641 934 id
1661 908 1728 942 apud
1748 914 1839 933 onmes
1858 915 1988 941 peraeque
2005 905 2168 936 custoditur,
2183 908 2349 937 vocaturque

191 952 224 978 ln.
243 951 283 976 his
301 949 412 975 omnihus
432 948 471 974 ius
489 947 541 979 est,
561 946 626 982 quod
637 947 795 977 viduatum,
816 945 856 970 vel
868 946 974 975 ciuitas,
991 943 1033 968 vel
1046 943 1166 977 populus,
1194 941 1235 967 vel
1247 945 1280 963 20
1301 942 1342 968 ius
1350 942 1491 968 Gentium:
1511 942 1580 977 quasi
1599 952 1653 979 quo
1672 944 1730 969 iure
1744 951 1836 969 omnes
1849 947 1938 977 gentes
1953 948 2070 968 Vtuntur,
2126 939 2209 966 Ahud
2224 940 2266 964 Ius
2278 938 2349 964 Gen-

190 995 265 1022 gens,
284 986 324 1010 vel
339 982 440 1016 vietor,
461 984 500 1009 vel
514 984 564 1013 lex,
578 984 617 1008 vel
636 981 781 1018 consuetudo
798 980 871 1006 iubet.
909 979 990 1005 Plaut.
1007 977 1081 1012 Epid.
1105 987 1130 1009 3,
1150 987 1183 1011 4,
1201 978 1233 1006 86
1300 979 1368 1004 tium
1387 979 1477 1004 Romae
1490 984 1560 1010 erat,
1573 986 1616 1014 quo
1629 981 1738 1015 patricii
1751 977 1962 1014 distinguerentur
1974 986 1989 1003 a
1998 977 2120 1012 plebeiis,
2133 975 2201 1010 apud
2215 974 2275 1001 Liu.
2290 981 2317 1008 7,
2331 973 2349 1000 6

191 1024 275 1054 Atque
295 1019 462 1045 meminoris
481 1018 595 1050 saelum,
610 1026 671 1052 prae
690 1017 753 1049 illo,
766 1017 812 1051 qui
832 1014 955 1042 omnium
975 1014 1079 1048 legum,
1095 1018 1172 1047 atquc
1193 1012 1233 1038 iu-
1300 1020 1364 1039 extr.
1401 1013 1469 1040 Add.
1485 1022 1507 1046 3,
1522 1020 1585 1048 1Pr.
1621 1042 1625 1047 ἱ
1655 1015 1778 1041 Genialia
1797 1014 1856 1040 iura
1876 1013 1951 1040 cordi
1975 1013 2036 1039 Stat,
2051 1012 2115 1039 Sim,
2135 1019 2161 1044 34
2181 1019 2205 1043 3,
2226 1015 2269 1040 108
2287 1017 2349 1043 φωρ

189 1057 260 1084 rium
275 1055 367 1087 fictor,
380 1054 520 1087 conditor,
537 1054 614 1080 cluet.
682 1052 784 1079 Paullus
800 1052 817 1077 l.
831 1060 851 1077 11
870 1051 908 1076 De
927 1049 987 1076 lust.
1002 1055 1028 1075 et
1046 1049 1097 1074 iur.
1112 1049 1154 1074 Ius
1175 1048 1232 1082 plu·
1299 1051 1483 1075 matrimonium
1500 1052 1639 1084 imperant,
1659 1051 1699 1076 vel
1710 1049 1862 1085 simpliciter
1881 1049 1910 1075 de
1923 1050 2080 1075 matrimonio
2099 1049 2214 1083 cogitat,
2228 1052 2258 1071 vt
2271 1045 2350 1071 Clau-

188 1091 262 1118 ribus
282 1090 366 1117 modis
385 1090 495 1117 dicitur:
515 1098 568 1115 vno
583 1088 692 1123 quidem
705 1087 787 1113 modo
801 1086 839 1119 id,
855 1085 928 1120 quod
948 1086 1050 1119 semper
1068 1092 1184 1118 aequum
1203 1091 1232 1109 ac
1302 1084 1373 1110 dian.
1385 1093 1396 1116 3
1409 1084 1501 1120 gStilic.
1519 1086 1570 1111 262
1595 1086 1620 1112 0
1634 1086 1734 1119 sociae,
1747 1094 1851 1111 mecum
1871 1084 1984 1111 thalami
2000 1092 2067 1118 quae
2082 1083 2141 1109 iura
2154 1082 2280 1117 perosae,
2292 1089 2351 1106 con-

187 1127 288 1154 bonum
302 1126 354 1158 est,
364 1126 403 1153 ius
417 1125 565 1156 dicitur,vt
578 1124 613 1150 est
628 1124 669 1150 ius
686 1122 813 1150 naturale.
849 1121 941 1148 Altero
954 1120 1047 1153 modo,
1059 1119 1131 1154 quod
1145 1119 1232 1145 omni·
1252 1122 1280 1148 23
1299 1123 1402 1156 sugium.
1437 1121 1522 1147 Simile
1535 1120 1592 1147 Sen.
1606 1121 1716 1155 Hippoi.
1731 1123 1780 1155 416
1802 1121 1930 1151 Toruus,
1945 1121 2066 1150 auersiis,
2077 1119 2171 1149 ferox,
2184 1117 2214 1144 in
2229 1117 2287 1143 iura
2296 1116 2352 1152 <Ve-

186 1162 235 1189 bus
249 1168 293 1188 aut
306 1161 426 1195 pluribus
440 1162 468 1186 in
481 1168 635 1194 quacunque
652 1159 760 1185 ciuitate
772 1157 838 1185 vtile
852 1157 901 1183 est:
927 1162 956 1183 vt
969 1156 1004 1182 est
1018 1156 1058 1182 ius
1073 1155 1170 1187 ciuile,
1183 1163 1231 1181 nce
1300 1156 1372 1182 neris
1391 1155 1489 1183 redeat.
1561 1156 1743 1183 Honorarium
1752 1176 1760 1188 ,
1780 1156 1817 1182 est
1829 1157 1899 1183 Viua
1912 1164 1965 1182 vox
1987 1155 2054 1181 iuris
2066 1154 2172 1186 ciuilis,
2187 1157 2217 1179 we
2230 1154 2268 1178 ait
2281 1152 2351 1179 Mat-

185 1199 274 1225 minus
290 1198 328 1222 ius
341 1197 412 1223 recle
428 1195 573 1230 appellatur
587 1196 615 1221 in
634 1195 743 1221 ciuitate
757 1193 845 1220 nostra
863 1193 902 1219 ius
916 1192 1105 1219 honorarium:
1157 1192 1232 1217 Prae·
1298 1191 1362 1218 tian.
1376 1191 1394 1217 l.
1408 1192 1479 1218 Nam
1499 1197 1525 1217 et
1544 1190 1628 1226 ipsum
1648 1193 1679 1218 D.
1699 1191 1732 1218 de
1747 1192 1849 1219 iustitia
1868 1198 1893 1218 et
1911 1191 1979 1218 iure.
2017 1192 2110 1225 Nempe
2127 1188 2161 1222 est
2178 1187 2350 1221 Praetorium

184 1239 229 1259 tor
242 1241 347 1267 quoquc
369 1232 408 1257 ius
423 1232 531 1257 reddere
544 1231 657 1262 dicitur,
678 1231 757 1257 etiam
779 1238 838 1262 cum
851 1228 944 1263 inique
964 1227 1082 1254 decernit
1102 1226 1232 1252 relatione
1297 1228 1338 1253 ius
1348 1247 1356 1259 ,
1371 1237 1396 1254 υ.
1411 1236 1437 1254 υ.
1508 1227 1730 1261 Imperatorium,
1747 1227 1801 1254 vid.
1822 1234 1956 1254 IMPERO.
2028 1224 2199 1260 Incorporale
2214 1222 2350 1257 aninffil.

184 1269 283 1295 scilicet
301 1267 369 1293 t'aGta
387 1275 441 1292 non
460 1266 492 1293 ad
512 1266 554 1298 id,
572 1265 644 1301 quod
663 1265 699 1293 ita
719 1271 825 1300 praetor
845 1264 925 1296 fecit,
944 1263 988 1291 sed
1007 1263 1039 1290 ad
1060 1262 1143 1294 illud,
1157 1261 1230 1297 quod
1297 1271 1322 1295 5,
1337 1271 1373 1289 10.
1443 1262 1565 1289 Italicum
1578 1262 1636 1296 ius,
1656 1263 1684 1289 de
1697 1272 1742 1299 quo
1754 1262 1844 1297 paffim
1855 1266 1883 1289 in
1896 1261 2049 1294 Pandetffis,
2061 1261 2103 1288 tit.
2118 1261 2150 1287 de
2171 1259 2269 1287 cenfib.
2283 1258 2353 1285 nihil
2378 1270 2382 1272 ·
2414 1275 2422 1280 κ

183 1311 333 1339 praetorem
352 1303 438 1328 facere
457 1302 590 1328 conuenit.
630 1302 723 1338 Nempe
744 1300 809 1328 illud
829 1303 901 1326 ctiam
915 1300 955 1326 ius
970 1299 1015 1331 est,
1023 1299 1113 1334 facere
1125 1299 1165 1324 vel
1173 1301 1231 1332 peti
1246 1304 1278 1329 30
1296 1298 1367 1325 aliud
1378 1297 1506 1333 est,quam
1522 1300 1668 1325 Immunitas
1680 1307 1695 1324 α
1707 1299 1822 1325 tributis.
1858 1295 2015 1334 Posteaquam
2029 1293 2093 1324 ‘enim
2107 1297 2198 1323 Italiae
2209 1296 2294 1332 solum
2302 1296 2352 1326 im·

202 1339 247 1365 uod
262 1346 364 1373 praetor
384 1340 467 1373 inique
480 1339 666 1373 pronuntiauit.
843 1333 863 1371 fl
885 1344 897 1361 2
933 1335 1015 1362 Addit
1030 1333 1149 1366 Paullus,
1170 1333 1229 1359 Alia
1295 1331 1475 1369 munefoffum
1487 1332 1537 1366 est,
1550 1335 1706 1369 prouinciale
1726 1340 1806 1360 autem
1822 1334 2001 1366 tributarium,
2012 1334 2102 1359 multae
2120 1335 2239 1358 ciuitates
2252 1333 2281 1356 in
2290 1336 2350 1364 pro-

182 1349 371 1409 iigmficatione
386 1374 425 1399 ius
441 1372 539 1399 dicitur
552 1374 635 1404 locus,
650 1372 678 1398 in
692 1380 745 1407 quo
759 1371 799 1398 ius
813 1370 944 1403 redditur,
958 1370 1136 1405 appellatione
1151 1368 1229 1395 colla·
1295 1373 1390 1396 vinciis
1410 1369 1450 1395 ius
1470 1369 1592 1396 Italicum
1611 1370 1788 1404 impetrauere,
1810 1376 1841 1396 ve
1859 1370 1982 1400 coloniae,
1999 1378 2059 1404 quae
2078 1370 2143 1394 iuris
2161 1373 2234 1393 erant
2254 1365 2353 1398 Italici,

182 1415 209 1437 ta
222 1410 254 1436 ab
269 1419 316 1441 eo,
331 1408 401 1444 quod
418 1408 448 1435 fit
462 1409 490 1434 in
503 1418 544 1441 eo,
559 1409 606 1435 vbi
618 1408 660 1434 fit:
684 1416 764 1442 quem
779 1407 866 1433 locum
887 1406 1064 1433 determinare
1079 1405 1130 1431 hoc
1148 1405 1230 1431 modo
1296 1415 1359 1442 quas
1374 1406 1499 1441 plurimas
1518 1406 1692 1441 iurisconficlti
1710 1411 1897 1431 commemorant
1916 1407 1943 1430 in
1956 1406 2030 1430 titulo
2043 1404 2071 1430 de
2086 1402 2202 1437 censibus.
2225 1403 2265 1429 Ex
2283 1402 2351 1428 Tur-

177 1447 311 1481 poffiunus
320 1465 326 1476 ,
336 1451 372 1477 vt,
387 1444 538 1479 vbieunque
553 1445 670 1476 Praetor,
678 1443 747 1470 salua
760 1442 892 1469 maiestate
904 1442 1013 1476 imperii
1027 1441 1066 1468 sui
1075 1461 1083 1473 ,
1103 1440 1230 1475 saluoque
1296 1441 1364 1467 nebo.
1444 1440 1605 1474 Legitimum
1614 1461 1622 1473 ,
1641 1439 1695 1466 vid.
1718 1447 1788 1467 LEX.
1859 1440 1989 1474 Mancipii
2000 1440 2055 1471 ius,
2067 1437 2100 1472 eli
2114 1440 2158 1465 Ius
2176 1438 2285 1464 dominii
2303 1445 2352 1463 em-

182 1490 256 1507 more
277 1481 426 1515 maiorum,
447 1480 488 1506 ius
509 1480 596 1506 dicere
617 1479 767 1511 constituit,
794 1479 816 1504 is
833 1478 906 1504 locus
926 1477 997 1504 recte
1014 1477 1055 1503 ius
1075 1477 1229 1511 appelletur.
1247 1484 1275 1510 35
1297 1480 1363 1503 tione
1376 1475 1506 1512 acquisiti,
1520 1477 1571 1504 vid.
1587 1477 1612 1503 h.
1627 1485 1652 1504 v.
1721 1475 1860 1506 Maritale,
1874 1485 1888 1502 a
1903 1474 2019 1502 Romulo
2038 1474 2184 1501 concessum
2202 1472 2304 1501 marito
2320 1471 2351 1500 in

145 1517 160 1521 ”
180 1518 212 1544 In
225 1517 271 1543 hac
284 1523 365 1552 nempe
375 1515 506 1551 formula,
520 1523 549 1542 υι
567 1519 595 1541 in
608 1522 678 1550 tropo
691 1517 771 1547 omni,
785 1514 933 1546 notandum,
946 1523 995 1539 non
1007 1512 1159 1547 simpliciter
1167 1514 1231 1547 poni
1298 1521 1409 1539 vxorem
1418 1532 1425 1544 ,
1440 1511 1458 1538 si
1474 1512 1630 1546 pudicitiam
1643 1511 1780 1543 violasset,
1792 1517 1817 1537 et
1830 1511 1925 1538 vinum
1944 1510 2065 1543 bibisset,
2081 1509 2179 1538 horum
2193 1507 2351 1535 conuictam

179 1561 254 1578 vnum
268 1559 317 1587 pro
333 1553 425 1582 altero,
440 1551 487 1588 fid
507 1550 631 1587 dtfignari
648 1560 723 1578 unum
737 1557 785 1586 per
799 1551 922 1582 alterum,
935 1550 977 1575 vel
988 1558 1041 1574 cum
1055 1549 1141 1574 altero.
1179 1548 1230 1582 Qi
1296 1557 1345 1583 pro
1364 1548 1480 1574 arbitrio
1498 1548 1609 1582 punire,
1629 1547 1679 1574 vbi
1699 1548 1801 1574 causam
1818 1556 1879 1573 cum
1899 1546 2057 1582 propinquis
2076 1545 2246 1580 cognouiss'et.
2290 1542 2352 1570 Vid.

172 1591 274 1624 primus
292 1587 359 1613 dixit
371 1588 401 1613 In
415 1587 455 1614 ius
468 1586 635 1619 ambula,il.le
653 1587 698 1613 hoc
717 1587 797 1613 voluit
809 1585 844 1612 ad
860 1585 900 1611 ius
912 1584 1073 1616 atidiendum,
1087 1583 1120 1609 ad
1132 1583 1232 1620 senten·
1297 1584 1364 1611 Gell.
1378 1593 1415 1615 10,
1431 1592 1466 1616 23.
1534 1583 1715 1617 Municipale‚
1736 1582 1853 1618 vidpos}
1874 1588 2001 1610 MVNVS.
2067 1581 2112 1607 Ius
2126 1581 2261 1612 Naturae,
2274 1576 2352 1614 quod

174 1627 265 1659 tiam,
275 1632 322 1658 qua
333 1622 380 1648 tibi
388 1621 506 1655 standum
513 1622 558 1656 st!-
595 1624 626 1648 Et
644 1625 682 1648 ita
694 1621 791 1658 semper
804 1622 967 1657 intelligitur.
1006 1621 1090 1655 Neque
1108 1622 1171 1645 enim
1188 1619 1229 1644 ille
1296 1619 1375 1646 nobis
1390 1628 1446 1645 non
1459 1618 1571 1654 opinio,
1590 1619 1633 1645 sed
1648 1618 1778 1653 quaedam
1790 1619 1880 1645 innata
1894 1619 1934 1645 vis
1947 1617 2054 1649 afferat,
2066 1622 2096 1643 vt
2109 1616 2278 1651 religionem,
2291 1614 2352 1649 pie-

178 1668 205 1685 v.
217 1668 242 1694 g.
263 1661 304 1693 qui
317 1661 354 1683 rei
365 1660 481 1691 priuatae
494 1658 582 1692 causa,
601 1667 625 1684 υ.
639 1666 664 1694 g.
680 1665 709 1683 vt
721 1656 852 1688 Medicus,
864 1664 893 1682 vt
907 1658 1027 1687 conuitio,
1041 1655 1074 1682 ad
1086 1656 1227 1681 Praetorem
1248 1659 1285 1685 40
1295 1662 1390 1687 tatem,
1403 1655 1515 1688 gratiam
1528 1662 1573 1681 etc.
1588 1655 1644 1681 Cic.
1661 1654 1693 1681 de
1708 1655 1812 1681 Inuent.
1824 1663 1841 1681 2
1860 1663 1882 1681 c.
1897 1662 1938 1681 22.
1974 1652 2042 1680 Add.
2057 1652 2124 1679 ibid.
2139 1661 2161 1678 c.
2175 1659 2211 1684 53.
2283 1650 2351 1684 le-

178 1701 298 1726 vocatur,
318 1692 346 1719 in
359 1693 399 1718 ius
413 1697 531 1718 vocatur.
568 1694 634 1717 Haec
643 1692 748 1726 subinde
763 1695 873 1726 cogitare
887 1698 997 1725 oportet,
1010 1694 1052 1726 qui
1063 1697 1177 1717 accurate
1189 1693 1227 1716 in·
1296 1692 1325 1718 in
1342 1691 1358 1717 Ι.
1374 1700 1383 1717 1
1398 1690 1420 1728 §.
1441 1693 1485 1717 Ius
1496 1691 1615 1717 naturale
1630 1691 1662 1717 D,
1677 1691 1709 1717 de
1723 1690 1827 1717 Iustitia
1840 1697 1865 1717 et
1878 1690 2007 1720 iure‚1us
2021 1688 2142 1715 naturale
2159 1687 2204 1718 est,
2217 1686 2289 1722 quod
2303 1694 2351 1712 na.

177 1728 287 1764 telligcre
300 1728 373 1754 bonos
383 1727 536 1763 scriptores,
550 1730 593 1762 qui
610 1725 677 1753 reete
695 1726 746 1761 ipse
763 1728 831 1761 loqui
846 1727 917 1751 velit.
953 1726 995 1752 stc
1011 1729 1054 1760 qui
1067 1726 1096 1752 de
1108 1727 1227 1752 Romanis
1295 1732 1354 1754 tura
1373 1728 1464 1753 onmia
1478 1727 1604 1753 animalia
1617 1726 1718 1755 docuit.
1754 1727 1826 1753 Nam
1841 1727 1886 1753 Ius
1900 1725 1970 1752 istud
1982 1732 2037 1752 non
2049 1724 2136 1751 solum
2147 1723 2259 1750 humani
2270 1730 2353 1757 gene-

177 1765 250 1792 rebus
263 1765 408 1799 loquuntur,
430 1764 581 1789 Praetorem
599 1760 759 1797 intelligunt,
772 1770 824 1786 cum
841 1763 869 1786 in
889 1763 929 1786 ius
948 1766 1055 1785 vocant:
1093 1764 1179 1786 comici
1199 1764 1227 1786 in
1294 1763 1332 1789 ris
1345 1763 1483 1796 proprium
1499 1762 1550 1794 est,
1571 1763 1615 1789 sed
1635 1768 1660 1789 et
1679 1762 1802 1790 omnium
1816 1762 2065 1796 animalium,quae
2078 1760 2108 1786 in
2131 1765 2217 1792 terra,
2237 1766 2305 1794 quae
2319 1757 2351 1785 in

169 1800 273 1838 fabulis
278 1800 334 1836 fiiis
341 1799 459 1833 palliatis
468 1815 476 1828 ‚
493 1800 512 1823 i.
533 1798 638 1822 Graecos
650 1797 760 1822 homines
773 1799 799 1821 in
807 1796 907 1830 scenam
916 1794 1119 1830 producentibus,
1140 1804 1226 1820 vnum-
1295 1797 1364 1822 mari
1379 1798 1536 1829 naseuntur,
1556 1798 1647 1823 auium
1667 1807 1777 1832 quoque
1796 1806 1938 1825 commune
1951 1797 1996 1823 est.
2034 1796 2106 1822 Hinc
2120 1794 2254 1821 descendit
2266 1793 2352 1823 matis

196 1844 292 1871 nemque
305 1835 417 1861 iudicem.
487 1834 555 1859 Ter.
570 1832 676 1858 Phorm.
691 1839 714 1863 5,
729 1839 755 1864 7,
768 1839 800 1863 43
831 1831 863 1855 In
883 1831 925 1855 ius
937 1829 1054 1856 ambula.
1076 1837 1101 1856 P.
1123 1830 1150 1856 in
1165 1830 1225 1856 ius?
1242 1837 1276 1864 45
1294 1838 1373 1866 atque
1387 1832 1504 1858 feminae
1517 1832 1689 1864 coniunctio,
1708 1841 1788 1866 quam
1801 1842 1849 1859 nos
1862 1832 2073 1863 matrimonium,
2086 1830 2264 1865 appellamus,
2283 1828 2352 1855 hine

205 1876 313 1902 onatus,
334 1869 374 1896 Ad
394 1868 524 1895 iudicium
537 1876 627 1893 eamus
640 1866 752 1893 scilicet:
777 1874 841 1905 nam¹
852 1866 895 1891 Ius
909 1873 959 1899 pro
972 1865 1045 1890 Loco
1059 1864 1104 1890 est.
1142 1864 1224 1890 Plaut.
1294 1867 1445 1893 liberorum
1464 1868 1632 1899 procreatio,
1652 1866 1714 1894 hinc
1734 1867 1866 1894 educatio.
1903 1866 2031 1894 Videmus
2046 1866 2148 1891 etenim
2167 1871 2269 1891 caetera
2281 1871 2352 1899 quo-

177 1906 256 1934 Most.
273 1914 297 1938 ς,
310 1914 329 1937 1,
342 1914 378 1937 4ο
409 1904 483 1937 Qun
501 1910 527 1929 et
545 1903 623 1929 illum
643 1902 671 1928 in
691 1902 732 1928 ius
753 1900 816 1927 iube
834 1908 882 1926 xre.
937 1899 1013 1926 Idem
1026 1900 1098 1925 Men.
1116 1907 1144 1932 4,
1157 1907 1224 1930 2,19
1294 1909 1347 1934 que
1365 1900 1507 1930 animalia,
1530 1901 1597 1926 feras
1614 1901 1695 1927 ctiam
1714 1902 1816 1926 bestias
1831 1903 1906 1927 istius
1926 1902 1993 1926 iuris
2015 1901 2113 1933 peritia
2136 1901 2244 1927 censeri.
2299 1897 2353 1927 Sed

176 1943 230 1969 Aut
244 1941 275 1968 ad
289 1940 429 1975 populum,
443 1944 488 1966 aut
508 1940 536 1965 in
550 1938 624 1970 iure,
636 1943 681 1963 aut
692 1937 725 1963 ad
741 1935 858 1963 iudicem
868 1956 875 1967 ,
888 1936 939 1961 Res
959 1934 1005 1960 est.
1050 1935 1103 1960 Hic
1116 1936 1225 1959 Romano
1294 1936 1355 1961 Sall.
1370 1935 1472 1968 Fragm.
1486 1934 1555 1960 Hist.
1572 1937 1589 1960 6
1602 1935 1673 1961 Cott.
1689 1942 1702 1967 5
1730 1935 1802 1961 Nam
1821 1936 1877 1962 vita
1890 1941 1916 1961 et
1928 1943 2000 1961 mors
2015 1935 2075 1960 iura
2094 1940 2203 1960 naturae
2217 1935 2289 1960 stint:
2308 1934 2354 1960 ue!
2373 1948 2379 1953 ι

175 1986 241 2004 more
261 1976 377 2002 iudicem
395 1985 410 2000 a
428 1975 501 2006 iure,
520 1977 538 2000 i.
558 1976 683 2009 praetoris
702 1971 878 1998 iurisdictione
897 1969 1039 2006 distinguit.
1101 1968 1138 1995 Id.
1156 1968 1224 1994 Rud.
1292 1977 1322 1996 vt
1334 1971 1396 2000 alii,
1408 1970 1466 1996 iure
1484 1975 1593 1996 naturae
1613 1971 1688 2002 sunt,
1707 1972 1725 1996 i.
1743 1979 1760 1996 a
1772 1976 1866 1997 natura
1886 1966 1935 2003 eli,
1949 1977 1973 1996 et
1985 1970 2152 2002 immutabile,
2164 1976 2196 1996 vt
2211 1969 2352 2004 nasi-antur

175 2021 199 2045 3,
214 2014 240 2044 6,
255 2020 283 2038 21
313 2012 368 2044 Ego
382 2009 451 2035 hunc
470 2009 605 2035 scelestum
619 2009 648 2034 in
662 2009 703 2034 ius
717 2007 819 2041 rapiam
839 2007 954 2033 exulem.
991 2006 1061 2039 Age,
1075 2004 1182 2031 ambula
1196 2005 1225 2029 in
1241 2014 1273 2040 50
1292 2006 1400 2034 homines
1419 2013 1442 2031 et
1459 2009 1609 2032 moriantur.
1665 2005 1832 2039 Obscurum,
1866 2005 2048 2041 oppidanum,
2071 2003 2140 2039 uſj‘.
2151 2005 2177 2032 ll.
2234 2004 2352 2032 Ordina-

174 2049 217 2075 ius
232 2054 278 2074 etc.
337 2047 370 2072 Et
383 2054 439 2071 mox
456 2049 484 2074 28
513 2045 543 2070 In
563 2044 621 2070 iure
634 2043 718 2068 dicito
738 2044 847 2069 causam.
920 2042 977 2068 Cic.
991 2049 1041 2075 pro
1054 2041 1175 2067 Muraen.
1190 2041 1225 2065 26
1291 2042 1363 2068 rium
1373 2061 1380 2073 ,
1393 2043 1527 2076 opponitur
1541 2041 1712 2077 Cognitioni:
1732 2041 1802 2069 Suet.
1814 2041 1917 2069 Tiber.
1931 2051 1953 2069 c.
1966 2050 1998 2073 3¹-
2026 2047 2050 2068 et
2062 2041 2156 2068 Claud.
2170 2050 2192 2067 c.
2205 2048 2240 2075 51.
2271 2039 2350 2075 Cous.

175 2093 198 2110 c.
212 2092 238 2110 12
253 2082 382 2119 formulas
393 2082 488 2115 aliquot
502 2080 614 2105 lCtorum
626 2084 812 2117 commemorat,
830 2079 858 2103 in
871 2077 957 2111 quibus
969 2079 1043 2103 etiam
1056 2076 1114 2107 illa,
1134 2078 1224 2109 Qian-
1293 2079 1406 2113 Interpp.
1422 2079 1452 2104 it.
1471 2077 1581 2103 Turneb.
1594 2077 1660 2104 Adu.
1673 2087 1715 2112 27,
1728 2087 1765 2112 19.
1835 2078 1909 2104 Pacis
1928 2078 1987 2104 iura
2004 2077 2067 2104 Liu.
2086 2083 2110 2110 5,
2130 2085 2169 2108 27.
2226 2076 2351 2105 ,Pontifi-

174 2119 211 2146 do
225 2124 250 2145 te
262 2119 291 2144 in
305 2117 364 2144 iure
377 2115 520 2150 conspicio.
576 2115 626 2141 Pro
641 2113 748 2139 Caecm.
760 2120 793 2144 54
804 2121 826 2142 ,c-
841 2120 870 2144 19
889 2114 926 2137 ita
938 2111 1026 2144 effert,
1047 2110 1223 2144 Qandoqui-
1292 2113 1362 2140 cium
1372 2132 1380 2144 ‚
1402 2112 1454 2138 vid.
1467 2115 1494 2138 in
1507 2119 1690 2141 PONT1FEx.
1727 2113 1881 2140 Precarium
1898 2113 1991 2140 Tacit.
2005 2113 2038 2140 de
2051 2113 2176 2140 German.
2189 2121 2237 2147 44.
2272 2112 2351 2139 Prae-

173 2155 235 2181 dem
251 2160 276 2180 te
290 2154 319 2179 in
334 2153 393 2179 iure
407 2150 550 2185 conspicio.
610 2148 667 2175 Cic.
681 2156 730 2182 pro
743 2147 838 2180 Qiint.
851 2154 885 2181 79
900 2155 922 2172 c.
936 2154 966 2178 23
990 2145 1077 2172 Biduo
1093 2145 1163 2185 post,
1177 2151 1223 2171 aut
1292 2147 1573 2182 torium:Papinianus
1587 2149 1604 2175 1.
1618 2148 1659 2175 ius
1674 2154 1764 2175 autem
1778 2149 1810 2176 D.
1826 2149 1859 2176 de
1878 2149 1981 2176 iustitia
1994 2154 2020 2176 et
2039 2148 2116 2181 iure,
2128 2150 2172 2175 Ius
2180 2148 2350 2175 Praetorium

174 2196 205 2217 vt
218 2189 304 2215 statim
317 2188 349 2214 de
370 2188 428 2214 iure
443 2186 539 2222 aliquis
551 2185 716 2216 cucurrerit,
732 2192 787 2208 non
799 2188 858 2208 toto
876 2180 969 2208 triduo
984 2185 1046 2206 DCC
1064 2180 1150 2205 millia
1169 2181 1222 2213 pas·
1241 2192 1270 2218 55
1293 2182 1329 2207 est
1362 2181 1415 2207 uod
1429 2182 1565 2208 Praetores
1582 2184 1788 2212 introduxerunt
1802 2184 1964 2218 adiuuandi,
1978 2184 2022 2212 vel
2034 2184 2188 2219 supplendi,
2206 2184 2250 2210 vel
2264 2184 2351 2211 corti.

175 2227 251 2253 suum
263 2224 458 2250 conficiuntur3
515 2222 594 2248 Verr.
607 2229 630 2253 2,
644 2224 688 2254 187
702 2227 724 2245 c·
740 2220 775 2253 76
800 2219 830 2244 In
844 2217 884 2243 ius
900 2216 932 2243 ad
946 2215 1084 2257 Metellum
1099 2215 1225 2256 Carpina-
1292 2224 1344 2256 gen
1365 2217 1374 2241 i
1387 2217 1459 2256 iuris⁴
1469 2214 1559 2243 c'iuilis
1580 2220 1665 2251 gratia
1677 2227 1788 2252 propter
1803 2221 1947 2248 vtilitatem
1966 2220 2117 2256 publicam,
2136 2219 2210 2256 quod
2223 2224 2249 2246 et
2262 2219 2350 2246 hono-

175 2262 245 2288 tium
268 2269 344 2287 voco.
403 2260 445 2286 Sic
459 2268 488 2292 4,
502 2264 544 2292 147
557 2266 579 2283 c.
592 2258 623 2289 65
652 2255 721 2281 Cum
742 2253 775 2280 ad
792 2254 943 2281 Praetorem
961 2260 990 2278 in
1010 2260 1051 2277 ius
1072 2249 1224 2280 adulemus5
1291 2259 1395 2278 rarium
1408 2251 1524 2283 dicitur,
1544 2251 1578 2278 ab
1597 2252 1701 2279 honore
1721 2254 1878 2281 Praetorum
1897 2257 1931 2283 fic
1953 2256 2132 2283 nominatum.
2199 2256 2350 2288 priuatum,

175 2297 308 2331 excogitat
327 2296 386 2321 sane
406 2294 548 2328 diligenter
561 2298 587 2319 ct
600 2298 691 2323 caute,
705 2289 770 2325 quid
782 2289 920 2317 decernat:
938 2297 999 2314 nam
1013 2293 1155 2321 antequam
1166 2294 1224 2312 ver·
1292 2286 1329 2313 est
1343 2287 1450 2322 (inquit
1464 2287 1569 2321 leian.
1583 2286 1612 2314 in
1625 2287 1642 2314 l.
1658 2297 1668 2314 1
1680 2286 1798 2324 §.huius
1812 2289 1893 2316 studii
1912 2291 1945 2317 D.
1958 2292 1991 2317 de
2009 2292 2111 2318 iustitia
2123 2296 2150 2317 et
2166 2291 2244 2323 iure)
2264 2290 2348 2324 Qiod

176 2332 240 2359 bum
253 2336 365 2358 tacerem
374 2351 383 2363 ,
397 2330 428 2356 dc
442 2329 503 2355 sella
517 2328 632 2355 surrexit
643 2332 722 2362 atque
734 2326 811 2353 abiit.
848 2326 941 2360 Itaque
955 2330 1012 2351 tum
1029 2322 1062 2349 dc
1076 2324 1149 2354 soro,
1165 2330 1224 2348 cum
1293 2323 1324 2349 ad
1339 2322 1501 2356 singulorum
1515 2323 1660 2350 vtilitatem
1674 2323 1797 2358 pertinet.
1833 2325 1865 2351 Et
1873 2326 1958 2359 paullo
1966 2324 2036 2359 post,
2052 2326 2189 2352 Priuatum
2202 2327 2243 2351 ius
2255 2333 2348 2353 autem

175 2368 229 2395 iam
249 2367 485 2401 aducsperasceret,
500 2363 664 2390 discessimus.
717 2363 750 2388 Et
767 2370 823 2387 mox
838 2366 882 2393 148
899 2370 920 2387 c.
936 2362 971 2386 66
1001 2358 1128 2394 Copulati
1149 2358 1224 2398 (cuin
1240 2360 1275 2386 60
1292 2358 1457 2393 tripertitum
1474 2359 1525 2385 estt
1548 2359 1691 2386 collectum
1704 2359 1740 2385 est
1753 2359 1826 2386 enim
1838 2368 1871 2386 ex
1890 2359 2057 2386 naturalibus
2069 2359 2215 2394 praeceptis
2227 2366 2272 2386 aut
2285 2368 2348 2394 gen-

175 2410 277 2439 uterque
297 2408 389 2429 tut-uret
408 2410 480 2427 manu
500 2400 610 2430 tabutas,
626 2399 654 2425 de
667 2397 755 2434 quibus
775 2396 981 2432 discepwbatur)
998 2396 1025 2420 in
1048 2396 1087 2421 ius
1102 2401 1224 2429 perueni-
1292 2395 1377 2427 tium,
1397 2401 1442 2421 aut
1456 2394 1592 2422 ciuilibus.
1664 2395 1820 2430 Proprium:
1858 2395 1937 2423 Caius
1956 2394 2016 2421 inl.
2036 2403 2129 2421 omnes
2145 2395 2179 2421 D.
2193 2394 2224 2421 de
2243 2394 2347 2422 iustitia

177 2448 244 2466 mus.
280 2438 325 2465 Sal
337 2439 409 2463 etiam
429 2436 458 2462 de
477 2435 569 2462 iudicio
583 2434 635 2461 dici
649 2434 705 2466 ius,
720 2439 772 2459 tum
791 2434 836 2459 illa
853 2433 998 2458 comicorum
1011 2432 1065 2456 loca
1084 2429 1225 2469 ostendunt,
1294 2436 1320 2457 et
1335 2431 1409 2463 iure,
1433 2431 1515 2465 Qiod
1535 2431 1650 2466 quisque
1669 2431 1781 2465 populus
1796 2431 1851 2466 ipse
1863 2431 1913 2457 fibi
1932 2430 1974 2457 ius
1988 2430 2141 2463 constituit,
2152 2429 2180 2456 id
2194 2429 2271 2464 ipsius
2284 2438 2348 2465 pro.

176 2484 237 2511 quae
249 2474 316 2500 modo
331 2475 408 2500 allato
417 2472 498 2534 gitur,
511 2478 562 2497 tum
575 2469 641 2496 illud
659 2468 790 2502 Quintffil.
804 2470 829 2499 6,
844 2476 864 2500 1,
879 2475 909 2500 41
930 2468 1012 2498 Puer,
1028 2475 1106 2500 quem
1131 2465 1159 2490 in
1179 2472 1222 2490 ius
1293 2466 1382 2500 prium
1395 2466 1512 2492 ciuitatis
1529 2466 1580 2492 est:
1599 2474 1763 2501 vocaturque
1781 2467 1822 2493 ius
1843 2466 1939 2498 ciuile,
1960 2466 2032 2501 quali
2051 2466 2094 2492 ius
2112 2466 2254 2500 proprium
2266 2465 2350 2500 ipsius

177 2509 353 2546 producium,
367 2508 413 2542 qui
454 2509 544 2539 ficret,
559 2505 754 2540 interrogabat,
769 2512 801 2531 ex
822 2503 972 2538 paedagogo
992 2503 1018 2528 se
1033 2501 1168 2533 vellicari,
1184 2508 1224 2526 re·
1292 2500 1419 2527 ciuitatis.
1491 2500 1644 2527 Publicum:
1680 2502 1736 2528 Cic.
1752 2503 1825 2528 Fam.
1841 2512 1870 2537 4,
1888 2511 1918 2534 14
1944 2501 2079 2528 Videbam
2100 2507 2201 2536 quanto
2224 2501 2348 2536 periculo

175 2544 292 2580 spondit.
365 2545 420 2570 Cic.
434 2542 466 2569 de
480 2544 553 2569 Orat.
569 2551 589 2574 1,
610 2550 653 2576 173
685 2541 758 2567 Nam
781 2540 897 2567 volitare
919 2539 949 2564 in
965 2539 1042 2570 fort),
1062 2537 1173 2564 haerere
1195 2536 1224 2561 in
1242 2541 1274 2573 65
1292 2536 1324 2562 de
1340 2536 1397 2563 iure
1410 2535 1521 2562 Publico
1535 2535 1725 2570 disceptaretur
1738 2537 1828 2564 armis.
1864 2537 1954 2564 Eadem
1967 2541 1993 2570 6,
2007 2547 2018 2563 1
2030 2537 2092 2563 med.
2114 2538 2197 2564 Sermo
2214 2543 2294 2564 autem
2313 2535 2348 2570 effi

176 2581 254 2614 iure,
269 2589 298 2607 ac
311 2580 463 2607 Praetorutn
481 2577 661 2605 tribunalibus
674 2576 774 2603 iudicia
787 2576 890 2610 priuata
905 2582 1060 2608 magnarum
1074 2581 1163 2600 rerum
1177 2571 1225 2597 ob·
1293 2571 1321 2598 cle
1335 2572 1394 2598 bello
1410 2572 1524 2607 CJesaris·
1537 2581 1567 2598 ac
1577 2573 1698 2607 Pompeii,
1710 2581 1813 2608 quorum
1828 2572 1869 2599 hic
1878 2573 1981 2599 Senatus
1993 2575 2051 2599 iura
2063 2572 2195 2599 videbatur
2207 2572 2349 2608 defendere.

177 2617 228 2645 ire.
389 2613 409 2650 *ἢ
429 2623 441 2646 3
484 2613 614 2640 Videamus
632 2611 805 2645 Substantiua,
824 2611 911 2647 quibus
928 2610 973 2636 hoc
991 2619 1077 2635 nomen
1096 2611 1224 2644 iungitur:
1293 2608 1398 2642 leian.
1412 2607 1443 2633 de
1458 2607 1557 2634 iustitia
1570 2614 1596 2637 et
1610 2607 1669 2634 iure
1682 2607 1700 2634 l.
1715 2617 1725 2634 1
1744 2609 1786 2634 Ius
1794 2607 1933 2634 Public-um
1946 2607 1991 2640 est,
1999 2608 2072 2643 quod
2085 2608 2118 2634 ad
2132 2608 2227 2634 statum
2237 2609 2278 2636 rei
2292 2609 2348 2636 Ro·-

178 2650 352 2680 Adiutorium
365 2650 429 2676 iuris
441 2649 572 2682 Qinfftil.
587 2658 608 2681 3,
622 2651 647 2680 6,
661 2654 688 2680 83
708 2656 762 2683 quo
776 2648 835 2682 quis
849 2646 965 2672 elabitur
978 2655 1010 2672 ex
1025 2644 1145 2673 crimine,
1153 2642 1225 2678 quod
1293 2652 1385 2670 manae
1414 2643 1526 2677 spectat,
1553 2645 1584 2669 Et
1595 2650 1624 2679 p.
1634 2650 1663 2679 p.
1679 2643 1708 2670 in
1725 2643 1922 2676 sacerdotibus,
1947 2644 1976 2670 in
1999 2643 2196 2678 magistratibus
2220 2643 2347 2671 consistit.

177 2697 266 2723 neque
279 2687 386 2720 negari,
407 2694 491 2719 neque
509 2684 615 2711 defendi
634 2684 733 2718 potest,
757 2690 787 2710 vt
807 2691 863 2709 non
880 2682 1006 2708 videatur
1025 2682 1084 2706 iure
1103 2679 1225 2707 38110111-
1293 2682 1378 2707 Aliter
1397 2679 1465 2706 Ter.
1486 2679 1515 2705 in
1526 2679 1632 2705 Phorm.
1645 2687 1670 2710 2,
1683 2688 1708 2712 2,
1722 2682 1754 2712 65
1773 2679 1824 2706 Etfi
1842 2679 1913 2706 mihi
1932 2679 2003 2706 facta
2021 2679 2121 2706 iniuria
2134 2679 2185 2711 est,
2197 2685 2243 2706 etc.
2265 2687 2292 2708 P.
2310 2679 2347 2708 ha

177 2723 262 2752 tendi.
335 2721 471 2748 Cunabula
488 2721 569 2752 iuris,
585 2720 638 2746 vid.
660 2726 678 2746 C
690 2726 808 2746 VNAE.
881 2718 978 2752 Expers
998 2716 1066 2743 iuris
1077 2724 1146 2756 *gens
1166 2715 1224 2741 Seu.
1237 2727 1273 2756 70
1295 2715 1328 2742 ha
1348 2715 1396 2747 he,
1414 2715 1497 2741 homo
1514 2715 1610 2742 suauis.
1637 2721 1666 2741 D.
1681 2715 1746 2750 quid
1760 2715 1812 2742 est?
1840 2724 1905 2741 num
1924 2715 2049 2750 iniquum
2068 2715 2191 2750 postulo?
2210 2724 2279 2743 anne
2293 2714 2348 2743 hoc

178 2758 283 2786 Troad.
298 2766 332 2784 12.
399 2756 508 2782 Fiducia
528 2755 657 2788 Quinctil.
669 2764 697 2788 4,
710 2763 735 2781 2.
803 2755 908 2783 Forma,
922 2759 1013 2779 contra
1029 2753 1096 2778 iuris
1111 2751 1226 2778 formam
1292 2750 1402 2786 quidem
1416 2751 1545 2785 adipiscar
1557 2759 1621 2785 ego,
1636 2751 1708 2786 quod
1723 2751 1764 2777 ius
1777 2750 1916 2778 Publicum
1927 2747 1978 2781 est,
1995 2754 2013 2777 i.
2034 2760 2081 2787 quo
2094 2751 2205 2777 omnibus
2219 2755 2259 2778 vti
2276 2753 2348 2785 licet,

179 2795 248 2822 facia
268 2792 360 2828 'pactio
378 2791 485 2825 leian.
508 2791 537 2816 in
559 2791 575 2816 l.
597 2791 787 2824 Iurisgemium
809 2789 832 2826 §-
848 2790 875 2815 Si
893 2788 1007 2822 paciscar
1027 2788 1058 2813 D.
1081 2787 1113 2814 (le
1133 2786 1225 2822 paftiS.
1293 2787 1359 2823 quod
1376 2790 1468 2813 nemini
1481 2786 1536 2820 fine
1554 2789 1650 2813 iniuria
1669 2794 1784 2822 negatur.
1856 2787 1912 2813 Cic.
1929 2786 1981 2813 Off.
1994 2795 2017 2819 3,
2030 2792 2062 2819 93
2082 2795 2104 2813 e.
2117 2789 2153 2813 26
2177 2796 2207 2813 ex
2220 2787 2348 2819 Pacuuio.

179 2830 286 2858 Inscitia
303 2829 371 2855 Hor.
386 2827 468 2853 Serm.
482 2834 506 2856 2,
520 2834 544 2858 2,
559 2834 603 2857 ¹3¹·
674 2826 834 2861 interpretes
853 2825 908 2851 Cic.
922 2833 970 2858 pro
986 2823 1092 2849 Caecin.
1129 2843 1135 2849 .
1173 2842 1179 2849 .
1217 2842 1224 2848 .
1293 2823 1360 2850 Fide
1379 2822 1506 2848 sacratum
1526 2823 1566 2848 ius
1586 2828 1714 2856 perpetuo
1732 2822 1851 2855 falleret,
1870 2825 1888 2848 i.
1906 2821 2088 2849 iusiurandum.
2126 2822 2175 2850 Sed
2188 2823 2265 2857 Virg.
2278 2823 2347 2850 Aen.

179 2865 286 2897 Nodos,
301 2864 404 2890 soluere
421 2863 513 2889 quen.
528 2861 578 2887 Sat.
599 2866 623 2892 8,
641 2868 681 2893 50.
754 2860 938 2892 Nundinatio,
960 2859 1013 2885 vid.
1036 2865 1224 2885 NVND1NAE.
1294 2868 1317 2891 ε,
1332 2866 1375 2892 157
1405 2859 1452 2885 Fas
1472 2857 1540 2884 mihi
1557 2858 1701 2885 Graiorum
1715 2859 1811 2885 saerata
1830 2858 1966 2884 resoluere
1983 2857 2058 2889 iura,
2078 2857 2260 2891 oraculafileri
2272 2861 2298 2884 iu
2319 2857 2345 2884 ‘a-

180 2901 283 2929 Peritus
297 2899 363 2926 iuris
378 2899 518 2933 legumque
531 2897 598 2923 Hor.
611 2897 692 2923 Serm.
706 2905 727 2929 1,
742 2905 761 2929 1,
775 2906 800 2929 9.
873 2894 991 2923 Seruitus
1005 2894 1138 2929 Quinftil.
1151 2903 1174 2925 ε,
1188 2895 1224 2919 16.
1241 2901 1274 2930 75
1294 2895 1418 2926 Sacrum,
1439 2893 1591 2928 publicum,
1612 2894 1746 2928 priuatum
1772 2893 1903 2927 Quinctil.
1917 2902 1942 2924 2,
1960 2903 1982 2925 4.
2054 2893 2158 2928 Signata
2183 2893 2244 2920 iura
2269 2892 2346 2927 sequi

181 2937 302 2964 Studium
316 2934 391 2961 Idem
406 2943 426 2964 2,
441 2938 463 2963 8.
658 2929 679 2968 fl
701 2940 720 2964 4
756 2934 850 2958 Genera
873 2938 896 2957 et
913 2932 1010 2967 specics
1033 2934 1113 2957 iuris:
1141 2929 1225 2956 Aelia·
1295 2931 1393 2956 Lucan.
1415 2938 1436 2961 3.
1452 2938 1510 2961 302·
1583 2929 1720 2963 singulare
1739 2930 1780 2956 ius
1802 2929 1855 2962 cst,
1875 2928 1956 2963 Qiod
1980 2934 2072 2956 contra
2091 2935 2209 2956 tenorem
2230 2929 2346 2954 rationis

181 2982 260 2998 num:
283 2970 364 3005 Qiod
377 2968 529 2995 continebat
544 2967 664 2994 aftiones
677 2976 739 3002 quas
753 2968 775 2993 S.
790 2967 878 2994 Aelius
891 2968 1082 3001 composuerat.
1097 2967 1226 2999 Pouzpon.
1312 2972 1401 3000 roptcr
1414 2964 1530 3000 aliquam
1544 2964 1688 2992 vtilitatetn
1703 2965 1862 2992 a11&oritate
1880 2964 2101 2991 constituentium
2111 2963 2294 2990 introducium
2307 2963 2345 2990 est

183 3008 201 3034 1.
215 3017 230 3034 2
243 3006 265 3041 6.
281 3014 296 3042 7
311 3008 342 3033 Ι).
355 3005 388 3031 de
400 3013 441 3031 or.
456 3005 508 3031 iur.
581 3003 771 3037 Applicationis
791 3003 847 3029 Cic.
863 3003 893 3028 de
905 3004 979 3029 Orat.
994 3011 1015 3035 1,
1030 3010 1086 3037 177.
1158 3000 1225 3027 Belli
1293 2975 1397 3028 {aulius
1413 3001 1430 3027 l.
1445 3003 1484 3027 ius
1504 3000 1633 3034 singulare
1649 3002 1680 3027 D.
1694 3001 1726 3027 de
1740 2997 1864 3035 Legibus.
1937 3000 2075 3027 Summum
2088 2999 2145 3032 ius,
2169 2997 2203 3031 eli
2221 2999 2288 3034 quod
2300 3000 2345 3026 Iu·-

183 3040 313 3069 iura'Liu.
329 3051 350 3076 5,
365 3049 409 3076 27.
480 3039 571 3066 Ciuile
587 3039 627 3065 ius
642 3039 758 3073 aequitas
773 3036 805 3069 es}
820 3038 958 3065 constituta
976 3038 1029 3070 eis,
1042 3038 1088 3072 qui
1108 3037 1226 3063 ciusdem
1295 3038 1440 3072 risconjidti
1456 3036 1582 3062 StriCtum
1604 3037 1646 3062 ius
1664 3043 1763 3063 vocant.
1800 3036 1856 3063 Cic.
1872 3035 1925 3062 Off.
1940 3044 1959 3068 1,
1973 3044 2003 3068 32
2022 3045 2044 3062 c.
2060 3045 2088 3062 10
2115 3033 2242 3062 Exfistunt
2261 3035 2344 3062 etiam

184 3078 299 3104 ciuitatis
320 3078 393 3108 sunt,
405 3075 436 3103 ad
455 3084 496 3102 res
515 3076 570 3101 suas
589 3073 745 3101 obtinendas
765 3074 821 3099 Cic.
835 3074 936 3107 Topic.
956 3083 978 3100 c.
991 3082 1015 3100 2.
1090 3073 1194 3107 leian-
1209 3072 1226 3097 l.
1247 3075 1280 3100 80
1296 3074 1370 3107 saepe
1385 3072 1501 3098 iniuriae
1515 3071 1646 3098 calumnia
1660 3071 1787 3106 quadam,
1808 3078 1833 3098 et
1847 3072 1927 3098 nimis
1940 3071 2051 3105 callida,
2069 3069 2112 3098 sed
2131 3070 2263 3096 malitiosa
2274 3070 2344 3097 iuris

182 3115 225 3141 Ius
234 3113 321 3140 Ciuile
335 3113 366 3143 D,
381 3111 412 3138 de
426 3111 527 3138 Iustitia
540 3116 566 3137 et
580 3110 652 3143 iure,
665 3111 707 3136 Ius
727 3109 808 3135 ciuile
822 3109 866 3142 est,
881 3108 951 3143 quod
970 3118 1056 3144 neque
1071 3109 1099 3134 in
1113 3114 1199 3134 tetum
1212 3116 1228 3133 a
1296 3108 1525 3143 interpretatione.
1578 3107 1614 3141 Ex
1636 3116 1690 3142 quo
1712 3107 1794 3139 illud,
1814 3107 1952 3134 Summum
1972 3107 2028 3139 ius,
2047 3107 2150 3133 Summa
2169 3106 2283 3138 iniuria,
2303 3106 2344 3132 fa-

183 3149 298 3175 naturali
311 3148 352 3174 vel
366 3148 483 3182 gentium
497 3146 700 3181 recedit‚neque
712 3154 759 3180 per
772 3145 862 3171 onmia
876 3146 902 3170 ei
915 3145 1003 3170 seruit.
1040 3146 1131 3179 Itaque
1145 3153 1227 3177 quum
1297 3144 1368 3170 &um
1389 3143 1424 3169 est
1444 3144 1497 3170 iam
1517 3143 1610 3170 tritum
1633 3145 1752 3169 sermone
1774 3143 1958 3178 prouerbium.
2010 3142 2085 3171 frer.
2106 3141 2204 3167 Heaut.
2221 3149 2248 3174 4,
2269 3149 2292 3174 5,
2309 3145 2346 3175 48

184 3184 287 3218 aliquid
301 3183 420 3210 addimus
433 3183 476 3209 vel
494 3181 672 3214 detrahimus,
686 3182 740 3208 iuri
756 3180 908 3212 communi,
923 3180 963 3206 ius
977 3181 1132 3214 proprium,
1146 3178 1173 3204 id
1192 3179 1228 3204 est
1296 3180 1340 3206 Ius
1354 3180 1486 3206 summum
1500 3179 1598 3205 summa
1612 3179 1685 3212 saepe
1697 3179 1732 3205 cst
1747 3179 1858 3206 malitia.
1895 3179 2031 3205 Summum
2042 3176 2082 3202 ius
2095 3176 2198 3211 antiqui
2213 3178 2343 3203 summam

184 3220 225 3246 ius
241 3219 320 3245 ciuile
335 3217 468 3245 efficimus.
503 3218 592 3252 Papin.
607 3218 682 3244 l.'Ius
696 3223 800 3248 autem,
813 3216 854 3242 illo
874 3216 963 3247 titulo,
983 3216 1026 3241 Ius
1044 3221 1131 3240 autem
1141 3214 1230 3240 Ciuile
1296 3215 1424 3250 putabant
1443 3223 1547 3242 crucem
1566 3214 1696 3241 Columel.
1719 3223 1738 3247 1,
1752 3222 1777 3249 7,
1791 3223 1813 3240 2.
1865 3214 1921 3241 Cic.
1941 3215 2018 3241 Verr.
2033 3219 2053 3244 5,
2068 3220 2086 3244 4
2101 3220 2121 3237 c.
2137 3220 2149 3237 2
2181 3212 2246 3239 Non
2264 3218 2342 3247 agam

185 3255 231 3288 est,
244 3254 315 3289 quod
328 3254 489 3288 exlegibus,
504 3253 662 3288 plebiscitis,
675 3252 925 3283 Senatusconsultis,
940 3249 1050 3277 decretis
1070 3250 1231 3287 principum,
1247 3255 1276 3284 85
1296 3253 1406 3278 Summo
1416 3250 1482 3284 {iure
1501 3256 1603 3277 tecum:
1626 3259 1680 3276 non
1695 3249 1780 3276 dicam
1799 3249 1841 3281 id,
1861 3249 1933 3284 quod
1954 3247 2061 3275 debeam
2080 3246 2189 3274 forsitan
2208 3247 2343 3275 obtinere.

186 3290 342 3316 auctoritate
358 3290 515 3323 prudentum
530 3290 611 3316 venit.
683 3290 810 3323 Pompon.
826 3288 842 3314 l.
860 3297 872 3313 2
886 3287 918 3313 de
932 3288 978 3313 Or.
994 3286 1045 3312 iur.
1061 3288 1085 3321 9.
1099 3293 1115 3320 7
1142 3285 1230 3312 Postea
1297 3287 1354 3313 Cic.
1369 3295 1418 3320 pro
1433 3286 1528 3320 Qunt.
1544 3290 1571 3318 38
1584 3295 1604 3312 c.
1619 3293 1640 3311 11
1668 3286 1694 3311 Si
1715 3286 1779 3320 quid
1799 3286 1828 3311 in
1847 3282 2050 3312 controuersiam
2071 3283 2190 3316 veniret,
2208 3289 2253 3310 aut
2271 3283 2344 3311 intra

188 3334 247 3351 cum
266 3325 365 3359 Appius
383 3325 508 3351 Claudius
529 3325 700 3359 proposuisset
719 3332 745 3350 et
763 3324 794 3350 ad
813 3324 928 3350 formam
948 3321 1083 3356 redegisset
1100 3320 1231 3347 oenones:
1296 3322 1409 3358 parietes
1422 3341 1429 3352 ,
1454 3328 1497 3347 aut
1515 3322 1624 3347 Summo
1653 3321 1711 3347 iure
1733 3321 1917 3355 experiretur?
1961 3319 2132 3345 Hotomannus
2156 3321 2195 3345 ita
2217 3320 2342 3354 explicat,

189 3361 291 3386 Gnaeus
309 3360 430 3392 Flauius,
441 3361 524 3387 scriba
538 3361 610 3392 eius,
627 3360 780 3394 subreptum
805 3359 904 3385 librum
926 3357 1025 3392 populo
1049 3355 1159 3383 tradidit
1186 3371 1231 3376 —-
1298 3359 1407 3383 Summo
1423 3357 1481 3383 iure
1500 3365 1576 3391 agere
1598 3356 1640 3382 vel
1661 3356 1779 3391 experiri
1799 3363 1849 3382 tum
1861 3355 1982 3385 dicimur,
1996 3363 2049 3379 aum
2062 3363 2133 3390 quam
2146 3357 2250 3380 maxime
2258 3354 2342 3390 poffic-

189 3395 240 3420 Hie
253 3395 335 3426 liber,
349 3396 395 3429 qui
410 3395 524 3422 afflones
538 3397 672 3429 continet,
686 3395 833 3430 appellatur
847 3395 886 3420 ius
895 3394 984 3420 Ciuile
998 3392 1170 3424 Flauianum,
1186 3397 1232 3417 cte.
1298 3402 1352 3419 mus
1370 3392 1467 3419 duriter
1488 3400 1512 3419 et
1531 3391 1679 3428 praefrafh
1708 3402 1761 3418 cum
1783 3390 1924 3426 aduersario
1946 3389 2130 3420 contendimus,
2148 3398 2245 3426 eumque
2267 3399 2342 3426 quam

191 3430 223 3455 Et
236 3429 258 3465 ἕ-
273 3433 288 3458 6
308 3432 378 3457 Haec
392 3430 534 3465 disputatio
547 3432 616 3463 fori,
632 3437 656 3458 et
670 3431 721 3458 hoc
737 3431 777 3457 ius
787 3451 795 3463 ,
808 3430 880 3465 quod
892 3430 944 3456 tine
959 3430 1056 3463 scripto
1069 3428 1230 3459 venit,com-
1244 3438 1279 3463 90
1298 3428 1433 3467 asperrimo
1452 3435 1474 3454 et
1493 3428 1693 3461 vehementiffimo
1713 3427 1804 3454 iudicio
1820 3423 2144 3461 poffr'imur,pcrfiquimur.
2182 3425 2259 3461 Infra
2279 3435 2300 3451 c.
2316 3433 2343 3459 ις

190 3466 302 3504 politum
314 3474 326 3490 a
341 3466 526 3499 prudentibus,
541 3467 645 3501 propria
659 3473 732 3501 parte
745 3467 833 3501 aliqua
848 3474 901 3492 non
913 3464 1067 3500 appellatur,
1079 3469 1232 3490 vtcactcrae
1291 3466 1331 3498 Jtc
1345 3465 1432 3490 extulit
1446 3463 1559 3495 Cicero,
1580 3463 1620 3489 Ad
1634 3469 1751 3489 extrema
1769 3469 1796 3489 et
1807 3459 1981 3487 inimicillima
2000 3461 2058 3487 iura
2078 3460 2172 3495 cupide
2185 3461 2342 3488 decurrere:

192 3505 277 3534 partes
297 3502 360 3526 iuris
377 3502 429 3527 suis
441 3502 595 3528 nominibus
606 3502 780 3536 designantur,
799 3501 864 3528 datis
878 3500 994 3535 propriis
1007 3498 1162 3526 nominibus
1177 3507 1232 3524 cac·
1298 3499 1478 3525 111i=11icissin2e
1493 3505 1518 3526 et
1534 3498 1694 3525 infestiffime
1715 3495 1879 3525 contendere.
1914 3495 1983 3522 Add.
2005 3505 2025 3521 c.
2041 3503 2080 3528 2?-
2152 3496 2261 3522 Summo
2282 3497 2343 3524 iure

192 3535 256 3561 teris
271 3535 402 3568 partibus,
419 3537 461 3562 sed
481 3539 617 3564 communi
633 3539 741 3564 nomine
753 3537 899 3572 appellatur
920 3537 960 3563 ius
976 3535 1073 3562 Ciuile.
1140 3533 1230 3560 Ciuile
1298 3535 1474 3567 contendere,
1491 3534 1544 3561 uid.
1569 3540 1765 3561 CONTENDO.
1834 3530 1925 3557 Triste
1939 3531 2051 3565 sepulcri
2066 3530 2220 3558 Ouid.Mct.
2233 3540 2268 3564 13,
2281 3540 2342 3567 472.

192 3571 233 3597 ius
255 3569 302 3604 qui
321 3573 536 3608 contemnendum
557 3578 642 3607 putat,
663 3574 683 3599 is
697 3573 803 3600 vincula
821 3573 929 3599 reuellit
943 3578 997 3598 non
1015 3570 1097 3596 modo
1119 3569 1231 3596 iudicio·
1300 3571 1356 3597 Cic.
1370 3579 1417 3604 pro
1431 3570 1536 3596 Cacciu.
1551 3573 1585 3602 69
1604 3578 1626 3596 c.
1642 3578 1677 3603 24
1707 3564 1808 3596 Deinde
1827 3565 1844 3592 li
1865 3566 1897 3592 de
1915 3566 1974 3592 iure
1987 3567 2070 3593 Vario
2090 3566 2226 3601 quippiam
2241 3567 2341 3594 iudica.

194 3615 269 3636 rum,
285 3604 327 3645 sed
345 3609 424 3644 etlam
439 3608 572 3640 Vtilitatis,
585 3610 709 3644 vitaeque
727 3609 885 3636 communis.
922 3607 978 3641 Qu
997 3613 1084 3632 autem
1103 3605 1231 3638 interpre-
1246 3616 1278 3642 95¹
1299 3612 1354 3633 tum
1375 3606 1493 3637 est,non
1513 3606 1600 3640 potius
1619 3612 1710 3632 contra
1729 3601 1929 3630 Iurisconsultos
1942 3602 2072 3634 statuunt,
2087 3608 2131 3628 etc.
2153 3605 2172 3628 i.
2191 3606 2300 3635 incerto,
2314 3606 2341 3628 in

193 3648 231 3681 {²5
246 3642 312 3680 5¹¹¹ss
322 3645 471 3680 ῪξΐΗΡΕΓόῖρ
487 3642 504 3667 s¹
523 3643 659 3677 imperitos
672 3644 740 3672 iuris
754 3644 802 3671 esse
816 3643 898 3675 dicit,
916 3643 947 3669 de
967 3641 1121 3669 hominibus
1135 3649 1187 3667 uon
1201 3641 1232 3666 de
1299 3651 1345 3677 quo
1358 3642 1467 3676 diuet-fixe
1475 3642 1615 3677 finteneiae
1629 3643 1751 3668 ictorum.
1801 3637 1938 3664 Vetustum
1957 3637 2048 3664 Tacit.
2066 3638 2134 3664 Aun.
2148 3647 2177 3672 4,
2191 3640 2230 3664 26.
2287 3639 2341 3664 An-

194 3683 252 3702 iure
267 3675 351 3702 Ciuili
368 3674 481 3702 detrahit
496 3677 548 3714 Cic.
562 3688 609 3711 pro
623 3680 728 3706 Caecin.
740 3676 788 3714 74.
859 3680 947 3706 Ciuile
965 3679 1005 3704 ius
1019 3676 1159 3710 amplecti,
1179 3675 1232 3701 uid.
1300 3686 1357 3711 ceps
1378 3678 1445 3703 Hor.
1460 3677 1542 3703 Serm.
1564 3685 1586 3708 2,
1598 3684 1621 3708 5,
1636 3686 1676 3711 34.
1745 3673 1855 3699 Honesti
1875 3673 1941 3699 iuris
1961 3674 2080 3699 seruator
2099 3678 2185 3700 metus
2203 3672 2297 3700 Claud.
2313 3673 2342 3700 in

196 3716 408 3750 ABJPLECTOR.
479 3710 578 3738 Ciuilia
598 3715 656 3740 iura
676 3716 745 3741 Hor.
762 3716 843 3741 Serm.
862 3724 881 3746 1,
897 3724 921 3747 9,
934 3723 973 3746 39.
1045 3712 1136 3738 Ciuica
1157 3711 1231 3737 Idem
1300 3722 1340 3747 pr.
1362 3713 1439 3738 Cons.
1455 3712 1511 3738 Stil.
1533 3721 1553 3744 1,
1570 3714 1620 3743 163.
1690 3708 1813 3743 Improba
1833 3708 1893 3736 iura
1912 3708 1957 3735 Sil.
1977 3716 2016 3742 17,
2037 3711 2096 3734 620.
2167 3708 2267 3740 Inclyta
2280 3708 2339 3735 Seu.

196 3746 273 3780 Epist.
292 3755 326 3786 J,
337 3755 358 3777 3,
370 3754 409 3777 23.
490 3746 655 3779 coniugialia
674 3750 753 3776 Ouid.
775 3752 839 3776 Met.
864 3754 895 3782 6,
918 3753 971 3783 536.
1053 3746 1232 3774 Connubialia
1243 3751 1291 3769 ¹00
1301 3748 1407 3774 Troad.
1427 3749 1443 3773 s.
1456 3755 1481 3782 7.
1553 3746 1697 3776 Iniustum,
1712 3744 1763 3770 vid.
1776 3754 1801 3771 n.
1816 3746 1840 3770 6.
1895 3743 2056 3770 Venerabile
2069 3744 2131 3770 Stat.
2145 3743 2208 3770 Silu.
2223 3750 2246 3776 ς,
2261 3752 2279 3774 Ι,
2295 3751 2340 3777 115.

195 3782 268 3821 lde-¹¹¹
283 3781 360 3821 hsslst·
380 3783 406 3812 6,
425 3790 463 3814 4¹·
490 3817 495 3821 .
534 3782 708 3811 Conliitutum
721 3786 842 3812 moribus
862 3786 917 3817 ius,
937 3783 970 3818 {sl
984 3785 1027 3810 Ius
1040 3793 1087 3809 non
1101 3782 1232 3818 scriptum.
1300 3781 1321 3820 q
1339 3791 1351 3815 ς
1394 3783 1528 3809 Verborum
1542 3782 1682 3817 formulae:
1719 3780 1799 3806 Abire
1812 3788 1827 3806 a
1841 3778 1900 3806 iure
1919 3779 1975 3805 Cic.
1989 3780 2064 3806 Verr.
2078 3787 2105 3811 2,
2119 3786 2152 3810 31.
2222 3778 2339 3807 Adhibe-

196 3817 291 3842 Iulian.
310 3824 337 3842 111
356 3816 372 3841 Ι.
394 3817 432 3856 De
452 3816 547 3850 quibus
568 3818 600 3843 D.
614 3817 644 3842 dc
659 3819 787 3852 Legibus,
808 3822 955 3847 inueterata
978 3819 1049 3846 enim
1070 3819 1233 3844 consuetudo
1299 3819 1378 3846 batur
1393 3818 1462 3844 fraus
1479 3818 1548 3849 iuri,
1568 3823 1622 3850 quo
1642 3823 1694 3840 ¹¹0⁰
1708 3814 1805 3842 licebat
1819 3824 1866 3849 pro
1879 3814 1964 3841 altero
1977 3822 2054 3848 agere
2068 3812 2197 3846 Qlinflfl·
2214 3822 2237 3844 2,
2251 3822 2285 3848 13,
2298 3823 2338 3847 30·

198 3859 246 3884 pro
266 3852 322 3885 lege
336 3860 389 3891 non
404 3852 538 3891 immerito
552 3852 708 3878 custoditur:
728 3862 752 3881 et
767 3856 816 3882 hoc
832 3857 867 3882 cst
887 3857 937 3888 ius,
952 3854 1024 3890 qnod
1039 3854 1137 3880 dicitur
1151 3854 1234 3879 mori-
1301 3854 1383 3881 Adire
1403 3855 1430 3879 in
1445 3854 1500 3884 ius,
1517 3850 1569 3877 vid.
1592 3856 1685 3876 ADEO.
1755 3851 1844 3878 Tacit.
1859 3850 1926 3875 Hist.
1940 3859 1969 3882 4,
1986 3855 2018 3881 48
2049 3850 2133 3876 Prauo
2146 3849 2289 3876 certamine
2304 3850 2339 3876 le-

197 3887 244 3913 bus
254 3887 438 3926 Constitutum.
504 3888 642 3915 Dmersum
657 3887 786 3920 Quinctil.
801 3899 827 3925 7,
841 3899 865 3925 7,
879 3900 902 3917 2.
929 3891 985 3917 isid.
1001 3889 1119 3916 Varium.
1186 3889 1232 3915 Di·
1300 3898 1420 3925 gatorum
1434 3889 1475 3914 ius
1487 3886 1620 3912 Adoleuit.
1673 3885 1812 3913 Adducere
1825 3886 1854 3912 in
1865 3885 1907 3911 ius
1922 3886 1977 3911 Cic.
1992 3894 2040 3918 pro
2054 3884 2148 3918 Qint.
2164 3892 2197 3910 12.
2253 3886 2340 3919 Agere

196 3923 288 3948 vinum
314 3931 358 3962 ms.
376 3921 498 3961 inferdurn
516 3923 579 3948 idem
598 3924 661 3959 quod
682 3927 808 3956 naturale,
830 3934 858 3952 vt
877 3927 932 3952 Cic.
955 3935 1003 3960 pro
1019 3926 1086 3951 Sext.
1109 3933 1135 3955 91
1158 3934 1178 3950 c.
1200 3932 1231 3956 42
1301 3927 1360 3951 iure
1374 3926 1476 3950 Lucret.
1492 3930 1513 3953 3,
1528 3923 1590 3955 976.
1662 3921 1747 3955 Agere
1759 3930 1807 3956 pro
1823 3922 1870 3948 suo
1885 3921 1942 3947 iure
1956 3920 2023 3946 Ter.
2037 3919 2117 3946 Andr.
2130 3927 2149 3951 1,
2166 3927 2185 3950 1,
2199 3927 2238 3954 ²7·
2294 3921 2340 3946 As.

196 3957 272 3983 Tum
288 3956 422 3996 domicilia
434 3958 589 3997 coniuncta,
609 3967 672 3992 quae
692 3958 769 3985 vrbes
788 3960 913 3993 dicimus,
930 3962 1040 3987 inuento
1054 3966 1078 3986 et
1092 3959 1192 3986 Diuino
1206 3966 1233 3988 ct.
1248 3977 1292 3999 ¹0..
1302 3962 1386 3988 suetus
1401 3960 1430 3987 in
1447 3958 1519 3991 iura,
1539 3955 1593 3985 vid.
1614 3963 1780 3985 ASSVESCO.
1852 3955 1952 3984 Calcati
1970 3956 2037 3986 iuris
2057 3954 2129 3983 nulla
2146 3955 2242 3983 restant
2262 3948 2355 3985 vem-f

197 3991 313 4018 hunuano
332 4000 406 4025 iure,
426 3993 566 4019 moenibus
586 3994 726 4028 sepserunt.
750 3994 825 4022 Modo
839 3997 937 4023 diret-at
945 3996 1077 4025 Nondum
1089 4004 1174 4031 neque
1188 4003 1231 4022 na·
1278 3986 1291 4005 )
2297 3991 2342 4027 81·
