<?xml version="1.0" encoding="UTF-8"?>
<!DOCTYPE html PUBLIC "-//W3C//DTD XHTML 1.0 Transitional//EN"
    "http://www.w3.org/TR/xhtml1/DTD/xhtml1-transitional.dtd">
<html xmlns="http://www.w3.org/1999/xhtml" xml:lang="en" lang="en">
 <head>
  <title>
</title>
<meta http-equiv="Content-Type" content="text/html;charset=utf-8" />
  <meta name='ocr-system' content='tesseract 3.04.00' />
  <meta name='ocr-capabilities' content='ocr_page ocr_carea ocr_par ocr_line ocrx_word'/>
</head>
<body>
  <div class='ocr_page' id='page_1' title='image "./novuslinguaeeter02gesn_0121.png"; bbox 0 0 2479 4225; ppageno 0'>
   <div class='ocr_carea' id='block_1_1' title="bbox 48 203 689 262">
    <p class='ocr_par' dir='ltr' id='par_1_1' title="bbox 48 203 689 262">
     <span class='ocr_line' id='line_1_1' title="bbox 48 203 689 262; baseline 0 -18"><span class='ocrx_word' id='word_1_1' title='bbox 48 216 114 262; x_wconf 76' lang='lat'>2¹7</span> <span class='ocrx_word' id='word_1_2' title='bbox 434 203 689 245; x_wconf 89' lang='lat' dir='ltr'>DIS</span> 
     </span>
    </p>
   </div>
   <div class='ocr_carea' id='block_1_2' title="bbox 45 288 1076 612">
    <p class='ocr_par' dir='ltr' id='par_1_2' title="bbox 45 288 1076 612">
     <span class='ocr_line' id='line_1_2' title="bbox 46 288 1075 331; baseline -0.012 -5"><span class='ocrx_word' id='word_1_3' title='bbox 46 302 146 329; x_wconf 78' lang='lat' dir='ltr'>varias,</span> <span class='ocrx_word' id='word_1_4' title='bbox 163 295 320 331; x_wconf 75' lang='lat' dir='ltr'>etformulas</span> <span class='ocrx_word' id='word_1_5' title='bbox 332 294 396 320; x_wconf 77' lang='lat' dir='ltr'>alias</span> <span class='ocrx_word' id='word_1_6' title='bbox 410 303 417 319; x_wconf 92' lang='lat'><em>:</em></span> <span class='ocrx_word' id='word_1_7' title='bbox 451 293 506 320; x_wconf 86' lang='lat' dir='ltr'>Cic.</span> <span class='ocrx_word' id='word_1_8' title='bbox 521 293 630 327; x_wconf 82' lang='lat' dir='ltr'>Philipp.</span> <span class='ocrx_word' id='word_1_9' title='bbox 646 301 665 324; x_wconf 90' lang='lat' dir='ltr'>i,</span> <span class='ocrx_word' id='word_1_10' title='bbox 681 296 705 321; x_wconf 88' lang='lat'>18</span> <span class='ocrx_word' id='word_1_11' title='bbox 725 291 755 316; x_wconf 87' lang='lat' dir='ltr'>In</span> <span class='ocrx_word' id='word_1_12' title='bbox 767 288 889 316; x_wconf 79' lang='lat' dir='ltr'>maximis</span> <span class='ocrx_word' id='word_1_13' title='bbox 907 297 974 316; x_wconf 84' lang='lat' dir='ltr'>vero</span> <span class='ocrx_word' id='word_1_14' title='bbox 987 288 1075 321; x_wconf 87' lang='lat' dir='ltr'>rebus,</span> 
     </span>
     <span class='ocr_line' id='line_1_3' title="bbox 46 323 1075 366; baseline -0.011 -6"><span class='ocrx_word' id='word_1_15' title='bbox 46 334 73 362; x_wconf 86' lang='lat' dir='ltr'>id</span> <span class='ocrx_word' id='word_1_16' title='bbox 87 329 121 360; x_wconf 80' lang='lat' dir='ltr'>e&#39;st</span> <span class='ocrx_word' id='word_1_17' title='bbox 134 331 235 366; x_wconf 83' lang='lat' dir='ltr'>legibus</span> <span class='ocrx_word' id='word_1_18' title='bbox 249 330 312 356; x_wconf 59' lang='lat' dir='ltr'>Aeta</span> <span class='ocrx_word' id='word_1_19' title='bbox 325 329 441 356; x_wconf 75' lang='lat' dir='ltr'>Caesaris</span> <span class='ocrx_word' id='word_1_20' title='bbox 453 329 556 355; x_wconf 78' lang='lat' dir='ltr'>dissolui</span> <span class='ocrx_word' id='word_1_21' title='bbox 567 349 574 361; x_wconf 93' lang='lat'>,</span> <span class='ocrx_word' id='word_1_22' title='bbox 594 327 730 354; x_wconf 76' lang='lat' dir='ltr'>ferendum</span> <span class='ocrx_word' id='word_1_23' title='bbox 742 334 795 351; x_wconf 92' lang='lat' dir='ltr'>non</span> <span class='ocrx_word' id='word_1_24' title='bbox 807 331 880 364; x_wconf 80' lang='lat' dir='ltr'>puto.</span> <span class='ocrx_word' id='word_1_25' title='bbox 952 323 1075 358; x_wconf 82' lang='lat' dir='ltr'>Aptadis-</span> 
     </span>
     <span class='ocr_line' id='line_1_4' title="bbox 45 361 1075 397; baseline -0.01 -1"><span class='ocrx_word' id='word_1_26' title='bbox 45 369 146 397; x_wconf 84' lang='lat' dir='ltr'>soluere</span> <span class='ocrx_word' id='word_1_27' title='bbox 164 367 217 394; x_wconf 89' lang='lat' dir='ltr'>Cic.</span> <span class='ocrx_word' id='word_1_28' title='bbox 234 366 261 392; x_wconf 89' lang='lat' dir='ltr'>iu</span> <span class='ocrx_word' id='word_1_29' title='bbox 271 366 336 393; x_wconf 84' lang='lat' dir='ltr'>Orat</span> <span class='ocrx_word' id='word_1_30' title='bbox 350 374 371 390; x_wconf 86' lang='lat' dir='ltr'>c.</span> <span class='ocrx_word' id='word_1_31' title='bbox 385 366 430 391; x_wconf 79' lang='lat' dir='ltr'>vlt.</span> <span class='ocrx_word' id='word_1_32' title='bbox 537 364 574 390; x_wconf 81' lang='lat' dir='ltr'>Id.</span> <span class='ocrx_word' id='word_1_33' title='bbox 589 362 663 393; x_wconf 87' lang='lat' dir='ltr'>Catil,</span> <span class='ocrx_word' id='word_1_34' title='bbox 676 369 690 387; x_wconf 85' lang='lat'>2</span> <span class='ocrx_word' id='word_1_35' title='bbox 704 370 724 386; x_wconf 92' lang='lat' dir='ltr'>c.</span> <span class='ocrx_word' id='word_1_36' title='bbox 740 366 753 390; x_wconf 85' lang='lat'><em>8</em></span> <span class='ocrx_word' id='word_1_37' title='bbox 779 362 833 393; x_wconf 82' lang='lat' dir='ltr'>Qu</span> <span class='ocrx_word' id='word_1_38' title='bbox 853 368 948 393; x_wconf 83' lang='lat' dir='ltr'>magno</span> <span class='ocrx_word' id='word_1_39' title='bbox 961 361 988 386; x_wconf 90' lang='lat' dir='ltr'>iu</span> <span class='ocrx_word' id='word_1_40' title='bbox 1009 362 1075 386; x_wconf 82' lang='lat' dir='ltr'>Aere</span> 
     </span>
     <span class='ocr_line' id='line_1_5' title="bbox 47 395 1075 434; baseline -0.01 -4"><span class='ocrx_word' id='word_1_41' title='bbox 47 404 150 434; x_wconf 82' lang='lat' dir='ltr'>alieno,</span> <span class='ocrx_word' id='word_1_42' title='bbox 168 402 282 428; x_wconf 86' lang='lat' dir='ltr'>maiores</span> <span class='ocrx_word' id='word_1_43' title='bbox 302 402 380 427; x_wconf 83' lang='lat' dir='ltr'>etiam</span> <span class='ocrx_word' id='word_1_44' title='bbox 408 399 570 434; x_wconf 73' lang='lat' dir='ltr'>possessiones</span> <span class='ocrx_word' id='word_1_45' title='bbox 592 397 703 428; x_wconf 82' lang='lat' dir='ltr'>habent,</span> <span class='ocrx_word' id='word_1_46' title='bbox 721 404 833 429; x_wconf 81' lang='lat' dir='ltr'>quarum</span> <span class='ocrx_word' id='word_1_47' title='bbox 856 404 946 421; x_wconf 84' lang='lat' dir='ltr'>auiore</span> <span class='ocrx_word' id='word_1_48' title='bbox 969 395 1075 421; x_wconf 76' lang='lat' dir='ltr'>addu6li</span> 
     </span>
     <span class='ocr_line' id='line_1_6' title="bbox 47 436 737 472; baseline -0.016 -5"><span class='ocrx_word' id='word_1_49' title='bbox 47 439 150 467; x_wconf 80' lang='lat' dir='ltr'>dissolui</span> <span class='ocrx_word' id='word_1_50' title='bbox 165 437 239 463; x_wconf 89' lang='lat' dir='ltr'>nullo</span> <span class='ocrx_word' id='word_1_51' title='bbox 254 436 335 463; x_wconf 86' lang='lat' dir='ltr'>modo</span> <span class='ocrx_word' id='word_1_52' title='bbox 348 436 458 470; x_wconf 87' lang='lat' dir='ltr'>possunt.</span> <span class='ocrx_word' id='word_1_53' title='bbox 615 467 619 472; x_wconf 91' lang='lat'>.</span> <span class='ocrx_word' id='word_1_54' title='bbox 636 467 640 471; x_wconf 44' lang='grc'><strong>-</strong></span> <span class='ocrx_word' id='word_1_55' title='bbox 706 466 709 470; x_wconf 41' lang='grc'><strong>,</strong></span> <span class='ocrx_word' id='word_1_56' title='bbox 730 466 737 472; x_wconf 26' lang='grc' dir='ltr'>ἱ</span> 
     </span>
     <span class='ocr_line' id='line_1_7' title="bbox 48 465 1076 504; baseline -0.01 -3"><span class='ocrx_word' id='word_1_57' title='bbox 48 477 97 502; x_wconf 83' lang='lat' dir='ltr'>Aes</span> <span class='ocrx_word' id='word_1_58' title='bbox 110 473 223 500; x_wconf 88' lang='lat' dir='ltr'>alienum</span> <span class='ocrx_word' id='word_1_59' title='bbox 238 472 304 504; x_wconf 86' lang='lat' dir='ltr'>fuit,</span> <span class='ocrx_word' id='word_1_60' title='bbox 323 481 369 498; x_wconf 89' lang='lat' dir='ltr'>nec</span> <span class='ocrx_word' id='word_1_61' title='bbox 383 471 492 502; x_wconf 86' lang='lat' dir='ltr'>melius,</span> <span class='ocrx_word' id='word_1_62' title='bbox 511 478 557 496; x_wconf 90' lang='lat' dir='ltr'>nec</span> <span class='ocrx_word' id='word_1_63' title='bbox 571 467 672 494; x_wconf 89' lang='lat' dir='ltr'>facilius</span> <span class='ocrx_word' id='word_1_64' title='bbox 685 465 835 492; x_wconf 81' lang='lat' dir='ltr'>dislolutum</span> <span class='ocrx_word' id='word_1_65' title='bbox 846 466 890 492; x_wconf 88' lang='lat' dir='ltr'>est.</span> <span class='ocrx_word' id='word_1_66' title='bbox 962 468 991 493; x_wconf 81' lang='lat' dir='ltr'>Et</span> <span class='ocrx_word' id='word_1_67' title='bbox 1010 476 1024 492; x_wconf 84' lang='lat' dir='ltr'>a</span> <span class='ocrx_word' id='word_1_68' title='bbox 1044 466 1076 491; x_wconf 79' lang='lat' dir='ltr'>ud</span> 
     </span>
     <span class='ocr_line' id='line_1_8' title="bbox 47 500 1073 540; baseline -0.01 -4"><span class='ocrx_word' id='word_1_69' title='bbox 47 511 113 537; x_wconf 89' lang='lat' dir='ltr'>Ter.</span> <span class='ocrx_word' id='word_1_70' title='bbox 127 508 231 535; x_wconf 89' lang='lat' dir='ltr'>Phorm.</span> <span class='ocrx_word' id='word_1_71' title='bbox 246 516 341 540; x_wconf 83' lang='grc' dir='ltr'><strong>4,3,ςο</strong></span> <span class='ocrx_word' id='word_1_72' title='bbox 362 505 416 539; x_wconf 70' lang='lat' dir='ltr'>Qui</span> <span class='ocrx_word' id='word_1_73' title='bbox 431 506 601 535; x_wconf 73' lang='lat' dir='ltr'>disl&#39;oluerem,</span> <span class='ocrx_word' id='word_1_74' title='bbox 615 510 681 536; x_wconf 87' lang='lat' dir='ltr'>quae</span> <span class='ocrx_word' id='word_1_75' title='bbox 695 500 798 534; x_wconf 76' lang='lat' dir='ltr'>debeo?</span> <span class='ocrx_word' id='word_1_76' title='bbox 867 501 1023 528; x_wconf 59' lang='lat' dir='ltr'>Ailil.Cic.P</span> <span class='ocrx_word' id='word_1_77' title='bbox 1046 501 1073 527; x_wconf 87' lang='lat' dir='ltr'>il.</span> 
     </span>
     <span class='ocr_line' id='line_1_9' title="bbox 46 536 1073 578; baseline -0.008 -8"><span class='ocrx_word' id='word_1_78' title='bbox 46 554 60 571; x_wconf 74' lang='lat'><em>2</em></span> <span class='ocrx_word' id='word_1_79' title='bbox 69 554 89 570; x_wconf 94' lang='lat' dir='ltr'>c.</span> <span class='ocrx_word' id='word_1_80' title='bbox 99 549 133 574; x_wconf 89' lang='lat'>18.</span> <span class='ocrx_word' id='word_1_81' title='bbox 162 550 184 569; x_wconf 71' lang='lat' dir='ltr'>et</span> <span class='ocrx_word' id='word_1_82' title='bbox 192 552 240 578; x_wconf 92' lang='lat' dir='ltr'>pro</span> <span class='ocrx_word' id='word_1_83' title='bbox 248 543 316 569; x_wconf 85' lang='lat' dir='ltr'>Sulla</span> <span class='ocrx_word' id='word_1_84' title='bbox 326 551 347 568; x_wconf 89' lang='lat' dir='ltr'>c.</span> <span class='ocrx_word' id='word_1_85' title='bbox 356 551 397 568; x_wconf 84' lang='lat'>20.</span> <span class='ocrx_word' id='word_1_86' title='bbox 437 544 527 575; x_wconf 72' lang='lat' dir='ltr'>Nempe</span> <span class='ocrx_word' id='word_1_87' title='bbox 533 538 626 564; x_wconf 74' lang='lat' dir='ltr'>dicitur</span> <span class='ocrx_word' id='word_1_88' title='bbox 633 539 706 562; x_wconf 74' lang='lat' dir='ltr'>etiam</span> <span class='ocrx_word' id='word_1_89' title='bbox 714 536 851 571; x_wconf 82' lang='lat' dir='ltr'>pecuniam</span> <span class='ocrx_word' id='word_1_90' title='bbox 860 537 1004 563; x_wconf 75' lang='lat' dir='ltr'>diuoluerc.</span> <span class='ocrx_word' id='word_1_91' title='bbox 1015 546 1039 562; x_wconf 86' lang='grc' dir='ltr'>υ.</span> <span class='ocrx_word' id='word_1_92' title='bbox 1048 546 1073 572; x_wconf 83' lang='lat' dir='ltr'>g.</span> 
     </span>
     <span class='ocr_line' id='line_1_10' title="bbox 47 571 1073 612; baseline -0.007 -7"><span class='ocrx_word' id='word_1_93' title='bbox 47 580 182 607; x_wconf 87' lang='lat' dir='ltr'>Cic.Verr.</span> <span class='ocrx_word' id='word_1_94' title='bbox 189 587 212 611; x_wconf 87' lang='lat'>3,</span> <span class='ocrx_word' id='word_1_95' title='bbox 221 586 268 612; x_wconf 85' lang='lat'>174</span> <span class='ocrx_word' id='word_1_96' title='bbox 276 588 296 604; x_wconf 90' lang='lat' dir='ltr'>c.</span> <span class='ocrx_word' id='word_1_97' title='bbox 305 586 335 612; x_wconf 80' lang='lat'>75</span> <span class='ocrx_word' id='word_1_98' title='bbox 342 577 388 603; x_wconf 85' lang='lat' dir='ltr'>Sed</span> <span class='ocrx_word' id='word_1_99' title='bbox 398 578 528 604; x_wconf 83' lang='lat' dir='ltr'>frumento</span> <span class='ocrx_word' id='word_1_100' title='bbox 535 572 647 608; x_wconf 85' lang='lat' dir='ltr'>probato</span> <span class='ocrx_word' id='word_1_101' title='bbox 655 578 680 598; x_wconf 91' lang='lat' dir='ltr'>et</span> <span class='ocrx_word' id='word_1_102' title='bbox 686 578 791 606; x_wconf 86' lang='lat' dir='ltr'>accepto</span> <span class='ocrx_word' id='word_1_103' title='bbox 799 573 934 606; x_wconf 86' lang='lat' dir='ltr'>pecuniam</span> <span class='ocrx_word' id='word_1_104' title='bbox 942 571 1073 607; x_wconf 84' lang='lat' dir='ltr'>publicam</span> 
     </span>
    </p>
   </div>
   <div class='ocr_carea' id='block_1_3' title="bbox 47 607 1121 648">
    <p class='ocr_par' dir='ltr' id='par_1_3' title="bbox 47 607 1121 648">
     <span class='ocr_line' id='line_1_11' title="bbox 47 607 1121 648; baseline -0.009 -6"><span class='ocrx_word' id='word_1_105' title='bbox 47 614 162 642; x_wconf 86' lang='lat' dir='ltr'>tenueris</span> <span class='ocrx_word' id='word_1_106' title='bbox 169 622 283 645; x_wconf 88' lang='lat' dir='ltr'>omnem,</span> <span class='ocrx_word' id='word_1_107' title='bbox 293 621 376 647; x_wconf 87' lang='lat' dir='ltr'>neque</span> <span class='ocrx_word' id='word_1_108' title='bbox 384 611 523 648; x_wconf 81' lang='lat' dir='ltr'>quidquam</span> <span class='ocrx_word' id='word_1_109' title='bbox 531 608 578 634; x_wconf 91' lang='lat' dir='ltr'>vlli</span> <span class='ocrx_word' id='word_1_110' title='bbox 587 607 733 634; x_wconf 79' lang='lat' dir='ltr'>dissolueris</span> <span class='ocrx_word' id='word_1_111' title='bbox 741 608 853 634; x_wconf 85' lang='lat' dir='ltr'>ciuitati.</span> <span class='ocrx_word' id='word_1_112' title='bbox 884 609 924 635; x_wconf 87' lang='lat' dir='ltr'>Sic</span> <span class='ocrx_word' id='word_1_113' title='bbox 932 607 1071 635; x_wconf 74' lang='lat' dir='ltr'>Pecuniam</span> <span class='ocrx_word' id='word_1_114' title='bbox 1092 617 1121 635; x_wconf 89' lang='lat'>10</span> 
     </span>
    </p>
   </div>
   <div class='ocr_carea' id='block_1_4' title="bbox 32 642 1078 1842">
    <p class='ocr_par' dir='ltr' id='par_1_4' title="bbox 32 642 1078 1842">
     <span class='ocr_line' id='line_1_12' title="bbox 46 642 1072 682; baseline -0.008 -5"><span class='ocrx_word' id='word_1_115' title='bbox 46 660 77 678; x_wconf 87' lang='lat' dir='ltr'>ex</span> <span class='ocrx_word' id='word_1_116' title='bbox 85 650 258 677; x_wconf 81' lang='lat' dir='ltr'>Sciiatuscons.</span> <span class='ocrx_word' id='word_1_117' title='bbox 268 655 292 675; x_wconf 89' lang='lat' dir='ltr'>et</span> <span class='ocrx_word' id='word_1_118' title='bbox 301 658 331 674; x_wconf 89' lang='lat' dir='ltr'>cx</span> <span class='ocrx_word' id='word_1_119' title='bbox 340 649 395 682; x_wconf 79' lang='lat' dir='ltr'>lege</span> <span class='ocrx_word' id='word_1_120' title='bbox 404 645 537 674; x_wconf 86' lang='lat' dir='ltr'>dissoluere</span> <span class='ocrx_word' id='word_1_121' title='bbox 545 644 741 675; x_wconf 79' lang='lat' dir='ltr'>Cic.Vcrr.5,52.</span> <span class='ocrx_word' id='word_1_122' title='bbox 779 643 915 670; x_wconf 72' lang='lat' dir='ltr'>Amicitias</span> <span class='ocrx_word' id='word_1_123' title='bbox 923 642 1072 675; x_wconf 61' lang='lat' dir='ltr'>diffiniere,</span> 
     </span>
     <span class='ocr_line' id='line_1_13' title="bbox 46 677 1074 722; baseline -0.008 -10"><span class='ocrx_word' id='word_1_124' title='bbox 46 686 109 713; x_wconf 71' lang='lat' dir='ltr'>idem</span> <span class='ocrx_word' id='word_1_125' title='bbox 116 685 180 722; x_wconf 77' lang='lat' dir='ltr'>quod</span> <span class='ocrx_word' id='word_1_126' title='bbox 186 683 334 718; x_wconf 66' lang='lat' dir='ltr'>Difflcnn-e:</span> <span class='ocrx_word' id='word_1_127' title='bbox 351 684 405 710; x_wconf 85' lang='lat' dir='ltr'>Cic.</span> <span class='ocrx_word' id='word_1_128' title='bbox 412 682 442 708; x_wconf 85' lang='lat' dir='ltr'>de</span> <span class='ocrx_word' id='word_1_129' title='bbox 448 679 553 706; x_wconf 74' lang='lat' dir='ltr'>Amicii.</span> <span class='ocrx_word' id='word_1_130' title='bbox 566 687 597 711; x_wconf 81' lang='lat'>32</span> <span class='ocrx_word' id='word_1_131' title='bbox 619 679 687 705; x_wconf 91' lang='lat' dir='ltr'>Nam</span> <span class='ocrx_word' id='word_1_132' title='bbox 696 677 712 703; x_wconf 88' lang='lat' dir='ltr'>si</span> <span class='ocrx_word' id='word_1_133' title='bbox 721 678 820 705; x_wconf 87' lang='lat' dir='ltr'>vtilitas</span> <span class='ocrx_word' id='word_1_134' title='bbox 831 678 960 704; x_wconf 72' lang='lat' dir='ltr'>amicitias</span> <span class='ocrx_word' id='word_1_135' title='bbox 969 678 1074 711; x_wconf 76' lang='lat' dir='ltr'>conglu-</span> 
     </span>
     <span class='ocr_line' id='line_1_14' title="bbox 47 713 1074 752; baseline -0.01 -3"><span class='ocrx_word' id='word_1_136' title='bbox 47 719 247 752; x_wconf 84' lang='lat' dir='ltr'>tinaret,eadem</span> <span class='ocrx_word' id='word_1_137' title='bbox 262 724 417 746; x_wconf 77' lang='lat' dir='ltr'>commutata</span> <span class='ocrx_word' id='word_1_138' title='bbox 428 714 584 743; x_wconf 83' lang='lat' dir='ltr'>diffolueret.</span> <span class='ocrx_word' id='word_1_139' title='bbox 621 713 689 740; x_wconf 67' lang='lat' dir='ltr'>Adai.</span> <span class='ocrx_word' id='word_1_140' title='bbox 699 722 747 747; x_wconf 83' lang='lat' dir='ltr'>pro</span> <span class='ocrx_word' id='word_1_141' title='bbox 754 714 776 740; x_wconf 87' lang='lat' dir='ltr'>S.</span> <span class='ocrx_word' id='word_1_142' title='bbox 785 715 858 741; x_wconf 84' lang='lat' dir='ltr'>Rosc.</span> <span class='ocrx_word' id='word_1_143' title='bbox 868 721 936 746; x_wconf 79' lang='lat' dir='ltr'>c.39.</span> <span class='ocrx_word' id='word_1_144' title='bbox 1008 715 1074 740; x_wconf 86' lang='lat' dir='ltr'>Cau-</span> 
     </span>
     <span class='ocr_line' id='line_1_15' title="bbox 46 748 1075 785; baseline -0.009 -2"><span class='ocrx_word' id='word_1_145' title='bbox 46 758 99 783; x_wconf 89' lang='lat' dir='ltr'>sam</span> <span class='ocrx_word' id='word_1_146' title='bbox 112 755 264 785; x_wconf 81' lang='lat' dir='ltr'>disl&#39;oluere,</span> <span class='ocrx_word' id='word_1_147' title='bbox 280 766 297 780; x_wconf 88' lang='lat'>1.</span> <span class='ocrx_word' id='word_1_148' title='bbox 312 755 447 783; x_wconf 77' lang='lat' dir='ltr'>declarare,</span> <span class='ocrx_word' id='word_1_149' title='bbox 465 749 706 785; x_wconf 42' lang='lat' dir='ltr'>explicare-Lucret.</span> <span class='ocrx_word' id='word_1_150' title='bbox 720 759 748 783; x_wconf 88' lang='lat'>4,</span> <span class='ocrx_word' id='word_1_151' title='bbox 763 758 816 782; x_wconf 82' lang='lat'>503.</span> <span class='ocrx_word' id='word_1_152' title='bbox 899 748 1013 775; x_wconf 87' lang='lat' dir='ltr'>Consilia</span> <span class='ocrx_word' id='word_1_153' title='bbox 1027 749 1075 775; x_wconf 88' lang='lat' dir='ltr'>dis-</span> 
     </span>
     <span class='ocr_line' id='line_1_16' title="bbox 46 785 1007 825; baseline -0.004 -7"><span class='ocrx_word' id='word_1_154' title='bbox 46 792 148 819; x_wconf 82' lang='lat' dir='ltr'>soluere</span> <span class='ocrx_word' id='word_1_155' title='bbox 170 798 195 817; x_wconf 85' lang='lat' dir='ltr'>ct</span> <span class='ocrx_word' id='word_1_156' title='bbox 210 791 317 825; x_wconf 77' lang='lat' dir='ltr'>pei-dere</span> <span class='ocrx_word' id='word_1_157' title='bbox 340 787 392 814; x_wconf 84' lang='lat' dir='ltr'>Cic.</span> <span class='ocrx_word' id='word_1_158' title='bbox 404 786 435 812; x_wconf 91' lang='lat' dir='ltr'>de</span> <span class='ocrx_word' id='word_1_159' title='bbox 448 786 516 819; x_wconf 82' lang='lat' dir='ltr'>Lege</span> <span class='ocrx_word' id='word_1_160' title='bbox 531 785 592 824; x_wconf 61' lang='lat' dir='ltr'>Agr·</span> <span class='ocrx_word' id='word_1_161' title='bbox 608 793 632 815; x_wconf 69' lang='lat'>2,</span> <span class='ocrx_word' id='word_1_162' title='bbox 645 793 685 817; x_wconf 83' lang='lat'>34-</span> <span class='ocrx_word' id='word_1_163' title='bbox 1003 820 1007 824; x_wconf 20' lang='grc' dir='ltr'>ἱ</span> 
     </span>
     <span class='ocr_line' id='line_1_17' title="bbox 47 819 1075 855; baseline -0.009 -1"><span class='ocrx_word' id='word_1_164' title='bbox 47 827 105 854; x_wconf 85' lang='lat' dir='ltr'>dem</span> <span class='ocrx_word' id='word_1_165' title='bbox 122 826 152 853; x_wconf 84' lang='lat' dir='ltr'>lit</span> <span class='ocrx_word' id='word_1_166' title='bbox 165 826 264 853; x_wconf 86' lang='lat' dir='ltr'>vtilitas</span> <span class='ocrx_word' id='word_1_167' title='bbox 279 821 478 855; x_wconf 87' lang='lat' dir='ltr'>vniuscuiusque</span> <span class='ocrx_word' id='word_1_168' title='bbox 492 826 518 846; x_wconf 88' lang='lat' dir='ltr'>et</span> <span class='ocrx_word' id='word_1_169' title='bbox 530 821 716 846; x_wconf 86' lang='lat' dir='ltr'>vmuersorum</span> <span class='ocrx_word' id='word_1_170' title='bbox 729 830 735 846; x_wconf 90' lang='lat'><strong>:</strong></span> <span class='ocrx_word' id='word_1_171' title='bbox 755 829 834 855; x_wconf 90' lang='lat' dir='ltr'>quam</span> <span class='ocrx_word' id='word_1_172' title='bbox 848 819 868 846; x_wconf 85' lang='lat' dir='ltr'>si</span> <span class='ocrx_word' id='word_1_173' title='bbox 881 819 912 845; x_wconf 87' lang='lat' dir='ltr'>ad</span> <span class='ocrx_word' id='word_1_174' title='bbox 927 820 951 845; x_wconf 86' lang='lat' dir='ltr'>se</span> <span class='ocrx_word' id='word_1_175' title='bbox 963 829 1075 854; x_wconf 84' lang='lat' dir='ltr'>quisque</span> 
     </span>
     <span class='ocr_line' id='line_1_18' title="bbox 45 855 1077 897; baseline -0.009 -8"><span class='ocrx_word' id='word_1_176' title='bbox 45 862 145 897; x_wconf 88' lang='lat' dir='ltr'>rapiet,</span> <span class='ocrx_word' id='word_1_177' title='bbox 161 861 314 888; x_wconf 79' lang='lat' dir='ltr'>ditibluetur</span> <span class='ocrx_word' id='word_1_178' title='bbox 327 857 411 884; x_wconf 88' lang='lat' dir='ltr'>omnis</span> <span class='ocrx_word' id='word_1_179' title='bbox 425 856 539 882; x_wconf 85' lang='lat' dir='ltr'>humana</span> <span class='ocrx_word' id='word_1_180' title='bbox 553 856 706 882; x_wconf 89' lang='lat' dir='ltr'>Consortio.</span> <span class='ocrx_word' id='word_1_181' title='bbox 804 855 965 881; x_wconf 86' lang='lat' dir='ltr'>Criminatio</span> <span class='ocrx_word' id='word_1_182' title='bbox 987 856 1077 881; x_wconf 83' lang='lat' dir='ltr'>Erucii</span> 
     </span>
     <span class='ocr_line' id='line_1_19' title="bbox 44 890 1072 926; baseline -0.007 -2"><span class='ocrx_word' id='word_1_183' title='bbox 44 904 101 924; x_wconf 86' lang='lat' dir='ltr'>tota</span> <span class='ocrx_word' id='word_1_184' title='bbox 112 896 232 924; x_wconf 75' lang='lat' dir='ltr'>dissbluta</span> <span class='ocrx_word' id='word_1_185' title='bbox 246 896 280 923; x_wconf 81' lang='lat' dir='ltr'>est</span> <span class='ocrx_word' id='word_1_186' title='bbox 299 894 351 922; x_wconf 84' lang='lat' dir='ltr'>Cic.</span> <span class='ocrx_word' id='word_1_187' title='bbox 364 900 412 926; x_wconf 87' lang='lat' dir='ltr'>pro</span> <span class='ocrx_word' id='word_1_188' title='bbox 426 892 501 917; x_wconf 78' lang='lat' dir='ltr'>Rosc.</span> <span class='ocrx_word' id='word_1_189' title='bbox 514 891 572 917; x_wconf 88' lang='lat' dir='ltr'>Am.</span> <span class='ocrx_word' id='word_1_190' title='bbox 587 900 608 917; x_wconf 91' lang='lat' dir='ltr'>c.</span> <span class='ocrx_word' id='word_1_191' title='bbox 621 900 663 923; x_wconf 85' lang='lat'>29.</span> <span class='ocrx_word' id='word_1_192' title='bbox 740 890 832 925; x_wconf 80' lang='lat' dir='ltr'>Frigus</span> <span class='ocrx_word' id='word_1_193' title='bbox 846 890 986 916; x_wconf 79' lang='lat' dir='ltr'>diisolucre</span> <span class='ocrx_word' id='word_1_194' title='bbox 1006 892 1072 917; x_wconf 88' lang='lat' dir='ltr'>Hor.</span> 
     </span>
     <span class='ocr_line' id='line_1_20' title="bbox 47 926 1073 965; baseline -0.007 -6"><span class='ocrx_word' id='word_1_195' title='bbox 47 934 134 960; x_wconf 89' lang='lat' dir='ltr'>Carm.</span> <span class='ocrx_word' id='word_1_196' title='bbox 150 941 168 962; x_wconf 87' lang='lat' dir='ltr'>i,</span> <span class='ocrx_word' id='word_1_197' title='bbox 182 940 240 965; x_wconf 57' lang='lat'>953.</span> <span class='ocrx_word' id='word_1_198' title='bbox 258 938 263 941; x_wconf 76' lang='grc'><em>’</em></span> <span class='ocrx_word' id='word_1_199' title='bbox 307 927 422 955; x_wconf 82' lang='lat' dir='ltr'>Glaciem</span> <span class='ocrx_word' id='word_1_200' title='bbox 436 926 575 953; x_wconf 74' lang='lat' dir='ltr'>diss&#39;oiuere</span> <span class='ocrx_word' id='word_1_201' title='bbox 595 927 697 953; x_wconf 87' lang='lat' dir='ltr'>Lucret.</span> <span class='ocrx_word' id='word_1_202' title='bbox 706 928 732 958; x_wconf 91' lang='lat'>6,</span> <span class='ocrx_word' id='word_1_203' title='bbox 746 929 803 958; x_wconf 86' lang='grc'><strong>963.</strong></span> <span class='ocrx_word' id='word_1_204' title='bbox 876 927 916 952; x_wconf 91' lang='lat' dir='ltr'>Ad</span> <span class='ocrx_word' id='word_1_205' title='bbox 930 927 1073 959; x_wconf 85' lang='lat' dir='ltr'>Imperium</span> 
     </span>
     <span class='ocr_line' id='line_1_21' title="bbox 45 963 727 1001; baseline -0.016 -6"><span class='ocrx_word' id='word_1_206' title='bbox 45 968 234 996; x_wconf 80' lang='lat' dir='ltr'>difloluendum</span> <span class='ocrx_word' id='word_1_207' title='bbox 249 965 312 1000; x_wconf 61' lang='lat' dir='ltr'>latae</span> <span class='ocrx_word' id='word_1_208' title='bbox 325 963 392 997; x_wconf 81' lang='lat' dir='ltr'>leges</span> <span class='ocrx_word' id='word_1_209' title='bbox 412 963 472 988; x_wconf 92' lang='lat' dir='ltr'>Liu.</span> <span class='ocrx_word' id='word_1_210' title='bbox 486 971 514 995; x_wconf 88' lang='lat'>4,</span> <span class='ocrx_word' id='word_1_211' title='bbox 529 971 562 994; x_wconf 86' lang='lat'>13.</span> <span class='ocrx_word' id='word_1_212' title='bbox 722 997 727 1001; x_wconf 93' lang='lat'>.</span> 
     </span>
     <span class='ocr_line' id='line_1_22' title="bbox 43 996 1075 1039; baseline -0.007 -11"><span class='ocrx_word' id='word_1_213' title='bbox 43 1000 295 1039; x_wconf 77' lang='lat' dir='ltr'>(Interrogationes)</span> <span class='ocrx_word' id='word_1_214' title='bbox 313 997 452 1025; x_wconf 83' lang='lat' dir='ltr'>dissoluere</span> <span class='ocrx_word' id='word_1_215' title='bbox 464 1007 517 1024; x_wconf 89' lang='lat' dir='ltr'>non</span> <span class='ocrx_word' id='word_1_216' title='bbox 529 997 645 1032; x_wconf 80' lang='lat' dir='ltr'>possunt,</span> <span class='ocrx_word' id='word_1_217' title='bbox 663 996 802 1023; x_wconf 85' lang='lat' dir='ltr'>desciscunt</span> <span class='ocrx_word' id='word_1_218' title='bbox 815 1006 829 1023; x_wconf 89' lang='lat' dir='ltr'>a</span> <span class='ocrx_word' id='word_1_219' title='bbox 843 997 962 1023; x_wconf 84' lang='lat' dir='ltr'>veritate.</span> <span class='ocrx_word' id='word_1_220' title='bbox 1034 999 1075 1024; x_wconf 64' lang='lat' dir='ltr'>Sic</span> 
     </span>
     <span class='ocr_line' id='line_1_23' title="bbox 45 1031 1073 1069; baseline -0.008 -3"><span class='ocrx_word' id='word_1_221' title='bbox 45 1039 77 1066; x_wconf 89' lang='lat' dir='ltr'>de</span> <span class='ocrx_word' id='word_1_222' title='bbox 90 1039 136 1065; x_wconf 87' lang='lat' dir='ltr'>Or.</span> <span class='ocrx_word' id='word_1_223' title='bbox 151 1047 163 1064; x_wconf 91' lang='lat'>2</span> <span class='ocrx_word' id='word_1_224' title='bbox 174 1047 194 1064; x_wconf 89' lang='lat' dir='ltr'>c.</span> <span class='ocrx_word' id='word_1_225' title='bbox 207 1041 234 1069; x_wconf 84' lang='grc'><strong>38</strong></span> <span class='ocrx_word' id='word_1_226' title='bbox 253 1034 281 1060; x_wconf 75' lang='lat' dir='ltr'>de</span> <span class='ocrx_word' id='word_1_227' title='bbox 299 1031 465 1065; x_wconf 70' lang='lat' dir='ltr'>Dialeflicis,</span> <span class='ocrx_word' id='word_1_228' title='bbox 483 1033 532 1067; x_wconf 82' lang='lat' dir='ltr'>Ipsi</span> <span class='ocrx_word' id='word_1_229' title='bbox 551 1034 577 1058; x_wconf 88' lang='lat' dir='ltr'>se</span> <span class='ocrx_word' id='word_1_230' title='bbox 593 1038 771 1068; x_wconf 83' lang='lat' dir='ltr'>compungunt</span> <span class='ocrx_word' id='word_1_231' title='bbox 783 1033 835 1058; x_wconf 89' lang='lat' dir='ltr'>suis</span> <span class='ocrx_word' id='word_1_232' title='bbox 847 1031 1028 1065; x_wconf 80' lang='lat' dir='ltr'>acuminibus,</span> <span class='ocrx_word' id='word_1_233' title='bbox 1047 1038 1073 1059; x_wconf 87' lang='lat' dir='ltr'>et</span> 
     </span>
     <span class='ocr_line' id='line_1_24' title="bbox 45 1067 1073 1109; baseline -0.005 -10"><span class='ocrx_word' id='word_1_234' title='bbox 45 1075 127 1101; x_wconf 81' lang='lat' dir='ltr'>multa</span> <span class='ocrx_word' id='word_1_235' title='bbox 141 1069 286 1109; x_wconf 82' lang='lat' dir='ltr'>quaerendo</span> <span class='ocrx_word' id='word_1_236' title='bbox 299 1068 445 1104; x_wconf 80' lang='lat' dir='ltr'>reperiunt,</span> <span class='ocrx_word' id='word_1_237' title='bbox 458 1077 526 1103; x_wconf 91' lang='lat' dir='ltr'>quae</span> <span class='ocrx_word' id='word_1_238' title='bbox 539 1069 592 1094; x_wconf 90' lang='lat' dir='ltr'>iam</span> <span class='ocrx_word' id='word_1_239' title='bbox 606 1077 658 1093; x_wconf 90' lang='lat' dir='ltr'>non</span> <span class='ocrx_word' id='word_1_240' title='bbox 672 1068 773 1101; x_wconf 78' lang='lat' dir='ltr'>possunt</span> <span class='ocrx_word' id='word_1_241' title='bbox 786 1067 832 1102; x_wconf 82' lang='lat' dir='ltr'>ipsi</span> <span class='ocrx_word' id='word_1_242' title='bbox 849 1067 995 1094; x_wconf 72' lang='lat' dir='ltr'>diss&#39;oluere.</span> <span class='ocrx_word' id='word_1_243' title='bbox 1032 1069 1073 1095; x_wconf 82' lang='lat' dir='ltr'>Sic</span> 
     </span>
     <span class='ocr_line' id='line_1_25' title="bbox 45 1103 1074 1138; baseline -0.007 -1"><span class='ocrx_word' id='word_1_244' title='bbox 45 1109 78 1136; x_wconf 85' lang='lat' dir='ltr'>de</span> <span class='ocrx_word' id='word_1_245' title='bbox 93 1110 180 1136; x_wconf 88' lang='lat' dir='ltr'>Diuin.</span> <span class='ocrx_word' id='word_1_246' title='bbox 194 1115 209 1134; x_wconf 91' lang='lat'>2</span> <span class='ocrx_word' id='word_1_247' title='bbox 221 1115 242 1132; x_wconf 89' lang='lat' dir='ltr'>c.</span> <span class='ocrx_word' id='word_1_248' title='bbox 255 1114 274 1138; x_wconf 86' lang='lat'>4</span> <span class='ocrx_word' id='word_1_249' title='bbox 286 1104 291 1106; x_wconf 65' lang='grc'><strong>’</strong></span> <span class='ocrx_word' id='word_1_250' title='bbox 308 1104 452 1138; x_wconf 88' lang='lat' dir='ltr'>Qiomodo</span> <span class='ocrx_word' id='word_1_251' title='bbox 481 1110 526 1130; x_wconf 85' lang='lat' dir='ltr'>aut</span> <span class='ocrx_word' id='word_1_252' title='bbox 556 1104 725 1129; x_wconf 73' lang='lat' dir='ltr'>mentientem</span> <span class='ocrx_word' id='word_1_253' title='bbox 770 1119 816 1123; x_wconf 88' lang='lat'><strong>—</strong></span> <span class='ocrx_word' id='word_1_254' title='bbox 862 1103 997 1134; x_wconf 76' lang='lat' dir='ltr'>dissbluas‚</span> <span class='ocrx_word' id='word_1_255' title='bbox 1029 1108 1074 1130; x_wconf 84' lang='lat' dir='ltr'>aut</span> 
     </span>
     <span class='ocr_line' id='line_1_26' title="bbox 46 1138 1074 1180; baseline -0.006 -9"><span class='ocrx_word' id='word_1_256' title='bbox 46 1141 263 1180; x_wconf 80' lang='lat' dir='ltr'>quemadmodum</span> <span class='ocrx_word' id='word_1_257' title='bbox 275 1141 358 1167; x_wconf 72' lang='lat' dir='ltr'>Sor-iti</span> <span class='ocrx_word' id='word_1_258' title='bbox 371 1139 478 1166; x_wconf 84' lang='lat' dir='ltr'>resistas.</span> <span class='ocrx_word' id='word_1_259' title='bbox 567 1138 668 1164; x_wconf 85' lang='lat' dir='ltr'>Iudicia</span> <span class='ocrx_word' id='word_1_260' title='bbox 683 1138 788 1172; x_wconf 89' lang='lat' dir='ltr'>publica</span> <span class='ocrx_word' id='word_1_261' title='bbox 813 1138 868 1164; x_wconf 91' lang='lat' dir='ltr'>Cic.</span> <span class='ocrx_word' id='word_1_262' title='bbox 891 1139 952 1173; x_wconf 80' lang='lat' dir='ltr'>Agr.</span> <span class='ocrx_word' id='word_1_263' title='bbox 972 1147 987 1165; x_wconf 86' lang='lat'>2</span> <span class='ocrx_word' id='word_1_264' title='bbox 1002 1148 1022 1164; x_wconf 93' lang='lat' dir='ltr'>c.</span> <span class='ocrx_word' id='word_1_265' title='bbox 1040 1147 1074 1171; x_wconf 86' lang='lat'>13.</span> 
     </span>
     <span class='ocr_line' id='line_1_27' title="bbox 45 1173 1075 1214; baseline -0.006 -8"><span class='ocrx_word' id='word_1_266' title='bbox 45 1179 126 1214; x_wconf 77' lang='lat' dir='ltr'>Leges</span> <span class='ocrx_word' id='word_1_267' title='bbox 139 1174 276 1205; x_wconf 79' lang='lat' dir='ltr'>difl&#39;oluere</span> <span class='ocrx_word' id='word_1_268' title='bbox 296 1175 387 1202; x_wconf 86' lang='lat' dir='ltr'>Claud.</span> <span class='ocrx_word' id='word_1_269' title='bbox 402 1175 434 1201; x_wconf 90' lang='lat' dir='ltr'>de</span> <span class='ocrx_word' id='word_1_270' title='bbox 447 1175 522 1208; x_wconf 85' lang='lat' dir='ltr'>Rapt.</span> <span class='ocrx_word' id='word_1_271' title='bbox 537 1174 653 1208; x_wconf 86' lang='lat' dir='ltr'>Proserp.</span> <span class='ocrx_word' id='word_1_272' title='bbox 669 1183 690 1206; x_wconf 91' lang='lat'>1,</span> <span class='ocrx_word' id='word_1_273' title='bbox 704 1176 743 1205; x_wconf 83' lang='grc'>63.</span> <span class='ocrx_word' id='word_1_274' title='bbox 814 1173 862 1200; x_wconf 74' lang='lat' dir='ltr'>Sed</span> <span class='ocrx_word' id='word_1_275' title='bbox 874 1180 897 1200; x_wconf 85' lang='lat' dir='ltr'>et</span> <span class='ocrx_word' id='word_1_276' title='bbox 912 1174 967 1200; x_wconf 87' lang='lat' dir='ltr'>Cic.</span> <span class='ocrx_word' id='word_1_277' title='bbox 984 1174 1050 1201; x_wconf 84' lang='lat' dir='ltr'>Phil.</span> <span class='ocrx_word' id='word_1_278' title='bbox 1065 1183 1075 1200; x_wconf 92' lang='lat'>1</span> 
     </span>
     <span class='ocr_line' id='line_1_28' title="bbox 47 1209 1077 1245; baseline -0.003 -6"><span class='ocrx_word' id='word_1_279' title='bbox 47 1225 72 1242; x_wconf 79' lang='lat' dir='ltr'>c.-</span> <span class='ocrx_word' id='word_1_280' title='bbox 82 1220 104 1245; x_wconf 78' lang='lat'>8.</span> <span class='ocrx_word' id='word_1_281' title='bbox 170 1211 288 1242; x_wconf 88' lang='lat' dir='ltr'>Membra</span> <span class='ocrx_word' id='word_1_282' title='bbox 319 1210 495 1237; x_wconf 80' lang='lat' dir='ltr'>dissoluuntur</span> <span class='ocrx_word' id='word_1_283' title='bbox 530 1210 634 1236; x_wconf 87' lang='lat' dir='ltr'>Lucret.</span> <span class='ocrx_word' id='word_1_284' title='bbox 653 1218 681 1242; x_wconf 86' lang='lat'>4,</span> <span class='ocrx_word' id='word_1_285' title='bbox 701 1216 758 1243; x_wconf 86' lang='lat'>917.</span> <span class='ocrx_word' id='word_1_286' title='bbox 831 1209 932 1236; x_wconf 85' lang='lat' dir='ltr'>Nubila</span> <span class='ocrx_word' id='word_1_287' title='bbox 960 1209 1077 1236; x_wconf 80' lang='lat' dir='ltr'>diffoluit</span> 
     </span>
     <span class='ocr_line' id='line_1_29' title="bbox 45 1243 1078 1280; baseline -0.005 -3"><span class='ocrx_word' id='word_1_288' title='bbox 45 1248 161 1277; x_wconf 83' lang='lat' dir='ltr'>Phoebus</span> <span class='ocrx_word' id='word_1_289' title='bbox 178 1247 266 1275; x_wconf 86' lang='lat' dir='ltr'>Claud.</span> <span class='ocrx_word' id='word_1_290' title='bbox 281 1246 312 1273; x_wconf 88' lang='lat' dir='ltr'>de</span> <span class='ocrx_word' id='word_1_291' title='bbox 325 1249 418 1280; x_wconf 74' lang='lat' dir='ltr'>Quart.</span> <span class='ocrx_word' id='word_1_292' title='bbox 432 1245 509 1272; x_wconf 91' lang='lat' dir='ltr'>Cons.</span> <span class='ocrx_word' id='word_1_293' title='bbox 522 1246 594 1271; x_wconf 89' lang='lat' dir='ltr'>Hon.</span> <span class='ocrx_word' id='word_1_294' title='bbox 604 1253 661 1280; x_wconf 85' lang='lat'><strong>¹74·</strong></span> <span class='ocrx_word' id='word_1_295' title='bbox 732 1243 840 1271; x_wconf 71' lang='lat' dir='ltr'>Peetora</span> <span class='ocrx_word' id='word_1_296' title='bbox 854 1244 1015 1272; x_wconf 74' lang='lat' dir='ltr'>dissoluenda</span> <span class='ocrx_word' id='word_1_297' title='bbox 1029 1246 1078 1272; x_wconf 88' lang='lat' dir='ltr'>tri-</span> 
     </span>
     <span class='ocr_line' id='line_1_30' title="bbox 47 1280 1075 1318; baseline -0.005 -6"><span class='ocrx_word' id='word_1_298' title='bbox 47 1285 145 1318; x_wconf 81' lang='lat' dir='ltr'>stitiae,</span> <span class='ocrx_word' id='word_1_299' title='bbox 164 1286 182 1310; x_wconf 89' lang='lat' dir='ltr'>i.</span> <span class='ocrx_word' id='word_1_300' title='bbox 197 1293 211 1310; x_wconf 84' lang='lat' dir='ltr'>a</span> <span class='ocrx_word' id='word_1_301' title='bbox 223 1280 329 1315; x_wconf 60' lang='lat' dir='ltr'>tristitia</span> <span class='ocrx_word' id='word_1_302' title='bbox 349 1281 447 1308; x_wconf 87' lang='lat' dir='ltr'>Tibul.</span> <span class='ocrx_word' id='word_1_303' title='bbox 463 1289 482 1313; x_wconf 89' lang='lat'>1,</span> <span class='ocrx_word' id='word_1_304' title='bbox 495 1285 517 1310; x_wconf 86' lang='lat'>8,</span> <span class='ocrx_word' id='word_1_305' title='bbox 530 1289 575 1314; x_wconf 89' lang='lat'>40.</span> <span class='ocrx_word' id='word_1_306' title='bbox 661 1280 708 1306; x_wconf 82' lang='lat' dir='ltr'>Per</span> <span class='ocrx_word' id='word_1_307' title='bbox 720 1285 804 1315; x_wconf 84' lang='lat' dir='ltr'>partes</span> <span class='ocrx_word' id='word_1_308' title='bbox 819 1280 924 1307; x_wconf 68' lang='lat' dir='ltr'>dissolui</span> <span class='ocrx_word' id='word_1_309' title='bbox 944 1281 1075 1314; x_wconf 69' lang='lat' dir='ltr'>Qninffll.</span> 
     </span>
     <span class='ocr_line' id='line_1_31' title="bbox 43 1315 1075 1355; baseline -0.002 -11"><span class='ocrx_word' id='word_1_310' title='bbox 43 1328 66 1355; x_wconf 79' lang='grc' dir='ltr'>ς,</span> <span class='ocrx_word' id='word_1_311' title='bbox 81 1329 113 1352; x_wconf 80' lang='lat'>13.</span> <span class='ocrx_word' id='word_1_312' title='bbox 215 1318 270 1344; x_wconf 88' lang='lat' dir='ltr'>Cic.</span> <span class='ocrx_word' id='word_1_313' title='bbox 285 1317 336 1344; x_wconf 81' lang='lat' dir='ltr'>Off.</span> <span class='ocrx_word' id='word_1_314' title='bbox 352 1326 374 1350; x_wconf 87' lang='grc'><strong>3,</strong></span> <span class='ocrx_word' id='word_1_315' title='bbox 389 1326 424 1349; x_wconf 84' lang='grc'>113</span> <span class='ocrx_word' id='word_1_316' title='bbox 445 1317 526 1343; x_wconf 81' lang='lat' dir='ltr'>Fraus</span> <span class='ocrx_word' id='word_1_317' title='bbox 538 1315 610 1341; x_wconf 90' lang='lat' dir='ltr'>enim</span> <span class='ocrx_word' id='word_1_318' title='bbox 623 1315 772 1350; x_wconf 86' lang='lat' dir='ltr'>distringit,</span> <span class='ocrx_word' id='word_1_319' title='bbox 789 1324 843 1341; x_wconf 86' lang='lat' dir='ltr'>non</span> <span class='ocrx_word' id='word_1_320' title='bbox 857 1315 972 1342; x_wconf 74' lang='lat' dir='ltr'>dissoluit</span> <span class='ocrx_word' id='word_1_321' title='bbox 986 1317 1075 1342; x_wconf 84' lang='lat' dir='ltr'>Periu-</span> 
     </span>
     <span class='ocr_line' id='line_1_32' title="bbox 43 1351 1075 1386; baseline -0.005 -4"><span class='ocrx_word' id='word_1_322' title='bbox 43 1357 122 1384; x_wconf 85' lang='lat' dir='ltr'>tium.</span> <span class='ocrx_word' id='word_1_323' title='bbox 180 1353 235 1380; x_wconf 59' lang='lat' dir='ltr'>Cic.</span> <span class='ocrx_word' id='word_1_324' title='bbox 245 1353 327 1379; x_wconf 88' lang='lat' dir='ltr'>Tusc.</span> <span class='ocrx_word' id='word_1_325' title='bbox 338 1361 356 1382; x_wconf 80' lang='grc'>1,</span> <span class='ocrx_word' id='word_1_326' title='bbox 367 1361 413 1379; x_wconf 90' lang='grc'>100</span> <span class='ocrx_word' id='word_1_327' title='bbox 433 1352 488 1386; x_wconf 84' lang='lat' dir='ltr'>Ego</span> <span class='ocrx_word' id='word_1_328' title='bbox 500 1360 566 1377; x_wconf 88' lang='lat' dir='ltr'>vero</span> <span class='ocrx_word' id='word_1_329' title='bbox 580 1351 621 1377; x_wconf 92' lang='lat' dir='ltr'>illi</span> <span class='ocrx_word' id='word_1_330' title='bbox 634 1351 775 1377; x_wconf 82' lang='lat' dir='ltr'>maximam</span> <span class='ocrx_word' id='word_1_331' title='bbox 791 1351 904 1385; x_wconf 82' lang='lat' dir='ltr'>gratiam</span> <span class='ocrx_word' id='word_1_332' title='bbox 918 1351 1013 1384; x_wconf 84' lang='lat' dir='ltr'>habeo,</span> <span class='ocrx_word' id='word_1_333' title='bbox 1027 1352 1075 1386; x_wconf 88' lang='lat' dir='ltr'>qui</span> 
     </span>
     <span class='ocr_line' id='line_1_33' title="bbox 32 1386 1074 1422; baseline -0.005 -5"><span class='ocrx_word' id='word_1_334' title='bbox 32 1398 84 1418; x_wconf 87' lang='lat' dir='ltr'>&#39;me</span> <span class='ocrx_word' id='word_1_335' title='bbox 97 1399 125 1417; x_wconf 89' lang='lat' dir='ltr'>ea</span> <span class='ocrx_word' id='word_1_336' title='bbox 131 1388 383 1420; x_wconf 82' lang='lat' dir='ltr'>Poenainultauerit,</span> <span class='ocrx_word' id='word_1_337' title='bbox 398 1390 475 1422; x_wconf 85' lang='lat' dir='ltr'>quam</span> <span class='ocrx_word' id='word_1_338' title='bbox 484 1386 536 1413; x_wconf 87' lang='lat' dir='ltr'>sine</span> <span class='ocrx_word' id='word_1_339' title='bbox 544 1387 699 1419; x_wconf 78' lang='lat' dir='ltr'>mutatione,</span> <span class='ocrx_word' id='word_1_340' title='bbox 712 1393 738 1413; x_wconf 86' lang='lat' dir='ltr'>et</span> <span class='ocrx_word' id='word_1_341' title='bbox 746 1386 798 1412; x_wconf 87' lang='lat' dir='ltr'>fine</span> <span class='ocrx_word' id='word_1_342' title='bbox 807 1387 912 1413; x_wconf 86' lang='lat' dir='ltr'>versura</span> <span class='ocrx_word' id='word_1_343' title='bbox 920 1388 1015 1421; x_wconf 88' lang='lat' dir='ltr'>possem</span> <span class='ocrx_word' id='word_1_344' title='bbox 1022 1387 1074 1413; x_wconf 82' lang='lat' dir='ltr'>dis-</span> 
     </span>
     <span class='ocr_line' id='line_1_34' title="bbox 40 1421 1072 1458; baseline -0.003 -6"><span class='ocrx_word' id='word_1_345' title='bbox 40 1426 150 1452; x_wconf 78' lang='lat' dir='ltr'>soluere.</span> <span class='ocrx_word' id='word_1_346' title='bbox 175 1424 306 1451; x_wconf 75' lang='lat' dir='ltr'>Periturae</span> <span class='ocrx_word' id='word_1_347' title='bbox 313 1423 506 1458; x_wconf 83' lang='lat' dir='ltr'>principiorum</span> <span class='ocrx_word' id='word_1_348' title='bbox 515 1422 691 1448; x_wconf 80' lang='lat' dir='ltr'>diffoluuntur</span> <span class='ocrx_word' id='word_1_349' title='bbox 700 1423 777 1449; x_wconf 84' lang='lat' dir='ltr'>Lucr.</span> <span class='ocrx_word' id='word_1_350' title='bbox 787 1431 812 1454; x_wconf 92' lang='lat'>2,</span> <span class='ocrx_word' id='word_1_351' title='bbox 820 1425 882 1455; x_wconf 85' lang='lat'>946.</span> <span class='ocrx_word' id='word_1_352' title='bbox 917 1421 1072 1449; x_wconf 82' lang='lat' dir='ltr'>Potestatcm</span> 
     </span>
     <span class='ocr_line' id='line_1_35' title="bbox 37 1457 1072 1494; baseline -0.002 -8"><span class='ocrx_word' id='word_1_353' title='bbox 37 1461 137 1494; x_wconf 79' lang='lat' dir='ltr'>regiam</span> <span class='ocrx_word' id='word_1_354' title='bbox 162 1459 229 1494; x_wconf 86' lang='lat' dir='ltr'>Nep.</span> <span class='ocrx_word' id='word_1_355' title='bbox 238 1462 318 1492; x_wconf 80' lang='lat'>6,3,5.</span> <span class='ocrx_word' id='word_1_356' title='bbox 354 1457 879 1485; x_wconf 82' lang='lat' dir='ltr'>PotestatemTribuniciainsuisviribus</span> <span class='ocrx_word' id='word_1_357' title='bbox 888 1457 992 1484; x_wconf 81' lang='lat' dir='ltr'>dissolui</span> <span class='ocrx_word' id='word_1_358' title='bbox 1012 1458 1072 1484; x_wconf 91' lang='lat' dir='ltr'>Liu.</span> 
     </span>
     <span class='ocr_line' id='line_1_36' title="bbox 37 1493 1074 1528; baseline -0.003 -6"><span class='ocrx_word' id='word_1_359' title='bbox 37 1504 64 1528; x_wconf 84' lang='lat'>2,</span> <span class='ocrx_word' id='word_1_360' title='bbox 74 1504 119 1528; x_wconf 85' lang='lat'>44.</span> <span class='ocrx_word' id='word_1_361' title='bbox 153 1495 221 1522; x_wconf 78' lang='lat' dir='ltr'>Add.</span> <span class='ocrx_word' id='word_1_362' title='bbox 235 1497 304 1527; x_wconf 79' lang='grc'><strong>6,38.</strong></span> <span class='ocrx_word' id='word_1_363' title='bbox 339 1500 376 1527; x_wconf 84' lang='grc'><strong>38,</strong></span> <span class='ocrx_word' id='word_1_364' title='bbox 386 1497 425 1527; x_wconf 78' lang='grc'>56.</span> <span class='ocrx_word' id='word_1_365' title='bbox 494 1493 653 1528; x_wconf 88' lang='lat' dir='ltr'>Proscriptio</span> <span class='ocrx_word' id='word_1_366' title='bbox 661 1493 694 1519; x_wconf 89' lang='lat' dir='ltr'>iis</span> <span class='ocrx_word' id='word_1_367' title='bbox 702 1493 791 1519; x_wconf 83' lang='lat' dir='ltr'>verbis</span> <span class='ocrx_word' id='word_1_368' title='bbox 799 1494 890 1527; x_wconf 85' lang='lat' dir='ltr'>scripta</span> <span class='ocrx_word' id='word_1_369' title='bbox 899 1493 944 1525; x_wconf 90' lang='lat' dir='ltr'>est,</span> <span class='ocrx_word' id='word_1_370' title='bbox 951 1499 979 1520; x_wconf 85' lang='lat' dir='ltr'>vt</span> <span class='ocrx_word' id='word_1_371' title='bbox 987 1494 1012 1520; x_wconf 88' lang='lat' dir='ltr'>se</span> <span class='ocrx_word' id='word_1_372' title='bbox 1020 1493 1074 1527; x_wconf 89' lang='lat' dir='ltr'>ipsa</span> 
     </span>
     <span class='ocr_line' id='line_1_37' title="bbox 32 1528 1073 1565; baseline -0.002 -8"><span class='ocrx_word' id='word_1_373' title='bbox 32 1530 156 1562; x_wconf 26' lang='lat' dir='ltr'>&#39;dissoluat</span> <span class='ocrx_word' id='word_1_374' title='bbox 173 1531 230 1558; x_wconf 87' lang='lat' dir='ltr'>Cic.</span> <span class='ocrx_word' id='word_1_375' title='bbox 243 1540 291 1565; x_wconf 86' lang='lat' dir='ltr'>pro</span> <span class='ocrx_word' id='word_1_376' title='bbox 304 1531 381 1557; x_wconf 90' lang='lat' dir='ltr'>Dom.</span> <span class='ocrx_word' id='word_1_377' title='bbox 394 1539 415 1556; x_wconf 87' lang='lat' dir='ltr'>c.</span> <span class='ocrx_word' id='word_1_378' title='bbox 431 1537 468 1562; x_wconf 89' lang='lat'>19.</span> <span class='ocrx_word' id='word_1_379' title='bbox 522 1529 620 1563; x_wconf 87' lang='lat' dir='ltr'>Puppes</span> <span class='ocrx_word' id='word_1_380' title='bbox 633 1529 661 1555; x_wconf 89' lang='lat' dir='ltr'>in</span> <span class='ocrx_word' id='word_1_381' title='bbox 674 1529 769 1559; x_wconf 82' lang='lat' dir='ltr'>mediis</span> <span class='ocrx_word' id='word_1_382' title='bbox 781 1538 794 1555; x_wconf 84' lang='lat' dir='ltr'>a</span> <span class='ocrx_word' id='word_1_383' title='bbox 816 1529 857 1555; x_wconf 91' lang='lat' dir='ltr'>uis</span> <span class='ocrx_word' id='word_1_384' title='bbox 869 1529 975 1555; x_wconf 85' lang='lat' dir='ltr'>dissolui</span> <span class='ocrx_word' id='word_1_385' title='bbox 989 1528 1073 1555; x_wconf 83' lang='lat' dir='ltr'>Ouid.</span> 
     </span>
     <span class='ocr_line' id='line_1_38' title="bbox 36 1563 1076 1599; baseline -0.002 -6"><span class='ocrx_word' id='word_1_386' title='bbox 36 1565 121 1593; x_wconf 84' lang='lat' dir='ltr'>Trist.</span> <span class='ocrx_word' id='word_1_387' title='bbox 134 1575 162 1599; x_wconf 83' lang='lat'>4,</span> <span class='ocrx_word' id='word_1_388' title='bbox 175 1571 199 1598; x_wconf 85' lang='lat'>8,</span> <span class='ocrx_word' id='word_1_389' title='bbox 214 1571 249 1596; x_wconf 85' lang='lat'>18.</span> <span class='ocrx_word' id='word_1_390' title='bbox 338 1565 454 1599; x_wconf 84' lang='lat' dir='ltr'>Qiiduis</span> <span class='ocrx_word' id='word_1_391' title='bbox 469 1564 546 1590; x_wconf 89' lang='lat' dir='ltr'>citius</span> <span class='ocrx_word' id='word_1_392' title='bbox 560 1563 665 1590; x_wconf 85' lang='lat' dir='ltr'>dissolui</span> <span class='ocrx_word' id='word_1_393' title='bbox 685 1565 754 1598; x_wconf 82' lang='lat' dir='ltr'>posse</span> <span class='ocrx_word' id='word_1_394' title='bbox 767 1564 795 1590; x_wconf 91' lang='lat' dir='ltr'>vi</span> <span class='ocrx_word' id='word_1_395' title='bbox 815 1573 887 1590; x_wconf 89' lang='lat' dir='ltr'>emus</span> <span class='ocrx_word' id='word_1_396' title='bbox 900 1565 986 1598; x_wconf 74' lang='lat' dir='ltr'>Quam</span> <span class='ocrx_word' id='word_1_397' title='bbox 1001 1565 1076 1591; x_wconf 82' lang='lat' dir='ltr'>retici</span> 
     </span>
     <span class='ocr_line' id='line_1_39' title="bbox 36 1599 1074 1635; baseline -0.002 -7"><span class='ocrx_word' id='word_1_398' title='bbox 36 1599 140 1628; x_wconf 83' lang='lat' dir='ltr'>Luere&#39;t.</span> <span class='ocrx_word' id='word_1_399' title='bbox 157 1610 177 1634; x_wconf 89' lang='lat'>1,</span> <span class='ocrx_word' id='word_1_400' title='bbox 189 1604 243 1634; x_wconf 78' lang='lat'>536.</span> <span class='ocrx_word' id='word_1_401' title='bbox 333 1601 485 1635; x_wconf 86' lang='lat' dir='ltr'>Religiones</span> <span class='ocrx_word' id='word_1_402' title='bbox 502 1599 657 1632; x_wconf 77' lang='lat' dir='ltr'>dissoluere,</span> <span class='ocrx_word' id='word_1_403' title='bbox 671 1606 721 1635; x_wconf 85' lang='lat' dir='ltr'>pro</span> <span class='ocrx_word' id='word_1_404' title='bbox 740 1601 863 1626; x_wconf 69' lang='lat' dir='ltr'>Eneruare</span> <span class='ocrx_word' id='word_1_405' title='bbox 882 1601 922 1625; x_wconf 72' lang='lat' dir='ltr'>vel</span> <span class='ocrx_word' id='word_1_406' title='bbox 934 1599 1074 1634; x_wconf 69' lang='lat' dir='ltr'>Irfirmare.</span> 
     </span>
     <span class='ocr_line' id='line_1_40' title="bbox 37 1634 1075 1670; baseline -0.004 -6"><span class='ocrx_word' id='word_1_407' title='bbox 37 1637 97 1664; x_wconf 89' lang='lat' dir='ltr'>Liu.</span> <span class='ocrx_word' id='word_1_408' title='bbox 112 1646 158 1670; x_wconf 88' lang='lat'>40,</span> <span class='ocrx_word' id='word_1_409' title='bbox 173 1645 206 1669; x_wconf 82' lang='lat'>29</span> <span class='ocrx_word' id='word_1_410' title='bbox 233 1635 320 1662; x_wconf 59' lang='lat' dir='ltr'>Lectis</span> <span class='ocrx_word' id='word_1_411' title='bbox 343 1644 432 1662; x_wconf 88' lang='lat' dir='ltr'>rerum</span> <span class='ocrx_word' id='word_1_412' title='bbox 456 1635 581 1666; x_wconf 86' lang='lat' dir='ltr'>summis,</span> <span class='ocrx_word' id='word_1_413' title='bbox 600 1643 682 1670; x_wconf 89' lang='lat' dir='ltr'>quum</span> <span class='ocrx_word' id='word_1_414' title='bbox 703 1634 926 1661; x_wconf 77' lang='lat' dir='ltr'>animaduertiss&#39;et</span> <span class='ocrx_word' id='word_1_415' title='bbox 949 1635 1075 1669; x_wconf 75' lang='lat' dir='ltr'>pleraque</span> 
     </span>
     <span class='ocr_line' id='line_1_41' title="bbox 36 1671 574 1706; baseline -0.007 -7"><span class='ocrx_word' id='word_1_416' title='bbox 36 1671 256 1699; x_wconf 82' lang='lat' dir='ltr'>disl&#39;oluendarum</span> <span class='ocrx_word' id='word_1_417' title='bbox 268 1672 431 1706; x_wconf 87' lang='lat' dir='ltr'>religionum</span> <span class='ocrx_word' id='word_1_418' title='bbox 445 1671 492 1697; x_wconf 82' lang='lat' dir='ltr'>esse</span> <span class='ocrx_word' id='word_1_419' title='bbox 500 1690 508 1702; x_wconf 94' lang='lat'>,</span> <span class='ocrx_word' id='word_1_420' title='bbox 529 1677 574 1696; x_wconf 75' lang='lat' dir='ltr'>etc.</span> 
     </span>
     <span class='ocr_line' id='line_1_42' title="bbox 37 1704 1073 1740; baseline -0.004 -6"><span class='ocrx_word' id='word_1_421' title='bbox 37 1708 79 1735; x_wconf 73' lang='lat' dir='ltr'>tis‘</span> <span class='ocrx_word' id='word_1_422' title='bbox 92 1707 162 1733; x_wconf 88' lang='lat' dir='ltr'>dilui</span> <span class='ocrx_word' id='word_1_423' title='bbox 184 1716 238 1733; x_wconf 90' lang='lat' dir='ltr'>non</span> <span class='ocrx_word' id='word_1_424' title='bbox 260 1707 337 1733; x_wconf 88' lang='lat' dir='ltr'>facile</span> <span class='ocrx_word' id='word_1_425' title='bbox 356 1707 408 1738; x_wconf 85' lang='lat' dir='ltr'>est,</span> <span class='ocrx_word' id='word_1_426' title='bbox 428 1706 489 1732; x_wconf 90' lang='lat' dir='ltr'>ioco</span> <span class='ocrx_word' id='word_1_427' title='bbox 512 1705 619 1740; x_wconf 87' lang='lat' dir='ltr'>risuque</span> <span class='ocrx_word' id='word_1_428' title='bbox 638 1704 753 1731; x_wconf 81' lang='lat' dir='ltr'>dissoluit</span> <span class='ocrx_word' id='word_1_429' title='bbox 773 1705 830 1731; x_wconf 86' lang='lat' dir='ltr'>Cic.</span> <span class='ocrx_word' id='word_1_430' title='bbox 843 1704 874 1731; x_wconf 90' lang='lat' dir='ltr'>de</span> <span class='ocrx_word' id='word_1_431' title='bbox 885 1706 959 1731; x_wconf 91' lang='lat' dir='ltr'>Orat.</span> <span class='ocrx_word' id='word_1_432' title='bbox 973 1713 989 1731; x_wconf 84' lang='lat'>2</span> <span class='ocrx_word' id='word_1_433' title='bbox 1001 1714 1022 1731; x_wconf 91' lang='lat' dir='ltr'>c.</span> <span class='ocrx_word' id='word_1_434' title='bbox 1037 1710 1073 1737; x_wconf 78' lang='lat'>58.</span> 
     </span>
     <span class='ocr_line' id='line_1_43' title="bbox 36 1739 1074 1776; baseline -0.004 -8"><span class='ocrx_word' id='word_1_435' title='bbox 36 1742 129 1776; x_wconf 79' lang='lat' dir='ltr'>Scopas</span> <span class='ocrx_word' id='word_1_436' title='bbox 141 1741 296 1774; x_wconf 78' lang='lat' dir='ltr'>dissoluere‚</span> <span class='ocrx_word' id='word_1_437' title='bbox 315 1741 367 1768; x_wconf 79' lang='lat' dir='ltr'>vid.</span> <span class='ocrx_word' id='word_1_438' title='bbox 389 1747 514 1768; x_wconf 81' lang='lat' dir='ltr'>SCOPAE.</span> <span class='ocrx_word' id='word_1_439' title='bbox 586 1739 707 1766; x_wconf 58' lang='lat' dir='ltr'>Senectus</span> <span class='ocrx_word' id='word_1_440' title='bbox 720 1740 858 1773; x_wconf 86' lang='lat' dir='ltr'>plerosque</span> <span class='ocrx_word' id='word_1_441' title='bbox 873 1739 989 1764; x_wconf 78' lang='lat' dir='ltr'>diss&#39;oluit</span> <span class='ocrx_word' id='word_1_442' title='bbox 1014 1739 1074 1764; x_wconf 89' lang='lat' dir='ltr'>Sall.</span> 
     </span>
     <span class='ocr_line' id='line_1_44' title="bbox 34 1773 1073 1811; baseline -0.006 -8"><span class='ocrx_word' id='word_1_443' title='bbox 34 1778 93 1811; x_wconf 68' lang='lat' dir='ltr'>ing.</span> <span class='ocrx_word' id='word_1_444' title='bbox 118 1785 139 1802; x_wconf 83' lang='lat' dir='ltr'>c.</span> <span class='ocrx_word' id='word_1_445' title='bbox 167 1784 204 1810; x_wconf 89' lang='lat'>17.</span> <span class='ocrx_word' id='word_1_446' title='bbox 235 1780 254 1802; x_wconf 90' lang='lat' dir='ltr'>i.</span> <span class='ocrx_word' id='word_1_447' title='bbox 268 1780 383 1811; x_wconf 81' lang='lat' dir='ltr'>perimit.</span> <span class='ocrx_word' id='word_1_448' title='bbox 455 1776 485 1802; x_wconf 89' lang='lat' dir='ltr'>Se</span> <span class='ocrx_word' id='word_1_449' title='bbox 507 1775 662 1805; x_wconf 79' lang='lat' dir='ltr'>dissoluere,</span> <span class='ocrx_word' id='word_1_450' title='bbox 682 1776 811 1807; x_wconf 72' lang='lat' dir='ltr'>Explicars</span> <span class='ocrx_word' id='word_1_451' title='bbox 825 1783 840 1798; x_wconf 89' lang='lat' dir='ltr'>a</span> <span class='ocrx_word' id='word_1_452' title='bbox 853 1775 968 1807; x_wconf 75' lang='lat' dir='ltr'>negotiis.</span> <span class='ocrx_word' id='word_1_453' title='bbox 1004 1773 1073 1798; x_wconf 91' lang='lat' dir='ltr'>Ter.</span> 
     </span>
     <span class='ocr_line' id='line_1_45' title="bbox 35 1806 1074 1842; baseline -0.007 -4"><span class='ocrx_word' id='word_1_454' title='bbox 35 1812 132 1838; x_wconf 80' lang='lat' dir='ltr'>Heaut.</span> <span class='ocrx_word' id='word_1_455' title='bbox 145 1819 169 1842; x_wconf 83' lang='lat'>3,</span> <span class='ocrx_word' id='word_1_456' title='bbox 184 1819 203 1842; x_wconf 95' lang='lat'>1,</span> <span class='ocrx_word' id='word_1_457' title='bbox 218 1820 256 1836; x_wconf 91' lang='lat'>112</span> <span class='ocrx_word' id='word_1_458' title='bbox 274 1812 387 1836; x_wconf 82' lang='lat' dir='ltr'>Dissolui</span> <span class='ocrx_word' id='word_1_459' title='bbox 400 1819 443 1836; x_wconf 88' lang='lat' dir='ltr'>me</span> <span class='ocrx_word' id='word_1_460' title='bbox 462 1810 553 1839; x_wconf 85' lang='lat' dir='ltr'>ocius,</span> <span class='ocrx_word' id='word_1_461' title='bbox 574 1816 681 1841; x_wconf 80' lang='lat' dir='ltr'>operam</span> <span class='ocrx_word' id='word_1_462' title='bbox 696 1814 725 1833; x_wconf 90' lang='lat' dir='ltr'>vt</span> <span class='ocrx_word' id='word_1_463' title='bbox 737 1807 789 1832; x_wconf 89' lang='lat' dir='ltr'>tibi</span> <span class='ocrx_word' id='word_1_464' title='bbox 802 1807 901 1832; x_wconf 79' lang='lat' dir='ltr'>darem.</span> <span class='ocrx_word' id='word_1_465' title='bbox 955 1806 1010 1831; x_wconf 88' lang='lat' dir='ltr'>Cic.</span> <span class='ocrx_word' id='word_1_466' title='bbox 1025 1815 1074 1839; x_wconf 88' lang='lat' dir='ltr'>pro</span> 
     </span>
    </p>
   </div>
   <div class='ocr_carea' id='block_1_5' title="bbox 559 431 1116 465">
    <p class='ocr_par' dir='ltr' id='par_1_5' title="bbox 559 431 1116 465">
     <span class='ocr_line' id='line_1_46' title="bbox 559 431 1116 465; baseline -0.004 -6"><span class='ocrx_word' id='word_1_467' title='bbox 559 434 613 460; x_wconf 85' lang='lat' dir='ltr'>Cic.</span> <span class='ocrx_word' id='word_1_468' title='bbox 627 431 678 458; x_wconf 83' lang='lat' dir='ltr'>Off.</span> <span class='ocrx_word' id='word_1_469' title='bbox 690 439 715 462; x_wconf 87' lang='lat'>2,</span> <span class='ocrx_word' id='word_1_470' title='bbox 729 439 756 463; x_wconf 77' lang='lat'>35</span> <span class='ocrx_word' id='word_1_471' title='bbox 776 431 919 465; x_wconf 86' lang='lat' dir='ltr'>Nunquam</span> <span class='ocrx_word' id='word_1_472' title='bbox 933 440 978 457; x_wconf 87' lang='lat' dir='ltr'>nee</span> <span class='ocrx_word' id='word_1_473' title='bbox 993 432 1076 457; x_wconf 87' lang='lat' dir='ltr'>maius</span> <span class='ocrx_word' id='word_1_474' title='bbox 1102 438 1116 464; x_wconf 79' lang='grc' dir='ltr'><em>ς</em></span> 
     </span>
    </p>
   </div>
   <div class='ocr_carea' id='block_1_6' title="bbox 774 783 1318 821">
    <p class='ocr_par' dir='ltr' id='par_1_6' title="bbox 774 783 1318 821">
     <span class='ocr_line' id='line_1_47' title="bbox 774 783 1318 821; baseline -0.006 -10"><span class='ocrx_word' id='word_1_475' title='bbox 774 783 877 812; x_wconf 14' lang='lat' dir='ltr'>1d 0ff.</span> <span class='ocrx_word' id='word_1_476' title='bbox 893 792 921 816; x_wconf 84' lang='lat'>3,</span> <span class='ocrx_word' id='word_1_477' title='bbox 934 786 967 810; x_wconf 85' lang='lat'>26</span> <span class='ocrx_word' id='word_1_478' title='bbox 989 785 1023 810; x_wconf 86' lang='lat' dir='ltr'>Vt</span> <span class='ocrx_word' id='word_1_479' title='bbox 1036 793 1075 810; x_wconf 89' lang='lat' dir='ltr'>ea-</span> <span class='ocrx_word' id='word_1_480' title='bbox 1096 795 1121 821; x_wconf 66' lang='grc' dir='ltr'>ις</span> <span class='ocrx_word' id='word_1_481' title='bbox 1142 784 1214 813; x_wconf 82' lang='lat' dir='ltr'>sunt,</span> <span class='ocrx_word' id='word_1_482' title='bbox 1235 783 1318 809; x_wconf 84' lang='lat' dir='ltr'>fuisse.</span> 
     </span>
    </p>
   </div>
   <div class='ocr_carea' id='block_1_7' title="bbox 668 961 1124 994">
    <p class='ocr_par' dir='ltr' id='par_1_7' title="bbox 668 961 1124 994">
     <span class='ocr_line' id='line_1_48' title="bbox 668 961 1124 994; baseline -0.002 -6"><span class='ocrx_word' id='word_1_483' title='bbox 668 962 723 988; x_wconf 86' lang='lat' dir='ltr'>Cic.</span> <span class='ocrx_word' id='word_1_484' title='bbox 739 961 815 988; x_wconf 87' lang='lat' dir='ltr'>Acad.</span> <span class='ocrx_word' id='word_1_485' title='bbox 830 970 858 994; x_wconf 90' lang='lat'>4,</span> <span class='ocrx_word' id='word_1_486' title='bbox 873 963 908 993; x_wconf 87' lang='lat'>46</span> <span class='ocrx_word' id='word_1_487' title='bbox 927 962 1017 994; x_wconf 84' lang='lat' dir='ltr'>Quini</span> <span class='ocrx_word' id='word_1_488' title='bbox 1031 971 1073 988; x_wconf 88' lang='lat' dir='ltr'>eas</span> <span class='ocrx_word' id='word_1_489' title='bbox 1090 975 1124 993; x_wconf 85' lang='lat'>20</span> 
     </span>
    </p>
   </div>
   <div class='ocr_carea' id='block_1_8' title="bbox 1094 1136 2039 1178">
    <p class='ocr_par' dir='ltr' id='par_1_8' title="bbox 1094 1136 2039 1178">
     <span class='ocr_line' id='line_1_49' title="bbox 1094 1136 2039 1178; baseline 0.005 -16"><span class='ocrx_word' id='word_1_490' title='bbox 1094 1152 1122 1178; x_wconf 75' lang='lat'>²5</span> <span class='ocrx_word' id='word_1_491' title='bbox 1143 1136 1179 1163; x_wconf 89' lang='lat' dir='ltr'>N.</span> <span class='ocrx_word' id='word_1_492' title='bbox 1194 1136 1226 1162; x_wconf 88' lang='lat' dir='ltr'>D.</span> <span class='ocrx_word' id='word_1_493' title='bbox 1240 1145 1263 1168; x_wconf 83' lang='grc'><strong>3,</strong></span> <span class='ocrx_word' id='word_1_494' title='bbox 1276 1144 1309 1169; x_wconf 91' lang='lat'>29</span> <span class='ocrx_word' id='word_1_495' title='bbox 1323 1145 1344 1163; x_wconf 87' lang='lat' dir='ltr'>c.</span> <span class='ocrx_word' id='word_1_496' title='bbox 1360 1145 1387 1163; x_wconf 89' lang='lat'>12</span> <span class='ocrx_word' id='word_1_497' title='bbox 1410 1137 1524 1164; x_wconf 81' lang='lat' dir='ltr'>Mortale</span> <span class='ocrx_word' id='word_1_498' title='bbox 1537 1137 1620 1171; x_wconf 84' lang='lat' dir='ltr'>igitur</span> <span class='ocrx_word' id='word_1_499' title='bbox 1633 1146 1713 1164; x_wconf 89' lang='lat' dir='ltr'>omne</span> <span class='ocrx_word' id='word_1_500' title='bbox 1725 1139 1822 1165; x_wconf 84' lang='lat' dir='ltr'>animal</span> <span class='ocrx_word' id='word_1_501' title='bbox 1836 1144 1861 1165; x_wconf 88' lang='lat' dir='ltr'>et</span> <span class='ocrx_word' id='word_1_502' title='bbox 1881 1139 2039 1167; x_wconf 83' lang='lat' dir='ltr'>dissolubile.</span> 
     </span>
    </p>
   </div>
   <div class='ocr_carea' id='block_1_9' title="bbox 658 1669 1122 1704">
    <p class='ocr_par' dir='ltr' id='par_1_9' title="bbox 658 1669 1122 1704">
     <span class='ocr_line' id='line_1_50' title="bbox 658 1669 1122 1704; baseline -0.002 -8"><span class='ocrx_word' id='word_1_503' title='bbox 658 1670 709 1696; x_wconf 89' lang='lat' dir='ltr'>Res</span> <span class='ocrx_word' id='word_1_504' title='bbox 722 1669 841 1702; x_wconf 83' lang='lat' dir='ltr'>odiosas,</span> <span class='ocrx_word' id='word_1_505' title='bbox 861 1678 925 1704; x_wconf 91' lang='lat' dir='ltr'>quas</span> <span class='ocrx_word' id='word_1_506' title='bbox 937 1677 1122 1704; x_wconf 79' lang='lat' dir='ltr'>arguiiien-40</span> 
     </span>
    </p>
   </div>
   <div class='ocr_carea' id='block_1_10' title="bbox 1539 188 2173 255">
    <p class='ocr_par' dir='ltr' id='par_1_10' title="bbox 1539 188 2173 255">
     <span class='ocr_line' id='line_1_51' title="bbox 1539 188 2173 255; baseline 0.011 -13"><span class='ocrx_word' id='word_1_507' title='bbox 1539 188 1577 242; x_wconf 82' lang='grc' dir='ltr'>Ῐ)</span> <span class='ocrx_word' id='word_1_508' title='bbox 1680 203 1695 242; x_wconf 93' lang='lat'>1</span> <span class='ocrx_word' id='word_1_509' title='bbox 1790 204 1816 244; x_wconf 94' lang='lat' dir='ltr'>S</span> <span class='ocrx_word' id='word_1_510' title='bbox 2107 216 2173 255; x_wconf 85' lang='lat'>218</span> 
     </span>
    </p>
   </div>
   <div class='ocr_carea' id='block_1_11' title="bbox 1137 287 2180 1207">
    <p class='ocr_par' dir='ltr' id='par_1_11' title="bbox 1140 287 2178 960">
     <span class='ocr_line' id='line_1_52' title="bbox 1142 287 2173 328; baseline 0.011 -14"><span class='ocrx_word' id='word_1_511' title='bbox 1142 298 1193 319; x_wconf 79' lang='grc' dir='ltr'><strong>τον,</strong></span> <span class='ocrx_word' id='word_1_512' title='bbox 1206 295 1235 315; x_wconf 81' lang='lat' dir='ltr'>ue</span> <span class='ocrx_word' id='word_1_513' title='bbox 1251 287 1289 315; x_wconf 89' lang='lat' dir='ltr'>Ad</span> <span class='ocrx_word' id='word_1_514' title='bbox 1302 289 1364 328; x_wconf 75' lang='lat' dir='ltr'>Her.</span> <span class='ocrx_word' id='word_1_515' title='bbox 1378 299 1405 322; x_wconf 87' lang='lat'>4,</span> <span class='ocrx_word' id='word_1_516' title='bbox 1418 299 1445 323; x_wconf 84' lang='lat'>4¹</span> <span class='ocrx_word' id='word_1_517' title='bbox 1461 299 1482 316; x_wconf 87' lang='lat' dir='ltr'>c.</span> <span class='ocrx_word' id='word_1_518' title='bbox 1498 299 1528 323; x_wconf 80' lang='lat'>30</span> <span class='ocrx_word' id='word_1_519' title='bbox 1554 289 1695 317; x_wconf 83' lang='lat' dir='ltr'>Dissolutio</span> <span class='ocrx_word' id='word_1_520' title='bbox 1709 289 1759 321; x_wconf 82' lang='lat' dir='ltr'>est,</span> <span class='ocrx_word' id='word_1_521' title='bbox 1779 299 1844 325; x_wconf 85' lang='lat' dir='ltr'>quae</span> <span class='ocrx_word' id='word_1_522' title='bbox 1864 295 2096 324; x_wconf 70' lang='lat' dir='ltr'>coniunffionibus</span> <span class='ocrx_word' id='word_1_523' title='bbox 2115 306 2173 325; x_wconf 87' lang='lat' dir='ltr'>ver-</span> 
     </span>
     <span class='ocr_line' id='line_1_53' title="bbox 1143 324 2172 361; baseline 0.011 -11"><span class='ocrx_word' id='word_1_524' title='bbox 1143 324 1238 350; x_wconf 84' lang='lat' dir='ltr'>borum</span> <span class='ocrx_word' id='word_1_525' title='bbox 1253 324 1367 350; x_wconf 83' lang='lat' dir='ltr'>emedio</span> <span class='ocrx_word' id='word_1_526' title='bbox 1380 324 1502 359; x_wconf 84' lang='lat' dir='ltr'>sublatis,</span> <span class='ocrx_word' id='word_1_527' title='bbox 1521 326 1637 360; x_wconf 88' lang='lat' dir='ltr'>partibus</span> <span class='ocrx_word' id='word_1_528' title='bbox 1651 326 1772 360; x_wconf 82' lang='lat' dir='ltr'>separatis</span> <span class='ocrx_word' id='word_1_529' title='bbox 1785 327 1892 354; x_wconf 76' lang='lat' dir='ltr'>effertur</span> <span class='ocrx_word' id='word_1_530' title='bbox 1906 330 1953 357; x_wconf 82' lang='lat' dir='ltr'>hoc</span> <span class='ocrx_word' id='word_1_531' title='bbox 1967 332 2048 358; x_wconf 90' lang='lat' dir='ltr'>modo</span> <span class='ocrx_word' id='word_1_532' title='bbox 2062 343 2068 359; x_wconf 72' lang='grc' dir='ltr'><strong><em>ε</em></strong></span> <span class='ocrx_word' id='word_1_533' title='bbox 2103 334 2172 361; x_wconf 86' lang='lat' dir='ltr'>Gere</span> 
     </span>
     <span class='ocr_line' id='line_1_54' title="bbox 1144 360 2172 404; baseline 0.006 -19"><span class='ocrx_word' id='word_1_534' title='bbox 1144 368 1246 386; x_wconf 81' lang='lat' dir='ltr'>morem</span> <span class='ocrx_word' id='word_1_535' title='bbox 1269 360 1388 394; x_wconf 80' lang='lat' dir='ltr'>parenti,</span> <span class='ocrx_word' id='word_1_536' title='bbox 1410 369 1470 394; x_wconf 73' lang='lat' dir='ltr'>parc</span> <span class='ocrx_word' id='word_1_537' title='bbox 1492 362 1624 396; x_wconf 81' lang='lat' dir='ltr'>cognatis,</span> <span class='ocrx_word' id='word_1_538' title='bbox 1643 361 1786 396; x_wconf 71' lang='lat' dir='ltr'>obsequere</span> <span class='ocrx_word' id='word_1_539' title='bbox 1809 364 1918 395; x_wconf 85' lang='lat' dir='ltr'>amicis,</span> <span class='ocrx_word' id='word_1_540' title='bbox 1938 367 2091 402; x_wconf 80' lang='lat' dir='ltr'>obtempera</span> <span class='ocrx_word' id='word_1_541' title='bbox 2109 369 2172 404; x_wconf 81' lang='lat' dir='ltr'>legi.</span> 
     </span>
     <span class='ocr_line' id='line_1_55' title="bbox 1144 394 2172 439; baseline 0.014 -22"><span class='ocrx_word' id='word_1_542' title='bbox 1144 394 1198 420; x_wconf 86' lang='lat' dir='ltr'>bus.</span> <span class='ocrx_word' id='word_1_543' title='bbox 1268 394 1335 422; x_wconf 76' lang='lat' dir='ltr'>Add.</span> <span class='ocrx_word' id='word_1_544' title='bbox 1350 396 1479 433; x_wconf 62' lang='lat' dir='ltr'>Quinctil.</span> <span class='ocrx_word' id='word_1_545' title='bbox 1495 406 1520 428; x_wconf 85' lang='lat'>9,</span> <span class='ocrx_word' id='word_1_546' title='bbox 1534 405 1554 428; x_wconf 83' lang='grc'><strong>3,</strong></span> <span class='ocrx_word' id='word_1_547' title='bbox 1568 404 1608 432; x_wconf 71' lang='lat'>50.</span> <span class='ocrx_word' id='word_1_548' title='bbox 1676 397 1719 423; x_wconf 77' lang='lat' dir='ltr'>Ad</span> <span class='ocrx_word' id='word_1_549' title='bbox 1739 400 1844 423; x_wconf 77' lang='lat' dir='ltr'>animum</span> <span class='ocrx_word' id='word_1_550' title='bbox 1864 400 1992 434; x_wconf 72' lang='lat' dir='ltr'>refertur,</span> <span class='ocrx_word' id='word_1_551' title='bbox 2014 407 2109 439; x_wconf 66' lang='lat' dir='ltr'>eiusque</span> <span class='ocrx_word' id='word_1_552' title='bbox 2135 408 2172 430; x_wconf 78' lang='lat' dir='ltr'>ni-</span> 
     </span>
     <span class='ocr_line' id='line_1_56' title="bbox 1143 431 2171 474; baseline 0.012 -20"><span class='ocrx_word' id='word_1_553' title='bbox 1143 433 1216 469; x_wconf 56' lang='lat' dir='ltr'>miam</span> <span class='ocrx_word' id='word_1_554' title='bbox 1244 432 1368 456; x_wconf 67' lang='lat' dir='ltr'>lenitatem</span> <span class='ocrx_word' id='word_1_555' title='bbox 1393 431 1538 465; x_wconf 68' lang='lat' dir='ltr'>Jrgmji‘cat,</span> <span class='ocrx_word' id='word_1_556' title='bbox 1561 436 1603 468; x_wconf 79' lang='lat' dir='ltr'>qui</span> <span class='ocrx_word' id='word_1_557' title='bbox 1633 441 1682 458; x_wconf 77' lang='lat' dir='ltr'>non</span> <span class='ocrx_word' id='word_1_558' title='bbox 1709 433 1778 468; x_wconf 64' lang='lat' dir='ltr'>fluis·</span> <span class='ocrx_word' id='word_1_559' title='bbox 1805 436 1917 460; x_wconf 78' lang='lat' dir='ltr'>intentus</span> <span class='ocrx_word' id='word_1_560' title='bbox 1952 443 1974 461; x_wconf 79' lang='lat' dir='ltr'>ct</span> <span class='ocrx_word' id='word_1_561' title='bbox 2001 438 2102 471; x_wconf 63' lang='lat' dir='ltr'>seuerus</span> <span class='ocrx_word' id='word_1_562' title='bbox 2126 440 2171 474; x_wconf 80' lang='lat' dir='ltr'>stt.</span> 
     </span>
     <span class='ocr_line' id='line_1_57' title="bbox 1144 466 2172 502; baseline 0.012 -12"><span class='ocrx_word' id='word_1_563' title='bbox 1144 466 1199 491; x_wconf 78' lang='lat' dir='ltr'>Cic.</span> <span class='ocrx_word' id='word_1_564' title='bbox 1225 466 1296 492; x_wconf 79' lang='lat' dir='ltr'>Fam.</span> <span class='ocrx_word' id='word_1_565' title='bbox 1317 474 1339 498; x_wconf 77' lang='grc' dir='ltr'>ς,</span> <span class='ocrx_word' id='word_1_566' title='bbox 1357 474 1372 491; x_wconf 86' lang='lat'>2</span> <span class='ocrx_word' id='word_1_567' title='bbox 1399 466 1530 500; x_wconf 80' lang='lat' dir='ltr'>Cognosce</span> <span class='ocrx_word' id='word_1_568' title='bbox 1564 476 1633 493; x_wconf 91' lang='lat' dir='ltr'>nunc</span> <span class='ocrx_word' id='word_1_569' title='bbox 1653 467 1843 495; x_wconf 83' lang='lat' dir='ltr'>humanitatem</span> <span class='ocrx_word' id='word_1_570' title='bbox 1867 478 1966 502; x_wconf 85' lang='lat' dir='ltr'>meam,</span> <span class='ocrx_word' id='word_1_571' title='bbox 1986 472 2002 498; x_wconf 82' lang='lat' dir='ltr'>fl</span> <span class='ocrx_word' id='word_1_572' title='bbox 2024 473 2172 502; x_wconf 72' lang='lat' dir='ltr'>humanitas</span> 
     </span>
     <span class='ocr_line' id='line_1_58' title="bbox 1142 500 2171 536; baseline 0.01 -10"><span class='ocrx_word' id='word_1_573' title='bbox 1142 500 1292 534; x_wconf 83' lang='lat' dir='ltr'>appellenda</span> <span class='ocrx_word' id='word_1_574' title='bbox 1327 500 1362 526; x_wconf 89' lang='lat' dir='ltr'>est</span> <span class='ocrx_word' id='word_1_575' title='bbox 1398 501 1425 526; x_wconf 86' lang='lat' dir='ltr'>in</span> <span class='ocrx_word' id='word_1_576' title='bbox 1456 501 1617 529; x_wconf 81' lang='lat' dir='ltr'>acerbissima</span> <span class='ocrx_word' id='word_1_577' title='bbox 1647 503 1759 536; x_wconf 87' lang='lat' dir='ltr'>iniuria,</span> <span class='ocrx_word' id='word_1_578' title='bbox 1779 504 1897 531; x_wconf 86' lang='lat' dir='ltr'>remissio</span> <span class='ocrx_word' id='word_1_579' title='bbox 1925 507 2007 533; x_wconf 86' lang='lat' dir='ltr'>animi</span> <span class='ocrx_word' id='word_1_580' title='bbox 2035 517 2063 534; x_wconf 74' lang='lat' dir='ltr'>ac</span> <span class='ocrx_word' id='word_1_581' title='bbox 2096 509 2171 536; x_wconf 79' lang='lat' dir='ltr'>diffo-</span> 
     </span>
     <span class='ocr_line' id='line_1_59' title="bbox 1141 536 2173 577; baseline 0.007 -16"><span class='ocrx_word' id='word_1_582' title='bbox 1141 536 1218 562; x_wconf 84' lang='lat' dir='ltr'>luti0.</span> <span class='ocrx_word' id='word_1_583' title='bbox 1288 536 1355 563; x_wconf 69' lang='lat' dir='ltr'>Add.</span> <span class='ocrx_word' id='word_1_584' title='bbox 1370 536 1481 563; x_wconf 89' lang='lat' dir='ltr'>Saluian.</span> <span class='ocrx_word' id='word_1_585' title='bbox 1495 536 1526 562; x_wconf 91' lang='lat' dir='ltr'>de</span> <span class='ocrx_word' id='word_1_586' title='bbox 1539 538 1606 564; x_wconf 91' lang='lat' dir='ltr'>Gub.</span> <span class='ocrx_word' id='word_1_587' title='bbox 1620 539 1650 566; x_wconf 83' lang='grc' dir='ltr'>Ι),</span> <span class='ocrx_word' id='word_1_588' title='bbox 1664 541 1680 565; x_wconf 89' lang='lat'><strong>6</strong></span> <span class='ocrx_word' id='word_1_589' title='bbox 1701 548 1725 573; x_wconf 87' lang='lat' dir='ltr'>p.</span> <span class='ocrx_word' id='word_1_590' title='bbox 1742 546 1798 574; x_wconf 82' lang='lat'>147.</span> <span class='ocrx_word' id='word_1_591' title='bbox 1867 541 2009 568; x_wconf 85' lang='lat' dir='ltr'>Disiblutio</span> <span class='ocrx_word' id='word_1_592' title='bbox 2030 550 2078 577; x_wconf 78' lang='lat' dir='ltr'>pro</span> <span class='ocrx_word' id='word_1_593' title='bbox 2096 546 2173 572; x_wconf 75' lang='lat' dir='ltr'>molli-</span> 
     </span>
     <span class='ocr_line' id='line_1_60' title="bbox 1140 571 2173 611; baseline 0.01 -15"><span class='ocrx_word' id='word_1_594' title='bbox 1140 574 1190 611; x_wconf 42' lang='lat' dir='ltr'>tis,</span> <span class='ocrx_word' id='word_1_595' title='bbox 1210 571 1382 598; x_wconf 74' lang='lat' dir='ltr'>imbecillitate.</span> <span class='ocrx_word' id='word_1_596' title='bbox 1418 572 1481 598; x_wconf 89' lang='lat' dir='ltr'>Non</span> <span class='ocrx_word' id='word_1_597' title='bbox 1495 571 1530 597; x_wconf 78' lang='lat' dir='ltr'>est</span> <span class='ocrx_word' id='word_1_598' title='bbox 1542 573 1632 606; x_wconf 85' lang='lat' dir='ltr'>quies,</span> <span class='ocrx_word' id='word_1_599' title='bbox 1649 583 1714 608; x_wconf 86' lang='lat' dir='ltr'>quae</span> <span class='ocrx_word' id='word_1_600' title='bbox 1729 581 1829 601; x_wconf 85' lang='lat' dir='ltr'>motum</span> <span class='ocrx_word' id='word_1_601' title='bbox 1848 584 1953 603; x_wconf 83' lang='lat' dir='ltr'>omnem</span> <span class='ocrx_word' id='word_1_602' title='bbox 1970 577 2117 606; x_wconf 81' lang='lat' dir='ltr'>molestiam</span> <span class='ocrx_word' id='word_1_603' title='bbox 2134 581 2173 607; x_wconf 80' lang='lat' dir='ltr'>iu-</span> 
     </span>
     <span class='ocr_line' id='line_1_61' title="bbox 1142 605 2173 643; baseline 0.01 -12"><span class='ocrx_word' id='word_1_604' title='bbox 1142 605 1227 638; x_wconf 82' lang='lat' dir='ltr'>dicat,</span> <span class='ocrx_word' id='word_1_605' title='bbox 1244 606 1287 633; x_wconf 90' lang='lat' dir='ltr'>sed</span> <span class='ocrx_word' id='word_1_606' title='bbox 1302 606 1436 633; x_wconf 69' lang='lat' dir='ltr'>dissolutio</span> <span class='ocrx_word' id='word_1_607' title='bbox 1448 613 1473 632; x_wconf 87' lang='lat' dir='ltr'>et</span> <span class='ocrx_word' id='word_1_608' title='bbox 1488 606 1597 640; x_wconf 83' lang='lat' dir='ltr'>languor</span> <span class='ocrx_word' id='word_1_609' title='bbox 1617 609 1673 634; x_wconf 83' lang='lat' dir='ltr'>Seu.</span> <span class='ocrx_word' id='word_1_610' title='bbox 1688 611 1752 643; x_wconf 78' lang='lat' dir='ltr'>Ep.3</span> <span class='ocrx_word' id='word_1_611' title='bbox 1773 610 1863 638; x_wconf 82' lang='lat' dir='ltr'>Tanta</span> <span class='ocrx_word' id='word_1_612' title='bbox 1876 612 1912 639; x_wconf 86' lang='lat' dir='ltr'>est</span> <span class='ocrx_word' id='word_1_613' title='bbox 1924 618 2009 639; x_wconf 85' lang='lat' dir='ltr'>tamen</span> <span class='ocrx_word' id='word_1_614' title='bbox 2023 615 2173 643; x_wconf 84' lang='lat' dir='ltr'>animorum</span> 
     </span>
     <span class='ocr_line' id='line_1_62' title="bbox 1141 641 2173 684; baseline 0.011 -18"><span class='ocrx_word' id='word_1_615' title='bbox 1141 641 1275 668; x_wconf 74' lang='lat' dir='ltr'>dissolutio</span> <span class='ocrx_word' id='word_1_616' title='bbox 1289 647 1315 668; x_wconf 85' lang='lat' dir='ltr'>et</span> <span class='ocrx_word' id='word_1_617' title='bbox 1337 642 1452 674; x_wconf 71' lang='lat' dir='ltr'>vanitas,</span> <span class='ocrx_word' id='word_1_618' title='bbox 1468 648 1496 668; x_wconf 91' lang='lat' dir='ltr'>vt</span> <span class='ocrx_word' id='word_1_619' title='bbox 1519 642 1627 676; x_wconf 87' lang='lat' dir='ltr'>quidam</span> <span class='ocrx_word' id='word_1_620' title='bbox 1648 644 1714 671; x_wconf 80' lang='lat' dir='ltr'>nihil</span> <span class='ocrx_word' id='word_1_621' title='bbox 1737 645 1857 672; x_wconf 83' lang='lat' dir='ltr'>acerbius</span> <span class='ocrx_word' id='word_1_622' title='bbox 1878 648 2063 682; x_wconf 64' lang='lat' dir='ltr'>(contumelia)</span> <span class='ocrx_word' id='word_1_623' title='bbox 2083 656 2173 684; x_wconf 88' lang='lat' dir='ltr'>putent</span> 
     </span>
     <span class='ocr_line' id='line_1_63' title="bbox 1141 676 2174 718; baseline 0.01 -16"><span class='ocrx_word' id='word_1_624' title='bbox 1141 678 1197 703; x_wconf 81' lang='lat' dir='ltr'>Sen.</span> <span class='ocrx_word' id='word_1_625' title='bbox 1211 676 1242 703; x_wconf 86' lang='lat' dir='ltr'>dc</span> <span class='ocrx_word' id='word_1_626' title='bbox 1256 677 1344 703; x_wconf 71' lang='lat' dir='ltr'>Consi.</span> <span class='ocrx_word' id='word_1_627' title='bbox 1359 687 1379 703; x_wconf 84' lang='lat' dir='ltr'>c.</span> <span class='ocrx_word' id='word_1_628' title='bbox 1395 680 1419 703; x_wconf 89' lang='lat'>6.</span> <span class='ocrx_word' id='word_1_629' title='bbox 1526 679 1676 718; x_wconf 79' lang='lat' dir='ltr'>Criminum</span> <span class='ocrx_word' id='word_1_630' title='bbox 1689 681 1822 709; x_wconf 76' lang='lat' dir='ltr'>dissolutio</span> <span class='ocrx_word' id='word_1_631' title='bbox 1843 683 1898 709; x_wconf 88' lang='lat' dir='ltr'>Cic.</span> <span class='ocrx_word' id='word_1_632' title='bbox 1914 692 1962 718; x_wconf 89' lang='lat' dir='ltr'>pro</span> <span class='ocrx_word' id='word_1_633' title='bbox 1975 683 2079 710; x_wconf 90' lang='lat' dir='ltr'>Clueut.</span> <span class='ocrx_word' id='word_1_634' title='bbox 2094 694 2105 717; x_wconf 84' lang='lat'><em>3</em></span> <span class='ocrx_word' id='word_1_635' title='bbox 2119 695 2140 711; x_wconf 87' lang='lat' dir='ltr'>c.</span> <span class='ocrx_word' id='word_1_636' title='bbox 2155 695 2174 712; x_wconf 89' lang='lat' dir='ltr'>i.</span> 
     </span>
     <span class='ocr_line' id='line_1_64' title="bbox 1141 711 2175 753; baseline 0.01 -16"><span class='ocrx_word' id='word_1_637' title='bbox 1141 711 1214 738; x_wconf 85' lang='lat' dir='ltr'>Idem</span> <span class='ocrx_word' id='word_1_638' title='bbox 1228 713 1347 753; x_wconf 39' lang='lat' dir='ltr'>Verr.-13,</span> <span class='ocrx_word' id='word_1_639' title='bbox 1361 713 1617 752; x_wconf 30' lang='lat' dir='ltr'>133¹C01nmercium</span> <span class='ocrx_word' id='word_1_640' title='bbox 1637 715 1744 742; x_wconf 82' lang='lat' dir='ltr'>istarum</span> <span class='ocrx_word' id='word_1_641' title='bbox 1762 726 1851 744; x_wconf 84' lang='lat' dir='ltr'>rerum</span> <span class='ocrx_word' id='word_1_642' title='bbox 1866 727 1924 745; x_wconf 88' lang='lat' dir='ltr'>cum</span> <span class='ocrx_word' id='word_1_643' title='bbox 1938 720 2043 746; x_wconf 89' lang='lat' dir='ltr'>Graecis</span> <span class='ocrx_word' id='word_1_644' title='bbox 2059 719 2175 747; x_wconf 88' lang='lat' dir='ltr'>homini-</span> 
     </span>
     <span class='ocr_line' id='line_1_65' title="bbox 1142 747 2173 789; baseline 0.008 -15"><span class='ocrx_word' id='word_1_645' title='bbox 1142 747 1191 774; x_wconf 91' lang='lat' dir='ltr'>bus</span> <span class='ocrx_word' id='word_1_646' title='bbox 1205 756 1259 773; x_wconf 86' lang='lat' dir='ltr'>non</span> <span class='ocrx_word' id='word_1_647' title='bbox 1273 747 1363 781; x_wconf 83' lang='lat' dir='ltr'>fuisse,</span> <span class='ocrx_word' id='word_1_648' title='bbox 1385 747 1426 774; x_wconf 90' lang='lat' dir='ltr'>his</span> <span class='ocrx_word' id='word_1_649' title='bbox 1450 757 1496 788; x_wconf 79' lang='lat' dir='ltr'>qui</span> <span class='ocrx_word' id='word_1_650' title='bbox 1521 749 1575 789; x_wconf 79' lang='lat' dir='ltr'>post</span> <span class='ocrx_word' id='word_1_651' title='bbox 1598 749 1763 778; x_wconf 79' lang='lat' dir='ltr'>iudiciorum</span> <span class='ocrx_word' id='word_1_652' title='bbox 1781 752 1961 780; x_wconf 80' lang='lat' dir='ltr'>dissolutiones</span> <span class='ocrx_word' id='word_1_653' title='bbox 1984 755 2087 781; x_wconf 82' lang='lat' dir='ltr'>Aediles</span> <span class='ocrx_word' id='word_1_654' title='bbox 2109 756 2173 783; x_wconf 60' lang='lat' dir='ltr'>faui</span> 
     </span>
     <span class='ocr_line' id='line_1_66' title="bbox 1309 784 2175 824; baseline 0.013 -17"><span class='ocrx_word' id='word_1_655' title='bbox 1309 819 1313 823; x_wconf 30' lang='grc' dir='ltr'>ι</span> <span class='ocrx_word' id='word_1_656' title='bbox 1394 818 1399 823; x_wconf 85' lang='lat'>.</span> <span class='ocrx_word' id='word_1_657' title='bbox 1419 784 1604 824; x_wconf 34' lang='lat' dir='ltr'>-c1c3Ph111pp,</span> <span class='ocrx_word' id='word_1_658' title='bbox 1617 795 1637 818; x_wconf 91' lang='grc'>1,</span> <span class='ocrx_word' id='word_1_659' title='bbox 1652 794 1675 812; x_wconf 84' lang='lat'>21</span> <span class='ocrx_word' id='word_1_660' title='bbox 1701 788 1771 813; x_wconf 85' lang='lat' dir='ltr'>Haec</span> <span class='ocrx_word' id='word_1_661' title='bbox 1792 794 1879 815; x_wconf 76' lang='lat' dir='ltr'>vti-um</span> <span class='ocrx_word' id='word_1_662' title='bbox 1897 789 2001 816; x_wconf 88' lang='lat' dir='ltr'>tandem</span> <span class='ocrx_word' id='word_1_663' title='bbox 2014 791 2056 817; x_wconf 88' lang='lat' dir='ltr'>lex</span> <span class='ocrx_word' id='word_1_664' title='bbox 2070 791 2120 823; x_wconf 85' lang='lat' dir='ltr'>est,</span> <span class='ocrx_word' id='word_1_665' title='bbox 2141 801 2175 819; x_wconf 87' lang='lat' dir='ltr'>an</span> 
     </span>
     <span class='ocr_line' id='line_1_67' title="bbox 1142 817 2178 858; baseline 0.011 -15"><span class='ocrx_word' id='word_1_666' title='bbox 1142 818 1229 858; x_wconf 81' lang='lat' dir='ltr'>legum</span> <span class='ocrx_word' id='word_1_667' title='bbox 1241 826 1362 844; x_wconf 88' lang='lat' dir='ltr'>omnium</span> <span class='ocrx_word' id='word_1_668' title='bbox 1375 817 1509 845; x_wconf 82' lang='lat' dir='ltr'>dislolutio</span> <span class='ocrx_word' id='word_1_669' title='bbox 1523 822 1532 846; x_wconf 76' lang='lat'>3</span> <span class='ocrx_word' id='word_1_670' title='bbox 1602 821 1719 847; x_wconf 87' lang='lat' dir='ltr'>Naturae</span> <span class='ocrx_word' id='word_1_671' title='bbox 1734 822 1883 857; x_wconf 83' lang='lat' dir='ltr'>dissolutio,</span> <span class='ocrx_word' id='word_1_672' title='bbox 1903 827 1983 852; x_wconf 69' lang='lat' dir='ltr'>Mors.</span> <span class='ocrx_word' id='word_1_673' title='bbox 2020 826 2076 852; x_wconf 82' lang='lat' dir='ltr'>Cic.</span> <span class='ocrx_word' id='word_1_674' title='bbox 2090 827 2121 853; x_wconf 84' lang='lat' dir='ltr'>de</span> <span class='ocrx_word' id='word_1_675' title='bbox 2128 822 2178 854; x_wconf 59' lang='lat' dir='ltr'>Le-&#39;</span> 
     </span>
     <span class='ocr_line' id='line_1_68' title="bbox 1142 853 2175 896; baseline 0.011 -18"><span class='ocrx_word' id='word_1_676' title='bbox 1142 854 1196 894; x_wconf 75' lang='lat' dir='ltr'>gib.</span> <span class='ocrx_word' id='word_1_677' title='bbox 1210 861 1229 885; x_wconf 87' lang='grc'>1,</span> <span class='ocrx_word' id='word_1_678' title='bbox 1242 862 1275 893; x_wconf 81' lang='grc'>31.</span> <span class='ocrx_word' id='word_1_679' title='bbox 1312 853 1380 893; x_wconf 70' lang='lat' dir='ltr'>etde</span> <span class='ocrx_word' id='word_1_680' title='bbox 1395 855 1451 880; x_wconf 85' lang='lat' dir='ltr'>Fiu.</span> <span class='ocrx_word' id='word_1_681' title='bbox 1468 864 1490 887; x_wconf 87' lang='lat'>2,</span> <span class='ocrx_word' id='word_1_682' title='bbox 1508 864 1546 882; x_wconf 88' lang='lat'>101</span> <span class='ocrx_word' id='word_1_683' title='bbox 1560 865 1582 882; x_wconf 89' lang='lat' dir='ltr'>c.</span> <span class='ocrx_word' id='word_1_684' title='bbox 1595 864 1618 888; x_wconf 82' lang='lat'>3¹</span> <span class='ocrx_word' id='word_1_685' title='bbox 1641 858 1747 889; x_wconf 78' lang='lat' dir='ltr'>Quaero</span> <span class='ocrx_word' id='word_1_686' title='bbox 1770 865 1856 885; x_wconf 89' lang='lat' dir='ltr'>autem</span> <span class='ocrx_word' id='word_1_687' title='bbox 1877 861 1942 894; x_wconf 91' lang='lat' dir='ltr'>quid</span> <span class='ocrx_word' id='word_1_688' title='bbox 1965 861 2011 891; x_wconf 84' lang='lat' dir='ltr'>fit.</span> <span class='ocrx_word' id='word_1_689' title='bbox 2029 862 2100 896; x_wconf 90' lang='lat' dir='ltr'>quod</span> <span class='ocrx_word' id='word_1_690' title='bbox 2114 872 2175 889; x_wconf 86' lang='lat' dir='ltr'>cum</span> 
     </span>
     <span class='ocr_line' id='line_1_69' title="bbox 1142 888 2178 928; baseline 0.01 -13"><span class='ocrx_word' id='word_1_691' title='bbox 1142 888 1324 928; x_wconf 72' lang='lat' dir='ltr'>dissolutione,</span> <span class='ocrx_word' id='word_1_692' title='bbox 1340 888 1368 915; x_wconf 87' lang='lat' dir='ltr'>id</span> <span class='ocrx_word' id='word_1_693' title='bbox 1381 889 1416 915; x_wconf 90' lang='lat' dir='ltr'>est</span> <span class='ocrx_word' id='word_1_694' title='bbox 1431 898 1516 917; x_wconf 86' lang='lat' dir='ltr'>morte</span> <span class='ocrx_word' id='word_1_695' title='bbox 1525 911 1533 923; x_wconf 96' lang='lat'>,</span> <span class='ocrx_word' id='word_1_696' title='bbox 1551 892 1636 918; x_wconf 88' lang='lat' dir='ltr'>sensus</span> <span class='ocrx_word' id='word_1_697' title='bbox 1648 892 1735 918; x_wconf 91' lang='lat' dir='ltr'>omnis</span> <span class='ocrx_word' id='word_1_698' title='bbox 1746 893 1918 928; x_wconf 85' lang='lat' dir='ltr'>extinguitur.</span> <span class='ocrx_word' id='word_1_699' title='bbox 1986 897 2118 924; x_wconf 85' lang='lat' dir='ltr'>Stomachi</span> <span class='ocrx_word' id='word_1_700' title='bbox 2127 897 2178 925; x_wconf 88' lang='lat' dir='ltr'>dis-</span> 
     </span>
     <span class='ocr_line' id='line_1_70' title="bbox 1141 924 1795 960; baseline 0.005 -10"><span class='ocrx_word' id='word_1_701' title='bbox 1141 924 1256 956; x_wconf 83' lang='lat' dir='ltr'>solutio,</span> <span class='ocrx_word' id='word_1_702' title='bbox 1276 926 1294 950; x_wconf 89' lang='lat' dir='ltr'>i.</span> <span class='ocrx_word' id='word_1_703' title='bbox 1306 924 1460 951; x_wconf 79' lang='lat' dir='ltr'>imbecillitas</span> <span class='ocrx_word' id='word_1_704' title='bbox 1478 926 1542 952; x_wconf 86' lang='lat' dir='ltr'>Plin.</span> <span class='ocrx_word' id='word_1_705' title='bbox 1560 936 1601 960; x_wconf 87' lang='lat'>20,</span> <span class='ocrx_word' id='word_1_706' title='bbox 1615 935 1657 953; x_wconf 87' lang='lat'>22.</span> <span class='ocrx_word' id='word_1_707' title='bbox 1694 933 1717 952; x_wconf 79' lang='lat' dir='ltr'>et</span> <span class='ocrx_word' id='word_1_708' title='bbox 1728 935 1754 959; x_wconf 88' lang='lat'>9,</span> <span class='ocrx_word' id='word_1_709' title='bbox 1769 936 1795 959; x_wconf 88' lang='lat'>4.</span> 
     </span>
    </p>

    <p class='ocr_par' dir='ltr' id='par_1_12' title="bbox 1139 961 2177 1030">
     <span class='ocr_line' id='line_1_71' title="bbox 1178 961 2177 997; baseline 0.012 -12"><span class='ocrx_word' id='word_1_710' title='bbox 1178 966 1196 985; x_wconf 88' lang='lat' dir='ltr'><strong>D</strong></span> <span class='ocrx_word' id='word_1_711' title='bbox 1208 966 1239 986; x_wconf 83' lang='lat'>18</span> <span class='ocrx_word' id='word_1_712' title='bbox 1249 966 1261 986; x_wconf 83' lang='grc'><strong>3</strong></span> <span class='ocrx_word' id='word_1_713' title='bbox 1271 966 1289 986; x_wconf 91' lang='grc'><strong>0</strong></span> <span class='ocrx_word' id='word_1_714' title='bbox 1301 965 1318 985; x_wconf 89' lang='grc'>1.</span> <span class='ocrx_word' id='word_1_715' title='bbox 1329 961 1348 984; x_wconf 70' lang='lat' dir='ltr'>V</span> <span class='ocrx_word' id='word_1_716' title='bbox 1360 966 1382 986; x_wconf 78' lang='grc' dir='ltr'><strong>Τ</strong></span> <span class='ocrx_word' id='word_1_717' title='bbox 1394 967 1412 987; x_wconf 94' lang='lat' dir='ltr'>o</span> <span class='ocrx_word' id='word_1_718' title='bbox 1422 968 1440 987; x_wconf 81' lang='lat' dir='ltr'>R</span> <span class='ocrx_word' id='word_1_719' title='bbox 1449 980 1457 992; x_wconf 92' lang='lat'>,</span> <span class='ocrx_word' id='word_1_720' title='bbox 1478 963 1540 988; x_wconf 68' lang='lat' dir='ltr'>aris.</span> <span class='ocrx_word' id='word_1_721' title='bbox 1557 971 1592 988; x_wconf 90' lang='lat' dir='ltr'>m.</span> <span class='ocrx_word' id='word_1_722' title='bbox 1628 961 1737 988; x_wconf 84' lang='lat' dir='ltr'>Theod.</span> <span class='ocrx_word' id='word_1_723' title='bbox 1752 962 1818 988; x_wconf 83' lang='lat' dir='ltr'>Cod.</span> <span class='ocrx_word' id='word_1_724' title='bbox 1833 972 1845 995; x_wconf 81' lang='grc'><strong>3</strong></span> <span class='ocrx_word' id='word_1_725' title='bbox 1865 964 1906 990; x_wconf 83' lang='lat' dir='ltr'>tit.</span> <span class='ocrx_word' id='word_1_726' title='bbox 1928 968 1957 991; x_wconf 84' lang='lat'>16</span> <span class='ocrx_word' id='word_1_727' title='bbox 1982 963 2127 996; x_wconf 81' lang='lat' dir='ltr'>Dissolutoi·</span> <span class='ocrx_word' id='word_1_728' title='bbox 2140 970 2177 997; x_wconf 82' lang='lat' dir='ltr'>se·</span> 
     </span>
     <span class='ocr_line' id='line_1_72' title="bbox 1139 995 1301 1030; baseline -0.006 -9"><span class='ocrx_word' id='word_1_729' title='bbox 1139 995 1301 1030; x_wconf 83' lang='lat' dir='ltr'>pulcrorum.</span> 
     </span>
    </p>

    <p class='ocr_par' dir='ltr' id='par_1_13' title="bbox 1139 1031 2178 1100">
     <span class='ocr_line' id='line_1_73' title="bbox 1168 1031 2178 1070; baseline 0.01 -13"><span class='ocrx_word' id='word_1_730' title='bbox 1168 1036 1198 1070; x_wconf 35' lang='lat' dir='ltr'>*D</span> <span class='ocrx_word' id='word_1_731' title='bbox 1208 1038 1217 1057; x_wconf 91' lang='lat'>1</span> <span class='ocrx_word' id='word_1_732' title='bbox 1228 1037 1240 1057; x_wconf 90' lang='lat' dir='ltr'>s</span> <span class='ocrx_word' id='word_1_733' title='bbox 1251 1037 1263 1057; x_wconf 85' lang='lat' dir='ltr'>s</span> <span class='ocrx_word' id='word_1_734' title='bbox 1275 1035 1294 1056; x_wconf 95' lang='grc' dir='ltr'>Ο</span> <span class='ocrx_word' id='word_1_735' title='bbox 1305 1037 1349 1070; x_wconf 59' lang='lat' dir='ltr'>pv</span> <span class='ocrx_word' id='word_1_736' title='bbox 1359 1038 1470 1064; x_wconf 77' lang='lat' dir='ltr'>TR1x,</span> <span class='ocrx_word' id='word_1_737' title='bbox 1488 1032 1544 1059; x_wconf 71' lang='lat' dir='ltr'>icis.</span> <span class='ocrx_word' id='word_1_738' title='bbox 1560 1031 1582 1059; x_wconf 85' lang='lat' dir='ltr'>f.</span> <span class='ocrx_word' id='word_1_739' title='bbox 1616 1031 1734 1058; x_wconf 87' lang='lat' dir='ltr'>Tertull.</span> <span class='ocrx_word' id='word_1_740' title='bbox 1748 1031 1780 1059; x_wconf 90' lang='lat' dir='ltr'>de</span> <span class='ocrx_word' id='word_1_741' title='bbox 1793 1032 1888 1059; x_wconf 89' lang='lat' dir='ltr'>Anima</span> <span class='ocrx_word' id='word_1_742' title='bbox 1903 1043 1968 1067; x_wconf 86' lang='lat' dir='ltr'>c.42</span> <span class='ocrx_word' id='word_1_743' title='bbox 1986 1036 2058 1063; x_wconf 89' lang='lat' dir='ltr'>Mors</span> <span class='ocrx_word' id='word_1_744' title='bbox 2074 1038 2178 1067; x_wconf 78' lang='lat' dir='ltr'>dissolu-</span> 
     </span>
     <span class='ocr_line' id='line_1_74' title="bbox 1139 1071 1333 1100; baseline -0.005 -8"><span class='ocrx_word' id='word_1_745' title='bbox 1139 1071 1193 1092; x_wconf 80' lang='lat' dir='ltr'>trix</span> <span class='ocrx_word' id='word_1_746' title='bbox 1206 1074 1333 1100; x_wconf 89' lang='lat' dir='ltr'>corporis.</span> 
     </span>
    </p>

    <p class='ocr_par' dir='ltr' id='par_1_14' title="bbox 1137 1099 2180 1207">
     <span class='ocr_line' id='line_1_75' title="bbox 1177 1099 2180 1142; baseline 0.009 -15"><span class='ocrx_word' id='word_1_747' title='bbox 1177 1107 1195 1127; x_wconf 89' lang='lat' dir='ltr'><strong>D</strong></span> <span class='ocrx_word' id='word_1_748' title='bbox 1204 1109 1212 1127; x_wconf 93' lang='lat' dir='ltr'>i</span> <span class='ocrx_word' id='word_1_749' title='bbox 1222 1108 1234 1128; x_wconf 90' lang='lat' dir='ltr'>s</span> <span class='ocrx_word' id='word_1_750' title='bbox 1244 1108 1257 1128; x_wconf 90' lang='lat' dir='ltr'>s</span> <span class='ocrx_word' id='word_1_751' title='bbox 1266 1108 1285 1127; x_wconf 94' lang='lat' dir='ltr'>o</span> <span class='ocrx_word' id='word_1_752' title='bbox 1295 1107 1310 1126; x_wconf 99' lang='lat' dir='ltr'>L</span> <span class='ocrx_word' id='word_1_753' title='bbox 1320 1107 1341 1126; x_wconf 90' lang='lat' dir='ltr'>v</span> <span class='ocrx_word' id='word_1_754' title='bbox 1350 1107 1365 1128; x_wconf 76' lang='grc' dir='ltr'><em>Β</em></span> <span class='ocrx_word' id='word_1_755' title='bbox 1375 1099 1388 1128; x_wconf 76' lang='lat' dir='ltr'>1u</span> <span class='ocrx_word' id='word_1_756' title='bbox 1397 1109 1412 1128; x_wconf 92' lang='lat' dir='ltr'>L</span> <span class='ocrx_word' id='word_1_757' title='bbox 1421 1110 1430 1128; x_wconf 94' lang='lat'>1</span> <span class='ocrx_word' id='word_1_758' title='bbox 1440 1109 1453 1129; x_wconf 88' lang='grc'><strong>3</strong></span> <span class='ocrx_word' id='word_1_759' title='bbox 1462 1122 1470 1134; x_wconf 92' lang='grc'><strong>,</strong></span> <span class='ocrx_word' id='word_1_760' title='bbox 1489 1111 1512 1128; x_wconf 82' lang='lat' dir='ltr'>e.</span> <span class='ocrx_word' id='word_1_761' title='bbox 1530 1101 1589 1128; x_wconf 87' lang='lat' dir='ltr'>Adi.</span> <span class='ocrx_word' id='word_1_762' title='bbox 1625 1101 1739 1136; x_wconf 69' lang='grc' dir='ltr'><strong>[λντδς]</strong></span> <span class='ocrx_word' id='word_1_763' title='bbox 1761 1103 1847 1142; x_wconf 70' lang='lat' dir='ltr'>¹Quod</span> <span class='ocrx_word' id='word_1_764' title='bbox 1856 1102 1953 1137; x_wconf 74' lang='lat' dir='ltr'>dissolui</span> <span class='ocrx_word' id='word_1_765' title='bbox 1961 1103 2050 1139; x_wconf 74' lang='lat' dir='ltr'>potest.</span> <span class='ocrx_word' id='word_1_766' title='bbox 2085 1108 2139 1135; x_wconf 85' lang='lat' dir='ltr'>Cic.</span> <span class='ocrx_word' id='word_1_767' title='bbox 2148 1109 2180 1136; x_wconf 87' lang='lat' dir='ltr'>de</span> 
     </span>
     <span class='ocr_line' id='line_1_76' title="bbox 1137 1145 2180 1207; baseline 0.008 -10"><span class='ocrx_word' id='word_1_768' title='bbox 1137 1179 1197 1207; x_wconf 84' lang='lat' dir='ltr'>par.</span> <span class='ocrx_word' id='word_1_769' title='bbox 1218 1171 1323 1206; x_wconf 85' lang='lat' dir='ltr'>August.</span> <span class='ocrx_word' id='word_1_770' title='bbox 1340 1171 1371 1197; x_wconf 89' lang='lat' dir='ltr'>de</span> <span class='ocrx_word' id='word_1_771' title='bbox 1385 1173 1476 1198; x_wconf 87' lang='lat' dir='ltr'>Genesi</span> <span class='ocrx_word' id='word_1_772' title='bbox 1489 1172 1521 1199; x_wconf 89' lang='lat' dir='ltr'>ad</span> <span class='ocrx_word' id='word_1_773' title='bbox 1533 1172 1573 1198; x_wconf 85' lang='lat' dir='ltr'>lit.</span> <span class='ocrx_word' id='word_1_774' title='bbox 1587 1181 1608 1198; x_wconf 91' lang='lat' dir='ltr'>c.</span> <span class='ocrx_word' id='word_1_775' title='bbox 1624 1177 1637 1202; x_wconf 88' lang='lat'>8</span> <span class='ocrx_word' id='word_1_776' title='bbox 1658 1173 1792 1206; x_wconf 85' lang='lat' dir='ltr'>Qioniaui</span> <span class='ocrx_word' id='word_1_777' title='bbox 1806 1174 1906 1201; x_wconf 87' lang='lat' dir='ltr'>caelum</span> <span class='ocrx_word' id='word_1_778' title='bbox 1927 1145 2180 1205; x_wconf 44' lang='lat' dir='ltr'>firmamentuuijisg-</span> 
     </span>
    </p>
   </div>
   <div class='ocr_carea' id='block_1_12' title="bbox 1142 1207 2180 1270">
    <p class='ocr_par' dir='ltr' id='par_1_15' title="bbox 1142 1207 2180 1270">
     <span class='ocr_line' id='line_1_77' title="bbox 1143 1207 2180 1248; baseline 0.007 -15"><span class='ocrx_word' id='word_1_779' title='bbox 1143 1207 1228 1239; x_wconf 88' lang='lat' dir='ltr'>cauit,</span> <span class='ocrx_word' id='word_1_780' title='bbox 1238 1216 1301 1247; x_wconf 76' lang='lat' dir='ltr'>non</span> <span class='ocrx_word' id='word_1_781' title='bbox 1314 1207 1612 1248; x_wconf 26' lang='grc' dir='ltr'>Δὶἶὶὶινάοιίηῖάἰίβί-ῐιιτ,</span> <span class='ocrx_word' id='word_1_782' title='bbox 1629 1207 1760 1244; x_wconf 78' lang='lat' dir='ltr'>quidquid</span> <span class='ocrx_word' id='word_1_783' title='bbox 1773 1209 1843 1236; x_wconf 88' lang='lat' dir='ltr'>infra</span> <span class='ocrx_word' id='word_1_784' title='bbox 1854 1210 2005 1238; x_wconf 87' lang='lat' dir='ltr'>aethereum</span> <span class='ocrx_word' id='word_1_785' title='bbox 2023 1214 2123 1240; x_wconf 82' lang='lat' dir='ltr'>caelum</span> <span class='ocrx_word' id='word_1_786' title='bbox 2135 1215 2180 1247; x_wconf 85' lang='lat' dir='ltr'>est,</span> 
     </span>
     <span class='ocr_line' id='line_1_78' title="bbox 1142 1242 1593 1270; baseline 0.002 -1"><span class='ocrx_word' id='word_1_787' title='bbox 1142 1242 1296 1269; x_wconf 77' lang='lat' dir='ltr'>mutabilius</span> <span class='ocrx_word' id='word_1_788' title='bbox 1310 1244 1358 1268; x_wconf 84' lang='lat' dir='ltr'>esie</span> <span class='ocrx_word' id='word_1_789' title='bbox 1370 1249 1395 1269; x_wconf 86' lang='lat' dir='ltr'>et</span> <span class='ocrx_word' id='word_1_790' title='bbox 1408 1243 1593 1270; x_wconf 77' lang='lat' dir='ltr'>dissolubilius.</span> 
     </span>
    </p>
   </div>
   <div class='ocr_carea' id='block_1_13' title="bbox 1178 1275 2180 1318">
    <p class='ocr_par' dir='ltr' id='par_1_16' title="bbox 1178 1275 2180 1318">
     <span class='ocr_line' id='line_1_79' title="bbox 1178 1275 2180 1318; baseline 0.006 -13"><span class='ocrx_word' id='word_1_791' title='bbox 1178 1285 1197 1305; x_wconf 90' lang='lat' dir='ltr'><strong>D</strong></span> <span class='ocrx_word' id='word_1_792' title='bbox 1208 1285 1217 1303; x_wconf 85' lang='lat'>1</span> <span class='ocrx_word' id='word_1_793' title='bbox 1227 1285 1239 1304; x_wconf 86' lang='lat' dir='ltr'>S</span> <span class='ocrx_word' id='word_1_794' title='bbox 1249 1285 1261 1304; x_wconf 92' lang='lat' dir='ltr'><strong>S</strong></span> <span class='ocrx_word' id='word_1_795' title='bbox 1271 1276 1320 1304; x_wconf 67' lang='lat' dir='ltr'>&amp;N</span> <span class='ocrx_word' id='word_1_796' title='bbox 1330 1285 1386 1309; x_wconf 87' lang='lat' dir='ltr'>VS,</span> <span class='ocrx_word' id='word_1_797' title='bbox 1408 1288 1436 1309; x_wconf 77' lang='lat' dir='ltr'>a,</span> <span class='ocrx_word' id='word_1_798' title='bbox 1456 1289 1509 1305; x_wconf 89' lang='lat' dir='ltr'>um.</span> <span class='ocrx_word' id='word_1_799' title='bbox 1525 1278 1587 1306; x_wconf 88' lang='lat' dir='ltr'>Adi.</span> <span class='ocrx_word' id='word_1_800' title='bbox 1624 1275 1769 1314; x_wconf 59' lang='lat' dir='ltr'>[Momm]</span> <span class='ocrx_word' id='word_1_801' title='bbox 1803 1280 1958 1316; x_wconf 75' lang='lat' dir='ltr'>Discordayzs</span> <span class='ocrx_word' id='word_1_802' title='bbox 1972 1293 1980 1307; x_wconf 90' lang='lat'><em>:</em></span> <span class='ocrx_word' id='word_1_803' title='bbox 2015 1283 2075 1309; x_wconf 84' lang='lat' dir='ltr'>Liu.</span> <span class='ocrx_word' id='word_1_804' title='bbox 2095 1292 2139 1318; x_wconf 88' lang='lat'>21,</span> <span class='ocrx_word' id='word_1_805' title='bbox 2153 1293 2180 1318; x_wconf 77' lang='lat'>33</span> 
     </span>
    </p>
   </div>
   <div class='ocr_carea' id='block_1_14' title="bbox 1096 1313 2181 1355">
    <p class='ocr_par' dir='ltr' id='par_1_17' title="bbox 1096 1313 2181 1355">
     <span class='ocr_line' id='line_1_80' title="bbox 1096 1313 2181 1355; baseline 0.008 -17"><span class='ocrx_word' id='word_1_806' title='bbox 1096 1332 1127 1355; x_wconf 61' lang='grc' dir='ltr'>,Ο</span> <span class='ocrx_word' id='word_1_807' title='bbox 1144 1313 1265 1339; x_wconf 67' lang='lat' dir='ltr'>Dictator</span> <span class='ocrx_word' id='word_1_808' title='bbox 1277 1320 1363 1343; x_wconf 84' lang='lat' dir='ltr'>autem</span> <span class='ocrx_word' id='word_1_809' title='bbox 1378 1321 1450 1348; x_wconf 87' lang='lat' dir='ltr'>parte</span> <span class='ocrx_word' id='word_1_810' title='bbox 1466 1315 1547 1341; x_wconf 88' lang='lat' dir='ltr'>altera</span> <span class='ocrx_word' id='word_1_811' title='bbox 1563 1314 1675 1340; x_wconf 78' lang='lat' dir='ltr'>subsidia</span> <span class='ocrx_word' id='word_1_812' title='bbox 1690 1321 1715 1341; x_wconf 84' lang='lat' dir='ltr'>et</span> <span class='ocrx_word' id='word_1_813' title='bbox 1736 1316 1873 1343; x_wconf 87' lang='lat' dir='ltr'>secundam</span> <span class='ocrx_word' id='word_1_814' title='bbox 1890 1317 1972 1344; x_wconf 86' lang='lat' dir='ltr'>aciem</span> <span class='ocrx_word' id='word_1_815' title='bbox 1991 1317 2113 1352; x_wconf 85' lang='lat' dir='ltr'>adortus,</span> <span class='ocrx_word' id='word_1_816' title='bbox 2132 1321 2181 1347; x_wconf 86' lang='lat' dir='ltr'>eir-</span> 
     </span>
    </p>
   </div>
   <div class='ocr_carea' id='block_1_15' title="bbox 1111 1346 2185 1841">
    <p class='ocr_par' dir='ltr' id='par_1_18' title="bbox 1143 1346 2182 1390">
     <span class='ocr_line' id='line_1_81' title="bbox 1143 1346 2182 1390; baseline 0.007 -15"><span class='ocrx_word' id='word_1_817' title='bbox 1143 1349 1292 1383; x_wconf 84' lang='lat' dir='ltr'>cumagenti</span> <span class='ocrx_word' id='word_1_818' title='bbox 1303 1349 1328 1375; x_wconf 89' lang='lat' dir='ltr'>se</span> <span class='ocrx_word' id='word_1_819' title='bbox 1342 1348 1375 1375; x_wconf 80' lang='lat' dir='ltr'>ad</span> <span class='ocrx_word' id='word_1_820' title='bbox 1388 1349 1501 1375; x_wconf 81' lang='lat' dir='ltr'>dissonos</span> <span class='ocrx_word' id='word_1_821' title='bbox 1514 1349 1639 1376; x_wconf 85' lang='lat' dir='ltr'>clamores</span> <span class='ocrx_word' id='word_1_822' title='bbox 1653 1346 1681 1376; x_wconf 79' lang='lat' dir='ltr'>ac</span> <span class='ocrx_word' id='word_1_823' title='bbox 1696 1350 1795 1377; x_wconf 90' lang='lat' dir='ltr'>subitos</span> <span class='ocrx_word' id='word_1_824' title='bbox 1814 1352 1957 1385; x_wconf 86' lang='lat' dir='ltr'>tumultus,</span> <span class='ocrx_word' id='word_1_825' title='bbox 1977 1352 2045 1380; x_wconf 84' lang='lat' dir='ltr'>hosti</span> <span class='ocrx_word' id='word_1_826' title='bbox 2065 1355 2182 1390; x_wconf 87' lang='lat' dir='ltr'>vndique</span> 
     </span>
    </p>

    <p class='ocr_par' dir='ltr' id='par_1_19' title="bbox 1143 1382 2180 1420">
     <span class='ocr_line' id='line_1_82' title="bbox 1143 1382 2180 1420; baseline 0.007 -10"><span class='ocrx_word' id='word_1_827' title='bbox 1143 1382 1278 1410; x_wconf 85' lang='lat' dir='ltr'>obiecerat</span> <span class='ocrx_word' id='word_1_828' title='bbox 1288 1384 1421 1417; x_wconf 61' lang='lat' dir='ltr'>victorem</span> <span class='ocrx_word' id='word_1_829' title='bbox 1435 1384 1551 1419; x_wconf 84' lang='lat' dir='ltr'>peditem</span> <span class='ocrx_word' id='word_1_830' title='bbox 1567 1385 1746 1420; x_wconf 89' lang='lat' dir='ltr'>equitemque.</span> <span class='ocrx_word' id='word_1_831' title='bbox 1783 1386 1856 1413; x_wconf 85' lang='lat' dir='ltr'>Idem</span> <span class='ocrx_word' id='word_1_832' title='bbox 1871 1395 1910 1420; x_wconf 83' lang='lat'>21,</span> <span class='ocrx_word' id='word_1_833' title='bbox 1945 1408 1951 1413; x_wconf 93' lang='lat'>.</span> <span class='ocrx_word' id='word_1_834' title='bbox 1989 1408 1995 1415; x_wconf 88' lang='lat'>.</span> <span class='ocrx_word' id='word_1_835' title='bbox 2043 1390 2180 1417; x_wconf 86' lang='lat' dir='ltr'>Barbaries</span> 
     </span>
    </p>

    <p class='ocr_par' dir='ltr' id='par_1_20' title="bbox 1143 1419 2182 1455">
     <span class='ocr_line' id='line_1_83' title="bbox 1143 1419 2182 1455; baseline 0.008 -10"><span class='ocrx_word' id='word_1_836' title='bbox 1143 1419 1242 1446; x_wconf 82' lang='lat' dir='ltr'>dissona</span> <span class='ocrx_word' id='word_1_837' title='bbox 1254 1420 1309 1446; x_wconf 86' lang='lat' dir='ltr'>ritu</span> <span class='ocrx_word' id='word_1_838' title='bbox 1328 1419 1420 1446; x_wconf 84' lang='lat' dir='ltr'>Claud.</span> <span class='ocrx_word' id='word_1_839' title='bbox 1435 1421 1466 1446; x_wconf 88' lang='lat' dir='ltr'>de</span> <span class='ocrx_word' id='word_1_840' title='bbox 1480 1420 1558 1446; x_wconf 91' lang='lat' dir='ltr'>Cons.</span> <span class='ocrx_word' id='word_1_841' title='bbox 1573 1420 1647 1446; x_wconf 89' lang='lat' dir='ltr'>Mall.</span> <span class='ocrx_word' id='word_1_842' title='bbox 1660 1420 1768 1447; x_wconf 89' lang='lat' dir='ltr'>Theod.</span> <span class='ocrx_word' id='word_1_843' title='bbox 1781 1430 1842 1455; x_wconf 89' lang='lat'>249.</span> <span class='ocrx_word' id='word_1_844' title='bbox 1915 1423 2012 1450; x_wconf 88' lang='lat' dir='ltr'>Cursus</span> <span class='ocrx_word' id='word_1_845' title='bbox 2029 1426 2094 1452; x_wconf 87' lang='lat' dir='ltr'>caeli</span> <span class='ocrx_word' id='word_1_846' title='bbox 2106 1426 2182 1453; x_wconf 79' lang='lat' dir='ltr'>disso-</span> 
     </span>
    </p>

    <p class='ocr_par' dir='ltr' id='par_1_21' title="bbox 1111 1455 2183 1666">
     <span class='ocr_line' id='line_1_84' title="bbox 1142 1455 2181 1493; baseline 0.008 -13"><span class='ocrx_word' id='word_1_847' title='bbox 1142 1464 1190 1481; x_wconf 87' lang='lat' dir='ltr'>nus</span> <span class='ocrx_word' id='word_1_848' title='bbox 1211 1455 1277 1481; x_wconf 89' lang='lat' dir='ltr'>Plin.</span> <span class='ocrx_word' id='word_1_849' title='bbox 1292 1457 1332 1487; x_wconf 87' lang='grc'>36,</span> <span class='ocrx_word' id='word_1_850' title='bbox 1348 1464 1385 1482; x_wconf 91' lang='lat'>10.</span> <span class='ocrx_word' id='word_1_851' title='bbox 1459 1457 1520 1482; x_wconf 71' lang='lat' dir='ltr'>[tem</span> <span class='ocrx_word' id='word_1_852' title='bbox 1536 1456 1656 1482; x_wconf 78' lang='lat' dir='ltr'>Diffonus</span> <span class='ocrx_word' id='word_1_853' title='bbox 1669 1457 1782 1491; x_wconf 85' lang='lat' dir='ltr'>crepitus</span> <span class='ocrx_word' id='word_1_854' title='bbox 1793 1457 1860 1493; x_wconf 81' lang='lat' dir='ltr'>apud</span> <span class='ocrx_word' id='word_1_855' title='bbox 1869 1458 1967 1485; x_wconf 76' lang='lat' dir='ltr'>eundem</span> <span class='ocrx_word' id='word_1_856' title='bbox 1981 1468 2004 1490; x_wconf 86' lang='lat'>2,</span> <span class='ocrx_word' id='word_1_857' title='bbox 2019 1469 2053 1486; x_wconf 86' lang='lat'>12.</span> <span class='ocrx_word' id='word_1_858' title='bbox 2113 1462 2181 1488; x_wconf 89' lang='lat' dir='ltr'>Gen-</span> 
     </span>
     <span class='ocr_line' id='line_1_85' title="bbox 1111 1490 2182 1528; baseline 0.007 -12"><span class='ocrx_word' id='word_1_859' title='bbox 1111 1504 1121 1512; x_wconf 76' lang='lat'><em>·</em></span> <span class='ocrx_word' id='word_1_860' title='bbox 1142 1496 1179 1516; x_wconf 85' lang='lat' dir='ltr'>tes</span> <span class='ocrx_word' id='word_1_861' title='bbox 1194 1490 1315 1517; x_wconf 88' lang='lat' dir='ltr'>sermone</span> <span class='ocrx_word' id='word_1_862' title='bbox 1330 1497 1355 1517; x_wconf 88' lang='lat' dir='ltr'>et</span> <span class='ocrx_word' id='word_1_863' title='bbox 1369 1490 1489 1517; x_wconf 89' lang='lat' dir='ltr'>moribus</span> <span class='ocrx_word' id='word_1_864' title='bbox 1503 1491 1616 1518; x_wconf 71' lang='lat' dir='ltr'>dissonae</span> <span class='ocrx_word' id='word_1_865' title='bbox 1644 1492 1703 1518; x_wconf 90' lang='lat' dir='ltr'>Liu.</span> <span class='ocrx_word' id='word_1_866' title='bbox 1719 1501 1738 1524; x_wconf 91' lang='lat' dir='ltr'>i,</span> <span class='ocrx_word' id='word_1_867' title='bbox 1755 1497 1788 1522; x_wconf 88' lang='lat'>18.</span> <span class='ocrx_word' id='word_1_868' title='bbox 1859 1493 1945 1520; x_wconf 88' lang='lat' dir='ltr'>Moles</span> <span class='ocrx_word' id='word_1_869' title='bbox 1965 1495 2049 1528; x_wconf 86' lang='lat' dir='ltr'>sparsa</span> <span class='ocrx_word' id='word_1_870' title='bbox 2062 1505 2091 1523; x_wconf 88' lang='lat' dir='ltr'>ac</span> <span class='ocrx_word' id='word_1_871' title='bbox 2104 1497 2182 1523; x_wconf 80' lang='lat' dir='ltr'>diffo-</span> 
     </span>
     <span class='ocr_line' id='line_1_86' title="bbox 1142 1526 2183 1560; baseline 0.008 -9"><span class='ocrx_word' id='word_1_872' title='bbox 1142 1534 1175 1551; x_wconf 83' lang='lat' dir='ltr'>na</span> <span class='ocrx_word' id='word_1_873' title='bbox 1194 1526 1254 1552; x_wconf 83' lang='lat' dir='ltr'>Stat.</span> <span class='ocrx_word' id='word_1_874' title='bbox 1269 1526 1355 1552; x_wconf 84' lang='lat' dir='ltr'>Achil.</span> <span class='ocrx_word' id='word_1_875' title='bbox 1370 1534 1391 1558; x_wconf 84' lang='lat'>1,</span> <span class='ocrx_word' id='word_1_876' title='bbox 1428 1545 1434 1552; x_wconf 93' lang='lat'>.</span> <span class='ocrx_word' id='word_1_877' title='bbox 1474 1546 1480 1552; x_wconf 98' lang='lat'>.</span> <span class='ocrx_word' id='word_1_878' title='bbox 1552 1527 1694 1552; x_wconf 79' lang='lat' dir='ltr'>Murmura</span> <span class='ocrx_word' id='word_1_879' title='bbox 1703 1526 1801 1553; x_wconf 77' lang='lat' dir='ltr'>dissona</span> <span class='ocrx_word' id='word_1_880' title='bbox 1828 1527 1920 1554; x_wconf 88' lang='lat' dir='ltr'>Claud.</span> <span class='ocrx_word' id='word_1_881' title='bbox 1940 1529 1971 1556; x_wconf 91' lang='lat' dir='ltr'>de</span> <span class='ocrx_word' id='word_1_882' title='bbox 1985 1530 2107 1557; x_wconf 91' lang='lat' dir='ltr'>Mulabus</span> <span class='ocrx_word' id='word_1_883' title='bbox 2122 1533 2183 1560; x_wconf 86' lang='lat' dir='ltr'>Gal-</span> 
     </span>
     <span class='ocr_line' id='line_1_87' title="bbox 1142 1560 2183 1595; baseline 0.007 -9"><span class='ocrx_word' id='word_1_884' title='bbox 1142 1561 1201 1587; x_wconf 89' lang='lat' dir='ltr'>licis</span> <span class='ocrx_word' id='word_1_885' title='bbox 1215 1570 1235 1593; x_wconf 91' lang='grc'>1,</span> <span class='ocrx_word' id='word_1_886' title='bbox 1248 1569 1270 1593; x_wconf 89' lang='grc'>3.</span> <span class='ocrx_word' id='word_1_887' title='bbox 1341 1562 1397 1587; x_wconf 88' lang='lat' dir='ltr'>Ora</span> <span class='ocrx_word' id='word_1_888' title='bbox 1412 1560 1486 1595; x_wconf 87' lang='lat' dir='ltr'>vulgi</span> <span class='ocrx_word' id='word_1_889' title='bbox 1500 1560 1599 1587; x_wconf 77' lang='lat' dir='ltr'>dissona</span> <span class='ocrx_word' id='word_1_890' title='bbox 1618 1561 1716 1588; x_wconf 90' lang='lat' dir='ltr'>Lucan.</span> <span class='ocrx_word' id='word_1_891' title='bbox 1727 1570 1752 1594; x_wconf 91' lang='grc'>3,</span> <span class='ocrx_word' id='word_1_892' title='bbox 1765 1568 1822 1594; x_wconf 86' lang='lat'>289.</span> <span class='ocrx_word' id='word_1_893' title='bbox 1911 1564 2008 1591; x_wconf 89' lang='lat' dir='ltr'>Turba</span> <span class='ocrx_word' id='word_1_894' title='bbox 2023 1566 2120 1593; x_wconf 77' lang='lat' dir='ltr'>dissona</span> <span class='ocrx_word' id='word_1_895' title='bbox 2134 1568 2183 1593; x_wconf 87' lang='lat' dir='ltr'>lin-</span> 
     </span>
     <span class='ocr_line' id='line_1_88' title="bbox 1141 1595 2182 1631; baseline 0.007 -10"><span class='ocrx_word' id='word_1_896' title='bbox 1141 1596 1200 1630; x_wconf 75' lang='lat' dir='ltr'>guis</span> <span class='ocrx_word' id='word_1_897' title='bbox 1221 1595 1314 1622; x_wconf 83' lang='lat' dir='ltr'>Claud.</span> <span class='ocrx_word' id='word_1_898' title='bbox 1330 1595 1358 1621; x_wconf 91' lang='lat' dir='ltr'>in</span> <span class='ocrx_word' id='word_1_899' title='bbox 1372 1604 1411 1630; x_wconf 87' lang='lat' dir='ltr'>pr.</span> <span class='ocrx_word' id='word_1_900' title='bbox 1425 1596 1501 1622; x_wconf 88' lang='lat' dir='ltr'>Cons.</span> <span class='ocrx_word' id='word_1_901' title='bbox 1516 1596 1572 1622; x_wconf 89' lang='lat' dir='ltr'>Stil.</span> <span class='ocrx_word' id='word_1_902' title='bbox 1586 1604 1638 1628; x_wconf 81' lang='lat'>152.</span> <span class='ocrx_word' id='word_1_903' title='bbox 1727 1598 1818 1631; x_wconf 83' lang='lat' dir='ltr'>Vapor</span> <span class='ocrx_word' id='word_1_904' title='bbox 1850 1597 1980 1631; x_wconf 82' lang='lat' dir='ltr'>dissonus,</span> <span class='ocrx_word' id='word_1_905' title='bbox 1996 1606 2025 1626; x_wconf 88' lang='lat' dir='ltr'>vt</span> <span class='ocrx_word' id='word_1_906' title='bbox 2057 1601 2182 1629; x_wconf 89' lang='lat' dir='ltr'>candente</span> 
     </span>
     <span class='ocr_line' id='line_1_89' title="bbox 1142 1629 2080 1666; baseline 0.004 -9"><span class='ocrx_word' id='word_1_907' title='bbox 1142 1631 1216 1657; x_wconf 77' lang='lat' dir='ltr'>ferro</span> <span class='ocrx_word' id='word_1_908' title='bbox 1232 1631 1259 1656; x_wconf 88' lang='lat' dir='ltr'>in</span> <span class='ocrx_word' id='word_1_909' title='bbox 1272 1639 1366 1665; x_wconf 85' lang='lat' dir='ltr'>aquam</span> <span class='ocrx_word' id='word_1_910' title='bbox 1382 1631 1488 1657; x_wconf 82' lang='lat' dir='ltr'>demisso</span> <span class='ocrx_word' id='word_1_911' title='bbox 1514 1632 1614 1663; x_wconf 89' lang='lat' dir='ltr'>Plin.2,</span> <span class='ocrx_word' id='word_1_912' title='bbox 1621 1640 1663 1664; x_wconf 86' lang='lat'>43.</span> <span class='ocrx_word' id='word_1_913' title='bbox 1682 1633 1701 1656; x_wconf 82' lang='grc' dir='ltr'>ι’.</span> <span class='ocrx_word' id='word_1_914' title='bbox 1724 1629 1948 1666; x_wconf 74' lang='lat' dir='ltr'>Vaporstridorem</span> <span class='ocrx_word' id='word_1_915' title='bbox 1960 1637 2080 1661; x_wconf 74' lang='lat' dir='ltr'>excitans.</span> 
     </span>
    </p>

    <p class='ocr_par' dir='ltr' id='par_1_22' title="bbox 1141 1663 2185 1841">
     <span class='ocr_line' id='line_1_90' title="bbox 1178 1663 2184 1703; baseline 0.003 -11"><span class='ocrx_word' id='word_1_916' title='bbox 1178 1673 1198 1692; x_wconf 94' lang='lat' dir='ltr'><strong>D</strong></span> <span class='ocrx_word' id='word_1_917' title='bbox 1207 1673 1216 1691; x_wconf 98' lang='lat' dir='ltr'>l</span> <span class='ocrx_word' id='word_1_918' title='bbox 1226 1673 1238 1692; x_wconf 86' lang='lat' dir='ltr'>S</span> <span class='ocrx_word' id='word_1_919' title='bbox 1247 1673 1259 1693; x_wconf 92' lang='lat' dir='ltr'><strong>S</strong></span> <span class='ocrx_word' id='word_1_920' title='bbox 1268 1665 1288 1693; x_wconf 70' lang='grc' dir='ltr'><em>ὅ</em></span> <span class='ocrx_word' id='word_1_921' title='bbox 1296 1674 1318 1692; x_wconf 92' lang='grc' dir='ltr'>Ν</span> <span class='ocrx_word' id='word_1_922' title='bbox 1326 1673 1346 1693; x_wconf 94' lang='lat' dir='ltr'>O</span> <span class='ocrx_word' id='word_1_923' title='bbox 1356 1685 1364 1698; x_wconf 90' lang='lat'>,</span> <span class='ocrx_word' id='word_1_924' title='bbox 1380 1666 1409 1692; x_wconf 83' lang='lat' dir='ltr'>ui</span> <span class='ocrx_word' id='word_1_925' title='bbox 1418 1686 1426 1698; x_wconf 88' lang='lat'>‚</span> <span class='ocrx_word' id='word_1_926' title='bbox 1446 1667 1529 1698; x_wconf 70' lang='lat' dir='ltr'>itum,</span> <span class='ocrx_word' id='word_1_927' title='bbox 1547 1669 1597 1691; x_wconf 67' lang='lat' dir='ltr'>ire.</span> <span class='ocrx_word' id='word_1_928' title='bbox 1634 1663 1785 1699; x_wconf 55' lang='lat' dir='ltr'>[dioeoewvsw‚</span> <span class='ocrx_word' id='word_1_929' title='bbox 1802 1664 1905 1701; x_wconf 65' lang='lat' dir='ltr'>oi&#39;nqi&#39;dw]</span> <span class='ocrx_word' id='word_1_930' title='bbox 1940 1666 2099 1703; x_wconf 77' lang='lat' dir='ltr'>Dlscordare.</span> <span class='ocrx_word' id='word_1_931' title='bbox 2132 1673 2184 1700; x_wconf 82' lang='lat' dir='ltr'>Co.</span> 
     </span>
     <span class='ocr_line' id='line_1_91' title="bbox 1143 1700 2185 1742; baseline 0.008 -16"><span class='ocrx_word' id='word_1_932' title='bbox 1143 1701 1232 1726; x_wconf 87' lang='lat' dir='ltr'>lumel.</span> <span class='ocrx_word' id='word_1_933' title='bbox 1246 1710 1266 1733; x_wconf 94' lang='lat'>1,</span> <span class='ocrx_word' id='word_1_934' title='bbox 1283 1709 1292 1727; x_wconf 90' lang='lat'>1</span> <span class='ocrx_word' id='word_1_935' title='bbox 1318 1702 1358 1727; x_wconf 88' lang='lat' dir='ltr'>An</span> <span class='ocrx_word' id='word_1_936' title='bbox 1380 1701 1503 1727; x_wconf 83' lang='lat' dir='ltr'>vniuersa</span> <span class='ocrx_word' id='word_1_937' title='bbox 1525 1708 1593 1734; x_wconf 86' lang='lat' dir='ltr'>quae</span> <span class='ocrx_word' id='word_1_938' title='bbox 1615 1701 1728 1726; x_wconf 90' lang='lat' dir='ltr'>maiores</span> <span class='ocrx_word' id='word_1_939' title='bbox 1744 1700 1936 1735; x_wconf 88' lang='lat' dir='ltr'>prodiderunt,</span> <span class='ocrx_word' id='word_1_940' title='bbox 1955 1703 2034 1731; x_wconf 87' lang='lat' dir='ltr'>huius</span> <span class='ocrx_word' id='word_1_941' title='bbox 2057 1709 2185 1742; x_wconf 72' lang='lat' dir='ltr'>temporis</span> 
     </span>
     <span class='ocr_line' id='line_1_92' title="bbox 1142 1734 2183 1774; baseline 0.008 -14"><span class='ocrx_word' id='word_1_942' title='bbox 1142 1736 1260 1761; x_wconf 85' lang='lat' dir='ltr'>culturae</span> <span class='ocrx_word' id='word_1_943' title='bbox 1273 1735 1461 1770; x_wconf 88' lang='lat' dir='ltr'>respondeant,</span> <span class='ocrx_word' id='word_1_944' title='bbox 1481 1744 1514 1761; x_wconf 88' lang='lat' dir='ltr'>an</span> <span class='ocrx_word' id='word_1_945' title='bbox 1524 1736 1612 1769; x_wconf 87' lang='lat' dir='ltr'>aliqua</span> <span class='ocrx_word' id='word_1_946' title='bbox 1627 1734 1764 1762; x_wconf 78' lang='lat' dir='ltr'>dissonent.</span> <span class='ocrx_word' id='word_1_947' title='bbox 1837 1737 1869 1762; x_wconf 77' lang='lat' dir='ltr'>Ec</span> <span class='ocrx_word' id='word_1_948' title='bbox 1890 1738 2020 1771; x_wconf 70' lang='lat' dir='ltr'>Qine&#39;til.</span> <span class='ocrx_word' id='word_1_949' title='bbox 2035 1745 2058 1773; x_wconf 92' lang='lat'>8,</span> <span class='ocrx_word' id='word_1_950' title='bbox 2071 1744 2096 1772; x_wconf 86' lang='lat'>6,</span> <span class='ocrx_word' id='word_1_951' title='bbox 2109 1746 2140 1774; x_wconf 83' lang='lat'>36</span> <span class='ocrx_word' id='word_1_952' title='bbox 2159 1745 2183 1771; x_wconf 88' lang='lat' dir='ltr'>A</span> 
     </span>
     <span class='ocr_line' id='line_1_93' title="bbox 1142 1769 2185 1811; baseline 0.011 -18"><span class='ocrx_word' id='word_1_953' title='bbox 1142 1769 1239 1802; x_wconf 90' lang='lat' dir='ltr'>quibus</span> <span class='ocrx_word' id='word_1_954' title='bbox 1264 1770 1327 1796; x_wconf 87' lang='lat' dir='ltr'>haec</span> <span class='ocrx_word' id='word_1_955' title='bbox 1346 1771 1452 1805; x_wconf 83' lang='lat' dir='ltr'>quidem</span> <span class='ocrx_word' id='word_1_956' title='bbox 1476 1770 1632 1797; x_wconf 82' lang='lat' dir='ltr'>dissonantia</span> <span class='ocrx_word' id='word_1_957' title='bbox 1654 1770 1721 1797; x_wconf 91' lang='lat' dir='ltr'>sunt.</span> <span class='ocrx_word' id='word_1_958' title='bbox 1792 1771 1858 1798; x_wconf 89' lang='lat' dir='ltr'>Loci</span> <span class='ocrx_word' id='word_1_959' title='bbox 1875 1771 2032 1801; x_wconf 79' lang='lat' dir='ltr'>dissbnantes</span> <span class='ocrx_word' id='word_1_960' title='bbox 2051 1778 2119 1804; x_wconf 63' lang='lat' dir='ltr'>Vitr.</span> <span class='ocrx_word' id='word_1_961' title='bbox 2133 1786 2147 1811; x_wconf 81' lang='grc' dir='ltr'><em>ς</em></span> <span class='ocrx_word' id='word_1_962' title='bbox 2170 1784 2185 1809; x_wconf 80' lang='grc'><strong>8</strong></span> 
     </span>
     <span class='ocr_line' id='line_1_94' title="bbox 1141 1798 2182 1841; baseline 0.012 -13"><span class='ocrx_word' id='word_1_963' title='bbox 1141 1804 1188 1838; x_wconf 78' lang='lat' dir='ltr'>leg.</span> <span class='ocrx_word' id='word_1_964' title='bbox 1219 1804 1378 1831; x_wconf 87' lang='lat' dir='ltr'>Desonautes</span> <span class='ocrx_word' id='word_1_965' title='bbox 1386 1825 1395 1838; x_wconf 92' lang='lat'>,</span> <span class='ocrx_word' id='word_1_966' title='bbox 1415 1816 1441 1840; x_wconf 77' lang='lat' dir='ltr'>y.</span> <span class='ocrx_word' id='word_1_967' title='bbox 1464 1815 1489 1832; x_wconf 90' lang='grc' dir='ltr'>υ.</span> <span class='ocrx_word' id='word_1_968' title='bbox 1560 1805 1697 1831; x_wconf 79' lang='lat' dir='ltr'>Dissonans</span> <span class='ocrx_word' id='word_1_969' title='bbox 1729 1804 1902 1841; x_wconf 81' lang='lat' dir='ltr'>discrepantia</span> <span class='ocrx_word' id='word_1_970' title='bbox 1933 1810 2072 1837; x_wconf 85' lang='lat' dir='ltr'>nationum</span> <span class='ocrx_word' id='word_1_971' title='bbox 2103 1798 2182 1841; x_wconf 76' lang='lat' dir='ltr'>Ma&#39;rt.</span> 
     </span>
    </p>
   </div>
   <div class='ocr_carea' id='block_1_16' title="bbox 35 1838 1356 1876">
    <p class='ocr_par' dir='ltr' id='par_1_23' title="bbox 35 1838 1356 1876">
     <span class='ocr_line' id='line_1_95' title="bbox 35 1838 1356 1876; baseline -0.004 -5"><span class='ocrx_word' id='word_1_972' title='bbox 35 1846 155 1873; x_wconf 83' lang='lat' dir='ltr'>Muraen.</span> <span class='ocrx_word' id='word_1_973' title='bbox 169 1847 200 1875; x_wconf 75' lang='lat'>65</span> <span class='ocrx_word' id='word_1_974' title='bbox 220 1845 403 1870; x_wconf 84' lang='lat' dir='ltr'>Misericordia</span> <span class='ocrx_word' id='word_1_975' title='bbox 427 1848 575 1874; x_wconf 72' lang='lat' dir='ltr'>commotus</span> <span class='ocrx_word' id='word_1_976' title='bbox 597 1850 630 1866; x_wconf 88' lang='lat' dir='ltr'>ne</span> <span class='ocrx_word' id='word_1_977' title='bbox 651 1841 683 1866; x_wconf 83' lang='lat' dir='ltr'>lis</span> <span class='ocrx_word' id='word_1_978' title='bbox 701 1841 730 1866; x_wconf 90' lang='lat' dir='ltr'>in</span> <span class='ocrx_word' id='word_1_979' title='bbox 749 1839 910 1866; x_wconf 81' lang='lat' dir='ltr'>dissoluenda</span> <span class='ocrx_word' id='word_1_980' title='bbox 925 1841 1073 1868; x_wconf 88' lang='lat' dir='ltr'>seueritate.</span> <span class='ocrx_word' id='word_1_981' title='bbox 1088 1850 1121 1876; x_wconf 73' lang='lat'>45</span> <span class='ocrx_word' id='word_1_982' title='bbox 1139 1838 1237 1871; x_wconf 88' lang='lat' dir='ltr'>Capell.</span> <span class='ocrx_word' id='word_1_983' title='bbox 1250 1847 1266 1864; x_wconf 86' lang='lat'>2</span> <span class='ocrx_word' id='word_1_984' title='bbox 1279 1848 1303 1872; x_wconf 89' lang='lat' dir='ltr'>p.</span> <span class='ocrx_word' id='word_1_985' title='bbox 1317 1847 1356 1872; x_wconf 76' lang='lat'>23.</span> 
     </span>
    </p>
   </div>
   <div class='ocr_carea' id='block_1_17' title="bbox 9 1874 1076 3067">
    <p class='ocr_par' dir='ltr' id='par_1_24' title="bbox 9 1874 1076 3067">
     <span class='ocr_line' id='line_1_96' title="bbox 33 1874 1072 1910; baseline -0.004 -4"><span class='ocrx_word' id='word_1_986' title='bbox 33 1879 148 1907; x_wconf 88' lang='lat' dir='ltr'>Stamina</span> <span class='ocrx_word' id='word_1_987' title='bbox 171 1886 224 1910; x_wconf 84' lang='lat' dir='ltr'>non</span> <span class='ocrx_word' id='word_1_988' title='bbox 248 1878 297 1904; x_wconf 86' lang='lat' dir='ltr'>vlli</span> <span class='ocrx_word' id='word_1_989' title='bbox 320 1876 481 1903; x_wconf 72' lang='lat' dir='ltr'>diss&#39;oluenda</span> <span class='ocrx_word' id='word_1_990' title='bbox 504 1878 561 1902; x_wconf 89' lang='lat' dir='ltr'>Deo</span> <span class='ocrx_word' id='word_1_991' title='bbox 586 1875 682 1902; x_wconf 91' lang='lat' dir='ltr'>Tibul.</span> <span class='ocrx_word' id='word_1_992' title='bbox 703 1883 723 1907; x_wconf 92' lang='lat' dir='ltr'>i,</span> <span class='ocrx_word' id='word_1_993' title='bbox 742 1880 766 1908; x_wconf 86' lang='grc'><strong>8,</strong></span> <span class='ocrx_word' id='word_1_994' title='bbox 780 1884 801 1900; x_wconf 92' lang='lat'>2.</span> <span class='ocrx_word' id='word_1_995' title='bbox 822 1875 850 1901; x_wconf 84' lang='lat' dir='ltr'>de</span> <span class='ocrx_word' id='word_1_996' title='bbox 855 1874 914 1910; x_wconf 80' lang='lat' dir='ltr'>filis</span> <span class='ocrx_word' id='word_1_997' title='bbox 928 1876 1072 1902; x_wconf 78' lang='lat' dir='ltr'>Parcarum.</span> 
     </span>
     <span class='ocr_line' id='line_1_97' title="bbox 32 1910 1073 1945; baseline -0.005 -4"><span class='ocrx_word' id='word_1_998' title='bbox 32 1915 101 1942; x_wconf 81' lang='lat' dir='ltr'>Vota</span> <span class='ocrx_word' id='word_1_999' title='bbox 121 1922 194 1940; x_wconf 90' lang='lat' dir='ltr'>nouo</span> <span class='ocrx_word' id='word_1_1000' title='bbox 218 1921 327 1939; x_wconf 88' lang='lat' dir='ltr'>munere</span> <span class='ocrx_word' id='word_1_1001' title='bbox 351 1912 491 1938; x_wconf 74' lang='lat' dir='ltr'>diffoluere</span> <span class='ocrx_word' id='word_1_1002' title='bbox 519 1911 605 1937; x_wconf 91' lang='lat' dir='ltr'>Catul.</span> <span class='ocrx_word' id='word_1_1003' title='bbox 619 1913 665 1944; x_wconf 85' lang='lat'>64,</span> <span class='ocrx_word' id='word_1_1004' title='bbox 678 1915 714 1942; x_wconf 80' lang='lat'>38.</span> <span class='ocrx_word' id='word_1_1005' title='bbox 785 1910 932 1937; x_wconf 84' lang='lat' dir='ltr'>Dissoluere</span> <span class='ocrx_word' id='word_1_1006' title='bbox 945 1910 1073 1945; x_wconf 85' lang='lat' dir='ltr'>aliquem,</span> 
     </span>
     <span class='ocr_line' id='line_1_98' title="bbox 31 1945 1074 2009; baseline -0.006 -32"><span class='ocrx_word' id='word_1_1007' title='bbox 31 1950 94 1978; x_wconf 71' lang='lat' dir='ltr'>idem</span> <span class='ocrx_word' id='word_1_1008' title='bbox 107 1949 172 1985; x_wconf 86' lang='lat' dir='ltr'>quod</span> <span class='ocrx_word' id='word_1_1009' title='bbox 183 1948 329 1984; x_wconf 78' lang='lat' dir='ltr'>Abfhluere,</span> <span class='ocrx_word' id='word_1_1010' title='bbox 340 1951 432 2009; x_wconf 76' lang='lat' dir='ltr'>¹paucis</span> <span class='ocrx_word' id='word_1_1011' title='bbox 444 1947 527 1973; x_wconf 82' lang='lat' dir='ltr'>verbis</span> <span class='ocrx_word' id='word_1_1012' title='bbox 539 1953 563 1972; x_wconf 81' lang='lat' dir='ltr'>et</span> <span class='ocrx_word' id='word_1_1013' title='bbox 567 1945 658 1979; x_wconf 84' lang='lat' dir='ltr'>statim</span> <span class='ocrx_word' id='word_1_1014' title='bbox 672 1946 753 1972; x_wconf 82' lang='lat' dir='ltr'>dicere</span> <span class='ocrx_word' id='word_1_1015' title='bbox 763 1946 827 1981; x_wconf 83' lang='lat' dir='ltr'>quod</span> <span class='ocrx_word' id='word_1_1016' title='bbox 839 1947 957 1977; x_wconf 81' lang='lat' dir='ltr'>volumus,</span> <span class='ocrx_word' id='word_1_1017' title='bbox 970 1956 1018 1972; x_wconf 69' lang='lat' dir='ltr'>novi</span> <span class='ocrx_word' id='word_1_1018' title='bbox 1031 1947 1074 1972; x_wconf 83' lang='lat' dir='ltr'>diu</span> 
     </span>
     <span class='ocr_line' id='line_1_99' title="bbox 26 1980 1075 2023; baseline -0.004 -12"><span class='ocrx_word' id='word_1_1019' title='bbox 26 1985 167 2023; x_wconf 66' lang='lat' dir='ltr'>suspensum</span> <span class='ocrx_word' id='word_1_1020' title='bbox 182 1991 262 2010; x_wconf 74' lang='lat' dir='ltr'>tenere</span> <span class='ocrx_word' id='word_1_1021' title='bbox 276 1994 284 2008; x_wconf 89' lang='grc'>.·</span> <span class='ocrx_word' id='word_1_1022' title='bbox 320 1984 337 2010; x_wconf 89' lang='grc' dir='ltr'><strong>Ρ</strong></span> <span class='ocrx_word' id='word_1_1023' title='bbox 349 1989 403 2010; x_wconf 90' lang='lat' dir='ltr'>aut.</span> <span class='ocrx_word' id='word_1_1024' title='bbox 417 1983 501 2010; x_wconf 82' lang='lat' dir='ltr'>Mete.</span> <span class='ocrx_word' id='word_1_1025' title='bbox 516 1991 536 2014; x_wconf 91' lang='lat'>1,</span> <span class='ocrx_word' id='word_1_1026' title='bbox 544 1990 569 2014; x_wconf 84' lang='lat'>2,</span> <span class='ocrx_word' id='word_1_1027' title='bbox 576 1980 610 2014; x_wconf 62' lang='lat'>34</span> <span class='ocrx_word' id='word_1_1028' title='bbox 630 1980 748 2008; x_wconf 86' lang='lat' dir='ltr'>Obsecro</span> <span class='ocrx_word' id='word_1_1029' title='bbox 761 1981 872 2008; x_wconf 78' lang='lat' dir='ltr'>diss&#39;olue</span> <span class='ocrx_word' id='word_1_1030' title='bbox 886 1982 939 2007; x_wconf 86' lang='lat' dir='ltr'>iani</span> <span class='ocrx_word' id='word_1_1031' title='bbox 952 1990 995 2007; x_wconf 87' lang='lat' dir='ltr'>nie</span> <span class='ocrx_word' id='word_1_1032' title='bbox 1003 2001 1012 2014; x_wconf 94' lang='lat'>,</span> <span class='ocrx_word' id='word_1_1033' title='bbox 1034 1982 1075 2008; x_wconf 80' lang='lat' dir='ltr'>ni-</span> 
     </span>
     <span class='ocr_line' id='line_1_100' title="bbox 9 2018 369 2053; baseline -0.011 -5"><span class='ocrx_word' id='word_1_1034' title='bbox 9 2022 10 2025; x_wconf 76' lang='grc'>’</span> <span class='ocrx_word' id='word_1_1035' title='bbox 32 2022 83 2051; x_wconf 83' lang='lat' dir='ltr'>mis</span> <span class='ocrx_word' id='word_1_1036' title='bbox 96 2019 142 2047; x_wconf 88' lang='lat' dir='ltr'>diu</span> <span class='ocrx_word' id='word_1_1037' title='bbox 155 2019 238 2046; x_wconf 87' lang='lat' dir='ltr'>animi</span> <span class='ocrx_word' id='word_1_1038' title='bbox 258 2018 369 2053; x_wconf 85' lang='lat' dir='ltr'>pendeo.</span> 
     </span>
     <span class='ocr_line' id='line_1_101' title="bbox 67 2049 1076 2087; baseline -0.005 -5"><span class='ocrx_word' id='word_1_1039' title='bbox 67 2062 105 2082; x_wconf 85' lang='lat' dir='ltr'>Di</span> <span class='ocrx_word' id='word_1_1040' title='bbox 115 2063 128 2082; x_wconf 90' lang='lat' dir='ltr'>s</span> <span class='ocrx_word' id='word_1_1041' title='bbox 138 2062 151 2082; x_wconf 98' lang='grc'><strong>3</strong></span> <span class='ocrx_word' id='word_1_1042' title='bbox 160 2061 180 2081; x_wconf 92' lang='lat' dir='ltr'>o</span> <span class='ocrx_word' id='word_1_1043' title='bbox 192 2062 207 2080; x_wconf 92' lang='lat' dir='ltr'>L</span> <span class='ocrx_word' id='word_1_1044' title='bbox 216 2061 236 2082; x_wconf 92' lang='lat' dir='ltr'>v</span> <span class='ocrx_word' id='word_1_1045' title='bbox 246 2061 263 2081; x_wconf 80' lang='lat' dir='ltr'>E</span> <span class='ocrx_word' id='word_1_1046' title='bbox 276 2061 298 2081; x_wconf 86' lang='lat' dir='ltr'>N</span> <span class='ocrx_word' id='word_1_1047' title='bbox 310 2061 339 2086; x_wconf 89' lang='lat' dir='ltr'>s,</span> <span class='ocrx_word' id='word_1_1048' title='bbox 358 2052 434 2080; x_wconf 76' lang='lat' dir='ltr'>entis.</span> <span class='ocrx_word' id='word_1_1049' title='bbox 460 2051 530 2079; x_wconf 88' lang='lat' dir='ltr'>Adu.</span> <span class='ocrx_word' id='word_1_1050' title='bbox 565 2051 642 2078; x_wconf 85' lang='lat' dir='ltr'>Aetas</span> <span class='ocrx_word' id='word_1_1051' title='bbox 656 2049 805 2078; x_wconf 74' lang='lat' dir='ltr'>disturbans</span> <span class='ocrx_word' id='word_1_1052' title='bbox 817 2051 1010 2087; x_wconf 75' lang='lat' dir='ltr'>diffoluensque</span> <span class='ocrx_word' id='word_1_1053' title='bbox 1023 2052 1076 2078; x_wconf 89' lang='lat' dir='ltr'>Lu-</span> 
     </span>
     <span class='ocr_line' id='line_1_102' title="bbox 33 2088 606 2123; baseline -0.007 -4"><span class='ocrx_word' id='word_1_1054' title='bbox 33 2097 97 2119; x_wconf 81' lang='lat' dir='ltr'>cret.</span> <span class='ocrx_word' id='word_1_1055' title='bbox 111 2100 130 2122; x_wconf 92' lang='lat' dir='ltr'>i,</span> <span class='ocrx_word' id='word_1_1056' title='bbox 146 2098 200 2123; x_wconf 73' lang='lat'>559.</span> <span class='ocrx_word' id='word_1_1057' title='bbox 604 2088 606 2099; x_wconf 89' lang='lat'><strong>¹</strong></span> 
     </span>
     <span class='ocr_line' id='line_1_103' title="bbox 69 2123 547 2156; baseline -0.015 -1"><span class='ocrx_word' id='word_1_1058' title='bbox 69 2129 180 2154; x_wconf 82' lang='lat' dir='ltr'><strong>DISSO</strong></span> <span class='ocrx_word' id='word_1_1059' title='bbox 192 2130 333 2154; x_wconf 84' lang='lat' dir='ltr'>LVTVS,</span> <span class='ocrx_word' id='word_1_1060' title='bbox 352 2132 384 2156; x_wconf 90' lang='lat' dir='ltr'>a,</span> <span class='ocrx_word' id='word_1_1061' title='bbox 402 2132 458 2149; x_wconf 89' lang='lat' dir='ltr'>um.</span> <span class='ocrx_word' id='word_1_1062' title='bbox 480 2123 547 2148; x_wconf 81' lang='lat' dir='ltr'>Part.</span> 
     </span>
     <span class='ocr_line' id='line_1_104' title="bbox 40 2158 571 2194; baseline -0.009 -6"><span class='ocrx_word' id='word_1_1063' title='bbox 40 2162 92 2193; x_wconf 76' lang='lat' dir='ltr'>Vt,</span> <span class='ocrx_word' id='word_1_1064' title='bbox 110 2160 244 2187; x_wconf 80' lang='lat' dir='ltr'>Diffolutis</span> <span class='ocrx_word' id='word_1_1065' title='bbox 258 2159 360 2194; x_wconf 86' lang='lat' dir='ltr'>capillis</span> <span class='ocrx_word' id='word_1_1066' title='bbox 381 2158 445 2185; x_wconf 89' lang='lat' dir='ltr'>Plin.</span> <span class='ocrx_word' id='word_1_1067' title='bbox 458 2163 494 2189; x_wconf 87' lang='lat'>28,</span> <span class='ocrx_word' id='word_1_1068' title='bbox 508 2165 534 2192; x_wconf 90' lang='lat'>7.</span> <span class='ocrx_word' id='word_1_1069' title='bbox 568 2173 571 2175; x_wconf 99' lang='lat'>-</span> 
     </span>
     <span class='ocr_line' id='line_1_105' title="bbox 34 2194 444 2228; baseline -0.007 -5"><span class='ocrx_word' id='word_1_1070' title='bbox 34 2196 121 2223; x_wconf 85' lang='lat' dir='ltr'>lutum</span> <span class='ocrx_word' id='word_1_1071' title='bbox 130 2195 177 2228; x_wconf 84' lang='lat' dir='ltr'>sit,</span> <span class='ocrx_word' id='word_1_1072' title='bbox 196 2195 224 2221; x_wconf 91' lang='lat' dir='ltr'>id</span> <span class='ocrx_word' id='word_1_1073' title='bbox 236 2195 283 2221; x_wconf 80' lang='lat' dir='ltr'>esse</span> <span class='ocrx_word' id='word_1_1074' title='bbox 296 2194 347 2222; x_wconf 84' lang='lat' dir='ltr'>sine</span> <span class='ocrx_word' id='word_1_1075' title='bbox 362 2195 444 2221; x_wconf 90' lang='lat' dir='ltr'>sensu.</span> 
     </span>
     <span class='ocr_line' id='line_1_106' title="bbox 35 2227 1075 2264; baseline -0.005 -6"><span class='ocrx_word' id='word_1_1076' title='bbox 35 2238 84 2260; x_wconf 74' lang='lat' dir='ltr'>ro.</span> <span class='ocrx_word' id='word_1_1077' title='bbox 155 2230 210 2257; x_wconf 86' lang='lat' dir='ltr'>Cic.</span> <span class='ocrx_word' id='word_1_1078' title='bbox 223 2231 251 2259; x_wconf 83' lang='grc'>111</span> <span class='ocrx_word' id='word_1_1079' title='bbox 264 2231 337 2257; x_wconf 88' lang='lat' dir='ltr'>Orat.</span> <span class='ocrx_word' id='word_1_1080' title='bbox 351 2237 394 2263; x_wconf 77' lang='grc'>195</span> <span class='ocrx_word' id='word_1_1081' title='bbox 411 2227 439 2256; x_wconf 80' lang='lat' dir='ltr'>de</span> <span class='ocrx_word' id='word_1_1082' title='bbox 451 2231 562 2255; x_wconf 80' lang='lat' dir='ltr'>oratione</span> <span class='ocrx_word' id='word_1_1083' title='bbox 574 2227 715 2264; x_wconf 79' lang='lat' dir='ltr'>numerosa,</span> <span class='ocrx_word' id='word_1_1084' title='bbox 735 2228 856 2254; x_wconf 87' lang='lat' dir='ltr'>Alterum</span> <span class='ocrx_word' id='word_1_1085' title='bbox 876 2227 956 2254; x_wconf 90' lang='lat' dir='ltr'>nimis</span> <span class='ocrx_word' id='word_1_1086' title='bbox 968 2228 1003 2254; x_wconf 81' lang='lat' dir='ltr'>est</span> <span class='ocrx_word' id='word_1_1087' title='bbox 1016 2228 1075 2254; x_wconf 85' lang='lat' dir='ltr'>vin-</span> 
     </span>
     <span class='ocr_line' id='line_1_107' title="bbox 32 2262 1075 2300; baseline -0.004 -7"><span class='ocrx_word' id='word_1_1088' title='bbox 32 2266 122 2299; x_wconf 65' lang='lat' dir='ltr'>Qum,</span> <span class='ocrx_word' id='word_1_1089' title='bbox 141 2272 170 2292; x_wconf 93' lang='lat' dir='ltr'>vt</span> <span class='ocrx_word' id='word_1_1090' title='bbox 190 2265 222 2292; x_wconf 89' lang='lat' dir='ltr'>de</span> <span class='ocrx_word' id='word_1_1091' title='bbox 239 2264 366 2292; x_wconf 86' lang='lat' dir='ltr'>industria</span> <span class='ocrx_word' id='word_1_1092' title='bbox 385 2264 484 2297; x_wconf 59' lang='lat' dir='ltr'>fastum</span> <span class='ocrx_word' id='word_1_1093' title='bbox 503 2268 645 2300; x_wconf 87' lang='lat' dir='ltr'>appareat:</span> <span class='ocrx_word' id='word_1_1094' title='bbox 678 2263 793 2290; x_wconf 85' lang='lat' dir='ltr'>alterum</span> <span class='ocrx_word' id='word_1_1095' title='bbox 812 2263 893 2289; x_wconf 82' lang='lat' dir='ltr'>nimis</span> <span class='ocrx_word' id='word_1_1096' title='bbox 912 2262 1075 2296; x_wconf 77' lang='lat' dir='ltr'>dissolutum,</span> 
     </span>
     <span class='ocr_line' id='line_1_108' title="bbox 31 2299 1074 2336; baseline -0.003 -8"><span class='ocrx_word' id='word_1_1097' title='bbox 31 2307 61 2329; x_wconf 73' lang='lat' dir='ltr'>vt</span> <span class='ocrx_word' id='word_1_1098' title='bbox 74 2301 257 2336; x_wconf 86' lang='lat' dir='ltr'>peruulgatum</span> <span class='ocrx_word' id='word_1_1099' title='bbox 270 2309 298 2327; x_wconf 92' lang='lat' dir='ltr'>ac</span> <span class='ocrx_word' id='word_1_1100' title='bbox 312 2300 420 2334; x_wconf 85' lang='lat' dir='ltr'>vulgare</span> <span class='ocrx_word' id='word_1_1101' title='bbox 432 2299 565 2327; x_wconf 83' lang='lat' dir='ltr'>videatur.</span> <span class='ocrx_word' id='word_1_1102' title='bbox 669 2299 782 2335; x_wconf 81' lang='lat' dir='ltr'>Metaph.</span> <span class='ocrx_word' id='word_1_1103' title='bbox 800 2299 886 2326; x_wconf 78' lang='lat' dir='ltr'>Seuero</span> <span class='ocrx_word' id='word_1_1104' title='bbox 896 2319 904 2331; x_wconf 96' lang='lat'>,</span> <span class='ocrx_word' id='word_1_1105' title='bbox 924 2305 948 2325; x_wconf 80' lang='lat' dir='ltr'>et</span> <span class='ocrx_word' id='word_1_1106' title='bbox 965 2302 1021 2325; x_wconf 81' lang='lat' dir='ltr'>acri</span> <span class='ocrx_word' id='word_1_1107' title='bbox 1034 2305 1074 2334; x_wconf 77' lang='lat' dir='ltr'>op-</span> 
     </span>
     <span class='ocr_line' id='line_1_109' title="bbox 25 2334 1074 2373; baseline -0.002 -10"><span class='ocrx_word' id='word_1_1108' title='bbox 25 2341 132 2373; x_wconf 64' lang='lat' dir='ltr'>ponitur</span> <span class='ocrx_word' id='word_1_1109' title='bbox 145 2347 153 2362; x_wconf 89' lang='lat'><em>:</em></span> <span class='ocrx_word' id='word_1_1110' title='bbox 188 2336 291 2371; x_wconf 87' lang='lat' dir='ltr'>Cupio,</span> <span class='ocrx_word' id='word_1_1111' title='bbox 311 2336 337 2362; x_wconf 94' lang='lat' dir='ltr'>P.</span> <span class='ocrx_word' id='word_1_1112' title='bbox 357 2337 388 2362; x_wconf 92' lang='lat' dir='ltr'>C.</span> <span class='ocrx_word' id='word_1_1113' title='bbox 408 2344 451 2362; x_wconf 91' lang='lat' dir='ltr'>me</span> <span class='ocrx_word' id='word_1_1114' title='bbox 470 2336 518 2362; x_wconf 80' lang='lat' dir='ltr'>esse</span> <span class='ocrx_word' id='word_1_1115' title='bbox 537 2335 692 2361; x_wconf 86' lang='lat' dir='ltr'>clementem</span> <span class='ocrx_word' id='word_1_1116' title='bbox 707 2344 715 2366; x_wconf 91' lang='lat'>;</span> <span class='ocrx_word' id='word_1_1117' title='bbox 751 2334 830 2369; x_wconf 87' lang='lat' dir='ltr'>cupio</span> <span class='ocrx_word' id='word_1_1118' title='bbox 849 2334 878 2360; x_wconf 88' lang='lat' dir='ltr'>in</span> <span class='ocrx_word' id='word_1_1119' title='bbox 898 2334 977 2361; x_wconf 83' lang='lat' dir='ltr'>tantis</span> <span class='ocrx_word' id='word_1_1120' title='bbox 998 2335 1074 2369; x_wconf 89' lang='lat' dir='ltr'>Reip.</span> 
     </span>
     <span class='ocr_line' id='line_1_110' title="bbox 50 2370 754 2402; baseline -0.004 -3"><span class='ocrx_word' id='word_1_1121' title='bbox 50 2372 157 2402; x_wconf 80' lang='lat' dir='ltr'>ericulis</span> <span class='ocrx_word' id='word_1_1122' title='bbox 170 2381 224 2398; x_wconf 91' lang='lat' dir='ltr'>non</span> <span class='ocrx_word' id='word_1_1123' title='bbox 236 2371 388 2398; x_wconf 86' lang='lat' dir='ltr'>dissolutum</span> <span class='ocrx_word' id='word_1_1124' title='bbox 401 2370 489 2398; x_wconf 84' lang='lat' dir='ltr'>videri</span> <span class='ocrx_word' id='word_1_1125' title='bbox 508 2371 564 2397; x_wconf 91' lang='lat' dir='ltr'>Cic.</span> <span class='ocrx_word' id='word_1_1126' title='bbox 579 2370 657 2397; x_wconf 87' lang='lat' dir='ltr'>Catil.</span> <span class='ocrx_word' id='word_1_1127' title='bbox 672 2379 681 2396; x_wconf 93' lang='lat'>1</span> <span class='ocrx_word' id='word_1_1128' title='bbox 695 2379 716 2396; x_wconf 92' lang='lat' dir='ltr'>c.</span> <span class='ocrx_word' id='word_1_1129' title='bbox 730 2378 754 2396; x_wconf 88' lang='lat'>2.</span> 
     </span>
     <span class='ocr_line' id='line_1_111' title="bbox 57 2403 1074 2442; baseline -0.003 -8"><span class='ocrx_word' id='word_1_1130' title='bbox 57 2407 175 2434; x_wconf 79' lang='lat' dir='ltr'>ifl&#39;olutus</span> <span class='ocrx_word' id='word_1_1131' title='bbox 186 2417 246 2434; x_wconf 82' lang='lat' dir='ltr'>cura</span> <span class='ocrx_word' id='word_1_1132' title='bbox 257 2410 324 2434; x_wconf 83' lang='lat' dir='ltr'>omni</span> <span class='ocrx_word' id='word_1_1133' title='bbox 335 2414 359 2433; x_wconf 82' lang='lat' dir='ltr'>et</span> <span class='ocrx_word' id='word_1_1134' title='bbox 372 2410 508 2434; x_wconf 64' lang='lat' dir='ltr'>attentione</span> <span class='ocrx_word' id='word_1_1135' title='bbox 520 2406 555 2432; x_wconf 81' lang='lat' dir='ltr'>ad</span> <span class='ocrx_word' id='word_1_1136' title='bbox 565 2408 644 2442; x_wconf 70' lang='lat' dir='ltr'>leges,</span> <span class='ocrx_word' id='word_1_1137' title='bbox 664 2403 783 2440; x_wconf 78' lang='lat' dir='ltr'>officium,</span> <span class='ocrx_word' id='word_1_1138' title='bbox 800 2415 852 2432; x_wconf 78' lang='lat' dir='ltr'>rem</span> <span class='ocrx_word' id='word_1_1139' title='bbox 858 2405 1015 2441; x_wconf 69' lang='lat' dir='ltr'>sanisliarcm</span> <span class='ocrx_word' id='word_1_1140' title='bbox 1029 2412 1074 2431; x_wconf 79' lang='lat' dir='ltr'>etc.</span> 
     </span>
     <span class='ocr_line' id='line_1_112' title="bbox 24 2441 1072 2481; baseline -0.004 -11"><span class='ocrx_word' id='word_1_1141' title='bbox 24 2443 130 2481; x_wconf 76' lang='lat' dir='ltr'>Jblutus.</span> <span class='ocrx_word' id='word_1_1142' title='bbox 167 2443 224 2469; x_wconf 85' lang='lat' dir='ltr'>Cic.</span> <span class='ocrx_word' id='word_1_1143' title='bbox 244 2442 297 2469; x_wconf 84' lang='lat' dir='ltr'>Off.</span> <span class='ocrx_word' id='word_1_1144' title='bbox 317 2452 336 2475; x_wconf 88' lang='grc'>1,</span> <span class='ocrx_word' id='word_1_1145' title='bbox 351 2450 385 2475; x_wconf 87' lang='lat'>99</span> <span class='ocrx_word' id='word_1_1146' title='bbox 398 2451 421 2468; x_wconf 90' lang='lat' dir='ltr'>c.</span> <span class='ocrx_word' id='word_1_1147' title='bbox 436 2447 468 2472; x_wconf 85' lang='lat'>28</span> <span class='ocrx_word' id='word_1_1148' title='bbox 494 2442 566 2468; x_wconf 89' lang='lat' dir='ltr'>Nam</span> <span class='ocrx_word' id='word_1_1149' title='bbox 580 2441 716 2475; x_wconf 82' lang='lat' dir='ltr'>negligere</span> <span class='ocrx_word' id='word_1_1150' title='bbox 731 2441 795 2475; x_wconf 90' lang='lat' dir='ltr'>quid</span> <span class='ocrx_word' id='word_1_1151' title='bbox 809 2441 841 2466; x_wconf 85' lang='lat' dir='ltr'>de</span> <span class='ocrx_word' id='word_1_1152' title='bbox 855 2442 879 2466; x_wconf 87' lang='lat' dir='ltr'>se</span> <span class='ocrx_word' id='word_1_1153' title='bbox 892 2441 1005 2475; x_wconf 90' lang='lat' dir='ltr'>quisque</span> <span class='ocrx_word' id='word_1_1154' title='bbox 1017 2442 1072 2467; x_wconf 89' lang='lat' dir='ltr'>sen-</span> 
     </span>
     <span class='ocr_line' id='line_1_113' title="bbox 22 2475 1072 2511; baseline -0.004 -6"><span class='ocrx_word' id='word_1_1155' title='bbox 22 2479 94 2511; x_wconf 65' lang='lat' dir='ltr'>Jtiat,</span> <span class='ocrx_word' id='word_1_1156' title='bbox 113 2484 167 2505; x_wconf 86' lang='lat' dir='ltr'>non</span> <span class='ocrx_word' id='word_1_1157' title='bbox 179 2477 263 2504; x_wconf 88' lang='lat' dir='ltr'>solum</span> <span class='ocrx_word' id='word_1_1158' title='bbox 276 2477 424 2511; x_wconf 84' lang='lat' dir='ltr'>arrogantis</span> <span class='ocrx_word' id='word_1_1159' title='bbox 438 2477 488 2509; x_wconf 83' lang='lat' dir='ltr'>est,</span> <span class='ocrx_word' id='word_1_1160' title='bbox 507 2476 553 2502; x_wconf 89' lang='lat' dir='ltr'>sed</span> <span class='ocrx_word' id='word_1_1161' title='bbox 566 2477 647 2502; x_wconf 90' lang='lat' dir='ltr'>etiam</span> <span class='ocrx_word' id='word_1_1162' title='bbox 660 2476 770 2502; x_wconf 88' lang='lat' dir='ltr'>omnino</span> <span class='ocrx_word' id='word_1_1163' title='bbox 784 2475 916 2508; x_wconf 79' lang='lat' dir='ltr'>diffoluti,</span> <span class='ocrx_word' id='word_1_1164' title='bbox 934 2479 953 2502; x_wconf 88' lang='lat' dir='ltr'>i.</span> <span class='ocrx_word' id='word_1_1165' title='bbox 961 2476 1028 2503; x_wconf 82' lang='lat' dir='ltr'>nihil</span> <span class='ocrx_word' id='word_1_1166' title='bbox 1032 2485 1072 2502; x_wconf 82' lang='lat' dir='ltr'>cu-</span> 
     </span>
     <span class='ocr_line' id='line_1_114' title="bbox 31 2511 1071 2546; baseline -0.002 -6"><span class='ocrx_word' id='word_1_1167' title='bbox 31 2516 125 2541; x_wconf 71' lang='lat' dir='ltr'>rantis.</span> <span class='ocrx_word' id='word_1_1168' title='bbox 180 2512 335 2540; x_wconf 85' lang='lat' dir='ltr'>Adolescens</span> <span class='ocrx_word' id='word_1_1169' title='bbox 347 2512 465 2546; x_wconf 83' lang='lat' dir='ltr'>perditus</span> <span class='ocrx_word' id='word_1_1170' title='bbox 478 2521 508 2538; x_wconf 91' lang='lat' dir='ltr'>ac</span> <span class='ocrx_word' id='word_1_1171' title='bbox 521 2511 657 2538; x_wconf 78' lang='lat' dir='ltr'>dissolutus</span> <span class='ocrx_word' id='word_1_1172' title='bbox 674 2511 730 2538; x_wconf 86' lang='lat' dir='ltr'>Cic.</span> <span class='ocrx_word' id='word_1_1173' title='bbox 745 2512 829 2538; x_wconf 91' lang='lat' dir='ltr'>Tusc.</span> <span class='ocrx_word' id='word_1_1174' title='bbox 842 2520 871 2544; x_wconf 87' lang='lat'>4,</span> <span class='ocrx_word' id='word_1_1175' title='bbox 886 2519 913 2544; x_wconf 77' lang='lat'>53</span> <span class='ocrx_word' id='word_1_1176' title='bbox 926 2521 946 2538; x_wconf 88' lang='lat' dir='ltr'>c.</span> <span class='ocrx_word' id='word_1_1177' title='bbox 962 2519 997 2544; x_wconf 70' lang='grc' dir='ltr'>ες.</span> <span class='ocrx_word' id='word_1_1178' title='bbox 1031 2511 1071 2538; x_wconf 90' lang='lat' dir='ltr'>Id.</span> 
     </span>
     <span class='ocr_line' id='line_1_115' title="bbox 32 2549 190 2581; baseline 0 -7"><span class='ocrx_word' id='word_1_1179' title='bbox 32 2549 87 2575; x_wconf 79' lang='lat' dir='ltr'>Att.</span> <span class='ocrx_word' id='word_1_1180' title='bbox 102 2556 136 2580; x_wconf 85' lang='lat'>13,</span> <span class='ocrx_word' id='word_1_1181' title='bbox 148 2552 190 2581; x_wconf 81' lang='lat'>48.</span> 
     </span>
     <span class='ocr_line' id='line_1_116' title="bbox 33 2582 1071 2615; baseline -0.002 -5"><span class='ocrx_word' id='word_1_1182' title='bbox 33 2584 60 2610; x_wconf 83' lang='lat' dir='ltr'>sa</span> <span class='ocrx_word' id='word_1_1183' title='bbox 73 2583 186 2610; x_wconf 83' lang='lat' dir='ltr'>maxime</span> <span class='ocrx_word' id='word_1_1184' title='bbox 199 2582 300 2609; x_wconf 88' lang='lat' dir='ltr'>iudicia</span> <span class='ocrx_word' id='word_1_1185' title='bbox 312 2582 454 2610; x_wconf 87' lang='lat' dir='ltr'>constituta</span> <span class='ocrx_word' id='word_1_1186' title='bbox 465 2584 540 2615; x_wconf 87' lang='lat' dir='ltr'>sunt,</span> <span class='ocrx_word' id='word_1_1187' title='bbox 560 2582 588 2608; x_wconf 87' lang='lat' dir='ltr'>id</span> <span class='ocrx_word' id='word_1_1188' title='bbox 601 2582 655 2609; x_wconf 88' lang='lat' dir='ltr'>iam</span> <span class='ocrx_word' id='word_1_1189' title='bbox 669 2583 738 2609; x_wconf 84' lang='lat' dir='ltr'>mala</span> <span class='ocrx_word' id='word_1_1190' title='bbox 758 2582 946 2609; x_wconf 88' lang='lat' dir='ltr'>consuetudine</span> <span class='ocrx_word' id='word_1_1191' title='bbox 965 2582 1071 2609; x_wconf 84' lang='lat' dir='ltr'>dissolu-</span> 
     </span>
     <span class='ocr_line' id='line_1_117' title="bbox 33 2617 1073 2655; baseline -0.001 -10"><span class='ocrx_word' id='word_1_1192' title='bbox 33 2624 90 2645; x_wconf 81' lang='lat' dir='ltr'>tum</span> <span class='ocrx_word' id='word_1_1193' title='bbox 102 2618 193 2651; x_wconf 84' lang='lat' dir='ltr'>est,·i.</span> <span class='ocrx_word' id='word_1_1194' title='bbox 213 2620 364 2655; x_wconf 77' lang='lat' dir='ltr'>negligenter</span> <span class='ocrx_word' id='word_1_1195' title='bbox 387 2625 410 2645; x_wconf 77' lang='lat' dir='ltr'>et</span> <span class='ocrx_word' id='word_1_1196' title='bbox 433 2617 545 2652; x_wconf 77' lang='lat' dir='ltr'>diffolute</span> <span class='ocrx_word' id='word_1_1197' title='bbox 567 2617 705 2646; x_wconf 55' lang='lat' dir='ltr'>trasiatur.</span> <span class='ocrx_word' id='word_1_1198' title='bbox 811 2618 931 2645; x_wconf 86' lang='lat' dir='ltr'>Comitas</span> <span class='ocrx_word' id='word_1_1199' title='bbox 951 2617 1073 2644; x_wconf 77' lang='lat' dir='ltr'>diss&#39;oluta</span> 
     </span>
     <span class='ocr_line' id='line_1_118' title="bbox 33 2653 1072 2688; baseline -0.002 -8"><span class='ocrx_word' id='word_1_1200' title='bbox 33 2654 164 2688; x_wconf 71' lang='lat' dir='ltr'>Qinffil.</span> <span class='ocrx_word' id='word_1_1201' title='bbox 173 2661 204 2686; x_wconf 73' lang='lat' dir='ltr'>v2,</span> <span class='ocrx_word' id='word_1_1202' title='bbox 216 2662 242 2686; x_wconf 85' lang='lat'>2,</span> <span class='ocrx_word' id='word_1_1203' title='bbox 257 2662 279 2687; x_wconf 80' lang='grc'>5.</span> <span class='ocrx_word' id='word_1_1204' title='bbox 349 2653 465 2680; x_wconf 81' lang='lat' dir='ltr'>Consilia</span> <span class='ocrx_word' id='word_1_1205' title='bbox 488 2653 610 2679; x_wconf 77' lang='lat' dir='ltr'>dissoluta</span> <span class='ocrx_word' id='word_1_1206' title='bbox 632 2658 712 2687; x_wconf 87' lang='lat' dir='ltr'>atque</span> <span class='ocrx_word' id='word_1_1207' title='bbox 735 2653 839 2686; x_wconf 85' lang='lat' dir='ltr'>perdita</span> <span class='ocrx_word' id='word_1_1208' title='bbox 869 2654 925 2679; x_wconf 87' lang='lat' dir='ltr'>Cic.</span> <span class='ocrx_word' id='word_1_1209' title='bbox 948 2653 980 2678; x_wconf 87' lang='lat' dir='ltr'>de</span> <span class='ocrx_word' id='word_1_1210' title='bbox 1003 2654 1072 2686; x_wconf 83' lang='lat' dir='ltr'>Lege</span> 
     </span>
     <span class='ocr_line' id='line_1_119' title="bbox 31 2687 1072 2724; baseline -0.004 -8"><span class='ocrx_word' id='word_1_1211' title='bbox 31 2690 96 2724; x_wconf 84' lang='lat' dir='ltr'>Agr.</span> <span class='ocrx_word' id='word_1_1212' title='bbox 111 2697 137 2721; x_wconf 85' lang='lat'>2,</span> <span class='ocrx_word' id='word_1_1213' title='bbox 150 2696 192 2722; x_wconf 77' lang='lat'>54.</span> <span class='ocrx_word' id='word_1_1214' title='bbox 294 2687 464 2715; x_wconf 83' lang='lat' dir='ltr'>Consuetudo</span> <span class='ocrx_word' id='word_1_1215' title='bbox 482 2689 634 2721; x_wconf 83' lang='lat' dir='ltr'>aliquorum</span> <span class='ocrx_word' id='word_1_1216' title='bbox 655 2687 775 2713; x_wconf 80' lang='lat' dir='ltr'>dissoluta</span> <span class='ocrx_word' id='word_1_1217' title='bbox 785 2707 793 2719; x_wconf 96' lang='lat'>,</span> <span class='ocrx_word' id='word_1_1218' title='bbox 813 2687 972 2721; x_wconf 85' lang='lat' dir='ltr'>licentiaque</span> <span class='ocrx_word' id='word_1_1219' title='bbox 986 2688 1072 2721; x_wconf 88' lang='lat' dir='ltr'>inipu-</span> 
     </span>
     <span class='ocr_line' id='line_1_120' title="bbox 31 2720 1071 2758; baseline -0.004 -7"><span class='ocrx_word' id='word_1_1220' title='bbox 31 2724 94 2750; x_wconf 80' lang='lat' dir='ltr'>dens</span> <span class='ocrx_word' id='word_1_1221' title='bbox 109 2725 165 2751; x_wconf 91' lang='lat' dir='ltr'>Cic.</span> <span class='ocrx_word' id='word_1_1222' title='bbox 178 2732 227 2758; x_wconf 86' lang='lat' dir='ltr'>pro</span> <span class='ocrx_word' id='word_1_1223' title='bbox 240 2723 324 2750; x_wconf 85' lang='lat' dir='ltr'>Flacc.</span> <span class='ocrx_word' id='word_1_1224' title='bbox 339 2731 380 2749; x_wconf 85' lang='lat'>20.</span> <span class='ocrx_word' id='word_1_1225' title='bbox 436 2720 474 2748; x_wconf 88' lang='lat' dir='ltr'>Id.</span> <span class='ocrx_word' id='word_1_1226' title='bbox 482 2731 531 2755; x_wconf 85' lang='lat' dir='ltr'>pro</span> <span class='ocrx_word' id='word_1_1227' title='bbox 541 2721 611 2748; x_wconf 79' lang='lat' dir='ltr'>Sulla</span> <span class='ocrx_word' id='word_1_1228' title='bbox 619 2724 652 2754; x_wconf 85' lang='lat'>69</span> <span class='ocrx_word' id='word_1_1229' title='bbox 659 2731 681 2747; x_wconf 88' lang='lat' dir='ltr'>c.</span> <span class='ocrx_word' id='word_1_1230' title='bbox 690 2730 725 2754; x_wconf 84' lang='lat'>24</span> <span class='ocrx_word' id='word_1_1231' title='bbox 745 2722 799 2747; x_wconf 90' lang='lat' dir='ltr'>Iam</span> <span class='ocrx_word' id='word_1_1232' title='bbox 814 2722 884 2747; x_wconf 88' lang='lat' dir='ltr'>enim</span> <span class='ocrx_word' id='word_1_1233' title='bbox 900 2722 1006 2754; x_wconf 85' lang='lat' dir='ltr'>faciam,</span> <span class='ocrx_word' id='word_1_1234' title='bbox 1020 2722 1071 2748; x_wconf 87' lang='lat' dir='ltr'>cri-</span> 
     </span>
     <span class='ocr_line' id='line_1_121' title="bbox 29 2756 1072 2792; baseline -0.002 -7"><span class='ocrx_word' id='word_1_1235' title='bbox 29 2759 150 2786; x_wconf 87' lang='lat' dir='ltr'>minibus</span> <span class='ocrx_word' id='word_1_1236' title='bbox 164 2758 289 2785; x_wconf 80' lang='lat' dir='ltr'>omnibus</span> <span class='ocrx_word' id='word_1_1237' title='bbox 303 2759 360 2785; x_wconf 87' lang='lat' dir='ltr'>fere</span> <span class='ocrx_word' id='word_1_1238' title='bbox 374 2757 513 2790; x_wconf 79' lang='lat' dir='ltr'>dissolutis,</span> <span class='ocrx_word' id='word_1_1239' title='bbox 525 2757 566 2791; x_wconf 82' lang='lat' dir='ltr'>(h.</span> <span class='ocrx_word' id='word_1_1240' title='bbox 573 2765 592 2782; x_wconf 79' lang='lat' dir='ltr'>e.</span> <span class='ocrx_word' id='word_1_1241' title='bbox 598 2759 734 2792; x_wconf 79' lang='lat' dir='ltr'>purgatis)</span> <span class='ocrx_word' id='word_1_1242' title='bbox 742 2762 771 2782; x_wconf 87' lang='lat' dir='ltr'>vt</span> <span class='ocrx_word' id='word_1_1243' title='bbox 777 2765 844 2782; x_wconf 84' lang='lat' dir='ltr'>nune</span> <span class='ocrx_word' id='word_1_1244' title='bbox 853 2756 968 2791; x_wconf 86' lang='lat' dir='ltr'>denique</span> <span class='ocrx_word' id='word_1_1245' title='bbox 976 2757 1008 2783; x_wconf 92' lang='lat' dir='ltr'>de</span> <span class='ocrx_word' id='word_1_1246' title='bbox 1016 2758 1072 2784; x_wconf 86' lang='lat' dir='ltr'>vita</span> 
     </span>
     <span class='ocr_line' id='line_1_122' title="bbox 29 2791 1072 2825; baseline -0.006 -4"><span class='ocrx_word' id='word_1_1247' title='bbox 29 2793 148 2821; x_wconf 86' lang='lat' dir='ltr'>hominis</span> <span class='ocrx_word' id='word_1_1248' title='bbox 160 2804 189 2821; x_wconf 88' lang='lat' dir='ltr'>ac</span> <span class='ocrx_word' id='word_1_1249' title='bbox 201 2793 235 2820; x_wconf 90' lang='lat' dir='ltr'>de</span> <span class='ocrx_word' id='word_1_1250' title='bbox 248 2793 366 2820; x_wconf 88' lang='lat' dir='ltr'>moribus</span> <span class='ocrx_word' id='word_1_1251' title='bbox 378 2793 476 2820; x_wconf 85' lang='lat' dir='ltr'>dicam.</span> <span class='ocrx_word' id='word_1_1252' title='bbox 579 2792 635 2818; x_wconf 86' lang='lat' dir='ltr'>Cic.</span> <span class='ocrx_word' id='word_1_1253' title='bbox 652 2791 684 2818; x_wconf 90' lang='lat' dir='ltr'>de</span> <span class='ocrx_word' id='word_1_1254' title='bbox 697 2791 789 2825; x_wconf 82' lang='lat' dir='ltr'>Legib.</span> <span class='ocrx_word' id='word_1_1255' title='bbox 803 2801 828 2824; x_wconf 85' lang='lat'>2,</span> <span class='ocrx_word' id='word_1_1256' title='bbox 843 2800 874 2824; x_wconf 80' lang='lat'>29</span> <span class='ocrx_word' id='word_1_1257' title='bbox 901 2792 980 2825; x_wconf 74' lang='lat' dir='ltr'>Quod</span> <span class='ocrx_word' id='word_1_1258' title='bbox 996 2792 1072 2818; x_wconf 86' lang='lat' dir='ltr'>Insti-</span> 
     </span>
     <span class='ocr_line' id='line_1_123' title="bbox 29 2826 1074 2864; baseline -0.003 -8"><span class='ocrx_word' id='word_1_1259' title='bbox 29 2835 117 2858; x_wconf 75' lang='lat' dir='ltr'>tutum</span> <span class='ocrx_word' id='word_1_1260' title='bbox 139 2829 226 2864; x_wconf 76' lang='lat' dir='ltr'>perite</span> <span class='ocrx_word' id='word_1_1261' title='bbox 246 2838 260 2855; x_wconf 84' lang='lat' dir='ltr'>a</span> <span class='ocrx_word' id='word_1_1262' title='bbox 281 2830 386 2862; x_wconf 79' lang='lat' dir='ltr'>Numa,</span> <span class='ocrx_word' id='word_1_1263' title='bbox 407 2827 550 2863; x_wconf 83' lang='lat' dir='ltr'>posterium</span> <span class='ocrx_word' id='word_1_1264' title='bbox 571 2826 729 2853; x_wconf 86' lang='lat' dir='ltr'>Pontificum</span> <span class='ocrx_word' id='word_1_1265' title='bbox 749 2826 907 2861; x_wconf 81' lang='lat' dir='ltr'>negligent-ia</span> <span class='ocrx_word' id='word_1_1266' title='bbox 920 2827 1074 2854; x_wconf 77' lang='lat' dir='ltr'>diflblutum</span> 
     </span>
     <span class='ocr_line' id='line_1_124' title="bbox 31 2861 1073 2898; baseline -0.003 -7"><span class='ocrx_word' id='word_1_1267' title='bbox 31 2863 77 2898; x_wconf 74' lang='lat' dir='ltr'>est.</span> <span class='ocrx_word' id='word_1_1268' title='bbox 181 2864 238 2890; x_wconf 93' lang='lat' dir='ltr'>Cic.</span> <span class='ocrx_word' id='word_1_1269' title='bbox 253 2865 329 2890; x_wconf 84' lang='lat' dir='ltr'>Verr.</span> <span class='ocrx_word' id='word_1_1270' title='bbox 344 2872 366 2896; x_wconf 85' lang='grc'>3,</span> <span class='ocrx_word' id='word_1_1271' title='bbox 380 2873 418 2896; x_wconf 84' lang='grc'>131</span> <span class='ocrx_word' id='word_1_1272' title='bbox 436 2861 542 2897; x_wconf 84' lang='lat' dir='ltr'>Ecquod</span> <span class='ocrx_word' id='word_1_1273' title='bbox 564 2861 697 2888; x_wconf 85' lang='lat' dir='ltr'>Iudicium</span> <span class='ocrx_word' id='word_1_1274' title='bbox 719 2863 820 2888; x_wconf 88' lang='lat' dir='ltr'>Romae</span> <span class='ocrx_word' id='word_1_1275' title='bbox 845 2867 897 2888; x_wconf 88' lang='lat' dir='ltr'>tam</span> <span class='ocrx_word' id='word_1_1276' title='bbox 911 2862 1073 2893; x_wconf 72' lang='lat' dir='ltr'>dissolutum,</span> 
     </span>
     <span class='ocr_line' id='line_1_125' title="bbox 31 2896 1071 2934; baseline -0.003 -7"><span class='ocrx_word' id='word_1_1277' title='bbox 31 2906 86 2928; x_wconf 81' lang='lat' dir='ltr'>tam</span> <span class='ocrx_word' id='word_1_1278' title='bbox 99 2899 249 2934; x_wconf 84' lang='lat' dir='ltr'>perditum,</span> <span class='ocrx_word' id='word_1_1279' title='bbox 269 2905 324 2925; x_wconf 85' lang='lat' dir='ltr'>tam</span> <span class='ocrx_word' id='word_1_1280' title='bbox 339 2899 491 2925; x_wconf 86' lang='lat' dir='ltr'>numarium</span> <span class='ocrx_word' id='word_1_1281' title='bbox 506 2897 564 2924; x_wconf 83' lang='lat' dir='ltr'>fore</span> <span class='ocrx_word' id='word_1_1282' title='bbox 577 2896 686 2932; x_wconf 84' lang='lat' dir='ltr'>putasti,</span> <span class='ocrx_word' id='word_1_1283' title='bbox 704 2906 758 2931; x_wconf 94' lang='lat' dir='ltr'>quo</span> <span class='ocrx_word' id='word_1_1284' title='bbox 770 2905 801 2922; x_wconf 86' lang='lat' dir='ltr'>ex</span> <span class='ocrx_word' id='word_1_1285' title='bbox 816 2897 920 2923; x_wconf 90' lang='lat' dir='ltr'>iudicio</span> <span class='ocrx_word' id='word_1_1286' title='bbox 932 2903 957 2924; x_wconf 90' lang='lat' dir='ltr'>te</span> <span class='ocrx_word' id='word_1_1287' title='bbox 970 2897 1021 2924; x_wconf 87' lang='lat' dir='ltr'>vlla</span> <span class='ocrx_word' id='word_1_1288' title='bbox 1035 2899 1071 2924; x_wconf 89' lang='lat' dir='ltr'>sa-</span> 
     </span>
     <span class='ocr_line' id='line_1_126' title="bbox 32 2932 1071 2969; baseline -0.003 -7"><span class='ocrx_word' id='word_1_1289' title='bbox 32 2936 72 2962; x_wconf 84' lang='lat' dir='ltr'>lus</span> <span class='ocrx_word' id='word_1_1290' title='bbox 85 2936 187 2962; x_wconf 85' lang='lat' dir='ltr'>seruare</span> <span class='ocrx_word' id='word_1_1291' title='bbox 203 2934 283 2969; x_wconf 80' lang='lat' dir='ltr'>posset</span> <span class='ocrx_word' id='word_1_1292' title='bbox 298 2935 307 2960; x_wconf 79' lang='lat'>3</span> <span class='ocrx_word' id='word_1_1293' title='bbox 401 2933 527 2960; x_wconf 78' lang='lat' dir='ltr'>Dissoluta</span> <span class='ocrx_word' id='word_1_1294' title='bbox 548 2933 576 2959; x_wconf 88' lang='grc'>111</span> <span class='ocrx_word' id='word_1_1295' title='bbox 592 2933 721 2959; x_wconf 88' lang='lat' dir='ltr'>canticum</span> <span class='ocrx_word' id='word_1_1296' title='bbox 741 2932 834 2959; x_wconf 66' lang='lat' dir='ltr'>Letffio</span> <span class='ocrx_word' id='word_1_1297' title='bbox 853 2932 962 2966; x_wconf 59' lang='lat' dir='ltr'>Quin&amp;</span> <span class='ocrx_word' id='word_1_1298' title='bbox 979 2942 998 2964; x_wconf 86' lang='lat'>1,</span> <span class='ocrx_word' id='word_1_1299' title='bbox 1012 2939 1036 2966; x_wconf 86' lang='lat'>8,</span> <span class='ocrx_word' id='word_1_1300' title='bbox 1049 2943 1071 2959; x_wconf 89' lang='lat'>2.</span> 
     </span>
     <span class='ocr_line' id='line_1_127' title="bbox 31 2968 1071 3005; baseline -0.003 -8"><span class='ocrx_word' id='word_1_1301' title='bbox 31 2971 179 3005; x_wconf 76' lang='lat' dir='ltr'>Nauigium</span> <span class='ocrx_word' id='word_1_1302' title='bbox 193 2969 343 2996; x_wconf 76' lang='lat' dir='ltr'>dissolutum</span> <span class='ocrx_word' id='word_1_1303' title='bbox 357 2970 399 2996; x_wconf 91' lang='lat' dir='ltr'>vel</span> <span class='ocrx_word' id='word_1_1304' title='bbox 417 2970 504 3003; x_wconf 86' lang='lat' dir='ltr'>potius</span> <span class='ocrx_word' id='word_1_1305' title='bbox 518 2968 669 3002; x_wconf 81' lang='lat' dir='ltr'>dissipatum</span> <span class='ocrx_word' id='word_1_1306' title='bbox 684 2968 742 2994; x_wconf 84' lang='lat' dir='ltr'>Cic.</span> <span class='ocrx_word' id='word_1_1307' title='bbox 757 2968 810 2994; x_wconf 87' lang='lat' dir='ltr'>Att.</span> <span class='ocrx_word' id='word_1_1308' title='bbox 827 2975 862 3000; x_wconf 77' lang='lat'>13,</span> <span class='ocrx_word' id='word_1_1309' title='bbox 876 2977 907 2995; x_wconf 85' lang='lat' dir='ltr'>ii.</span> <span class='ocrx_word' id='word_1_1310' title='bbox 980 2969 1071 3003; x_wconf 85' lang='lat' dir='ltr'>Negli-</span> 
     </span>
     <span class='ocr_line' id='line_1_128' title="bbox 32 3002 1071 3041; baseline -0.003 -8"><span class='ocrx_word' id='word_1_1311' title='bbox 32 3006 120 3041; x_wconf 79' lang='lat' dir='ltr'>gentia</span> <span class='ocrx_word' id='word_1_1312' title='bbox 131 3006 250 3033; x_wconf 85' lang='lat' dir='ltr'>dissoluta</span> <span class='ocrx_word' id='word_1_1313' title='bbox 274 3005 335 3039; x_wconf 85' lang='lat' dir='ltr'>le.</span> <span class='ocrx_word' id='word_1_1314' title='bbox 348 3005 377 3031; x_wconf 92' lang='lat' dir='ltr'>in</span> <span class='ocrx_word' id='word_1_1315' title='bbox 390 3005 407 3031; x_wconf 96' lang='lat' dir='ltr'>l.</span> <span class='ocrx_word' id='word_1_1316' title='bbox 419 3005 445 3031; x_wconf 87' lang='lat' dir='ltr'>Si</span> <span class='ocrx_word' id='word_1_1317' title='bbox 459 3003 567 3030; x_wconf 77' lang='lat' dir='ltr'>fideiusl&#39;.</span> <span class='ocrx_word' id='word_1_1318' title='bbox 581 3004 608 3030; x_wconf 85' lang='lat' dir='ltr'>ff.</span> <span class='ocrx_word' id='word_1_1319' title='bbox 622 3002 748 3030; x_wconf 80' lang='lat' dir='ltr'>Mandati.</span> <span class='ocrx_word' id='word_1_1320' title='bbox 820 3004 897 3031; x_wconf 83' lang='lat' dir='ltr'>Profa</span> <span class='ocrx_word' id='word_1_1321' title='bbox 918 3004 1026 3038; x_wconf 65' lang='lat' dir='ltr'>Qinet.</span> <span class='ocrx_word' id='word_1_1322' title='bbox 1037 3013 1071 3037; x_wconf 87' lang='lat'>11,</span> 
     </span>
     <span class='ocr_line' id='line_1_129' title="bbox 577 3038 1070 3067; baseline 0.002 -2"><span class='ocrx_word' id='word_1_1323' title='bbox 577 3038 711 3066; x_wconf 88' lang='lat' dir='ltr'>Stomachi</span> <span class='ocrx_word' id='word_1_1324' title='bbox 723 3039 836 3066; x_wconf 77' lang='lat' dir='ltr'>dissoluti</span> <span class='ocrx_word' id='word_1_1325' title='bbox 849 3040 982 3066; x_wconf 82' lang='lat' dir='ltr'>vtilissime</span> <span class='ocrx_word' id='word_1_1326' title='bbox 994 3039 1070 3067; x_wconf 89' lang='lat' dir='ltr'>adiu-</span> 
     </span>
    </p>
   </div>
   <div class='ocr_carea' id='block_1_18' title="bbox 580 2118 1075 2190">
    <p class='ocr_par' dir='ltr' id='par_1_25' title="bbox 580 2118 1075 2190">
     <span class='ocr_line' id='line_1_130' title="bbox 580 2118 1074 2156; baseline 0.002 -10"><span class='ocrx_word' id='word_1_1327' title='bbox 580 2121 594 2155; x_wconf 94' lang='lat'>[</span> <span class='ocrx_word' id='word_1_1328' title='bbox 601 2118 784 2154; x_wconf 56' lang='grc' dir='ltr'>διαλελυμένη,</span> <span class='ocrx_word' id='word_1_1329' title='bbox 804 2118 925 2154; x_wconf 50' lang='lat' dir='ltr'>&amp;eriam-05,</span> <span class='ocrx_word' id='word_1_1330' title='bbox 939 2121 1074 2156; x_wconf 77' lang='grc' dir='ltr'><strong><em>οἶνειμὲνος]</em></strong></span> 
     </span>
     <span class='ocr_line' id='line_1_131' title="bbox 608 2156 1075 2190; baseline 0.002 -8"><span class='ocrx_word' id='word_1_1331' title='bbox 608 2156 664 2183; x_wconf 87' lang='lat' dir='ltr'>Cic.</span> <span class='ocrx_word' id='word_1_1332' title='bbox 680 2156 711 2182; x_wconf 88' lang='lat' dir='ltr'>de</span> <span class='ocrx_word' id='word_1_1333' title='bbox 727 2157 785 2183; x_wconf 87' lang='lat' dir='ltr'>Fin.</span> <span class='ocrx_word' id='word_1_1334' title='bbox 798 2165 824 2189; x_wconf 83' lang='lat'>2,</span> <span class='ocrx_word' id='word_1_1335' title='bbox 836 2166 883 2183; x_wconf 92' lang='lat'>100</span> <span class='ocrx_word' id='word_1_1336' title='bbox 904 2157 985 2190; x_wconf 83' lang='lat' dir='ltr'>Qiod</span> <span class='ocrx_word' id='word_1_1337' title='bbox 999 2157 1075 2183; x_wconf 83' lang='lat' dir='ltr'>diffo-</span> 
     </span>
    </p>
   </div>
   <div class='ocr_carea' id='block_1_19' title="bbox 33 3041 1071 3609">
    <p class='ocr_par' dir='ltr' id='par_1_26' title="bbox 33 3041 1071 3280">
     <span class='ocr_line' id='line_1_132' title="bbox 35 3041 506 3075; baseline -0.008 -5"><span class='ocrx_word' id='word_1_1338' title='bbox 35 3049 59 3074; x_wconf 78' lang='lat'>2,</span> <span class='ocrx_word' id='word_1_1339' title='bbox 70 3049 109 3075; x_wconf 85' lang='lat'>39.</span> <span class='ocrx_word' id='word_1_1340' title='bbox 178 3041 291 3068; x_wconf 82' lang='lat' dir='ltr'>Societas</span> <span class='ocrx_word' id='word_1_1341' title='bbox 311 3041 380 3075; x_wconf 89' lang='lat' dir='ltr'>Nep.</span> <span class='ocrx_word' id='word_1_1342' title='bbox 395 3049 430 3072; x_wconf 87' lang='lat'>21,</span> <span class='ocrx_word' id='word_1_1343' title='bbox 443 3049 466 3072; x_wconf 87' lang='grc'>3,</span> <span class='ocrx_word' id='word_1_1344' title='bbox 482 3048 506 3066; x_wconf 87' lang='lat'>2.</span> 
     </span>
     <span class='ocr_line' id='line_1_133' title="bbox 33 3076 305 3110; baseline 0.004 -8"><span class='ocrx_word' id='word_1_1345' title='bbox 33 3082 127 3104; x_wconf 83' lang='lat' dir='ltr'>vantur</span> <span class='ocrx_word' id='word_1_1346' title='bbox 146 3076 211 3103; x_wconf 86' lang='lat' dir='ltr'>Plin.</span> <span class='ocrx_word' id='word_1_1347' title='bbox 221 3085 265 3107; x_wconf 82' lang='lat'>20,</span> <span class='ocrx_word' id='word_1_1348' title='bbox 278 3083 305 3110; x_wconf 86' lang='lat'>7.</span> 
     </span>
     <span class='ocr_line' id='line_1_134' title="bbox 34 3110 1071 3148; baseline 0 -11"><span class='ocrx_word' id='word_1_1349' title='bbox 34 3110 106 3143; x_wconf 67' lang='lat' dir='ltr'>vidia</span> <span class='ocrx_word' id='word_1_1350' title='bbox 115 3112 232 3140; x_wconf 84' lang='lat' dir='ltr'>criminis</span> <span class='ocrx_word' id='word_1_1351' title='bbox 245 3111 373 3138; x_wconf 84' lang='lat' dir='ltr'>dissoluta.</span> <span class='ocrx_word' id='word_1_1352' title='bbox 393 3113 432 3138; x_wconf 86' lang='lat' dir='ltr'>De</span> <span class='ocrx_word' id='word_1_1353' title='bbox 443 3111 573 3145; x_wconf 60' lang='lat' dir='ltr'>iuuenibus</span> <span class='ocrx_word' id='word_1_1354' title='bbox 589 3112 753 3142; x_wconf 76' lang='lat' dir='ltr'>Tarentinis,</span> <span class='ocrx_word' id='word_1_1355' title='bbox 771 3116 794 3137; x_wconf 84' lang='lat' dir='ltr'>et</span> <span class='ocrx_word' id='word_1_1356' title='bbox 809 3111 905 3145; x_wconf 79' lang='lat' dir='ltr'>Pyrrho</span> <span class='ocrx_word' id='word_1_1357' title='bbox 919 3121 975 3148; x_wconf 78' lang='lat' dir='ltr'>rege</span> <span class='ocrx_word' id='word_1_1358' title='bbox 994 3113 1016 3139; x_wconf 92' lang='lat' dir='ltr'>lo</span> <span class='ocrx_word' id='word_1_1359' title='bbox 1035 3115 1071 3137; x_wconf 87' lang='lat' dir='ltr'>ui-</span> 
     </span>
     <span class='ocr_line' id='line_1_135' title="bbox 35 3145 1070 3182; baseline 0.001 -9"><span class='ocrx_word' id='word_1_1360' title='bbox 35 3152 86 3173; x_wconf 70' lang='lat' dir='ltr'>tur.</span> <span class='ocrx_word' id='word_1_1361' title='bbox 152 3147 277 3173; x_wconf 80' lang='lat' dir='ltr'>Dissbluta</span> <span class='ocrx_word' id='word_1_1362' title='bbox 286 3167 294 3179; x_wconf 97' lang='lat'>,</span> <span class='ocrx_word' id='word_1_1363' title='bbox 308 3156 369 3182; x_wconf 84' lang='lat' dir='ltr'>quae</span> <span class='ocrx_word' id='word_1_1364' title='bbox 382 3148 469 3182; x_wconf 74' lang='lat' dir='ltr'>vitiose</span> <span class='ocrx_word' id='word_1_1365' title='bbox 480 3146 586 3173; x_wconf 77' lang='lat' dir='ltr'>iucunda</span> <span class='ocrx_word' id='word_1_1366' title='bbox 595 3147 658 3182; x_wconf 77' lang='lat' dir='ltr'>sunt</span> <span class='ocrx_word' id='word_1_1367' title='bbox 677 3145 785 3180; x_wconf 62' lang='lat' dir='ltr'>Quin&amp;</span> <span class='ocrx_word' id='word_1_1368' title='bbox 799 3155 836 3178; x_wconf 88' lang='lat'>12,</span> <span class='ocrx_word' id='word_1_1369' title='bbox 852 3155 879 3173; x_wconf 89' lang='lat'>10</span> <span class='ocrx_word' id='word_1_1370' title='bbox 892 3154 957 3174; x_wconf 74' lang='lat' dir='ltr'>extr.</span> <span class='ocrx_word' id='word_1_1371' title='bbox 1038 3148 1070 3174; x_wconf 79' lang='lat' dir='ltr'>is-</span> 
     </span>
     <span class='ocr_line' id='line_1_136' title="bbox 38 3180 1070 3218; baseline 0.003 -12"><span class='ocrx_word' id='word_1_1372' title='bbox 38 3180 132 3212; x_wconf 60' lang='lat' dir='ltr'>solutos</span> <span class='ocrx_word' id='word_1_1373' title='bbox 149 3186 220 3209; x_wconf 85' lang='lat' dir='ltr'>etiam</span> <span class='ocrx_word' id='word_1_1374' title='bbox 232 3182 350 3215; x_wconf 75' lang='lat' dir='ltr'>dicimus,</span> <span class='ocrx_word' id='word_1_1375' title='bbox 371 3183 422 3218; x_wconf 58' lang='lat' dir='ltr'>,Qui</span> <span class='ocrx_word' id='word_1_1376' title='bbox 434 3182 555 3213; x_wconf 79' lang='lat' dir='ltr'>moribus,</span> <span class='ocrx_word' id='word_1_1377' title='bbox 573 3182 710 3218; x_wconf 74' lang='lat' dir='ltr'>legibusque</span> <span class='ocrx_word' id='word_1_1378' title='bbox 731 3192 746 3208; x_wconf 82' lang='lat' dir='ltr'>a</span> <span class='ocrx_word' id='word_1_1379' title='bbox 751 3182 780 3218; x_wconf 74' lang='lat' dir='ltr'><strong><em>fi</em></strong></span> <span class='ocrx_word' id='word_1_1380' title='bbox 788 3182 883 3217; x_wconf 79' lang='lat' dir='ltr'>fhluti,</span> <span class='ocrx_word' id='word_1_1381' title='bbox 902 3184 986 3209; x_wconf 84' lang='lat' dir='ltr'>luxum</span> <span class='ocrx_word' id='word_1_1382' title='bbox 1002 3186 1070 3209; x_wconf 81' lang='lat' dir='ltr'>vitae</span> 
     </span>
     <span class='ocr_line' id='line_1_137' title="bbox 37 3215 1069 3280; baseline 0.002 -37"><span class='ocrx_word' id='word_1_1383' title='bbox 37 3215 169 3278; x_wconf 46' lang='lat' dir='ltr'>{2313}qu</span> <span class='ocrx_word' id='word_1_1384' title='bbox 171 3237 190 3278; x_wconf 51' lang='grc' dir='ltr'>ᾗ</span> <span class='ocrx_word' id='word_1_1385' title='bbox 202 3227 260 3279; x_wconf 50' lang='lat' dir='ltr'>qugs</span> <span class='ocrx_word' id='word_1_1386' title='bbox 273 3218 360 3258; x_wconf 65' lang='lat' dir='ltr'>Graeci</span> <span class='ocrx_word' id='word_1_1387' title='bbox 372 3218 463 3280; x_wconf 49' lang='lat' dir='ltr'>Ajbfiqs</span> <span class='ocrx_word' id='word_1_1388' title='bbox 476 3218 562 3260; x_wconf 63' lang='lat' dir='ltr'>dicunt</span> <span class='ocrx_word' id='word_1_1389' title='bbox 587 3253 613 3280; x_wconf 73' lang='lat' dir='ltr'>m</span> <span class='ocrx_word' id='word_1_1390' title='bbox 627 3218 682 3244; x_wconf 89' lang='lat' dir='ltr'>Cic.</span> <span class='ocrx_word' id='word_1_1391' title='bbox 694 3218 772 3271; x_wconf 69' lang='lat' dir='ltr'>²Verr.</span> <span class='ocrx_word' id='word_1_1392' title='bbox 787 3226 810 3249; x_wconf 84' lang='grc'><strong>3,</strong></span> <span class='ocrx_word' id='word_1_1393' title='bbox 824 3219 869 3244; x_wconf 87' lang='lat'>162</span> <span class='ocrx_word' id='word_1_1394' title='bbox 899 3218 1069 3253; x_wconf 75' lang='lat' dir='ltr'>Negligentes</span> 
     </span>
    </p>

    <p class='ocr_par' dir='ltr' id='par_1_27' title="bbox 36 3262 1070 3460">
     <span class='ocr_line' id='line_1_138' title="bbox 143 3262 701 3283; baseline 0.002 -5"><span class='ocrx_word' id='word_1_1395' title='bbox 143 3280 146 3283; x_wconf 58' lang='grc'><strong>,</strong></span> <span class='ocrx_word' id='word_1_1396' title='bbox 258 3262 288 3278; x_wconf 91' lang='lat' dir='ltr'>cu</span> <span class='ocrx_word' id='word_1_1397' title='bbox 309 3262 392 3280; x_wconf 82' lang='lat' dir='ltr'>iamus</span> <span class='ocrx_word' id='word_1_1398' title='bbox 406 3263 420 3280; x_wconf 86' lang='lat' dir='ltr'>e</span> <span class='ocrx_word' id='word_1_1399' title='bbox 441 3263 454 3279; x_wconf 91' lang='lat' dir='ltr'>e</span> <span class='ocrx_word' id='word_1_1400' title='bbox 569 3262 585 3279; x_wconf 92' lang='lat' dir='ltr'>o</span> <span class='ocrx_word' id='word_1_1401' title='bbox 616 3262 681 3279; x_wconf 84' lang='lat' dir='ltr'>unus</span> <span class='ocrx_word' id='word_1_1402' title='bbox 695 3274 701 3279; x_wconf 94' lang='lat'>.</span> 
     </span>
     <span class='ocr_line' id='line_1_139' title="bbox 39 3262 1070 3325; baseline 0.007 -16"><span class='ocrx_word' id='word_1_1403' title='bbox 39 3285 158 3325; x_wconf 81' lang='lat' dir='ltr'>omnium</span> <span class='ocrx_word' id='word_1_1404' title='bbox 167 3262 307 3314; x_wconf 68' lang='lat' dir='ltr'>ho’minuni</span> <span class='ocrx_word' id='word_1_1405' title='bbox 315 3263 773 3324; x_wconf 46' lang='lat' dir='ltr'>diffolutiffn&#39;nsiiilcfiideliffimusque</span> <span class='ocrx_word' id='word_1_1406' title='bbox 786 3289 885 3322; x_wconf 89' lang='lat' dir='ltr'>semper</span> <span class='ocrx_word' id='word_1_1407' title='bbox 901 3289 983 3316; x_wconf 89' lang='lat' dir='ltr'>fuisti.</span> <span class='ocrx_word' id='word_1_1408' title='bbox 1028 3291 1070 3316; x_wconf 81' lang='lat' dir='ltr'>Sic</span> 
     </span>
     <span class='ocr_line' id='line_1_140' title="bbox 39 3320 1069 3359; baseline 0.005 -13"><span class='ocrx_word' id='word_1_1409' title='bbox 39 3320 180 3347; x_wconf 75' lang='lat' dir='ltr'>Diffolutus</span> <span class='ocrx_word' id='word_1_1410' title='bbox 192 3323 219 3348; x_wconf 89' lang='lat' dir='ltr'>in</span> <span class='ocrx_word' id='word_1_1411' title='bbox 231 3332 258 3350; x_wconf 83' lang='lat' dir='ltr'>re</span> <span class='ocrx_word' id='word_1_1412' title='bbox 272 3324 397 3352; x_wconf 86' lang='lat' dir='ltr'>familiari</span> <span class='ocrx_word' id='word_1_1413' title='bbox 414 3326 471 3352; x_wconf 87' lang='lat' dir='ltr'>Cic.</span> <span class='ocrx_word' id='word_1_1414' title='bbox 489 3334 537 3359; x_wconf 88' lang='lat' dir='ltr'>pro</span> <span class='ocrx_word' id='word_1_1415' title='bbox 550 3325 643 3359; x_wconf 85' lang='lat' dir='ltr'>Qiiut.</span> <span class='ocrx_word' id='word_1_1416' title='bbox 658 3330 695 3357; x_wconf 90' lang='grc'><strong>38.</strong></span> <span class='ocrx_word' id='word_1_1417' title='bbox 773 3324 810 3350; x_wconf 93' lang='lat' dir='ltr'>Id.</span> <span class='ocrx_word' id='word_1_1418' title='bbox 825 3324 855 3351; x_wconf 89' lang='lat' dir='ltr'>ad</span> <span class='ocrx_word' id='word_1_1419' title='bbox 870 3325 941 3351; x_wconf 82' lang='lat' dir='ltr'>Brut.</span> <span class='ocrx_word' id='word_1_1420' title='bbox 957 3333 968 3357; x_wconf 90' lang='grc'><strong>3</strong></span> <span class='ocrx_word' id='word_1_1421' title='bbox 988 3325 1069 3351; x_wconf 90' lang='lat' dir='ltr'>Illud-</span> 
     </span>
     <span class='ocr_line' id='line_1_141' title="bbox 39 3355 1070 3396; baseline 0.006 -15"><span class='ocrx_word' id='word_1_1422' title='bbox 39 3364 90 3390; x_wconf 91' lang='lat' dir='ltr'>que</span> <span class='ocrx_word' id='word_1_1423' title='bbox 106 3355 258 3396; x_wconf 78' lang='lat' dir='ltr'>confideres,</span> <span class='ocrx_word' id='word_1_1424' title='bbox 275 3368 307 3385; x_wconf 90' lang='lat' dir='ltr'>ne</span> <span class='ocrx_word' id='word_1_1425' title='bbox 319 3365 364 3387; x_wconf 85' lang='lat' dir='ltr'>tua</span> <span class='ocrx_word' id='word_1_1426' title='bbox 377 3360 522 3387; x_wconf 85' lang='lat' dir='ltr'>liberalitas</span> <span class='ocrx_word' id='word_1_1427' title='bbox 535 3360 685 3387; x_wconf 68' lang='lat' dir='ltr'>dissolutior</span> <span class='ocrx_word' id='word_1_1428' title='bbox 699 3359 830 3386; x_wconf 86' lang='lat' dir='ltr'>videatur.</span> <span class='ocrx_word' id='word_1_1429' title='bbox 903 3359 1003 3387; x_wconf 89' lang='lat' dir='ltr'>Libelli</span> <span class='ocrx_word' id='word_1_1430' title='bbox 1018 3361 1070 3387; x_wconf 89' lang='lat' dir='ltr'>dis-</span> 
     </span>
     <span class='ocr_line' id='line_1_142' title="bbox 38 3391 1070 3430; baseline 0.007 -13"><span class='ocrx_word' id='word_1_1431' title='bbox 38 3391 179 3417; x_wconf 84' lang='lat' dir='ltr'>solutiores</span> <span class='ocrx_word' id='word_1_1432' title='bbox 197 3391 252 3419; x_wconf 86' lang='lat' dir='ltr'>Sen.</span> <span class='ocrx_word' id='word_1_1433' title='bbox 268 3394 350 3422; x_wconf 85' lang='lat' dir='ltr'>Praef.</span> <span class='ocrx_word' id='word_1_1434' title='bbox 370 3395 387 3424; x_wconf 88' lang='lat' dir='ltr'>l.</span> <span class='ocrx_word' id='word_1_1435' title='bbox 406 3404 420 3429; x_wconf 85' lang='grc'><em>5</em></span> <span class='ocrx_word' id='word_1_1436' title='bbox 440 3397 496 3430; x_wconf 88' lang='lat' dir='ltr'>(al.</span> <span class='ocrx_word' id='word_1_1437' title='bbox 509 3400 554 3428; x_wconf 83' lang='grc' dir='ltr'>ιο)</span> <span class='ocrx_word' id='word_1_1438' title='bbox 579 3397 671 3423; x_wconf 89' lang='lat' dir='ltr'>Contr.</span> <span class='ocrx_word' id='word_1_1439' title='bbox 693 3394 906 3422; x_wconf 85' lang='lat' dir='ltr'>Dissolutissimus</span> <span class='ocrx_word' id='word_1_1440' title='bbox 921 3395 1003 3423; x_wconf 88' lang='lat' dir='ltr'>Liber</span> <span class='ocrx_word' id='word_1_1441' title='bbox 1022 3397 1070 3424; x_wconf 84' lang='lat' dir='ltr'>Ar·</span> 
     </span>
     <span class='ocr_line' id='line_1_143' title="bbox 36 3425 409 3460; baseline 0.011 -6"><span class='ocrx_word' id='word_1_1442' title='bbox 36 3425 102 3454; x_wconf 81' lang='lat' dir='ltr'>nob.</span> <span class='ocrx_word' id='word_1_1443' title='bbox 118 3428 136 3452; x_wconf 89' lang='lat'>6</span> <span class='ocrx_word' id='word_1_1444' title='bbox 148 3435 172 3460; x_wconf 87' lang='lat' dir='ltr'>p.</span> <span class='ocrx_word' id='word_1_1445' title='bbox 186 3433 240 3460; x_wconf 86' lang='lat'>197.</span> <span class='ocrx_word' id='word_1_1446' title='bbox 261 3430 278 3454; x_wconf 87' lang='lat' dir='ltr'>i.</span> <span class='ocrx_word' id='word_1_1447' title='bbox 293 3431 409 3458; x_wconf 82' lang='lat' dir='ltr'>Bacchus.</span> 
     </span>
    </p>

    <p class='ocr_par' dir='ltr' id='par_1_28' title="bbox 38 3465 1069 3609">
     <span class='ocr_line' id='line_1_144' title="bbox 73 3465 1068 3503; baseline 0.006 -15"><span class='ocrx_word' id='word_1_1448' title='bbox 73 3467 132 3488; x_wconf 78' lang='lat' dir='ltr'>Dis</span> <span class='ocrx_word' id='word_1_1449' title='bbox 143 3467 155 3501; x_wconf 72' lang='grc'><strong>3</strong></span> <span class='ocrx_word' id='word_1_1450' title='bbox 167 3466 186 3486; x_wconf 92' lang='lat' dir='ltr'><em>O</em></span> <span class='ocrx_word' id='word_1_1451' title='bbox 198 3467 214 3486; x_wconf 90' lang='lat' dir='ltr'>L</span> <span class='ocrx_word' id='word_1_1452' title='bbox 225 3467 308 3503; x_wconf 44' lang='lat' dir='ltr'>V‘RE..</span> <span class='ocrx_word' id='word_1_1453' title='bbox 324 3466 390 3493; x_wconf 85' lang='lat' dir='ltr'>Adu.</span> <span class='ocrx_word' id='word_1_1454' title='bbox 426 3465 583 3502; x_wconf 64' lang='grc' dir='ltr'>[ἀνειμένως]</span> <span class='ocrx_word' id='word_1_1455' title='bbox 621 3467 677 3494; x_wconf 88' lang='lat' dir='ltr'>Cic.</span> <span class='ocrx_word' id='word_1_1456' title='bbox 691 3475 739 3501; x_wconf 83' lang='lat' dir='ltr'>pro</span> <span class='ocrx_word' id='word_1_1457' title='bbox 757 3466 863 3493; x_wconf 88' lang='lat' dir='ltr'>Caecin.</span> <span class='ocrx_word' id='word_1_1458' title='bbox 878 3475 920 3499; x_wconf 85' lang='lat'>103</span> <span class='ocrx_word' id='word_1_1459' title='bbox 940 3476 962 3494; x_wconf 86' lang='lat' dir='ltr'>c.</span> <span class='ocrx_word' id='word_1_1460' title='bbox 974 3469 1005 3500; x_wconf 88' lang='grc'>36</span> <span class='ocrx_word' id='word_1_1461' title='bbox 1025 3468 1068 3494; x_wconf 87' lang='lat' dir='ltr'>Ius</span> 
     </span>
     <span class='ocr_line' id='line_1_145' title="bbox 38 3495 1068 3537; baseline 0.003 -11"><span class='ocrx_word' id='word_1_1462' title='bbox 38 3497 115 3523; x_wconf 86' lang='lat' dir='ltr'>suum</span> <span class='ocrx_word' id='word_1_1463' title='bbox 130 3495 249 3523; x_wconf 72' lang='lat' dir='ltr'>dissolute</span> <span class='ocrx_word' id='word_1_1464' title='bbox 263 3498 417 3534; x_wconf 78' lang='lat' dir='ltr'>relinquere.</span> <span class='ocrx_word' id='word_1_1465' title='bbox 505 3504 633 3529; x_wconf 84' lang='lat' dir='ltr'>Dissolute</span> <span class='ocrx_word' id='word_1_1466' title='bbox 647 3501 770 3529; x_wconf 88' lang='lat' dir='ltr'>iudicatis</span> <span class='ocrx_word' id='word_1_1467' title='bbox 796 3502 852 3529; x_wconf 89' lang='lat' dir='ltr'>Cic.</span> <span class='ocrx_word' id='word_1_1468' title='bbox 871 3502 903 3529; x_wconf 89' lang='lat' dir='ltr'>ad</span> <span class='ocrx_word' id='word_1_1469' title='bbox 918 3504 971 3537; x_wconf 81' lang='lat' dir='ltr'>Qi.</span> <span class='ocrx_word' id='word_1_1470' title='bbox 985 3504 1068 3530; x_wconf 84' lang='lat' dir='ltr'>Fratr.</span> 
     </span>
     <span class='ocr_line' id='line_1_146' title="bbox 38 3530 1069 3573; baseline 0.003 -11"><span class='ocrx_word' id='word_1_1471' title='bbox 38 3541 64 3563; x_wconf 71' lang='lat'>2·</span> <span class='ocrx_word' id='word_1_1472' title='bbox 72 3541 119 3559; x_wconf 48' lang='lat'>¹12.</span> <span class='ocrx_word' id='word_1_1473' title='bbox 183 3530 222 3571; x_wconf 51' lang='lat' dir='ltr'>ld·</span> <span class='ocrx_word' id='word_1_1474' title='bbox 236 3531 269 3558; x_wconf 68' lang='lat' dir='ltr'>ad</span> <span class='ocrx_word' id='word_1_1475' title='bbox 281 3532 351 3572; x_wconf 78' lang='lat' dir='ltr'>Brut.</span> <span class='ocrx_word' id='word_1_1476' title='bbox 362 3545 381 3569; x_wconf 82' lang='lat'>4</span> <span class='ocrx_word' id='word_1_1477' title='bbox 398 3535 493 3572; x_wconf 87' lang='lat' dir='ltr'>Neque</span> <span class='ocrx_word' id='word_1_1478' title='bbox 505 3538 647 3565; x_wconf 89' lang='lat' dir='ltr'>crudeliter</span> <span class='ocrx_word' id='word_1_1479' title='bbox 660 3537 805 3573; x_wconf 88' lang='lat' dir='ltr'>quidquam</span> <span class='ocrx_word' id='word_1_1480' title='bbox 818 3538 1010 3573; x_wconf 88' lang='lat' dir='ltr'>eripui,neque</span> <span class='ocrx_word' id='word_1_1481' title='bbox 1019 3538 1069 3565; x_wconf 91' lang='lat' dir='ltr'>dis-</span> 
     </span>
     <span class='ocr_line' id='line_1_147' title="bbox 38 3566 1068 3609; baseline 0.004 -14"><span class='ocrx_word' id='word_1_1482' title='bbox 38 3567 123 3594; x_wconf 86' lang='lat' dir='ltr'>solute</span> <span class='ocrx_word' id='word_1_1483' title='bbox 130 3566 228 3594; x_wconf 84' lang='lat' dir='ltr'>remifi.</span> <span class='ocrx_word' id='word_1_1484' title='bbox 298 3567 419 3598; x_wconf 81' lang='lat' dir='ltr'>Dissohite</span> <span class='ocrx_word' id='word_1_1485' title='bbox 432 3573 561 3606; x_wconf 86' lang='lat' dir='ltr'>vendere,</span> <span class='ocrx_word' id='word_1_1486' title='bbox 579 3576 620 3601; x_wconf 86' lang='lat' dir='ltr'>cui</span> <span class='ocrx_word' id='word_1_1487' title='bbox 632 3575 775 3608; x_wconf 85' lang='lat' dir='ltr'>Perinagno</span> <span class='ocrx_word' id='word_1_1488' title='bbox 789 3574 904 3600; x_wconf 85' lang='lat' dir='ltr'>vendere</span> <span class='ocrx_word' id='word_1_1489' title='bbox 919 3577 1051 3609; x_wconf 74' lang='lat' dir='ltr'>opponitur</span> <span class='ocrx_word' id='word_1_1490' title='bbox 1060 3584 1068 3599; x_wconf 89' lang='lat'>.-</span> 
     </span>
    </p>
   </div>
   <div class='ocr_carea' id='block_1_20' title="bbox 38 3603 1748 3648">
    <p class='ocr_par' dir='ltr' id='par_1_29' title="bbox 38 3603 1748 3648">
     <span class='ocr_line' id='line_1_148' title="bbox 38 3603 1748 3648; baseline -0.001 -14"><span class='ocrx_word' id='word_1_1491' title='bbox 38 3603 95 3636; x_wconf 69' lang='lat' dir='ltr'>,Cic-</span> <span class='ocrx_word' id='word_1_1492' title='bbox 107 3604 183 3629; x_wconf 68' lang='lat' dir='ltr'><strong>Verr·</strong></span> <span class='ocrx_word' id='word_1_1493' title='bbox 198 3611 221 3635; x_wconf 78' lang='lat'>3,</span> <span class='ocrx_word' id='word_1_1494' title='bbox 233 3610 268 3636; x_wconf 86' lang='lat'>90</span> <span class='ocrx_word' id='word_1_1495' title='bbox 282 3611 303 3628; x_wconf 69' lang='lat'>⁰·</span> <span class='ocrx_word' id='word_1_1496' title='bbox 319 3611 347 3635; x_wconf 80' lang='lat'>39</span> <span class='ocrx_word' id='word_1_1497' title='bbox 365 3605 434 3633; x_wconf 83' lang='lat' dir='ltr'>Itane</span> <span class='ocrx_word' id='word_1_1498' title='bbox 448 3608 565 3636; x_wconf 84' lang='lat' dir='ltr'>dissolute</span> <span class='ocrx_word' id='word_1_1499' title='bbox 578 3610 698 3636; x_wconf 85' lang='lat' dir='ltr'>decumas</span> <span class='ocrx_word' id='word_1_1500' title='bbox 709 3609 861 3641; x_wconf 88' lang='lat' dir='ltr'>vendidisti,</span> <span class='ocrx_word' id='word_1_1501' title='bbox 875 3615 903 3636; x_wconf 90' lang='lat' dir='ltr'>vt</span> <span class='ocrx_word' id='word_1_1502' title='bbox 916 3619 1008 3644; x_wconf 83' lang='lat' dir='ltr'>quum,</span> <span class='ocrx_word' id='word_1_1503' title='bbox 1021 3616 1067 3635; x_wconf 75' lang='lat' dir='ltr'>etc.</span> <span class='ocrx_word' id='word_1_1504' title='bbox 1082 3616 1116 3643; x_wconf 78' lang='lat'>95</span> <span class='ocrx_word' id='word_1_1505' title='bbox 1137 3608 1247 3648; x_wconf 84' lang='lat' dir='ltr'>suendae</span> <span class='ocrx_word' id='word_1_1506' title='bbox 1264 3608 1362 3642; x_wconf 81' lang='lat' dir='ltr'>magis,</span> <span class='ocrx_word' id='word_1_1507' title='bbox 1392 3617 1472 3642; x_wconf 85' lang='lat' dir='ltr'>quam</span> <span class='ocrx_word' id='word_1_1508' title='bbox 1486 3606 1668 3633; x_wconf 86' lang='lat' dir='ltr'>discindendae</span> <span class='ocrx_word' id='word_1_1509' title='bbox 1682 3605 1748 3632; x_wconf 88' lang='lat' dir='ltr'>sunt.</span> 
     </span>
    </p>
   </div>
   <div class='ocr_carea' id='block_1_21' title="bbox 37 3637 1067 3750">
    <p class='ocr_par' dir='ltr' id='par_1_30' title="bbox 37 3637 1067 3750">
     <span class='ocr_line' id='line_1_149' title="bbox 37 3637 1067 3680; baseline -0.001 -9"><span class='ocrx_word' id='word_1_1510' title='bbox 37 3638 77 3666; x_wconf 78' lang='lat' dir='ltr'>Id·</span> <span class='ocrx_word' id='word_1_1511' title='bbox 89 3637 200 3673; x_wconf 74' lang='lat' dir='ltr'>PhffiPP·</span> <span class='ocrx_word' id='word_1_1512' title='bbox 213 3641 240 3678; x_wconf 58' lang='lat'>,62</span> <span class='ocrx_word' id='word_1_1513' title='bbox 253 3645 269 3671; x_wconf 90' lang='grc'>7</span> <span class='ocrx_word' id='word_1_1514' title='bbox 290 3638 340 3678; x_wconf 53' lang='lat' dir='ltr'>Re}</span> <span class='ocrx_word' id='word_1_1515' title='bbox 354 3639 421 3680; x_wconf 63' lang='lat' dir='ltr'>enin}</span> <span class='ocrx_word' id='word_1_1516' title='bbox 434 3651 464 3669; x_wconf 75' lang='lat' dir='ltr'>ex</span> <span class='ocrx_word' id='word_1_1517' title='bbox 476 3644 533 3671; x_wconf 85' lang='lat' dir='ltr'>Kal.</span> <span class='ocrx_word' id='word_1_1518' title='bbox 545 3646 648 3672; x_wconf 83' lang='lat' dir='ltr'>Ianuar.</span> <span class='ocrx_word' id='word_1_1519' title='bbox 662 3645 775 3679; x_wconf 84' lang='lat' dir='ltr'>agitata,</span> <span class='ocrx_word' id='word_1_1520' title='bbox 791 3645 879 3679; x_wconf 89' lang='lat' dir='ltr'>paullo</span> <span class='ocrx_word' id='word_1_1521' title='bbox 900 3652 960 3672; x_wconf 87' lang='lat' dir='ltr'>ante</span> <span class='ocrx_word' id='word_1_1522' title='bbox 977 3645 1067 3671; x_wconf 84' lang='lat' dir='ltr'>confe-</span> 
     </span>
     <span class='ocr_line' id='line_1_150' title="bbox 38 3673 1066 3715; baseline 0.01 -18"><span class='ocrx_word' id='word_1_1523' title='bbox 38 3673 128 3715; x_wconf 36' lang='lat' dir='ltr'>e&#39;ta&#39;est</span> <span class='ocrx_word' id='word_1_1524' title='bbox 143 3684 148 3699; x_wconf 89' lang='lat'>:</span> <span class='ocrx_word' id='word_1_1525' title='bbox 182 3682 269 3700; x_wconf 81' lang='lat' dir='ltr'>nunus</span> <span class='ocrx_word' id='word_1_1526' title='bbox 283 3673 393 3714; x_wconf 78' lang='lat' dir='ltr'>quidem</span> <span class='ocrx_word' id='word_1_1527' title='bbox 406 3675 450 3703; x_wconf 79' lang='lat' dir='ltr'>illa</span> <span class='ocrx_word' id='word_1_1528' title='bbox 462 3679 548 3706; x_wconf 86' lang='lat' dir='ltr'>seuere</span> <span class='ocrx_word' id='word_1_1529' title='bbox 561 3690 640 3715; x_wconf 90' lang='lat' dir='ltr'>quam</span> <span class='ocrx_word' id='word_1_1530' title='bbox 653 3680 741 3707; x_wconf 89' lang='lat' dir='ltr'>decuit</span> <span class='ocrx_word' id='word_1_1531' title='bbox 753 3700 762 3713; x_wconf 89' lang='lat'>‚</span> <span class='ocrx_word' id='word_1_1532' title='bbox 783 3689 838 3706; x_wconf 90' lang='lat' dir='ltr'>non</span> <span class='ocrx_word' id='word_1_1533' title='bbox 857 3686 943 3707; x_wconf 82' lang='lat' dir='ltr'>tamen</span> <span class='ocrx_word' id='word_1_1534' title='bbox 955 3680 1066 3707; x_wconf 89' lang='lat' dir='ltr'>omniuo</span> 
     </span>
     <span class='ocr_line' id='line_1_151' title="bbox 38 3708 1067 3750; baseline 0 -9"><span class='ocrx_word' id='word_1_1535' title='bbox 38 3708 166 3736; x_wconf 68' lang='lat' dir='ltr'>dlssOlute·</span> <span class='ocrx_word' id='word_1_1536' title='bbox 258 3709 313 3735; x_wconf 63' lang='lat' dir='ltr'>Cle·</span> <span class='ocrx_word' id='word_1_1537' title='bbox 326 3710 402 3736; x_wconf 65' lang='lat' dir='ltr'>verr·</span> <span class='ocrx_word' id='word_1_1538' title='bbox 415 3719 480 3744; x_wconf 66' lang='lat'>5519</span> <span class='ocrx_word' id='word_1_1539' title='bbox 511 3714 578 3742; x_wconf 84' lang='lat' dir='ltr'>Non</span> <span class='ocrx_word' id='word_1_1540' title='bbox 596 3725 670 3750; x_wconf 86' lang='lat' dir='ltr'>agam</span> <span class='ocrx_word' id='word_1_1541' title='bbox 689 3722 742 3742; x_wconf 87' lang='lat' dir='ltr'>tam</span> <span class='ocrx_word' id='word_1_1542' title='bbox 754 3716 864 3748; x_wconf 87' lang='lat' dir='ltr'>acerbe,</span> <span class='ocrx_word' id='word_1_1543' title='bbox 879 3725 933 3742; x_wconf 90' lang='lat' dir='ltr'>non</span> <span class='ocrx_word' id='word_1_1544' title='bbox 948 3722 1006 3742; x_wconf 92' lang='lat' dir='ltr'>vtar</span> <span class='ocrx_word' id='word_1_1545' title='bbox 1019 3715 1067 3742; x_wconf 86' lang='lat' dir='ltr'>ista</span> 
     </span>
    </p>
   </div>
   <div class='ocr_carea' id='block_1_22' title="bbox 38 3743 1067 3806">
    <p class='ocr_par' dir='ltr' id='par_1_31' title="bbox 38 3743 1067 3806">
     <span class='ocr_line' id='line_1_152' title="bbox 38 3743 1067 3784; baseline 0.006 -13"><span class='ocrx_word' id='word_1_1546' title='bbox 38 3743 196 3784; x_wconf 72' lang='lat' dir='ltr'>accusatoria</span> <span class='ocrx_word' id='word_1_1547' title='bbox 218 3744 426 3784; x_wconf 59' lang='lat' dir='ltr'>consuetudine,</span> <span class='ocrx_word' id='word_1_1548' title='bbox 442 3746 460 3772; x_wconf 80' lang='lat' dir='ltr'><strong>fi</strong></span> <span class='ocrx_word' id='word_1_1549' title='bbox 482 3749 545 3781; x_wconf 85' lang='lat' dir='ltr'>quid</span> <span class='ocrx_word' id='word_1_1550' title='bbox 564 3751 600 3778; x_wconf 87' lang='lat' dir='ltr'>est</span> <span class='ocrx_word' id='word_1_1551' title='bbox 613 3751 713 3778; x_wconf 57' lang='lat' dir='ltr'>facium</span> <span class='ocrx_word' id='word_1_1552' title='bbox 731 3752 883 3783; x_wconf 78' lang='lat' dir='ltr'>clementer,</span> <span class='ocrx_word' id='word_1_1553' title='bbox 904 3757 933 3777; x_wconf 87' lang='lat' dir='ltr'>vt</span> <span class='ocrx_word' id='word_1_1554' title='bbox 946 3751 1067 3777; x_wconf 82' lang='lat' dir='ltr'>dissolute</span> 
     </span>
     <span class='ocr_line' id='line_1_153' title="bbox 38 3779 283 3806; baseline 0 0"><span class='ocrx_word' id='word_1_1555' title='bbox 38 3779 137 3806; x_wconf 61' lang='lat' dir='ltr'>factum</span> <span class='ocrx_word' id='word_1_1556' title='bbox 149 3788 283 3806; x_wconf 89' lang='lat' dir='ltr'>criminer.</span> 
     </span>
    </p>
   </div>
   <div class='ocr_carea' id='block_1_23' title="bbox 37 3813 1068 4020">
    <p class='ocr_par' dir='ltr' id='par_1_32' title="bbox 39 3813 862 3850">
     <span class='ocr_line' id='line_1_154' title="bbox 39 3813 862 3850; baseline 0.01 -10"><span class='ocrx_word' id='word_1_1557' title='bbox 39 3813 157 3842; x_wconf 80' lang='lat' dir='ltr'>dissolute</span> <span class='ocrx_word' id='word_1_1558' title='bbox 170 3815 244 3849; x_wconf 85' lang='lat' dir='ltr'>plura</span> <span class='ocrx_word' id='word_1_1559' title='bbox 259 3815 398 3848; x_wconf 85' lang='lat' dir='ltr'>dicuntur,</span> <span class='ocrx_word' id='word_1_1560' title='bbox 417 3814 551 3844; x_wconf 59' lang='grc' dir='ltr'>οἰσπδέτως.</span> <span class='ocrx_word' id='word_1_1561' title='bbox 589 3821 647 3848; x_wconf 76' lang='lat' dir='ltr'>Vid.</span> <span class='ocrx_word' id='word_1_1562' title='bbox 664 3829 862 3850; x_wconf 69' lang='lat' dir='ltr'>DisSOLvrio.</span> 
     </span>
    </p>

    <p class='ocr_par' dir='ltr' id='par_1_33' title="bbox 37 3849 1068 4020">
     <span class='ocr_line' id='line_1_155' title="bbox 74 3849 1068 3893; baseline 0.008 -17"><span class='ocrx_word' id='word_1_1563' title='bbox 74 3855 94 3875; x_wconf 81' lang='lat' dir='ltr'>D</span> <span class='ocrx_word' id='word_1_1564' title='bbox 102 3856 111 3874; x_wconf 93' lang='lat'>1</span> <span class='ocrx_word' id='word_1_1565' title='bbox 120 3857 132 3876; x_wconf 88' lang='lat' dir='ltr'>S</span> <span class='ocrx_word' id='word_1_1566' title='bbox 139 3856 152 3876; x_wconf 88' lang='lat' dir='ltr'>S</span> <span class='ocrx_word' id='word_1_1567' title='bbox 160 3857 179 3877; x_wconf 92' lang='lat'>0</span> <span class='ocrx_word' id='word_1_1568' title='bbox 188 3858 204 3877; x_wconf 87' lang='lat' dir='ltr'>L</span> <span class='ocrx_word' id='word_1_1569' title='bbox 212 3857 232 3877; x_wconf 93' lang='lat' dir='ltr'>V</span> <span class='ocrx_word' id='word_1_1570' title='bbox 240 3857 262 3877; x_wconf 91' lang='lat' dir='ltr'>T</span> <span class='ocrx_word' id='word_1_1571' title='bbox 270 3858 280 3877; x_wconf 88' lang='lat'>1</span> <span class='ocrx_word' id='word_1_1572' title='bbox 292 3856 311 3877; x_wconf 96' lang='lat' dir='ltr'>O</span> <span class='ocrx_word' id='word_1_1573' title='bbox 320 3870 327 3882; x_wconf 85' lang='lat'>,</span> <span class='ocrx_word' id='word_1_1574' title='bbox 341 3851 411 3892; x_wconf 60' lang='grc'><strong>61115.</strong></span> <span class='ocrx_word' id='word_1_1575' title='bbox 431 3852 450 3877; x_wconf 84' lang='lat' dir='ltr'>f.</span> <span class='ocrx_word' id='word_1_1576' title='bbox 486 3849 623 3888; x_wconf 53' lang='grc' dir='ltr'>[διάλυσιῃ</span> <span class='ocrx_word' id='word_1_1577' title='bbox 638 3857 770 3884; x_wconf 66' lang='grc' dir='ltr'><strong><em>κατάλυσις</em></strong></span> <span class='ocrx_word' id='word_1_1578' title='bbox 777 3878 785 3890; x_wconf 82' lang='lat'>‚</span> <span class='ocrx_word' id='word_1_1579' title='bbox 801 3857 956 3893; x_wconf 74' lang='grc' dir='ltr'>πκροῖλυσις]</span> <span class='ocrx_word' id='word_1_1580' title='bbox 992 3858 1068 3884; x_wconf 75' lang='lat' dir='ltr'>Cuius</span> 
     </span>
     <span class='ocr_line' id='line_1_156' title="bbox 37 3883 1068 3928; baseline 0.011 -20"><span class='ocrx_word' id='word_1_1581' title='bbox 37 3890 186 3924; x_wconf 49' lang='lat' dir='ltr'>eontrarium</span> <span class='ocrx_word' id='word_1_1582' title='bbox 193 3883 225 3918; x_wconf 66' lang='lat' dir='ltr'>est</span> <span class='ocrx_word' id='word_1_1583' title='bbox 232 3886 401 3914; x_wconf 73' lang='lat' dir='ltr'>Coniunc‘iio.</span> <span class='ocrx_word' id='word_1_1584' title='bbox 430 3887 533 3913; x_wconf 80' lang='lat' dir='ltr'>Eandem</span> <span class='ocrx_word' id='word_1_1585' title='bbox 541 3892 681 3917; x_wconf 82' lang='lat' dir='ltr'>varietatem</span> <span class='ocrx_word' id='word_1_1586' title='bbox 687 3902 757 3928; x_wconf 84' lang='lat' dir='ltr'>quam</span> <span class='ocrx_word' id='word_1_1587' title='bbox 769 3893 870 3919; x_wconf 80' lang='lat' dir='ltr'>Verbum</span> <span class='ocrx_word' id='word_1_1588' title='bbox 879 3897 977 3928; x_wconf 76' lang='lat' dir='ltr'>recipit.</span> <span class='ocrx_word' id='word_1_1589' title='bbox 1012 3895 1068 3921; x_wconf 89' lang='lat' dir='ltr'>Cic.</span> 
     </span>
     <span class='ocr_line' id='line_1_157' title="bbox 38 3918 1066 3964; baseline 0.011 -19"><span class='ocrx_word' id='word_1_1590' title='bbox 38 3927 68 3947; x_wconf 79' lang='lat' dir='ltr'>iu</span> <span class='ocrx_word' id='word_1_1591' title='bbox 80 3918 167 3946; x_wconf 82' lang='lat' dir='ltr'>Partit.</span> <span class='ocrx_word' id='word_1_1592' title='bbox 181 3929 208 3961; x_wconf 80' lang='lat'>²¹.</span> <span class='ocrx_word' id='word_1_1593' title='bbox 225 3922 445 3957; x_wconf 71' lang='lat' dir='ltr'>Construffioque</span> <span class='ocrx_word' id='word_1_1594' title='bbox 459 3922 603 3950; x_wconf 88' lang='lat' dir='ltr'>verborum</span> <span class='ocrx_word' id='word_1_1595' title='bbox 611 3944 620 3957; x_wconf 97' lang='lat'>,</span> <span class='ocrx_word' id='word_1_1596' title='bbox 638 3931 693 3952; x_wconf 88' lang='lat' dir='ltr'>tum</span> <span class='ocrx_word' id='word_1_1597' title='bbox 711 3928 943 3955; x_wconf 72' lang='lat' dir='ltr'>coniunffionibus</span> <span class='ocrx_word' id='word_1_1598' title='bbox 962 3930 1066 3964; x_wconf 86' lang='lat' dir='ltr'>copule-</span> 
     </span>
     <span class='ocr_line' id='line_1_158' title="bbox 37 3955 547 4020; baseline 0.012 -40"><span class='ocrx_word' id='word_1_1599' title='bbox 37 3959 98 3988; x_wconf 82' lang='lat' dir='ltr'>tur,</span> <span class='ocrx_word' id='word_1_1600' title='bbox 115 3960 171 3982; x_wconf 86' lang='lat' dir='ltr'>tum</span> <span class='ocrx_word' id='word_1_1601' title='bbox 183 3955 394 4020; x_wconf 68' lang='lat' dir='ltr'>dissolutiqnibus</span> <span class='ocrx_word' id='word_1_1602' title='bbox 408 3958 547 3989; x_wconf 75' lang='lat' dir='ltr'>relaxetur.</span> 
     </span>
    </p>

    <p class='ocr_par' dir='ltr' id='par_1_34' title="bbox 189 3994 346 4020">
     <span class='ocr_line' id='line_1_159' title="bbox 189 3994 346 4020; baseline 0.025 -4"><span class='ocrx_word' id='word_1_1603' title='bbox 189 3996 210 4016; x_wconf 93' lang='lat' dir='ltr'>v</span> <span class='ocrx_word' id='word_1_1604' title='bbox 217 3998 236 4019; x_wconf 94' lang='lat' dir='ltr'>o</span> <span class='ocrx_word' id='word_1_1605' title='bbox 244 3999 270 4019; x_wconf 87' lang='lat' dir='ltr'>L.</span> <span class='ocrx_word' id='word_1_1606' title='bbox 325 3994 346 4020; x_wconf 89' lang='lat'>1.</span> 
     </span>
    </p>
   </div>
   <div class='ocr_carea' id='block_1_24' title="bbox 1094 2014 1415 2055">
    <p class='ocr_par' dir='ltr' id='par_1_35' title="bbox 1094 2014 1415 2055">
     <span class='ocr_line' id='line_1_160' title="bbox 1094 2014 1415 2055; baseline 0.003 -15"><span class='ocrx_word' id='word_1_1607' title='bbox 1094 2028 1125 2055; x_wconf 82' lang='lat'>50</span> <span class='ocrx_word' id='word_1_1608' title='bbox 1139 2014 1243 2040; x_wconf 86' lang='lat' dir='ltr'>riorum</span> <span class='ocrx_word' id='word_1_1609' title='bbox 1263 2022 1415 2049; x_wconf 90' lang='lat' dir='ltr'>corporum.</span> 
     </span>
    </p>
   </div>
   <div class='ocr_carea' id='block_1_25' title="bbox 262 2543 1202 2583">
    <p class='ocr_par' dir='ltr' id='par_1_36' title="bbox 262 2543 1202 2583">
     <span class='ocr_line' id='line_1_161' title="bbox 262 2543 1202 2583; baseline -0.001 -9"><span class='ocrx_word' id='word_1_1610' title='bbox 262 2548 320 2574; x_wconf 89' lang='lat' dir='ltr'>Cic.</span> <span class='ocrx_word' id='word_1_1611' title='bbox 331 2556 380 2582; x_wconf 88' lang='lat' dir='ltr'>pro</span> <span class='ocrx_word' id='word_1_1612' title='bbox 395 2547 503 2574; x_wconf 85' lang='lat' dir='ltr'>Caecin.</span> <span class='ocrx_word' id='word_1_1613' title='bbox 515 2555 533 2581; x_wconf 91' lang='lat'>7</span> <span class='ocrx_word' id='word_1_1614' title='bbox 552 2547 634 2580; x_wconf 83' lang='lat' dir='ltr'>Qiod</span> <span class='ocrx_word' id='word_1_1615' title='bbox 646 2547 683 2573; x_wconf 90' lang='lat' dir='ltr'>est</span> <span class='ocrx_word' id='word_1_1616' title='bbox 696 2548 818 2581; x_wconf 84' lang='lat' dir='ltr'>grauius,</span> <span class='ocrx_word' id='word_1_1617' title='bbox 836 2552 862 2573; x_wconf 91' lang='lat' dir='ltr'>et</span> <span class='ocrx_word' id='word_1_1618' title='bbox 875 2547 947 2573; x_wconf 89' lang='lat' dir='ltr'>cuius</span> <span class='ocrx_word' id='word_1_1619' title='bbox 959 2547 999 2574; x_wconf 89' lang='lat' dir='ltr'>rei</span> <span class='ocrx_word' id='word_1_1620' title='bbox 1013 2555 1072 2574; x_wconf 85' lang='lat' dir='ltr'>cau-</span> <span class='ocrx_word' id='word_1_1621' title='bbox 1092 2552 1123 2583; x_wconf 81' lang='lat'>65</span> <span class='ocrx_word' id='word_1_1622' title='bbox 1139 2543 1183 2570; x_wconf 86' lang='lat' dir='ltr'>det</span> <span class='ocrx_word' id='word_1_1623' title='bbox 1197 2555 1202 2570; x_wconf 70' lang='grc' dir='ltr'><em>τ</em></span> 
     </span>
    </p>
   </div>
   <div class='ocr_carea' id='block_1_26' title="bbox 385 3073 1519 3110">
    <p class='ocr_par' dir='ltr' id='par_1_37' title="bbox 385 3073 1519 3110">
     <span class='ocr_line' id='line_1_162' title="bbox 385 3073 1519 3110; baseline -0.004 -8"><span class='ocrx_word' id='word_1_1624' title='bbox 385 3075 515 3109; x_wconf 73' lang='lat' dir='ltr'>Qiinffll.</span> <span class='ocrx_word' id='word_1_1625' title='bbox 529 3077 554 3105; x_wconf 88' lang='lat'>6,</span> <span class='ocrx_word' id='word_1_1626' title='bbox 568 3084 591 3107; x_wconf 82' lang='grc'><strong>3,</strong></span> <span class='ocrx_word' id='word_1_1627' title='bbox 606 3084 635 3101; x_wconf 89' lang='grc'>10</span> <span class='ocrx_word' id='word_1_1628' title='bbox 650 3074 737 3110; x_wconf 85' lang='lat' dir='ltr'>anue</span> <span class='ocrx_word' id='word_1_1629' title='bbox 749 3074 899 3101; x_wconf 84' lang='lat' dir='ltr'>vrbanitate</span> <span class='ocrx_word' id='word_1_1630' title='bbox 912 3082 966 3102; x_wconf 88' lang='lat' dir='ltr'>tota</span> <span class='ocrx_word' id='word_1_1631' title='bbox 981 3076 1017 3103; x_wconf 87' lang='lat' dir='ltr'>est</span> <span class='ocrx_word' id='word_1_1632' title='bbox 1031 3077 1070 3102; x_wconf 87' lang='lat' dir='ltr'>in·</span> <span class='ocrx_word' id='word_1_1633' title='bbox 1091 3083 1123 3110; x_wconf 80' lang='lat'>80</span> <span class='ocrx_word' id='word_1_1634' title='bbox 1139 3074 1227 3101; x_wconf 86' lang='lat' dir='ltr'>suasor</span> <span class='ocrx_word' id='word_1_1635' title='bbox 1242 3073 1303 3099; x_wconf 87' lang='lat' dir='ltr'>iusti</span> <span class='ocrx_word' id='word_1_1636' title='bbox 1322 3073 1416 3099; x_wconf 83' lang='lat' dir='ltr'>Lucan.</span> <span class='ocrx_word' id='word_1_1637' title='bbox 1425 3082 1453 3106; x_wconf 89' lang='lat'>4,</span> <span class='ocrx_word' id='word_1_1638' title='bbox 1460 3078 1519 3107; x_wconf 87' lang='lat'>248.</span> 
     </span>
    </p>
   </div>
   <div class='ocr_carea' id='block_1_27' title="bbox 772 3254 1114 3292">
    <p class='ocr_par' dir='ltr' id='par_1_38' title="bbox 772 3254 1114 3292">
     <span class='ocr_line' id='line_1_163' title="bbox 772 3254 1114 3292; baseline 0.006 -14"><span class='ocrx_word' id='word_1_1639' title='bbox 772 3255 802 3279; x_wconf 78' lang='grc' dir='ltr'>Ει</span> <span class='ocrx_word' id='word_1_1640' title='bbox 818 3261 863 3285; x_wconf 86' lang='lat'>129</span> <span class='ocrx_word' id='word_1_1641' title='bbox 871 3256 929 3286; x_wconf 60' lang='lat'>056</span> <span class='ocrx_word' id='word_1_1642' title='bbox 949 3254 1067 3280; x_wconf 76' lang='lat' dir='ltr'>Tametfi</span> <span class='ocrx_word' id='word_1_1643' title='bbox 1083 3263 1114 3292; x_wconf 76' lang='lat'>85</span> 
     </span>
    </p>
   </div>
   <div class='ocr_carea' id='block_1_28' title="bbox 617 3958 1226 4004">
    <p class='ocr_par' dir='ltr' id='par_1_39' title="bbox 617 3958 1226 4004">
     <span class='ocr_line' id='line_1_164' title="bbox 617 3958 1226 4004; baseline 0.01 -18"><span class='ocrx_word' id='word_1_1644' title='bbox 617 3958 658 3993; x_wconf 78' lang='lat' dir='ltr'>Est</span> <span class='ocrx_word' id='word_1_1645' title='bbox 668 3963 746 3998; x_wconf 76' lang='lat' dir='ltr'>igitur</span> <span class='ocrx_word' id='word_1_1646' title='bbox 759 3964 900 3991; x_wconf 83' lang='lat' dir='ltr'>Difl&#39;olutio</span> <span class='ocrx_word' id='word_1_1647' title='bbox 913 3965 954 3992; x_wconf 83' lang='lat' dir='ltr'>bic</span> <span class='ocrx_word' id='word_1_1648' title='bbox 972 3962 1065 4004; x_wconf 58' lang='grc' dir='ltr'>ᾅσύνὲε-</span> <span class='ocrx_word' id='word_1_1649' title='bbox 1081 3970 1124 3998; x_wconf 79' lang='lat'>105</span> <span class='ocrx_word' id='word_1_1650' title='bbox 1135 3963 1226 3998; x_wconf 80' lang='lat' dir='ltr'>fipare.</span> 
     </span>
    </p>
   </div>
   <div class='ocr_carea' id='block_1_29' title="bbox 1140 1875 2184 2016">
    <p class='ocr_par' dir='ltr' id='par_1_40' title="bbox 1140 1875 2184 2016">
     <span class='ocr_line' id='line_1_165' title="bbox 1175 1875 2184 1914; baseline 0.011 -16"><span class='ocrx_word' id='word_1_1651' title='bbox 1175 1879 1194 1898; x_wconf 93' lang='lat' dir='ltr'><strong>D</strong></span> <span class='ocrx_word' id='word_1_1652' title='bbox 1204 1880 1214 1899; x_wconf 93' lang='lat'>1</span> <span class='ocrx_word' id='word_1_1653' title='bbox 1223 1881 1235 1899; x_wconf 91' lang='lat' dir='ltr'>s</span> <span class='ocrx_word' id='word_1_1654' title='bbox 1245 1881 1257 1899; x_wconf 89' lang='lat' dir='ltr'>s</span> <span class='ocrx_word' id='word_1_1655' title='bbox 1266 1880 1284 1900; x_wconf 93' lang='grc'><strong>0</strong></span> <span class='ocrx_word' id='word_1_1656' title='bbox 1293 1881 1314 1900; x_wconf 83' lang='lat' dir='ltr'>N</span> <span class='ocrx_word' id='word_1_1657' title='bbox 1324 1881 1347 1901; x_wconf 84' lang='lat' dir='ltr'>A</span> <span class='ocrx_word' id='word_1_1658' title='bbox 1355 1882 1377 1901; x_wconf 87' lang='lat' dir='ltr'>N</span> <span class='ocrx_word' id='word_1_1659' title='bbox 1385 1882 1406 1902; x_wconf 91' lang='lat' dir='ltr'>T</span> <span class='ocrx_word' id='word_1_1660' title='bbox 1417 1882 1426 1901; x_wconf 89' lang='lat'>1</span> <span class='ocrx_word' id='word_1_1661' title='bbox 1435 1882 1457 1902; x_wconf 83' lang='lat' dir='ltr'>A</span> <span class='ocrx_word' id='word_1_1662' title='bbox 1465 1894 1472 1906; x_wconf 92' lang='lat'>‚</span> <span class='ocrx_word' id='word_1_1663' title='bbox 1493 1884 1531 1902; x_wconf 88' lang='lat' dir='ltr'>ae.</span> <span class='ocrx_word' id='word_1_1664' title='bbox 1552 1875 1572 1901; x_wconf 84' lang='lat' dir='ltr'>f.</span> <span class='ocrx_word' id='word_1_1665' title='bbox 1609 1875 1793 1911; x_wconf 77' lang='lat' dir='ltr'>Discrepamia.</span> <span class='ocrx_word' id='word_1_1666' title='bbox 1818 1877 1929 1905; x_wconf 86' lang='lat' dir='ltr'>Hieron.</span> <span class='ocrx_word' id='word_1_1667' title='bbox 1943 1877 1976 1905; x_wconf 82' lang='lat' dir='ltr'>de</span> <span class='ocrx_word' id='word_1_1668' title='bbox 1989 1879 2080 1914; x_wconf 82' lang='lat' dir='ltr'>Script.</span> <span class='ocrx_word' id='word_1_1669' title='bbox 2089 1882 2184 1910; x_wconf 80' lang='lat' dir='ltr'>Eccl-es.</span> 
     </span>
     <span class='ocr_line' id='line_1_166' title="bbox 1140 1909 2184 1951; baseline 0.01 -17"><span class='ocrx_word' id='word_1_1670' title='bbox 1140 1910 1168 1934; x_wconf 82' lang='lat' dir='ltr'>in</span> <span class='ocrx_word' id='word_1_1671' title='bbox 1184 1909 1261 1935; x_wconf 81' lang='lat' dir='ltr'>Petro</span> <span class='ocrx_word' id='word_1_1672' title='bbox 1275 1919 1280 1934; x_wconf 73' lang='grc' dir='ltr'>ε</span> <span class='ocrx_word' id='word_1_1673' title='bbox 1316 1910 1426 1945; x_wconf 87' lang='lat' dir='ltr'>Propter</span> <span class='ocrx_word' id='word_1_1674' title='bbox 1440 1910 1493 1937; x_wconf 89' lang='lat' dir='ltr'>stili</span> <span class='ocrx_word' id='word_1_1675' title='bbox 1507 1911 1697 1937; x_wconf 81' lang='lat' dir='ltr'>dissonantiam.</span> <span class='ocrx_word' id='word_1_1676' title='bbox 1760 1913 1792 1937; x_wconf 81' lang='lat' dir='ltr'>Et</span> <span class='ocrx_word' id='word_1_1677' title='bbox 1804 1915 1830 1937; x_wconf 85' lang='lat' dir='ltr'>in</span> <span class='ocrx_word' id='word_1_1678' title='bbox 1842 1913 1933 1939; x_wconf 84' lang='lat' dir='ltr'>Paullo</span> <span class='ocrx_word' id='word_1_1679' title='bbox 1947 1924 1952 1940; x_wconf 75' lang='grc' dir='ltr'><strong><em>ε</em></strong></span> <span class='ocrx_word' id='word_1_1680' title='bbox 1988 1916 2102 1949; x_wconf 90' lang='lat' dir='ltr'>Epistola</span> <span class='ocrx_word' id='word_1_1681' title='bbox 2115 1914 2184 1951; x_wconf 79' lang='lat' dir='ltr'>quae</span> 
     </span>
     <span class='ocr_line' id='line_1_167' title="bbox 1140 1943 2184 1985; baseline 0.011 -16"><span class='ocrx_word' id='word_1_1682' title='bbox 1140 1945 1227 1983; x_wconf 78' lang='lat' dir='ltr'>fertur</span> <span class='ocrx_word' id='word_1_1683' title='bbox 1238 1943 1270 1970; x_wconf 91' lang='lat' dir='ltr'>ad</span> <span class='ocrx_word' id='word_1_1684' title='bbox 1284 1944 1437 1978; x_wconf 85' lang='lat' dir='ltr'>Hebraeos,</span> <span class='ocrx_word' id='word_1_1685' title='bbox 1456 1955 1510 1972; x_wconf 90' lang='lat' dir='ltr'>non</span> <span class='ocrx_word' id='word_1_1686' title='bbox 1524 1946 1580 1971; x_wconf 81' lang='lat' dir='ltr'>eius</span> <span class='ocrx_word' id='word_1_1687' title='bbox 1593 1946 1709 1972; x_wconf 87' lang='lat' dir='ltr'>ereditur</span> <span class='ocrx_word' id='word_1_1688' title='bbox 1721 1952 1829 1981; x_wconf 86' lang='lat' dir='ltr'>propter</span> <span class='ocrx_word' id='word_1_1689' title='bbox 1841 1946 1897 1974; x_wconf 89' lang='lat' dir='ltr'>stili</span> <span class='ocrx_word' id='word_1_1690' title='bbox 1909 1949 2090 1985; x_wconf 86' lang='lat' dir='ltr'>sermonisque</span> <span class='ocrx_word' id='word_1_1691' title='bbox 2107 1953 2184 1980; x_wconf 82' lang='lat' dir='ltr'>diffo-</span> 
     </span>
     <span class='ocr_line' id='line_1_168' title="bbox 1140 1979 2184 2016; baseline 0.011 -12"><span class='ocrx_word' id='word_1_1692' title='bbox 1140 1985 1266 2005; x_wconf 84' lang='lat' dir='ltr'>nantiam.</span> <span class='ocrx_word' id='word_1_1693' title='bbox 1339 1980 1431 2006; x_wconf 89' lang='lat' dir='ltr'>Claud.</span> <span class='ocrx_word' id='word_1_1694' title='bbox 1446 1982 1567 2007; x_wconf 86' lang='lat' dir='ltr'>Mamert.</span> <span class='ocrx_word' id='word_1_1695' title='bbox 1583 1980 1615 2006; x_wconf 88' lang='lat' dir='ltr'>de</span> <span class='ocrx_word' id='word_1_1696' title='bbox 1628 1979 1700 2008; x_wconf 79' lang='lat' dir='ltr'>Statu</span> <span class='ocrx_word' id='word_1_1697' title='bbox 1713 1982 1802 2009; x_wconf 82' lang='lat' dir='ltr'>Anim.</span> <span class='ocrx_word' id='word_1_1698' title='bbox 1815 1991 1838 2015; x_wconf 86' lang='lat'>1,</span> <span class='ocrx_word' id='word_1_1699' title='bbox 1850 1991 1879 2009; x_wconf 83' lang='lat'>21</span> <span class='ocrx_word' id='word_1_1700' title='bbox 1901 1983 2064 2012; x_wconf 80' lang='lat' dir='ltr'>Diflbnantia</span> <span class='ocrx_word' id='word_1_1701' title='bbox 2081 1995 2184 2016; x_wconf 88' lang='lat' dir='ltr'>contra-</span> 
     </span>
    </p>
   </div>
   <div class='ocr_carea' id='block_1_30' title="bbox 1141 2049 2186 2197">
    <p class='ocr_par' dir='ltr' id='par_1_41' title="bbox 1141 2049 2186 2197">
     <span class='ocr_line' id='line_1_169' title="bbox 1177 2049 2185 2085; baseline 0.01 -9"><span class='ocrx_word' id='word_1_1702' title='bbox 1177 2055 1196 2074; x_wconf 90' lang='lat' dir='ltr'><strong>D</strong></span> <span class='ocrx_word' id='word_1_1703' title='bbox 1207 2056 1217 2075; x_wconf 81' lang='lat' dir='ltr'>l</span> <span class='ocrx_word' id='word_1_1704' title='bbox 1229 2057 1242 2076; x_wconf 88' lang='lat' dir='ltr'>S</span> <span class='ocrx_word' id='word_1_1705' title='bbox 1251 2057 1263 2076; x_wconf 88' lang='lat' dir='ltr'>S</span> <span class='ocrx_word' id='word_1_1706' title='bbox 1272 2056 1318 2077; x_wconf 85' lang='lat' dir='ltr'>OR</span> <span class='ocrx_word' id='word_1_1707' title='bbox 1328 2058 1351 2083; x_wconf 88' lang='lat' dir='ltr'>s,</span> <span class='ocrx_word' id='word_1_1708' title='bbox 1370 2051 1443 2077; x_wconf 87' lang='lat' dir='ltr'>ortis.</span> <span class='ocrx_word' id='word_1_1709' title='bbox 1461 2049 1522 2076; x_wconf 89' lang='lat' dir='ltr'>Adi.</span> <span class='ocrx_word' id='word_1_1710' title='bbox 1554 2049 1606 2084; x_wconf 82' lang='lat' dir='ltr'>fine</span> <span class='ocrx_word' id='word_1_1711' title='bbox 1623 2053 1722 2084; x_wconf 76' lang='lat' dir='ltr'>partic-i</span> <span class='ocrx_word' id='word_1_1712' title='bbox 1738 2053 1821 2078; x_wconf 81' lang='lat' dir='ltr'>atione</span> <span class='ocrx_word' id='word_1_1713' title='bbox 1832 2052 1891 2079; x_wconf 85' lang='lat' dir='ltr'>Vet.</span> <span class='ocrx_word' id='word_1_1714' title='bbox 1905 2053 1984 2081; x_wconf 81' lang='lat' dir='ltr'>Glois.</span> <span class='ocrx_word' id='word_1_1715' title='bbox 1997 2056 2122 2085; x_wconf 83' lang='lat' dir='ltr'>Dissortes</span> <span class='ocrx_word' id='word_1_1716' title='bbox 2136 2057 2185 2085; x_wconf 63' lang='grc' dir='ltr'>δια.</span> 
     </span>
     <span class='ocr_line' id='line_1_170' title="bbox 1141 2085 2183 2121; baseline 0.012 -12"><span class='ocrx_word' id='word_1_1717' title='bbox 1141 2085 1311 2119; x_wconf 44' lang='lat' dir='ltr'>›amnem-‘mue</span> <span class='ocrx_word' id='word_1_1718' title='bbox 1366 2085 1448 2113; x_wconf 92' lang='lat' dir='ltr'>Ouid.</span> <span class='ocrx_word' id='word_1_1719' title='bbox 1465 2087 1557 2111; x_wconf 86' lang='lat' dir='ltr'>Amor.</span> <span class='ocrx_word' id='word_1_1720' title='bbox 1570 2093 1593 2117; x_wconf 88' lang='lat'>2,</span> <span class='ocrx_word' id='word_1_1721' title='bbox 1609 2092 1644 2117; x_wconf 87' lang='lat'>12,</span> <span class='ocrx_word' id='word_1_1722' title='bbox 1660 2093 1682 2111; x_wconf 93' lang='lat'>11</span> <span class='ocrx_word' id='word_1_1723' title='bbox 1738 2085 1754 2111; x_wconf 95' lang='lat' dir='ltr'>b</span> <span class='ocrx_word' id='word_1_1724' title='bbox 1765 2087 1840 2113; x_wconf 90' lang='lat' dir='ltr'>omni</span> <span class='ocrx_word' id='word_1_1725' title='bbox 1852 2088 1940 2116; x_wconf 85' lang='lat' dir='ltr'>milite</span> <span class='ocrx_word' id='word_1_1726' title='bbox 1952 2090 2045 2118; x_wconf 73' lang='lat' dir='ltr'>dissors</span> <span class='ocrx_word' id='word_1_1727' title='bbox 2082 2094 2183 2121; x_wconf 87' lang='lat' dir='ltr'>Gloria.</span> 
     </span>
     <span class='ocr_line' id='line_1_171' title="bbox 1141 2119 2186 2156; baseline 0.005 -10"><span class='ocrx_word' id='word_1_1728' title='bbox 1141 2119 1166 2146; x_wconf 81' lang='lat' dir='ltr'>h.</span> <span class='ocrx_word' id='word_1_1729' title='bbox 1178 2129 1197 2145; x_wconf 72' lang='grc' dir='ltr'><strong>ε.</strong></span> <span class='ocrx_word' id='word_1_1730' title='bbox 1212 2121 1278 2145; x_wconf 85' lang='lat' dir='ltr'>Duci</span> <span class='ocrx_word' id='word_1_1731' title='bbox 1285 2125 1407 2155; x_wconf 79' lang='lat' dir='ltr'>propria,</span> <span class='ocrx_word' id='word_1_1732' title='bbox 1429 2120 1535 2154; x_wconf 87' lang='lat' dir='ltr'>August.</span> <span class='ocrx_word' id='word_1_1733' title='bbox 1550 2120 1582 2146; x_wconf 92' lang='lat' dir='ltr'>de</span> <span class='ocrx_word' id='word_1_1734' title='bbox 1596 2120 1780 2147; x_wconf 85' lang='lat' dir='ltr'>Grammaticis</span> <span class='ocrx_word' id='word_1_1735' title='bbox 1795 2131 1818 2156; x_wconf 90' lang='lat' dir='ltr'>p.</span> <span class='ocrx_word' id='word_1_1736' title='bbox 1833 2131 1863 2155; x_wconf 84' lang='lat'>93</span> <span class='ocrx_word' id='word_1_1737' title='bbox 1882 2124 1979 2152; x_wconf 85' lang='lat' dir='ltr'>Dissors</span> <span class='ocrx_word' id='word_1_1738' title='bbox 2001 2127 2099 2155; x_wconf 88' lang='lat' dir='ltr'>dicitur</span> <span class='ocrx_word' id='word_1_1739' title='bbox 2119 2130 2186 2156; x_wconf 83' lang='lat' dir='ltr'>diffi.</span> 
     </span>
     <span class='ocr_line' id='line_1_172' title="bbox 1142 2154 2185 2197; baseline 0.012 -17"><span class='ocrx_word' id='word_1_1740' title='bbox 1142 2154 1215 2180; x_wconf 83' lang='lat' dir='ltr'>milis</span> <span class='ocrx_word' id='word_1_1741' title='bbox 1247 2156 1333 2183; x_wconf 83' lang='lat' dir='ltr'>sortis.</span> <span class='ocrx_word' id='word_1_1742' title='bbox 1402 2156 1444 2184; x_wconf 71' lang='lat' dir='ltr'>Sic</span> <span class='ocrx_word' id='word_1_1743' title='bbox 1474 2155 1555 2182; x_wconf 89' lang='lat' dir='ltr'>Ouid.</span> <span class='ocrx_word' id='word_1_1744' title='bbox 1589 2155 1653 2185; x_wconf 87' lang='lat' dir='ltr'>Met.</span> <span class='ocrx_word' id='word_1_1745' title='bbox 1685 2161 1708 2188; x_wconf 86' lang='lat'>8,</span> <span class='ocrx_word' id='word_1_1746' title='bbox 1738 2165 1780 2189; x_wconf 78' lang='lat'>¹32</span> <span class='ocrx_word' id='word_1_1747' title='bbox 1819 2158 2013 2197; x_wconf 79' lang='lat' dir='ltr'>Diffortemque</span> <span class='ocrx_word' id='word_1_1748' title='bbox 2041 2170 2120 2192; x_wconf 88' lang='lat' dir='ltr'>vtero</span> <span class='ocrx_word' id='word_1_1749' title='bbox 2146 2166 2185 2193; x_wconf 89' lang='lat' dir='ltr'>fe-</span> 
     </span>
    </p>
   </div>
   <div class='ocr_carea' id='block_1_31' title="bbox 513 2189 1282 2227">
    <p class='ocr_par' dir='ltr' id='par_1_42' title="bbox 513 2189 1282 2227">
     <span class='ocr_line' id='line_1_173' title="bbox 513 2189 1282 2227; baseline -0.005 -8"><span class='ocrx_word' id='word_1_1750' title='bbox 513 2191 670 2219; x_wconf 80' lang='lat' dir='ltr'>Disi‘olutum</span> <span class='ocrx_word' id='word_1_1751' title='bbox 684 2198 710 2219; x_wconf 86' lang='lat' dir='ltr'>et</span> <span class='ocrx_word' id='word_1_1752' title='bbox 724 2192 886 2227; x_wconf 84' lang='lat' dir='ltr'>diffipatum‚</span> <span class='ocrx_word' id='word_1_1753' title='bbox 909 2192 963 2218; x_wconf 78' lang='lat' dir='ltr'>vid.</span> <span class='ocrx_word' id='word_1_1754' title='bbox 984 2199 1074 2219; x_wconf 78' lang='lat' dir='ltr'><strong>DISSI-</strong></span> <span class='ocrx_word' id='word_1_1755' title='bbox 1092 2197 1122 2224; x_wconf 79' lang='lat'>55</span> <span class='ocrx_word' id='word_1_1756' title='bbox 1139 2194 1196 2215; x_wconf 89' lang='lat' dir='ltr'>tum</span> <span class='ocrx_word' id='word_1_1757' title='bbox 1211 2189 1282 2216; x_wconf 85' lang='lat' dir='ltr'>tulit.</span> 
     </span>
    </p>
   </div>
   <div class='ocr_carea' id='block_1_32' title="bbox 1135 2225 2186 2374">
    <p class='ocr_par' dir='ltr' id='par_1_43' title="bbox 1135 2225 2186 2374">
     <span class='ocr_line' id='line_1_174' title="bbox 1177 2225 2186 2271; baseline 0.013 -21"><span class='ocrx_word' id='word_1_1758' title='bbox 1177 2231 1196 2250; x_wconf 87' lang='lat' dir='ltr'><strong>D</strong></span> <span class='ocrx_word' id='word_1_1759' title='bbox 1207 2232 1236 2251; x_wconf 83' lang='lat' dir='ltr'>1s</span> <span class='ocrx_word' id='word_1_1760' title='bbox 1248 2231 1260 2251; x_wconf 91' lang='lat' dir='ltr'>s</span> <span class='ocrx_word' id='word_1_1761' title='bbox 1274 2231 1293 2252; x_wconf 92' lang='grc' dir='ltr'>Ο</span> <span class='ocrx_word' id='word_1_1762' title='bbox 1303 2232 1352 2252; x_wconf 82' lang='lat' dir='ltr'>RT</span> <span class='ocrx_word' id='word_1_1763' title='bbox 1361 2233 1371 2252; x_wconf 93' lang='lat'>1</span> <span class='ocrx_word' id='word_1_1764' title='bbox 1381 2232 1400 2253; x_wconf 95' lang='lat' dir='ltr'>o</span> <span class='ocrx_word' id='word_1_1765' title='bbox 1408 2248 1417 2260; x_wconf 92' lang='lat'><em>‚</em></span> <span class='ocrx_word' id='word_1_1766' title='bbox 1436 2226 1506 2252; x_wconf 71' lang='lat' dir='ltr'>onis.</span> <span class='ocrx_word' id='word_1_1767' title='bbox 1522 2225 1542 2253; x_wconf 89' lang='lat' dir='ltr'>f.</span> <span class='ocrx_word' id='word_1_1768' title='bbox 1575 2232 1622 2261; x_wconf 81' lang='lat' dir='ltr'>pro</span> <span class='ocrx_word' id='word_1_1769' title='bbox 1635 2225 1759 2253; x_wconf 79' lang='lat' dir='ltr'>Dissertio</span> <span class='ocrx_word' id='word_1_1770' title='bbox 1771 2225 1945 2261; x_wconf 61' lang='lat' dir='ltr'>restituendum</span> <span class='ocrx_word' id='word_1_1771' title='bbox 1958 2232 2034 2260; x_wconf 84' lang='lat' dir='ltr'>Festo</span> <span class='ocrx_word' id='word_1_1772' title='bbox 2046 2234 2112 2269; x_wconf 84' lang='lat' dir='ltr'>apud</span> <span class='ocrx_word' id='word_1_1773' title='bbox 2117 2244 2186 2271; x_wconf 81' lang='lat' dir='ltr'>quem</span> 
     </span>
     <span class='ocr_line' id='line_1_175' title="bbox 1141 2259 2185 2306; baseline 0.011 -20"><span class='ocrx_word' id='word_1_1774' title='bbox 1141 2259 1316 2287; x_wconf 79' lang='lat' dir='ltr'>Dissortiones</span> <span class='ocrx_word' id='word_1_1775' title='bbox 1330 2262 1387 2288; x_wconf 89' lang='lat' dir='ltr'>sunt</span> <span class='ocrx_word' id='word_1_1776' title='bbox 1401 2261 1543 2288; x_wconf 87' lang='lat' dir='ltr'>diuisiones</span> <span class='ocrx_word' id='word_1_1777' title='bbox 1556 2261 1780 2296; x_wconf 86' lang='lat' dir='ltr'>patrimoniorum</span> <span class='ocrx_word' id='word_1_1778' title='bbox 1796 2265 1866 2292; x_wconf 87' lang='lat' dir='ltr'>inter</span> <span class='ocrx_word' id='word_1_1779' title='bbox 1877 2267 2024 2295; x_wconf 83' lang='lat' dir='ltr'>consortes;</span> <span class='ocrx_word' id='word_1_1780' title='bbox 2052 2270 2185 2306; x_wconf 53' lang='lat' dir='ltr'>subductis</span> 
     </span>
     <span class='ocr_line' id='line_1_176' title="bbox 1135 2295 2177 2341; baseline 0.012 -20"><span class='ocrx_word' id='word_1_1781' title='bbox 1135 2295 1176 2330; x_wconf 70' lang='lat' dir='ltr'>fi.</span> <span class='ocrx_word' id='word_1_1782' title='bbox 1209 2300 1401 2332; x_wconf 70' lang='lat' dir='ltr'>examinatirque</span> <span class='ocrx_word' id='word_1_1783' title='bbox 1432 2300 1546 2332; x_wconf 81' lang='lat' dir='ltr'>cuiusque</span> <span class='ocrx_word' id='word_1_1784' title='bbox 1575 2298 1723 2329; x_wconf 68' lang='lat' dir='ltr'>rationibus.</span> <span class='ocrx_word' id='word_1_1785' title='bbox 1766 2299 1823 2327; x_wconf 86' lang='lat' dir='ltr'>Vid.</span> <span class='ocrx_word' id='word_1_1786' title='bbox 1845 2301 1946 2338; x_wconf 69' lang='lat' dir='ltr'>Salmas</span> <span class='ocrx_word' id='word_1_1787' title='bbox 1960 2306 1987 2330; x_wconf 86' lang='lat' dir='ltr'>in</span> <span class='ocrx_word' id='word_1_1788' title='bbox 1999 2304 2080 2332; x_wconf 81' lang='lat' dir='ltr'>Solin.</span> <span class='ocrx_word' id='word_1_1789' title='bbox 2095 2316 2119 2341; x_wconf 89' lang='lat' dir='ltr'>p.</span> <span class='ocrx_word' id='word_1_1790' title='bbox 2133 2312 2177 2340; x_wconf 84' lang='lat'>891</span> 
     </span>
     <span class='ocr_line' id='line_1_177' title="bbox 1143 2331 2186 2374; baseline 0.012 -17"><span class='ocrx_word' id='word_1_1791' title='bbox 1143 2332 1174 2357; x_wconf 78' lang='lat' dir='ltr'>Et</span> <span class='ocrx_word' id='word_1_1792' title='bbox 1187 2331 1359 2358; x_wconf 86' lang='lat' dir='ltr'>Dissortiones</span> <span class='ocrx_word' id='word_1_1793' title='bbox 1371 2335 1421 2359; x_wconf 82' lang='lat' dir='ltr'>iam</span> <span class='ocrx_word' id='word_1_1794' title='bbox 1429 2334 1546 2367; x_wconf 78' lang='lat' dir='ltr'>placuere</span> <span class='ocrx_word' id='word_1_1795' title='bbox 1562 2334 1588 2358; x_wconf 90' lang='lat' dir='ltr'>F.</span> <span class='ocrx_word' id='word_1_1796' title='bbox 1610 2333 1635 2358; x_wconf 87' lang='lat' dir='ltr'><em>V</em></span> <span class='ocrx_word' id='word_1_1797' title='bbox 1633 2331 1698 2366; x_wconf 83' lang='lat' dir='ltr'>rfino</span> <span class='ocrx_word' id='word_1_1798' title='bbox 1711 2343 1719 2360; x_wconf 92' lang='lat'><em>:</em></span> <span class='ocrx_word' id='word_1_1799' title='bbox 1757 2335 1868 2372; x_wconf 78' lang='lat' dir='ltr'>Scaliger</span> <span class='ocrx_word' id='word_1_1800' title='bbox 1879 2345 1958 2364; x_wconf 76' lang='lat' dir='ltr'>autem</span> <span class='ocrx_word' id='word_1_1801' title='bbox 1970 2346 2044 2374; x_wconf 76' lang='lat' dir='ltr'>putat</span> <span class='ocrx_word' id='word_1_1802' title='bbox 2051 2337 2186 2370; x_wconf 70' lang='lat' dir='ltr'>Dissertio-</span> 
     </span>
    </p>
   </div>
   <div class='ocr_carea' id='block_1_33' title="bbox 825 2366 2059 2407">
    <p class='ocr_par' dir='ltr' id='par_1_44' title="bbox 825 2366 2059 2407">
     <span class='ocr_line' id='line_1_178' title="bbox 825 2366 2059 2407; baseline 0.006 -12"><span class='ocrx_word' id='word_1_1803' title='bbox 825 2369 893 2397; x_wconf 81' lang='lat' dir='ltr'>Add.</span> <span class='ocrx_word' id='word_1_1804' title='bbox 901 2370 971 2404; x_wconf 87' lang='lat' dir='ltr'>Nep.</span> <span class='ocrx_word' id='word_1_1805' title='bbox 980 2378 1037 2405; x_wconf 83' lang='grc'><strong>7,1,</strong></span> <span class='ocrx_word' id='word_1_1806' title='bbox 1046 2379 1073 2403; x_wconf 95' lang='lat'>4.</span> <span class='ocrx_word' id='word_1_1807' title='bbox 1090 2379 1126 2403; x_wconf 76' lang='lat'>60</span> <span class='ocrx_word' id='word_1_1808' title='bbox 1142 2375 1187 2392; x_wconf 83' lang='lat' dir='ltr'>nes</span> <span class='ocrx_word' id='word_1_1809' title='bbox 1196 2387 1204 2399; x_wconf 91' lang='lat'>,</span> <span class='ocrx_word' id='word_1_1810' title='bbox 1224 2367 1289 2403; x_wconf 79' lang='lat' dir='ltr'>quod</span> <span class='ocrx_word' id='word_1_1811' title='bbox 1301 2366 1334 2400; x_wconf 79' lang='lat' dir='ltr'>est</span> <span class='ocrx_word' id='word_1_1812' title='bbox 1346 2371 1374 2393; x_wconf 84' lang='lat' dir='ltr'>in</span> <span class='ocrx_word' id='word_1_1813' title='bbox 1387 2368 1479 2407; x_wconf 69' lang='lat' dir='ltr'>liam,¹</span> <span class='ocrx_word' id='word_1_1814' title='bbox 1490 2374 1539 2402; x_wconf 78' lang='lat' dir='ltr'>per</span> <span class='ocrx_word' id='word_1_1815' title='bbox 1551 2367 1692 2403; x_wconf 59' lang='grc' dir='ltr'>ἐρχαιι-μὸν</span> <span class='ocrx_word' id='word_1_1816' title='bbox 1699 2368 1805 2404; x_wconf 74' lang='lat' dir='ltr'>positum</span> <span class='ocrx_word' id='word_1_1817' title='bbox 1814 2379 1862 2406; x_wconf 88' lang='lat' dir='ltr'>pro</span> <span class='ocrx_word' id='word_1_1818' title='bbox 1876 2372 2059 2403; x_wconf 82' lang='lat' dir='ltr'>Diffortiones.</span> 
     </span>
    </p>
   </div>
   <div class='ocr_carea' id='block_1_34' title="bbox 1108 2403 2185 3427">
    <p class='ocr_par' dir='ltr' id='par_1_45' title="bbox 1137 2403 2183 2465">
     <span class='ocr_line' id='line_1_179' title="bbox 1137 2403 2183 2464; baseline 0.011 -37"><span class='ocrx_word' id='word_1_1819' title='bbox 1137 2438 1159 2464; x_wconf 81' lang='lat' dir='ltr'>C</span> <span class='ocrx_word' id='word_1_1820' title='bbox 1178 2409 1213 2463; x_wconf 61' lang='lat' dir='ltr'>D¹i</span> <span class='ocrx_word' id='word_1_1821' title='bbox 1223 2409 1236 2428; x_wconf 81' lang='lat' dir='ltr'>S</span> <span class='ocrx_word' id='word_1_1822' title='bbox 1246 2409 1259 2428; x_wconf 90' lang='lat' dir='ltr'>s</span> <span class='ocrx_word' id='word_1_1823' title='bbox 1271 2409 1290 2429; x_wconf 93' lang='lat' dir='ltr'>O</span> <span class='ocrx_word' id='word_1_1824' title='bbox 1301 2409 1321 2429; x_wconf 87' lang='lat' dir='ltr'>R</span> <span class='ocrx_word' id='word_1_1825' title='bbox 1329 2409 1350 2429; x_wconf 91' lang='lat' dir='ltr'><strong>T</strong></span> <span class='ocrx_word' id='word_1_1826' title='bbox 1359 2411 1369 2429; x_wconf 90' lang='lat'>1</span> <span class='ocrx_word' id='word_1_1827' title='bbox 1378 2410 1399 2430; x_wconf 94' lang='lat' dir='ltr'><strong>v</strong></span> <span class='ocrx_word' id='word_1_1828' title='bbox 1407 2409 1433 2429; x_wconf 83' lang='lat' dir='ltr'>M</span> <span class='ocrx_word' id='word_1_1829' title='bbox 1441 2422 1449 2436; x_wconf 91' lang='lat'>,</span> <span class='ocrx_word' id='word_1_1830' title='bbox 1460 2403 1490 2429; x_wconf 87' lang='lat' dir='ltr'>ii.</span> <span class='ocrx_word' id='word_1_1831' title='bbox 1499 2412 1525 2429; x_wconf 90' lang='lat' dir='ltr'>n.</span> <span class='ocrx_word' id='word_1_1832' title='bbox 1544 2405 1571 2429; x_wconf 86' lang='lat' dir='ltr'>in</span> <span class='ocrx_word' id='word_1_1833' title='bbox 1584 2404 1643 2430; x_wconf 76' lang='lat' dir='ltr'>Ver.</span> <span class='ocrx_word' id='word_1_1834' title='bbox 1659 2404 1737 2432; x_wconf 72' lang='lat' dir='ltr'>Gloss&#39;.</span> <span class='ocrx_word' id='word_1_1835' title='bbox 1753 2403 1933 2442; x_wconf 67' lang='grc' dir='ltr'>διαχωρισμὲς,</span> <span class='ocrx_word' id='word_1_1836' title='bbox 1953 2407 2060 2438; x_wconf 60' lang='grc' dir='ltr'><strong><em>διοίςασις</em></strong></span> <span class='ocrx_word' id='word_1_1837' title='bbox 2071 2419 2183 2439; x_wconf 83' lang='lat' dir='ltr'>contrar.</span> 
     </span>
     <span class='ocr_line' id='line_1_180' title="bbox 1161 2444 1318 2465; baseline 0.013 -2"><span class='ocrx_word' id='word_1_1838' title='bbox 1161 2446 1195 2464; x_wconf 91' lang='lat' dir='ltr'>on</span> <span class='ocrx_word' id='word_1_1839' title='bbox 1208 2444 1318 2465; x_wconf 89' lang='lat' dir='ltr'>ortium.</span> 
     </span>
    </p>

    <p class='ocr_par' dir='ltr' id='par_1_46' title="bbox 1138 2473 2184 2585">
     <span class='ocr_line' id='line_1_181' title="bbox 1176 2473 2184 2512; baseline 0.005 -13"><span class='ocrx_word' id='word_1_1840' title='bbox 1176 2479 1195 2499; x_wconf 91' lang='lat' dir='ltr'>D</span> <span class='ocrx_word' id='word_1_1841' title='bbox 1205 2480 1214 2499; x_wconf 95' lang='lat'>1</span> <span class='ocrx_word' id='word_1_1842' title='bbox 1226 2479 1239 2499; x_wconf 83' lang='lat' dir='ltr'>s</span> <span class='ocrx_word' id='word_1_1843' title='bbox 1251 2480 1264 2499; x_wconf 87' lang='lat' dir='ltr'>s</span> <span class='ocrx_word' id='word_1_1844' title='bbox 1273 2480 1293 2498; x_wconf 88' lang='lat' dir='ltr'>v</span> <span class='ocrx_word' id='word_1_1845' title='bbox 1302 2474 1326 2500; x_wconf 75' lang='grc' dir='ltr'><strong><em>Ᾱ</em></strong></span> <span class='ocrx_word' id='word_1_1846' title='bbox 1337 2479 1356 2499; x_wconf 91' lang='lat' dir='ltr'>D</span> <span class='ocrx_word' id='word_1_1847' title='bbox 1366 2480 1383 2500; x_wconf 88' lang='grc' dir='ltr'><strong><em>Ε</em></strong></span> <span class='ocrx_word' id='word_1_1848' title='bbox 1393 2481 1412 2500; x_wconf 93' lang='grc' dir='ltr'>Ο</span> <span class='ocrx_word' id='word_1_1849' title='bbox 1420 2493 1428 2505; x_wconf 94' lang='grc'><strong>,</strong></span> <span class='ocrx_word' id='word_1_1850' title='bbox 1449 2473 1467 2500; x_wconf 89' lang='lat' dir='ltr'>fi</span> <span class='ocrx_word' id='word_1_1851' title='bbox 1475 2493 1484 2506; x_wconf 89' lang='lat'>,</span> <span class='ocrx_word' id='word_1_1852' title='bbox 1511 2474 1567 2500; x_wconf 88' lang='lat' dir='ltr'>sum</span> <span class='ocrx_word' id='word_1_1853' title='bbox 1576 2493 1584 2506; x_wconf 94' lang='lat'>,</span> <span class='ocrx_word' id='word_1_1854' title='bbox 1612 2477 1667 2501; x_wconf 62' lang='lat' dir='ltr'>Ere.</span> <span class='ocrx_word' id='word_1_1855' title='bbox 1702 2474 1846 2511; x_wconf 61' lang='grc' dir='ltr'>[ἀποτρέπω</span> <span class='ocrx_word' id='word_1_1856' title='bbox 1854 2495 1862 2508; x_wconf 88' lang='grc'><strong>,</strong></span> <span class='ocrx_word' id='word_1_1857' title='bbox 1883 2478 2042 2512; x_wconf 70' lang='grc' dir='ltr'>παραπείθω]</span> <span class='ocrx_word' id='word_1_1858' title='bbox 2079 2479 2184 2510; x_wconf 83' lang='lat' dir='ltr'>Contra.</span> 
     </span>
     <span class='ocr_line' id='line_1_182' title="bbox 1138 2507 2182 2547; baseline 0.007 -13"><span class='ocrx_word' id='word_1_1859' title='bbox 1138 2510 1206 2535; x_wconf 87' lang='lat' dir='ltr'>rium</span> <span class='ocrx_word' id='word_1_1860' title='bbox 1218 2507 1252 2542; x_wconf 85' lang='lat' dir='ltr'>est</span> <span class='ocrx_word' id='word_1_1861' title='bbox 1277 2518 1305 2535; x_wconf 84' lang='lat' dir='ltr'>uo</span> <span class='ocrx_word' id='word_1_1862' title='bbox 1312 2508 1433 2543; x_wconf 70' lang='lat' dir='ltr'>simplici.</span> <span class='ocrx_word' id='word_1_1863' title='bbox 1469 2509 1551 2535; x_wconf 86' lang='lat' dir='ltr'>Plaut.</span> <span class='ocrx_word' id='word_1_1864' title='bbox 1566 2509 1655 2536; x_wconf 85' lang='lat' dir='ltr'>Cistel.</span> <span class='ocrx_word' id='word_1_1865' title='bbox 1668 2518 1693 2542; x_wconf 85' lang='lat'>2,</span> <span class='ocrx_word' id='word_1_1866' title='bbox 1706 2519 1726 2542; x_wconf 90' lang='lat'>1,</span> <span class='ocrx_word' id='word_1_1867' title='bbox 1741 2519 1769 2535; x_wconf 91' lang='grc'>10</span> <span class='ocrx_word' id='word_1_1868' title='bbox 1786 2510 1870 2536; x_wconf 90' lang='lat' dir='ltr'>Modo</span> <span class='ocrx_word' id='word_1_1869' title='bbox 1890 2513 1961 2547; x_wconf 89' lang='lat' dir='ltr'>quod</span> <span class='ocrx_word' id='word_1_1870' title='bbox 1979 2514 2069 2547; x_wconf 83' lang='lat' dir='ltr'>suasit,</span> <span class='ocrx_word' id='word_1_1871' title='bbox 2090 2515 2182 2544; x_wconf 81' lang='lat' dir='ltr'>dissua-</span> 
     </span>
     <span class='ocr_line' id='line_1_183' title="bbox 1237 2544 2184 2585; baseline 0.01 -15"><span class='ocrx_word' id='word_1_1872' title='bbox 1237 2544 1309 2579; x_wconf 89' lang='lat' dir='ltr'>quod</span> <span class='ocrx_word' id='word_1_1873' title='bbox 1329 2544 1441 2570; x_wconf 77' lang='lat' dir='ltr'>dissuasit</span> <span class='ocrx_word' id='word_1_1874' title='bbox 1460 2544 1488 2570; x_wconf 93' lang='lat' dir='ltr'>id</span> <span class='ocrx_word' id='word_1_1875' title='bbox 1507 2544 1626 2570; x_wconf 88' lang='lat' dir='ltr'>ostentat.</span> <span class='ocrx_word' id='word_1_1876' title='bbox 1646 2547 1665 2570; x_wconf 87' lang='lat' dir='ltr'>i.</span> <span class='ocrx_word' id='word_1_1877' title='bbox 1684 2546 1738 2571; x_wconf 86' lang='lat' dir='ltr'>Dat</span> <span class='ocrx_word' id='word_1_1878' title='bbox 1749 2544 1819 2579; x_wconf 76' lang='lat' dir='ltr'>spem</span> <span class='ocrx_word' id='word_1_1879' title='bbox 1833 2548 1969 2580; x_wconf 80' lang='lat' dir='ltr'>potiundae</span> <span class='ocrx_word' id='word_1_1880' title='bbox 1981 2553 2028 2582; x_wconf 82' lang='lat' dir='ltr'>rei,</span> <span class='ocrx_word' id='word_1_1881' title='bbox 2041 2559 2115 2585; x_wconf 80' lang='lat' dir='ltr'>quam</span> <span class='ocrx_word' id='word_1_1882' title='bbox 2127 2559 2184 2579; x_wconf 77' lang='lat' dir='ltr'>ante</span> 
     </span>
    </p>

    <p class='ocr_par' dir='ltr' id='par_1_47' title="bbox 1139 2578 2185 2616">
     <span class='ocr_line' id='line_1_184' title="bbox 1139 2578 2185 2616; baseline 0.009 -11"><span class='ocrx_word' id='word_1_1883' title='bbox 1139 2578 1293 2615; x_wconf 67' lang='lat' dir='ltr'>dffiascrat.</span> <span class='ocrx_word' id='word_1_1884' title='bbox 1328 2578 1396 2605; x_wconf 79' lang='lat' dir='ltr'>Add.</span> <span class='ocrx_word' id='word_1_1885' title='bbox 1410 2579 1449 2604; x_wconf 90' lang='lat' dir='ltr'>Id.</span> <span class='ocrx_word' id='word_1_1886' title='bbox 1463 2579 1544 2604; x_wconf 88' lang='lat' dir='ltr'>Trin.</span> <span class='ocrx_word' id='word_1_1887' title='bbox 1557 2586 1578 2609; x_wconf 71' lang='lat'>3,</span> <span class='ocrx_word' id='word_1_1888' title='bbox 1592 2587 1618 2610; x_wconf 73' lang='lat'>2,</span> <span class='ocrx_word' id='word_1_1889' title='bbox 1633 2587 1679 2612; x_wconf 89' lang='lat'>44-</span> <span class='ocrx_word' id='word_1_1890' title='bbox 1750 2580 1806 2606; x_wconf 83' lang='lat' dir='ltr'>Cic.</span> <span class='ocrx_word' id='word_1_1891' title='bbox 1821 2582 1896 2608; x_wconf 90' lang='lat' dir='ltr'>Verr.</span> <span class='ocrx_word' id='word_1_1892' title='bbox 1909 2592 1942 2616; x_wconf 88' lang='lat'>4,</span> <span class='ocrx_word' id='word_1_1893' title='bbox 1955 2583 2060 2616; x_wconf 56' lang='lat' dir='ltr'>53⁴extr.</span> <span class='ocrx_word' id='word_1_1894' title='bbox 2088 2587 2185 2614; x_wconf 76' lang='lat' dir='ltr'>Voluit</span> 
     </span>
    </p>

    <p class='ocr_par' dir='ltr' id='par_1_48' title="bbox 1140 2612 2182 2649">
     <span class='ocr_line' id='line_1_185' title="bbox 1140 2612 2182 2649; baseline 0.009 -9"><span class='ocrx_word' id='word_1_1895' title='bbox 1140 2615 1240 2640; x_wconf 83' lang='lat' dir='ltr'>Romae</span> <span class='ocrx_word' id='word_1_1896' title='bbox 1271 2619 1390 2647; x_wconf 88' lang='lat' dir='ltr'>repetere</span> <span class='ocrx_word' id='word_1_1897' title='bbox 1418 2612 1596 2647; x_wconf 80' lang='lat' dir='ltr'>Archagathus</span> <span class='ocrx_word' id='word_1_1898' title='bbox 1609 2623 1615 2638; x_wconf 73' lang='lat' dir='ltr'>t</span> <span class='ocrx_word' id='word_1_1899' title='bbox 1653 2614 1702 2640; x_wconf 90' lang='lat' dir='ltr'>Cn.</span> <span class='ocrx_word' id='word_1_1900' title='bbox 1726 2614 1852 2642; x_wconf 86' lang='lat' dir='ltr'>Lentulus</span> <span class='ocrx_word' id='word_1_1901' title='bbox 1876 2618 2045 2646; x_wconf 85' lang='lat' dir='ltr'>Marcellinus</span> <span class='ocrx_word' id='word_1_1902' title='bbox 2060 2620 2182 2649; x_wconf 86' lang='lat' dir='ltr'>dissuasit.</span> 
     </span>
    </p>

    <p class='ocr_par' dir='ltr' id='par_1_49' title="bbox 1141 2647 2181 2686">
     <span class='ocr_line' id='line_1_186' title="bbox 1141 2647 2181 2686; baseline 0.01 -11"><span class='ocrx_word' id='word_1_1903' title='bbox 1141 2650 1197 2676; x_wconf 86' lang='lat' dir='ltr'>Cic.</span> <span class='ocrx_word' id='word_1_1904' title='bbox 1205 2648 1256 2675; x_wconf 85' lang='lat' dir='ltr'>Off.</span> <span class='ocrx_word' id='word_1_1905' title='bbox 1265 2657 1288 2680; x_wconf 87' lang='grc'><strong>3,</strong></span> <span class='ocrx_word' id='word_1_1906' title='bbox 1297 2657 1337 2674; x_wconf 87' lang='grc'>101</span> <span class='ocrx_word' id='word_1_1907' title='bbox 1347 2657 1367 2674; x_wconf 85' lang='lat' dir='ltr'>c.</span> <span class='ocrx_word' id='word_1_1908' title='bbox 1376 2655 1409 2681; x_wconf 91' lang='lat'>27</span> <span class='ocrx_word' id='word_1_1909' title='bbox 1419 2648 1474 2680; x_wconf 82' lang='lat' dir='ltr'>Qi</span> <span class='ocrx_word' id='word_1_1910' title='bbox 1482 2657 1536 2674; x_wconf 92' lang='lat' dir='ltr'>non</span> <span class='ocrx_word' id='word_1_1911' title='bbox 1543 2647 1623 2674; x_wconf 89' lang='lat' dir='ltr'>modo</span> <span class='ocrx_word' id='word_1_1912' title='bbox 1629 2657 1683 2675; x_wconf 88' lang='lat' dir='ltr'>non</span> <span class='ocrx_word' id='word_1_1913' title='bbox 1691 2651 1944 2686; x_wconf 83' lang='lat' dir='ltr'>censueritcaptiuos</span> <span class='ocrx_word' id='word_1_1914' title='bbox 1952 2654 2119 2683; x_wconf 85' lang='lat' dir='ltr'>redimendos</span> <span class='ocrx_word' id='word_1_1915' title='bbox 2137 2667 2181 2685; x_wconf 89' lang='lat' dir='ltr'>ve-</span> 
     </span>
    </p>

    <p class='ocr_par' dir='ltr' id='par_1_50' title="bbox 1108 2677 2183 2756">
     <span class='ocr_line' id='line_1_187' title="bbox 1139 2677 2182 2724; baseline 0.01 -14"><span class='ocrx_word' id='word_1_1916' title='bbox 1139 2693 1199 2710; x_wconf 88' lang='lat' dir='ltr'>rum</span> <span class='ocrx_word' id='word_1_1917' title='bbox 1206 2685 1286 2709; x_wconf 87' lang='lat' dir='ltr'>etiam</span> <span class='ocrx_word' id='word_1_1918' title='bbox 1293 2683 1444 2709; x_wconf 83' lang='lat' dir='ltr'>dissuaserit.</span> <span class='ocrx_word' id='word_1_1919' title='bbox 1463 2685 1500 2709; x_wconf 83' lang='lat' dir='ltr'>De</span> <span class='ocrx_word' id='word_1_1920' title='bbox 1509 2685 1547 2709; x_wconf 93' lang='lat' dir='ltr'>M.</span> <span class='ocrx_word' id='word_1_1921' title='bbox 1556 2684 1656 2719; x_wconf 81' lang='lat' dir='ltr'>Regulo.</span> <span class='ocrx_word' id='word_1_1922' title='bbox 1697 2685 1754 2711; x_wconf 90' lang='lat' dir='ltr'>Cic.</span> <span class='ocrx_word' id='word_1_1923' title='bbox 1762 2685 1815 2712; x_wconf 85' lang='lat' dir='ltr'>Off.</span> <span class='ocrx_word' id='word_1_1924' title='bbox 1823 2695 1845 2719; x_wconf 82' lang='lat'>3,</span> <span class='ocrx_word' id='word_1_1925' title='bbox 1855 2695 1896 2713; x_wconf 89' lang='lat'>110</span> <span class='ocrx_word' id='word_1_1926' title='bbox 1914 2690 1968 2716; x_wconf 90' lang='lat' dir='ltr'>Cui·</span> <span class='ocrx_word' id='word_1_1927' title='bbox 1975 2690 2058 2724; x_wconf 80' lang='lat' dir='ltr'>igitur</span> <span class='ocrx_word' id='word_1_1928' title='bbox 2064 2693 2096 2718; x_wconf 88' lang='lat' dir='ltr'>ad</span> <span class='ocrx_word' id='word_1_1929' title='bbox 2106 2677 2182 2720; x_wconf 62' lang='lat' dir='ltr'>S&#39;ena-</span> 
     </span>
     <span class='ocr_line' id='line_1_188' title="bbox 1108 2718 2183 2756; baseline 0.011 -12"><span class='ocrx_word' id='word_1_1930' title='bbox 1108 2735 1124 2753; x_wconf 86' lang='lat'><em>0</em></span> <span class='ocrx_word' id='word_1_1931' title='bbox 1141 2727 1198 2745; x_wconf 80' lang='lat' dir='ltr'>tum</span> <span class='ocrx_word' id='word_1_1932' title='bbox 1216 2718 1444 2753; x_wconf 78' lang='lat' dir='ltr'>proficiscebatur,</span> <span class='ocrx_word' id='word_1_1933' title='bbox 1470 2727 1552 2752; x_wconf 86' lang='lat' dir='ltr'>quum</span> <span class='ocrx_word' id='word_1_1934' title='bbox 1571 2719 1725 2752; x_wconf 85' lang='lat' dir='ltr'>praesertim</span> <span class='ocrx_word' id='word_1_1935' title='bbox 1746 2719 1778 2746; x_wconf 84' lang='lat' dir='ltr'>de</span> <span class='ocrx_word' id='word_1_1936' title='bbox 1797 2723 1906 2756; x_wconf 83' lang='lat' dir='ltr'>captiuis</span> <span class='ocrx_word' id='word_1_1937' title='bbox 1930 2724 2085 2753; x_wconf 78' lang='lat' dir='ltr'>dissuasurus</span> <span class='ocrx_word' id='word_1_1938' title='bbox 2105 2729 2183 2756; x_wconf 76' lang='lat' dir='ltr'>csset²</span> 
     </span>
    </p>

    <p class='ocr_par' dir='ltr' id='par_1_51' title="bbox 1141 2751 2182 2797">
     <span class='ocr_line' id='line_1_189' title="bbox 1141 2751 2182 2797; baseline 0.009 -18"><span class='ocrx_word' id='word_1_1939' title='bbox 1141 2754 1241 2781; x_wconf 87' lang='lat' dir='ltr'>Bellum</span> <span class='ocrx_word' id='word_1_1940' title='bbox 1255 2753 1351 2780; x_wconf 85' lang='lat' dir='ltr'>frustra</span> <span class='ocrx_word' id='word_1_1941' title='bbox 1364 2753 1510 2780; x_wconf 82' lang='lat' dir='ltr'>dissuaserat</span> <span class='ocrx_word' id='word_1_1942' title='bbox 1523 2754 1615 2787; x_wconf 80' lang='lat' dir='ltr'>Augur</span> <span class='ocrx_word' id='word_1_1943' title='bbox 1625 2754 1713 2781; x_wconf 85' lang='lat' dir='ltr'>Ouid.</span> <span class='ocrx_word' id='word_1_1944' title='bbox 1727 2756 1791 2782; x_wconf 86' lang='lat' dir='ltr'>Met.</span> <span class='ocrx_word' id='word_1_1945' title='bbox 1807 2765 1844 2790; x_wconf 83' lang='lat'>12,</span> <span class='ocrx_word' id='word_1_1946' title='bbox 1856 2766 1915 2794; x_wconf 86' lang='grc'><strong>307.</strong></span> <span class='ocrx_word' id='word_1_1947' title='bbox 1980 2762 2077 2797; x_wconf 83' lang='lat' dir='ltr'>Legem</span> <span class='ocrx_word' id='word_1_1948' title='bbox 2091 2751 2182 2792; x_wconf 51' lang='lat' dir='ltr'>diffugi</span> 
     </span>
    </p>

    <p class='ocr_par' dir='ltr' id='par_1_52' title="bbox 1141 2788 1588 2823">
     <span class='ocr_line' id='line_1_190' title="bbox 1141 2788 1588 2823; baseline 0 -8"><span class='ocrx_word' id='word_1_1949' title='bbox 1141 2789 1203 2816; x_wconf 84' lang='lat' dir='ltr'>dere</span> <span class='ocrx_word' id='word_1_1950' title='bbox 1221 2789 1278 2816; x_wconf 88' lang='lat' dir='ltr'>Cic.</span> <span class='ocrx_word' id='word_1_1951' title='bbox 1292 2788 1324 2814; x_wconf 91' lang='lat' dir='ltr'>de</span> <span class='ocrx_word' id='word_1_1952' title='bbox 1337 2789 1406 2822; x_wconf 82' lang='lat' dir='ltr'>Lege</span> <span class='ocrx_word' id='word_1_1953' title='bbox 1418 2789 1479 2823; x_wconf 82' lang='lat' dir='ltr'>Agr.</span> <span class='ocrx_word' id='word_1_1954' title='bbox 1492 2797 1519 2820; x_wconf 88' lang='lat'>2,</span> <span class='ocrx_word' id='word_1_1955' title='bbox 1533 2797 1588 2815; x_wconf 85' lang='lat'>100.</span> 
     </span>
    </p>

    <p class='ocr_par' dir='ltr' id='par_1_53' title="bbox 1139 2824 2182 2894">
     <span class='ocr_line' id='line_1_191' title="bbox 1176 2824 2182 2865; baseline 0.008 -16"><span class='ocrx_word' id='word_1_1956' title='bbox 1176 2830 1195 2849; x_wconf 90' lang='lat' dir='ltr'><strong>D</strong></span> <span class='ocrx_word' id='word_1_1957' title='bbox 1205 2832 1214 2850; x_wconf 91' lang='lat'>1</span> <span class='ocrx_word' id='word_1_1958' title='bbox 1223 2832 1235 2851; x_wconf 91' lang='lat' dir='ltr'>s</span> <span class='ocrx_word' id='word_1_1959' title='bbox 1244 2832 1256 2850; x_wconf 88' lang='grc'><strong>3</strong></span> <span class='ocrx_word' id='word_1_1960' title='bbox 1267 2831 1285 2850; x_wconf 83' lang='lat' dir='ltr'>v</span> <span class='ocrx_word' id='word_1_1961' title='bbox 1294 2831 1316 2850; x_wconf 83' lang='lat' dir='ltr'>A</span> <span class='ocrx_word' id='word_1_1962' title='bbox 1324 2831 1343 2850; x_wconf 87' lang='lat' dir='ltr'><strong>D</strong></span> <span class='ocrx_word' id='word_1_1963' title='bbox 1352 2831 1369 2850; x_wconf 87' lang='lat' dir='ltr'>E</span> <span class='ocrx_word' id='word_1_1964' title='bbox 1380 2831 1401 2849; x_wconf 86' lang='lat' dir='ltr'>N</span> <span class='ocrx_word' id='word_1_1965' title='bbox 1412 2830 1424 2850; x_wconf 87' lang='lat' dir='ltr'>s</span> <span class='ocrx_word' id='word_1_1966' title='bbox 1435 2843 1443 2855; x_wconf 92' lang='lat'>,</span> <span class='ocrx_word' id='word_1_1967' title='bbox 1463 2824 1539 2850; x_wconf 88' lang='lat' dir='ltr'>entis.</span> <span class='ocrx_word' id='word_1_1968' title='bbox 1584 2824 1677 2852; x_wconf 82' lang='lat' dir='ltr'>Partic.</span> <span class='ocrx_word' id='word_1_1969' title='bbox 1713 2826 1785 2853; x_wconf 82' lang='lat' dir='ltr'>Caes.</span> <span class='ocrx_word' id='word_1_1970' title='bbox 1804 2826 1832 2853; x_wconf 85' lang='lat' dir='ltr'>B.</span> <span class='ocrx_word' id='word_1_1971' title='bbox 1853 2828 1885 2855; x_wconf 93' lang='lat' dir='ltr'>G.</span> <span class='ocrx_word' id='word_1_1972' title='bbox 1905 2836 1933 2865; x_wconf 82' lang='lat'>7,</span> <span class='ocrx_word' id='word_1_1973' title='bbox 1956 2839 1981 2862; x_wconf 79' lang='grc' dir='ltr'>ις</span> <span class='ocrx_word' id='word_1_1974' title='bbox 2014 2832 2182 2863; x_wconf 60' lang='lat' dir='ltr'>Diffuademe</span> 
     </span>
     <span class='ocr_line' id='line_1_192' title="bbox 1139 2859 1730 2894; baseline 0.005 -9"><span class='ocrx_word' id='word_1_1975' title='bbox 1139 2859 1228 2894; x_wconf 91' lang='lat' dir='ltr'>primo</span> <span class='ocrx_word' id='word_1_1976' title='bbox 1240 2859 1473 2894; x_wconf 85' lang='lat' dir='ltr'>Vercingetorige,</span> <span class='ocrx_word' id='word_1_1977' title='bbox 1491 2859 1547 2894; x_wconf 84' lang='lat' dir='ltr'>post</span> <span class='ocrx_word' id='word_1_1978' title='bbox 1563 2860 1730 2888; x_wconf 84' lang='lat' dir='ltr'>concedente.</span> 
     </span>
    </p>

    <p class='ocr_par' dir='ltr' id='par_1_54' title="bbox 1139 2895 2183 2976">
     <span class='ocr_line' id='line_1_193' title="bbox 1176 2895 2183 2937; baseline 0.012 -16"><span class='ocrx_word' id='word_1_1979' title='bbox 1176 2902 1194 2921; x_wconf 88' lang='lat' dir='ltr'>D</span> <span class='ocrx_word' id='word_1_1980' title='bbox 1204 2903 1212 2921; x_wconf 96' lang='lat'>1</span> <span class='ocrx_word' id='word_1_1981' title='bbox 1222 2901 1255 2921; x_wconf 85' lang='lat' dir='ltr'>ss</span> <span class='ocrx_word' id='word_1_1982' title='bbox 1265 2902 1285 2921; x_wconf 90' lang='lat' dir='ltr'>v</span> <span class='ocrx_word' id='word_1_1983' title='bbox 1295 2902 1317 2921; x_wconf 86' lang='lat' dir='ltr'>A</span> <span class='ocrx_word' id='word_1_1984' title='bbox 1327 2902 1339 2921; x_wconf 89' lang='grc'><strong>3</strong></span> <span class='ocrx_word' id='word_1_1985' title='bbox 1349 2903 1357 2921; x_wconf 93' lang='grc'>1</span> <span class='ocrx_word' id='word_1_1986' title='bbox 1368 2902 1404 2927; x_wconf 93' lang='lat'>0,</span> <span class='ocrx_word' id='word_1_1987' title='bbox 1426 2895 1493 2921; x_wconf 77' lang='lat' dir='ltr'>onis.</span> <span class='ocrx_word' id='word_1_1988' title='bbox 1511 2895 1530 2920; x_wconf 91' lang='lat' dir='ltr'>f.</span> <span class='ocrx_word' id='word_1_1989' title='bbox 1567 2895 1623 2921; x_wconf 85' lang='lat' dir='ltr'>Cic.</span> <span class='ocrx_word' id='word_1_1990' title='bbox 1636 2904 1684 2930; x_wconf 88' lang='lat' dir='ltr'>pro</span> <span class='ocrx_word' id='word_1_1991' title='bbox 1698 2897 1800 2924; x_wconf 82' lang='lat' dir='ltr'>Cluent.</span> <span class='ocrx_word' id='word_1_1992' title='bbox 1814 2906 1862 2932; x_wconf 88' lang='lat'>140</span> <span class='ocrx_word' id='word_1_1993' title='bbox 1875 2908 1896 2926; x_wconf 89' lang='lat' dir='ltr'>c.</span> <span class='ocrx_word' id='word_1_1994' title='bbox 1911 2908 1937 2933; x_wconf 80' lang='lat'>51</span> <span class='ocrx_word' id='word_1_1995' title='bbox 1963 2900 2114 2937; x_wconf 83' lang='lat' dir='ltr'>Legationis</span> <span class='ocrx_word' id='word_1_1996' title='bbox 2131 2905 2183 2933; x_wconf 82' lang='lat' dir='ltr'>dis.</span> 
     </span>
     <span class='ocr_line' id='line_1_194' title="bbox 1139 2930 2182 2976; baseline 0.01 -18"><span class='ocrx_word' id='word_1_1997' title='bbox 1139 2930 1222 2958; x_wconf 89' lang='lat' dir='ltr'>sualio</span> <span class='ocrx_word' id='word_1_1998' title='bbox 1240 2931 1296 2957; x_wconf 86' lang='lat' dir='ltr'>Seu.</span> <span class='ocrx_word' id='word_1_1999' title='bbox 1305 2930 1384 2965; x_wconf 84' lang='lat' dir='ltr'>Epist.</span> <span class='ocrx_word' id='word_1_2000' title='bbox 1397 2939 1434 2963; x_wconf 88' lang='lat'>94</span> <span class='ocrx_word' id='word_1_2001' title='bbox 1456 2930 1496 2956; x_wconf 89' lang='lat' dir='ltr'>Sic</span> <span class='ocrx_word' id='word_1_2002' title='bbox 1510 2936 1535 2956; x_wconf 88' lang='lat' dir='ltr'>et</span> <span class='ocrx_word' id='word_1_2003' title='bbox 1542 2931 1733 2958; x_wconf 83' lang='lat' dir='ltr'>consolationes</span> <span class='ocrx_word' id='word_1_2004' title='bbox 1741 2942 1805 2967; x_wconf 84' lang='lat' dir='ltr'>nega</span> <span class='ocrx_word' id='word_1_2005' title='bbox 1814 2935 1942 2968; x_wconf 86' lang='lat' dir='ltr'>proficere</span> <span class='ocrx_word' id='word_1_2006' title='bbox 1955 2937 2182 2976; x_wconf 84' lang='lat' dir='ltr'>difliiasionesque.</span> 
     </span>
    </p>

    <p class='ocr_par' dir='ltr' id='par_1_55' title="bbox 1176 2966 2181 3006">
     <span class='ocr_line' id='line_1_195' title="bbox 1176 2966 2181 3006; baseline 0.012 -14"><span class='ocrx_word' id='word_1_2007' title='bbox 1176 2973 1255 2994; x_wconf 87' lang='lat' dir='ltr'>Diss</span> <span class='ocrx_word' id='word_1_2008' title='bbox 1266 2968 1335 2993; x_wconf 82' lang='grc' dir='ltr'>νᾸ3</span> <span class='ocrx_word' id='word_1_2009' title='bbox 1345 2972 1364 2992; x_wconf 92' lang='lat'>0</span> <span class='ocrx_word' id='word_1_2010' title='bbox 1374 2973 1409 2998; x_wconf 80' lang='lat' dir='ltr'>R,</span> <span class='ocrx_word' id='word_1_2011' title='bbox 1433 2966 1498 2993; x_wconf 73' lang='lat' dir='ltr'>oris.</span> <span class='ocrx_word' id='word_1_2012' title='bbox 1524 2975 1560 2993; x_wconf 88' lang='lat' dir='ltr'>m.</span> <span class='ocrx_word' id='word_1_2013' title='bbox 1598 2966 1611 3000; x_wconf 91' lang='lat'>[</span> <span class='ocrx_word' id='word_1_2014' title='bbox 1624 2966 1773 3002; x_wconf 70' lang='grc' dir='ltr'>οἱποτρέπτης</span> <span class='ocrx_word' id='word_1_2015' title='bbox 1787 2969 1801 3003; x_wconf 90' lang='lat'>]</span> <span class='ocrx_word' id='word_1_2016' title='bbox 1837 2971 1888 3006; x_wconf 70' lang='lat' dir='ltr'>Qu·</span> <span class='ocrx_word' id='word_1_2017' title='bbox 1907 2971 2034 3005; x_wconf 63' lang='lat' dir='ltr'>distaadct.</span> <span class='ocrx_word' id='word_1_2018' title='bbox 2077 2977 2133 3003; x_wconf 87' lang='lat' dir='ltr'>Cic.</span> <span class='ocrx_word' id='word_1_2019' title='bbox 2149 2976 2181 3003; x_wconf 89' lang='lat' dir='ltr'>de</span> 
     </span>
    </p>

    <p class='ocr_par' dir='ltr' id='par_1_56' title="bbox 1138 3001 2180 3046">
     <span class='ocr_line' id='line_1_196' title="bbox 1138 3001 2180 3046; baseline 0.009 -17"><span class='ocrx_word' id='word_1_2020' title='bbox 1138 3003 1210 3030; x_wconf 86' lang='lat' dir='ltr'>Clar.</span> <span class='ocrx_word' id='word_1_2021' title='bbox 1225 3003 1298 3029; x_wconf 87' lang='lat' dir='ltr'>Orat.</span> <span class='ocrx_word' id='word_1_2022' title='bbox 1318 3003 1361 3028; x_wconf 80' lang='lat'>261</span> <span class='ocrx_word' id='word_1_2023' title='bbox 1408 3002 1464 3036; x_wconf 88' lang='lat' dir='ltr'>Ipse</span> <span class='ocrx_word' id='word_1_2024' title='bbox 1479 3001 1558 3028; x_wconf 88' lang='lat' dir='ltr'>etiam</span> <span class='ocrx_word' id='word_1_2025' title='bbox 1571 3002 1629 3028; x_wconf 91' lang='lat' dir='ltr'>Piso</span> <span class='ocrx_word' id='word_1_2026' title='bbox 1645 3008 1670 3028; x_wconf 89' lang='lat' dir='ltr'>et</span> <span class='ocrx_word' id='word_1_2027' title='bbox 1685 3004 1771 3029; x_wconf 87' lang='lat' dir='ltr'>causas</span> <span class='ocrx_word' id='word_1_2028' title='bbox 1791 3005 1861 3039; x_wconf 83' lang='lat' dir='ltr'>egit,</span> <span class='ocrx_word' id='word_1_2029' title='bbox 1890 3014 1916 3033; x_wconf 90' lang='lat' dir='ltr'>et</span> <span class='ocrx_word' id='word_1_2030' title='bbox 1928 3001 2072 3035; x_wconf 78' lang='lat' dir='ltr'>multarum</span> <span class='ocrx_word' id='word_1_2031' title='bbox 2092 3011 2180 3046; x_wconf 87' lang='lat' dir='ltr'>legum</span> 
     </span>
    </p>

    <p class='ocr_par' dir='ltr' id='par_1_57' title="bbox 1135 3037 2180 3251">
     <span class='ocr_line' id='line_1_197' title="bbox 1138 3037 2180 3075; baseline 0.009 -10"><span class='ocrx_word' id='word_1_2032' title='bbox 1138 3044 1184 3065; x_wconf 86' lang='lat' dir='ltr'>aut</span> <span class='ocrx_word' id='word_1_2033' title='bbox 1198 3038 1342 3064; x_wconf 72' lang='lat' dir='ltr'>au&amp;0ra11t</span> <span class='ocrx_word' id='word_1_2034' title='bbox 1352 3037 1475 3063; x_wconf 78' lang='lat' dir='ltr'>dissuasor</span> <span class='ocrx_word' id='word_1_2035' title='bbox 1488 3037 1549 3064; x_wconf 89' lang='lat' dir='ltr'>fuit.</span> <span class='ocrx_word' id='word_1_2036' title='bbox 1606 3037 1674 3065; x_wconf 82' lang='lat' dir='ltr'>Add.</span> <span class='ocrx_word' id='word_1_2037' title='bbox 1690 3038 1722 3066; x_wconf 89' lang='lat' dir='ltr'>de</span> <span class='ocrx_word' id='word_1_2038' title='bbox 1734 3039 1809 3066; x_wconf 87' lang='lat' dir='ltr'>Orat.</span> <span class='ocrx_word' id='word_1_2039' title='bbox 1828 3049 1843 3066; x_wconf 89' lang='lat'>2</span> <span class='ocrx_word' id='word_1_2040' title='bbox 1857 3050 1878 3067; x_wconf 94' lang='lat' dir='ltr'>c.</span> <span class='ocrx_word' id='word_1_2041' title='bbox 1893 3045 1932 3075; x_wconf 77' lang='lat'>65.</span> <span class='ocrx_word' id='word_1_2042' title='bbox 2005 3045 2114 3072; x_wconf 87' lang='lat' dir='ltr'>Gladius</span> <span class='ocrx_word' id='word_1_2043' title='bbox 2129 3047 2180 3073; x_wconf 91' lang='lat' dir='ltr'>dis-</span> 
     </span>
     <span class='ocr_line' id='line_1_198' title="bbox 1590 3073 2157 3116; baseline 0.016 -17"><span class='ocrx_word' id='word_1_2044' title='bbox 1590 3073 1702 3108; x_wconf 80' lang='lat' dir='ltr'>Populus</span> <span class='ocrx_word' id='word_1_2045' title='bbox 1715 3074 1818 3101; x_wconf 88' lang='lat' dir='ltr'>honesti</span> <span class='ocrx_word' id='word_1_2046' title='bbox 1831 3076 1955 3105; x_wconf 86' lang='lat' dir='ltr'>dissuasor</span> <span class='ocrx_word' id='word_1_2047' title='bbox 1980 3079 2037 3106; x_wconf 89' lang='lat' dir='ltr'>Sen.</span> <span class='ocrx_word' id='word_1_2048' title='bbox 2051 3082 2096 3116; x_wconf 86' lang='lat' dir='ltr'>Ep.</span> <span class='ocrx_word' id='word_1_2049' title='bbox 2105 3087 2157 3112; x_wconf 90' lang='grc'><strong>108.</strong></span> 
     </span>
     <span class='ocr_line' id='line_1_199' title="bbox 1174 3108 2180 3152; baseline 0.014 -23"><span class='ocrx_word' id='word_1_2050' title='bbox 1174 3115 1193 3135; x_wconf 76' lang='lat' dir='ltr'>D</span> <span class='ocrx_word' id='word_1_2051' title='bbox 1205 3117 1214 3135; x_wconf 90' lang='lat'>1</span> <span class='ocrx_word' id='word_1_2052' title='bbox 1225 3115 1237 3134; x_wconf 87' lang='lat' dir='ltr'>S</span> <span class='ocrx_word' id='word_1_2053' title='bbox 1246 3116 1258 3135; x_wconf 86' lang='lat' dir='ltr'>S</span> <span class='ocrx_word' id='word_1_2054' title='bbox 1267 3116 1287 3134; x_wconf 79' lang='lat' dir='ltr'>V</span> <span class='ocrx_word' id='word_1_2055' title='bbox 1296 3115 1318 3135; x_wconf 81' lang='grc' dir='ltr'>Α</span> <span class='ocrx_word' id='word_1_2056' title='bbox 1326 3114 1348 3133; x_wconf 85' lang='grc' dir='ltr'><strong><em>ν</em></strong></span> <span class='ocrx_word' id='word_1_2057' title='bbox 1357 3116 1367 3135; x_wconf 86' lang='lat'>1</span> <span class='ocrx_word' id='word_1_2058' title='bbox 1377 3115 1396 3135; x_wconf 93' lang='lat' dir='ltr'>o</span> <span class='ocrx_word' id='word_1_2059' title='bbox 1407 3114 1426 3134; x_wconf 83' lang='lat' dir='ltr'>R</span> <span class='ocrx_word' id='word_1_2060' title='bbox 1435 3128 1442 3140; x_wconf 92' lang='lat'>‚</span> <span class='ocrx_word' id='word_1_2061' title='bbox 1467 3109 1515 3135; x_wconf 69' lang='lat' dir='ltr'>ari.</span> <span class='ocrx_word' id='word_1_2062' title='bbox 1553 3108 1736 3144; x_wconf 66' lang='grc' dir='ltr'>[καταφιλεῖν]</span> <span class='ocrx_word' id='word_1_2063' title='bbox 1773 3111 1933 3146; x_wconf 76' lang='lat' dir='ltr'>Dcosculari,</span> <span class='ocrx_word' id='word_1_2064' title='bbox 1949 3115 2065 3148; x_wconf 83' lang='lat' dir='ltr'>pluribus</span> <span class='ocrx_word' id='word_1_2065' title='bbox 2072 3117 2180 3152; x_wconf 65' lang='lat' dir='ltr'>sualmis,</span> 
     </span>
     <span class='ocr_line' id='line_1_200' title="bbox 1135 3145 2180 3180; baseline 0.008 -9"><span class='ocrx_word' id='word_1_2066' title='bbox 1135 3147 1154 3171; x_wconf 89' lang='lat' dir='ltr'>i.</span> <span class='ocrx_word' id='word_1_2067' title='bbox 1169 3145 1257 3180; x_wconf 76' lang='lat' dir='ltr'>ofi‘ulis</span> <span class='ocrx_word' id='word_1_2068' title='bbox 1268 3146 1421 3171; x_wconf 78' lang='lat' dir='ltr'>continuatis</span> <span class='ocrx_word' id='word_1_2069' title='bbox 1439 3150 1550 3179; x_wconf 71' lang='lat' dir='ltr'>appetere</span> <span class='ocrx_word' id='word_1_2070' title='bbox 1568 3146 1680 3179; x_wconf 76' lang='lat' dir='ltr'>aliquem.</span> <span class='ocrx_word' id='word_1_2071' title='bbox 1737 3145 1831 3172; x_wconf 84' lang='lat' dir='ltr'>Cicero</span> <span class='ocrx_word' id='word_1_2072' title='bbox 1845 3147 1883 3173; x_wconf 94' lang='lat' dir='ltr'>M.</span> <span class='ocrx_word' id='word_1_2073' title='bbox 1897 3148 1925 3174; x_wconf 88' lang='lat' dir='ltr'>F.</span> <span class='ocrx_word' id='word_1_2074' title='bbox 1945 3149 1977 3175; x_wconf 83' lang='lat' dir='ltr'>ad</span> <span class='ocrx_word' id='word_1_2075' title='bbox 1990 3150 2090 3177; x_wconf 91' lang='lat' dir='ltr'>Tiron.</span> <span class='ocrx_word' id='word_1_2076' title='bbox 2107 3152 2180 3179; x_wconf 77' lang='lat' dir='ltr'>Fam.</span> 
     </span>
     <span class='ocr_line' id='line_1_201' title="bbox 1139 3179 2178 3216; baseline 0.009 -11"><span class='ocrx_word' id='word_1_2077' title='bbox 1139 3183 1179 3213; x_wconf 82' lang='lat'>16,</span> <span class='ocrx_word' id='word_1_2078' title='bbox 1192 3188 1226 3214; x_wconf 82' lang='lat'>27</span> <span class='ocrx_word' id='word_1_2079' title='bbox 1247 3180 1310 3212; x_wconf 91' lang='lat' dir='ltr'>Te,</span> <span class='ocrx_word' id='word_1_2080' title='bbox 1328 3186 1357 3206; x_wconf 88' lang='lat' dir='ltr'>vt</span> <span class='ocrx_word' id='word_1_2081' title='bbox 1371 3179 1444 3212; x_wconf 78' lang='lat' dir='ltr'>dixi,</span> <span class='ocrx_word' id='word_1_2082' title='bbox 1463 3180 1522 3206; x_wconf 83' lang='lat' dir='ltr'>fero</span> <span class='ocrx_word' id='word_1_2083' title='bbox 1535 3179 1627 3206; x_wconf 88' lang='lat' dir='ltr'>oculis.</span> <span class='ocrx_word' id='word_1_2084' title='bbox 1673 3181 1727 3214; x_wconf 83' lang='lat' dir='ltr'>Ego</span> <span class='ocrx_word' id='word_1_2085' title='bbox 1741 3190 1787 3206; x_wconf 89' lang='lat' dir='ltr'>vos</span> <span class='ocrx_word' id='word_1_2086' title='bbox 1803 3181 1835 3207; x_wconf 90' lang='lat' dir='ltr'>ad</span> <span class='ocrx_word' id='word_1_2087' title='bbox 1848 3182 1887 3208; x_wconf 90' lang='lat'>111</span> <span class='ocrx_word' id='word_1_2088' title='bbox 1909 3183 1965 3210; x_wconf 88' lang='lat' dir='ltr'>Kal.</span> <span class='ocrx_word' id='word_1_2089' title='bbox 1978 3186 2089 3216; x_wconf 88' lang='lat' dir='ltr'>videbo,</span> <span class='ocrx_word' id='word_1_2090' title='bbox 2108 3193 2178 3214; x_wconf 88' lang='lat' dir='ltr'>tuos-</span> 
     </span>
     <span class='ocr_line' id='line_1_202' title="bbox 1138 3215 2178 3251; baseline 0.008 -10"><span class='ocrx_word' id='word_1_2091' title='bbox 1138 3225 1190 3251; x_wconf 85' lang='lat' dir='ltr'>que</span> <span class='ocrx_word' id='word_1_2092' title='bbox 1204 3215 1310 3247; x_wconf 88' lang='lat' dir='ltr'>oculos,</span> <span class='ocrx_word' id='word_1_2093' title='bbox 1336 3215 1416 3242; x_wconf 86' lang='lat' dir='ltr'>etiam</span> <span class='ocrx_word' id='word_1_2094' title='bbox 1436 3215 1454 3241; x_wconf 87' lang='lat' dir='ltr'>si</span> <span class='ocrx_word' id='word_1_2095' title='bbox 1469 3221 1494 3242; x_wconf 90' lang='lat' dir='ltr'>te</span> <span class='ocrx_word' id='word_1_2096' title='bbox 1512 3216 1621 3242; x_wconf 88' lang='lat' dir='ltr'>veniens</span> <span class='ocrx_word' id='word_1_2097' title='bbox 1635 3216 1663 3241; x_wconf 88' lang='lat' dir='ltr'>in</span> <span class='ocrx_word' id='word_1_2098' title='bbox 1684 3216 1773 3242; x_wconf 91' lang='lat' dir='ltr'>medio</span> <span class='ocrx_word' id='word_1_2099' title='bbox 1789 3217 1851 3244; x_wconf 89' lang='lat' dir='ltr'>foro</span> <span class='ocrx_word' id='word_1_2100' title='bbox 1863 3218 1973 3251; x_wconf 87' lang='lat' dir='ltr'>videro,</span> <span class='ocrx_word' id='word_1_2101' title='bbox 1993 3221 2178 3250; x_wconf 80' lang='lat' dir='ltr'>dissuauiabor.</span> 
     </span>
    </p>

    <p class='ocr_par' dir='ltr' id='par_1_58' title="bbox 1136 3251 2178 3321">
     <span class='ocr_line' id='line_1_203' title="bbox 1173 3251 2178 3290; baseline 0.008 -13"><span class='ocrx_word' id='word_1_2102' title='bbox 1173 3258 1230 3278; x_wconf 83' lang='lat' dir='ltr'>DIS</span> <span class='ocrx_word' id='word_1_2103' title='bbox 1241 3257 1253 3277; x_wconf 88' lang='lat' dir='ltr'>s</span> <span class='ocrx_word' id='word_1_2104' title='bbox 1262 3258 1283 3276; x_wconf 87' lang='lat' dir='ltr'>v</span> <span class='ocrx_word' id='word_1_2105' title='bbox 1292 3257 1309 3277; x_wconf 81' lang='grc' dir='ltr'><em>Ε</em></span> <span class='ocrx_word' id='word_1_2106' title='bbox 1318 3258 1331 3280; x_wconf 85' lang='lat' dir='ltr'>s</span> <span class='ocrx_word' id='word_1_2107' title='bbox 1341 3257 1357 3277; x_wconf 91' lang='lat' dir='ltr'>C</span> <span class='ocrx_word' id='word_1_2108' title='bbox 1370 3258 1388 3278; x_wconf 93' lang='lat' dir='ltr'>O</span> <span class='ocrx_word' id='word_1_2109' title='bbox 1397 3270 1405 3283; x_wconf 94' lang='lat'>,</span> <span class='ocrx_word' id='word_1_2110' title='bbox 1439 3252 1492 3278; x_wconf 73' lang='lat' dir='ltr'>ere.</span> <span class='ocrx_word' id='word_1_2111' title='bbox 1530 3251 1730 3286; x_wconf 66' lang='lat' dir='ltr'>Conj‘uetudinem</span> <span class='ocrx_word' id='word_1_2112' title='bbox 1748 3251 1873 3287; x_wconf 71' lang='lat' dir='ltr'>deponere.</span> <span class='ocrx_word' id='word_1_2113' title='bbox 1919 3255 2105 3290; x_wconf 85' lang='lat' dir='ltr'>Disciplinatos</span> <span class='ocrx_word' id='word_1_2114' title='bbox 2127 3258 2178 3285; x_wconf 89' lang='lat' dir='ltr'>dis-</span> 
     </span>
     <span class='ocr_line' id='line_1_204' title="bbox 1136 3286 1750 3321; baseline 0 -8"><span class='ocrx_word' id='word_1_2115' title='bbox 1136 3287 1229 3314; x_wconf 86' lang='lat' dir='ltr'>suescit</span> <span class='ocrx_word' id='word_1_2116' title='bbox 1243 3295 1366 3321; x_wconf 90' lang='lat' dir='ltr'>promere</span> <span class='ocrx_word' id='word_1_2117' title='bbox 1378 3286 1480 3312; x_wconf 62' lang='lat' dir='ltr'>frut&#39;ftus</span> <span class='ocrx_word' id='word_1_2118' title='bbox 1509 3287 1565 3313; x_wconf 91' lang='lat' dir='ltr'>Alc.</span> <span class='ocrx_word' id='word_1_2119' title='bbox 1578 3287 1650 3313; x_wconf 87' lang='lat' dir='ltr'>Auit.</span> <span class='ocrx_word' id='word_1_2120' title='bbox 1664 3296 1693 3321; x_wconf 87' lang='lat'>4,</span> <span class='ocrx_word' id='word_1_2121' title='bbox 1705 3289 1750 3321; x_wconf 85' lang='lat'>46.</span> 
     </span>
    </p>

    <p class='ocr_par' dir='ltr' id='par_1_59' title="bbox 1136 3321 2177 3393">
     <span class='ocr_line' id='line_1_205' title="bbox 1173 3321 2177 3359; baseline 0.004 -10"><span class='ocrx_word' id='word_1_2122' title='bbox 1173 3330 1192 3350; x_wconf 92' lang='lat' dir='ltr'><strong>D</strong></span> <span class='ocrx_word' id='word_1_2123' title='bbox 1201 3331 1210 3349; x_wconf 89' lang='lat'>1</span> <span class='ocrx_word' id='word_1_2124' title='bbox 1220 3330 1232 3349; x_wconf 89' lang='lat' dir='ltr'>s</span> <span class='ocrx_word' id='word_1_2125' title='bbox 1241 3329 1254 3348; x_wconf 84' lang='lat' dir='ltr'>S</span> <span class='ocrx_word' id='word_1_2126' title='bbox 1263 3330 1284 3348; x_wconf 91' lang='lat' dir='ltr'>v</span> <span class='ocrx_word' id='word_1_2127' title='bbox 1293 3331 1308 3349; x_wconf 85' lang='lat' dir='ltr'>L</span> <span class='ocrx_word' id='word_1_2128' title='bbox 1319 3329 1336 3349; x_wconf 87' lang='lat' dir='ltr'><strong>c</strong></span> <span class='ocrx_word' id='word_1_2129' title='bbox 1347 3330 1367 3348; x_wconf 91' lang='lat' dir='ltr'>V</span> <span class='ocrx_word' id='word_1_2130' title='bbox 1377 3329 1390 3349; x_wconf 91' lang='lat' dir='ltr'>s</span> <span class='ocrx_word' id='word_1_2131' title='bbox 1399 3342 1407 3355; x_wconf 95' lang='lat'>‚</span> <span class='ocrx_word' id='word_1_2132' title='bbox 1431 3331 1456 3355; x_wconf 89' lang='lat' dir='ltr'>a,</span> <span class='ocrx_word' id='word_1_2133' title='bbox 1480 3331 1533 3348; x_wconf 85' lang='lat' dir='ltr'>um.</span> <span class='ocrx_word' id='word_1_2134' title='bbox 1577 3321 1637 3348; x_wconf 88' lang='lat' dir='ltr'>Adi.</span> <span class='ocrx_word' id='word_1_2135' title='bbox 1673 3323 1769 3349; x_wconf 87' lang='lat' dir='ltr'>Porcus</span> <span class='ocrx_word' id='word_1_2136' title='bbox 1791 3321 1904 3357; x_wconf 71' lang='lat' dir='ltr'>dicitur,</span> <span class='ocrx_word' id='word_1_2137' title='bbox 1923 3333 2005 3359; x_wconf 90' lang='lat' dir='ltr'>quum</span> <span class='ocrx_word' id='word_1_2138' title='bbox 2025 3327 2054 3354; x_wconf 86' lang='lat' dir='ltr'>in</span> <span class='ocrx_word' id='word_1_2139' title='bbox 2072 3329 2177 3356; x_wconf 73' lang='lat' dir='ltr'>ceruice</span> 
     </span>
     <span class='ocr_line' id='line_1_206' title="bbox 1136 3355 1847 3393; baseline 0 -8"><span class='ocrx_word' id='word_1_2140' title='bbox 1136 3359 1200 3385; x_wconf 87' lang='lat' dir='ltr'>setas</span> <span class='ocrx_word' id='word_1_2141' title='bbox 1214 3358 1321 3385; x_wconf 85' lang='lat' dir='ltr'>diuidit.</span> <span class='ocrx_word' id='word_1_2142' title='bbox 1358 3357 1456 3385; x_wconf 84' lang='lat' dir='ltr'>Festus.</span> <span class='ocrx_word' id='word_1_2143' title='bbox 1491 3357 1565 3393; x_wconf 75' lang='lat' dir='ltr'>Cous.</span> <span class='ocrx_word' id='word_1_2144' title='bbox 1585 3355 1648 3390; x_wconf 72' lang='lat' dir='ltr'>Voſji</span> <span class='ocrx_word' id='word_1_2145' title='bbox 1662 3358 1741 3392; x_wconf 84' lang='lat' dir='ltr'>Etym.</span> <span class='ocrx_word' id='word_1_2146' title='bbox 1753 3367 1778 3392; x_wconf 89' lang='lat' dir='ltr'>p.</span> <span class='ocrx_word' id='word_1_2147' title='bbox 1793 3366 1847 3391; x_wconf 80' lang='lat'>50²·</span> 
     </span>
    </p>

    <p class='ocr_par' dir='ltr' id='par_1_60' title="bbox 1173 3393 2178 3427">
     <span class='ocr_line' id='line_1_207' title="bbox 1173 3393 2178 3427; baseline 0.008 -7"><span class='ocrx_word' id='word_1_2148' title='bbox 1173 3401 1191 3420; x_wconf 93' lang='lat' dir='ltr'><strong>D</strong></span> <span class='ocrx_word' id='word_1_2149' title='bbox 1202 3402 1210 3420; x_wconf 98' lang='lat'>1</span> <span class='ocrx_word' id='word_1_2150' title='bbox 1221 3400 1233 3420; x_wconf 90' lang='lat' dir='ltr'>s</span> <span class='ocrx_word' id='word_1_2151' title='bbox 1243 3401 1255 3420; x_wconf 90' lang='grc'><strong>3</strong></span> <span class='ocrx_word' id='word_1_2152' title='bbox 1265 3399 1380 3426; x_wconf 85' lang='lat' dir='ltr'>vLco,</span> <span class='ocrx_word' id='word_1_2153' title='bbox 1406 3397 1458 3419; x_wconf 70' lang='lat' dir='ltr'>are.</span> <span class='ocrx_word' id='word_1_2154' title='bbox 1495 3394 1631 3420; x_wconf 87' lang='lat' dir='ltr'>Fortunat.</span> <span class='ocrx_word' id='word_1_2155' title='bbox 1643 3393 1721 3420; x_wconf 80' lang='lat' dir='ltr'>Mart.</span> <span class='ocrx_word' id='word_1_2156' title='bbox 1734 3402 1762 3426; x_wconf 88' lang='lat'>4,</span> <span class='ocrx_word' id='word_1_2157' title='bbox 1799 3413 1807 3420; x_wconf 89' lang='lat'>.</span> <span class='ocrx_word' id='word_1_2158' title='bbox 1842 3413 1849 3420; x_wconf 93' lang='lat'>.</span> <span class='ocrx_word' id='word_1_2159' title='bbox 1885 3394 2007 3424; x_wconf 83' lang='lat' dir='ltr'>Molliter</span> <span class='ocrx_word' id='word_1_2160' title='bbox 2026 3399 2106 3426; x_wconf 72' lang='lat' dir='ltr'>aeteo</span> <span class='ocrx_word' id='word_1_2161' title='bbox 2126 3399 2178 3427; x_wconf 88' lang='lat' dir='ltr'>dis·</span> 
     </span>
    </p>
   </div>
   <div class='ocr_carea' id='block_1_35' title="bbox 1104 3430 1443 3465">
    <p class='ocr_par' dir='ltr' id='par_1_61' title="bbox 1104 3430 1443 3465">
     <span class='ocr_line' id='line_1_208' title="bbox 1104 3430 1443 3465; baseline -0.003 -9"><span class='ocrx_word' id='word_1_2162' title='bbox 1104 3447 1121 3465; x_wconf 86' lang='lat'>0</span> <span class='ocrx_word' id='word_1_2163' title='bbox 1137 3430 1236 3456; x_wconf 85' lang='lat' dir='ltr'>sulcans</span> <span class='ocrx_word' id='word_1_2164' title='bbox 1252 3430 1344 3456; x_wconf 88' lang='lat' dir='ltr'>nubila</span> <span class='ocrx_word' id='word_1_2165' title='bbox 1364 3430 1443 3463; x_wconf 89' lang='lat' dir='ltr'>lapsu.</span> 
     </span>
    </p>
   </div>
   <div class='ocr_carea' id='block_1_36' title="bbox 1135 3464 2177 3785">
    <p class='ocr_par' dir='ltr' id='par_1_62' title="bbox 1173 3464 1662 3498">
     <span class='ocr_line' id='line_1_209' title="bbox 1173 3464 1662 3498; baseline -0.004 -6"><span class='ocrx_word' id='word_1_2166' title='bbox 1173 3471 1386 3498; x_wconf 85' lang='lat' dir='ltr'>DisvaTo,</span> <span class='ocrx_word' id='word_1_2167' title='bbox 1407 3464 1461 3491; x_wconf 81' lang='lat' dir='ltr'>vid.</span> <span class='ocrx_word' id='word_1_2168' title='bbox 1483 3470 1662 3491; x_wconf 84' lang='lat' dir='ltr'>DissiLio.</span> 
     </span>
    </p>

    <p class='ocr_par' dir='ltr' id='par_1_63' title="bbox 1135 3497 2177 3713">
     <span class='ocr_line' id='line_1_210' title="bbox 1171 3497 2175 3533; baseline 0.004 -4"><span class='ocrx_word' id='word_1_2169' title='bbox 1171 3507 1326 3533; x_wconf 84' lang='lat' dir='ltr'>Dlssvo,</span> <span class='ocrx_word' id='word_1_2170' title='bbox 1347 3501 1385 3533; x_wconf 92' lang='lat' dir='ltr'>ui,</span> <span class='ocrx_word' id='word_1_2171' title='bbox 1405 3503 1488 3532; x_wconf 75' lang='lat' dir='ltr'>situm,</span> <span class='ocrx_word' id='word_1_2172' title='bbox 1513 3501 1567 3526; x_wconf 69' lang='lat' dir='ltr'>ere.</span> <span class='ocrx_word' id='word_1_2173' title='bbox 1604 3497 1729 3532; x_wconf 69' lang='grc' dir='ltr'>[διαλύω]</span> <span class='ocrx_word' id='word_1_2174' title='bbox 1763 3497 1916 3533; x_wconf 73' lang='lat' dir='ltr'>Diffidam,</span> <span class='ocrx_word' id='word_1_2175' title='bbox 1936 3506 2092 3531; x_wconf 81' lang='lat' dir='ltr'>contrarium</span> <span class='ocrx_word' id='word_1_2176' title='bbox 2105 3506 2175 3533; x_wconf 86' lang='lat' dir='ltr'>Con-</span> 
     </span>
     <span class='ocr_line' id='line_1_211' title="bbox 1136 3534 2176 3574; baseline 0.002 -11"><span class='ocrx_word' id='word_1_2177' title='bbox 1136 3538 1192 3564; x_wconf 85' lang='lat' dir='ltr'>suo.</span> <span class='ocrx_word' id='word_1_2178' title='bbox 1230 3539 1276 3564; x_wconf 76' lang='lat' dir='ltr'>Per</span> <span class='ocrx_word' id='word_1_2179' title='bbox 1290 3539 1487 3563; x_wconf 83' lang='lat' dir='ltr'>translationem.</span> <span class='ocrx_word' id='word_1_2180' title='bbox 1524 3535 1582 3563; x_wconf 89' lang='lat' dir='ltr'>Cic.</span> <span class='ocrx_word' id='word_1_2181' title='bbox 1596 3535 1627 3561; x_wconf 87' lang='lat' dir='ltr'>de</span> <span class='ocrx_word' id='word_1_2182' title='bbox 1640 3535 1747 3561; x_wconf 88' lang='lat' dir='ltr'>Amicit.</span> <span class='ocrx_word' id='word_1_2183' title='bbox 1761 3539 1792 3567; x_wconf 89' lang='lat'>78</span> <span class='ocrx_word' id='word_1_2184' title='bbox 1805 3543 1826 3560; x_wconf 84' lang='lat' dir='ltr'>c.</span> <span class='ocrx_word' id='word_1_2185' title='bbox 1841 3534 1867 3561; x_wconf 79' lang='lat'>21¹</span> <span class='ocrx_word' id='word_1_2186' title='bbox 1890 3536 1973 3564; x_wconf 85' lang='lat' dir='ltr'>Tales</span> <span class='ocrx_word' id='word_1_2187' title='bbox 1986 3539 2071 3574; x_wconf 76' lang='lat' dir='ltr'>igitur</span> <span class='ocrx_word' id='word_1_2188' title='bbox 2084 3542 2176 3568; x_wconf 74' lang='lat' dir='ltr'>amici.</span> 
     </span>
     <span class='ocr_line' id='line_1_212' title="bbox 1135 3570 2177 3611; baseline 0.005 -12"><span class='ocrx_word' id='word_1_2189' title='bbox 1135 3573 1187 3599; x_wconf 84' lang='lat' dir='ltr'>tiae</span> <span class='ocrx_word' id='word_1_2190' title='bbox 1201 3573 1259 3599; x_wconf 88' lang='lat' dir='ltr'>sunt</span> <span class='ocrx_word' id='word_1_2191' title='bbox 1272 3572 1420 3599; x_wconf 73' lang='lat' dir='ltr'>remissione</span> <span class='ocrx_word' id='word_1_2192' title='bbox 1433 3572 1492 3598; x_wconf 88' lang='lat' dir='ltr'>vsus</span> <span class='ocrx_word' id='word_1_2193' title='bbox 1506 3570 1633 3597; x_wconf 86' lang='lat' dir='ltr'>leuandae</span> <span class='ocrx_word' id='word_1_2194' title='bbox 1648 3581 1653 3596; x_wconf 96' lang='lat'>:</span> <span class='ocrx_word' id='word_1_2195' title='bbox 1679 3575 1704 3596; x_wconf 89' lang='lat' dir='ltr'>et</span> <span class='ocrx_word' id='word_1_2196' title='bbox 1718 3575 1746 3595; x_wconf 93' lang='lat' dir='ltr'>vt</span> <span class='ocrx_word' id='word_1_2197' title='bbox 1760 3570 1888 3597; x_wconf 88' lang='lat' dir='ltr'>Catonem</span> <span class='ocrx_word' id='word_1_2198' title='bbox 1906 3571 1995 3601; x_wconf 87' lang='lat' dir='ltr'>dicere</span> <span class='ocrx_word' id='word_1_2199' title='bbox 2007 3576 2110 3611; x_wconf 83' lang='lat' dir='ltr'>audiui,</span> <span class='ocrx_word' id='word_1_2200' title='bbox 2125 3577 2177 3604; x_wconf 87' lang='lat' dir='ltr'>dis-</span> 
     </span>
     <span class='ocr_line' id='line_1_213' title="bbox 1687 3605 2173 3644; baseline 0.016 -13"><span class='ocrx_word' id='word_1_2201' title='bbox 1687 3640 1691 3644; x_wconf 41' lang='lat'>·</span> <span class='ocrx_word' id='word_1_2202' title='bbox 1801 3605 1874 3633; x_wconf 86' lang='lat' dir='ltr'>Idem</span> <span class='ocrx_word' id='word_1_2203' title='bbox 1888 3607 1940 3635; x_wconf 86' lang='lat' dir='ltr'>Off.</span> <span class='ocrx_word' id='word_1_2204' title='bbox 1954 3617 1975 3641; x_wconf 90' lang='lat' dir='ltr'>i,</span> <span class='ocrx_word' id='word_1_2205' title='bbox 1988 3618 2034 3637; x_wconf 90' lang='lat'>120</span> <span class='ocrx_word' id='word_1_2206' title='bbox 2052 3621 2073 3638; x_wconf 67' lang='lat' dir='ltr'>ct</span> <span class='ocrx_word' id='word_1_2207' title='bbox 2087 3621 2114 3644; x_wconf 91' lang='grc'><strong>33</strong></span> <span class='ocrx_word' id='word_1_2208' title='bbox 2137 3614 2173 3639; x_wconf 90' lang='lat' dir='ltr'>Vt</span> 
     </span>
     <span class='ocr_line' id='line_1_214' title="bbox 1135 3640 2176 3679; baseline 0.006 -10"><span class='ocrx_word' id='word_1_2209' title='bbox 1135 3644 1274 3676; x_wconf 70' lang='lat' dir='ltr'>amicitias,</span> <span class='ocrx_word' id='word_1_2210' title='bbox 1287 3652 1354 3678; x_wconf 88' lang='lat' dir='ltr'>quae</span> <span class='ocrx_word' id='word_1_2211' title='bbox 1366 3644 1455 3669; x_wconf 81' lang='lat' dir='ltr'>minus</span> <span class='ocrx_word' id='word_1_2212' title='bbox 1467 3642 1604 3672; x_wconf 65' lang='lat' dir='ltr'>delefient,</span> <span class='ocrx_word' id='word_1_2213' title='bbox 1617 3647 1642 3667; x_wconf 86' lang='lat' dir='ltr'>et</span> <span class='ocrx_word' id='word_1_2214' title='bbox 1656 3649 1743 3666; x_wconf 87' lang='lat' dir='ltr'>minus</span> <span class='ocrx_word' id='word_1_2215' title='bbox 1756 3640 1910 3674; x_wconf 89' lang='lat' dir='ltr'>probentur,</span> <span class='ocrx_word' id='word_1_2216' title='bbox 1917 3645 1999 3679; x_wconf 81' lang='lat' dir='ltr'>magis</span> <span class='ocrx_word' id='word_1_2217' title='bbox 2012 3645 2104 3675; x_wconf 83' lang='lat' dir='ltr'>decere</span> <span class='ocrx_word' id='word_1_2218' title='bbox 2117 3657 2176 3675; x_wconf 78' lang='lat' dir='ltr'>cen-</span> 
     </span>
     <span class='ocr_line' id='line_1_215' title="bbox 1135 3678 1961 3713; baseline 0.001 -8"><span class='ocrx_word' id='word_1_2219' title='bbox 1135 3680 1190 3706; x_wconf 86' lang='lat' dir='ltr'>sent</span> <span class='ocrx_word' id='word_1_2220' title='bbox 1205 3679 1332 3713; x_wconf 90' lang='lat' dir='ltr'>sapientes</span> <span class='ocrx_word' id='word_1_2221' title='bbox 1346 3679 1436 3705; x_wconf 87' lang='lat' dir='ltr'>sensim</span> <span class='ocrx_word' id='word_1_2222' title='bbox 1450 3678 1575 3707; x_wconf 81' lang='lat' dir='ltr'>dissuere,</span> <span class='ocrx_word' id='word_1_2223' title='bbox 1592 3684 1669 3709; x_wconf 88' lang='lat' dir='ltr'>quam</span> <span class='ocrx_word' id='word_1_2224' title='bbox 1684 3681 1791 3709; x_wconf 88' lang='lat' dir='ltr'>repente</span> <span class='ocrx_word' id='word_1_2225' title='bbox 1803 3678 1961 3710; x_wconf 87' lang='lat' dir='ltr'>praecidere.</span> 
     </span>
    </p>

    <p class='ocr_par' dir='ltr' id='par_1_64' title="bbox 1135 3710 2175 3785">
     <span class='ocr_line' id='line_1_216' title="bbox 1171 3710 2175 3747; baseline 0.003 -6"><span class='ocrx_word' id='word_1_2226' title='bbox 1171 3721 1189 3741; x_wconf 85' lang='lat' dir='ltr'><strong>D</strong></span> <span class='ocrx_word' id='word_1_2227' title='bbox 1201 3716 1377 3745; x_wconf 65' lang='lat' dir='ltr'>issVTvs,</span> <span class='ocrx_word' id='word_1_2228' title='bbox 1396 3723 1420 3747; x_wconf 88' lang='lat' dir='ltr'>a,</span> <span class='ocrx_word' id='word_1_2229' title='bbox 1448 3723 1500 3741; x_wconf 86' lang='lat' dir='ltr'>um.</span> <span class='ocrx_word' id='word_1_2230' title='bbox 1538 3711 1630 3738; x_wconf 87' lang='lat' dir='ltr'>Partic.</span> <span class='ocrx_word' id='word_1_2231' title='bbox 1664 3710 1745 3738; x_wconf 90' lang='lat' dir='ltr'>Ouid.</span> <span class='ocrx_word' id='word_1_2232' title='bbox 1759 3712 1824 3738; x_wconf 86' lang='lat' dir='ltr'>Fast.</span> <span class='ocrx_word' id='word_1_2233' title='bbox 1846 3721 1866 3746; x_wconf 82' lang='lat'>1,</span> <span class='ocrx_word' id='word_1_2234' title='bbox 1886 3719 1938 3747; x_wconf 85' lang='lat'>408</span> <span class='ocrx_word' id='word_1_2235' title='bbox 1975 3715 2064 3743; x_wconf 86' lang='lat' dir='ltr'>Altera</span> <span class='ocrx_word' id='word_1_2236' title='bbox 2077 3716 2175 3744; x_wconf 83' lang='lat' dir='ltr'>diffiito</span> 
     </span>
     <span class='ocr_line' id='line_1_217' title="bbox 1135 3746 2174 3785; baseline 0.004 -9"><span class='ocrx_word' id='word_1_2237' title='bbox 1135 3750 1225 3785; x_wconf 70' lang='lat' dir='ltr'>pee&#39;ius</span> <span class='ocrx_word' id='word_1_2238' title='bbox 1236 3755 1325 3785; x_wconf 82' lang='lat' dir='ltr'>aperta</span> <span class='ocrx_word' id='word_1_2239' title='bbox 1337 3749 1401 3777; x_wconf 90' lang='lat' dir='ltr'>finu.</span> <span class='ocrx_word' id='word_1_2240' title='bbox 1472 3747 1549 3781; x_wconf 78' lang='lat' dir='ltr'>vulg.</span> <span class='ocrx_word' id='word_1_2241' title='bbox 1564 3748 1675 3780; x_wconf 82' lang='lat' dir='ltr'>Interpr.</span> <span class='ocrx_word' id='word_1_2242' title='bbox 1689 3746 1775 3774; x_wconf 85' lang='lat' dir='ltr'>Leuit.</span> <span class='ocrx_word' id='word_1_2243' title='bbox 1788 3755 1823 3782; x_wconf 89' lang='grc'>13,</span> <span class='ocrx_word' id='word_1_2244' title='bbox 1835 3756 1869 3783; x_wconf 75' lang='lat'>45·</span> <span class='ocrx_word' id='word_1_2245' title='bbox 1888 3750 2007 3777; x_wconf 84' lang='lat' dir='ltr'>Habebit</span> <span class='ocrx_word' id='word_1_2246' title='bbox 2019 3752 2174 3780; x_wconf 74' lang='lat' dir='ltr'>vestimenta</span> 
     </span>
    </p>
   </div>
   <div class='ocr_carea' id='block_1_37' title="bbox 354 3780 1233 3818">
    <p class='ocr_par' dir='ltr' id='par_1_65' title="bbox 354 3780 1233 3818">
     <span class='ocr_line' id='line_1_218' title="bbox 354 3780 1233 3818; baseline 0.005 -10"><span class='ocrx_word' id='word_1_2247' title='bbox 354 3780 400 3807; x_wconf 75' lang='lat' dir='ltr'>Sed</span> <span class='ocrx_word' id='word_1_2248' title='bbox 409 3780 465 3807; x_wconf 84' lang='lat' dir='ltr'>Cic.</span> <span class='ocrx_word' id='word_1_2249' title='bbox 479 3783 550 3810; x_wconf 82' lang='lat' dir='ltr'>Orat·</span> <span class='ocrx_word' id='word_1_2250' title='bbox 562 3795 583 3813; x_wconf 85' lang='lat' dir='ltr'>c.</span> <span class='ocrx_word' id='word_1_2251' title='bbox 595 3795 626 3818; x_wconf 84' lang='grc'>39</span> <span class='ocrx_word' id='word_1_2252' title='bbox 644 3788 712 3814; x_wconf 91' lang='lat' dir='ltr'>Cum</span> <span class='ocrx_word' id='word_1_2253' title='bbox 725 3787 819 3813; x_wconf 88' lang='lat' dir='ltr'>demtis</span> <span class='ocrx_word' id='word_1_2254' title='bbox 833 3786 1067 3813; x_wconf 62' lang='lat' dir='ltr'>coniunctionibus</span> <span class='ocrx_word' id='word_1_2255' title='bbox 1078 3791 1124 3809; x_wconf 85' lang='lat'>¹00</span> <span class='ocrx_word' id='word_1_2256' title='bbox 1134 3785 1233 3813; x_wconf 77' lang='lat' dir='ltr'>dissuta.</span> 
     </span>
    </p>
   </div>
   <div class='ocr_carea' id='block_1_38' title="bbox 1136 3816 2174 3963">
    <p class='ocr_par' dir='ltr' id='par_1_66' title="bbox 1136 3816 2174 3963">
     <span class='ocr_line' id='line_1_219' title="bbox 1172 3816 2174 3854; baseline 0 -6"><span class='ocrx_word' id='word_1_2257' title='bbox 1172 3829 1190 3848; x_wconf 91' lang='lat' dir='ltr'><strong>D</strong></span> <span class='ocrx_word' id='word_1_2258' title='bbox 1200 3829 1209 3848; x_wconf 93' lang='lat'>1</span> <span class='ocrx_word' id='word_1_2259' title='bbox 1219 3829 1252 3849; x_wconf 84' lang='lat' dir='ltr'>ss</span> <span class='ocrx_word' id='word_1_2260' title='bbox 1262 3819 1352 3853; x_wconf 67' lang='grc' dir='ltr'><strong>ῢΡο,</strong></span> <span class='ocrx_word' id='word_1_2261' title='bbox 1385 3824 1438 3846; x_wconf 71' lang='lat' dir='ltr'>are.</span> <span class='ocrx_word' id='word_1_2262' title='bbox 1473 3817 1541 3844; x_wconf 80' lang='lat' dir='ltr'>Idem</span> <span class='ocrx_word' id='word_1_2263' title='bbox 1555 3816 1619 3853; x_wconf 80' lang='lat' dir='ltr'>quod</span> <span class='ocrx_word' id='word_1_2264' title='bbox 1628 3816 1744 3853; x_wconf 56' lang='lat' dir='ltr'>Diffipo..</span> <span class='ocrx_word' id='word_1_2265' title='bbox 1787 3819 1891 3847; x_wconf 84' lang='lat' dir='ltr'>Lucret.</span> <span class='ocrx_word' id='word_1_2266' title='bbox 1910 3828 1936 3854; x_wconf 83' lang='lat'>2,</span> <span class='ocrx_word' id='word_1_2267' title='bbox 1956 3829 2001 3848; x_wconf 91' lang='lat'>210</span> <span class='ocrx_word' id='word_1_2268' title='bbox 2035 3822 2079 3848; x_wconf 88' lang='lat' dir='ltr'>Sol</span> <span class='ocrx_word' id='word_1_2269' title='bbox 2093 3822 2174 3849; x_wconf 72' lang='lat' dir='ltr'>etiam</span> 
     </span>
     <span class='ocr_line' id='line_1_220' title="bbox 1136 3854 2171 3893; baseline 0 -10"><span class='ocrx_word' id='word_1_2270' title='bbox 1136 3857 1238 3883; x_wconf 85' lang='lat' dir='ltr'>summo</span> <span class='ocrx_word' id='word_1_2271' title='bbox 1252 3857 1284 3883; x_wconf 91' lang='lat' dir='ltr'>de</span> <span class='ocrx_word' id='word_1_2272' title='bbox 1297 3856 1397 3883; x_wconf 90' lang='lat' dir='ltr'>vertice</span> <span class='ocrx_word' id='word_1_2273' title='bbox 1410 3854 1518 3887; x_wconf 78' lang='lat' dir='ltr'>dissupat</span> <span class='ocrx_word' id='word_1_2274' title='bbox 1530 3862 1621 3880; x_wconf 88' lang='lat' dir='ltr'>omnes</span> <span class='ocrx_word' id='word_1_2275' title='bbox 1657 3854 1785 3881; x_wconf 87' lang='lat' dir='ltr'>Ardorem</span> <span class='ocrx_word' id='word_1_2276' title='bbox 1801 3855 1829 3881; x_wconf 85' lang='lat' dir='ltr'>in</span> <span class='ocrx_word' id='word_1_2277' title='bbox 1841 3862 1944 3890; x_wconf 87' lang='lat' dir='ltr'>partes,</span> <span class='ocrx_word' id='word_1_2278' title='bbox 1963 3864 2008 3883; x_wconf 79' lang='lat' dir='ltr'>etc.</span> <span class='ocrx_word' id='word_1_2279' title='bbox 2044 3858 2117 3893; x_wconf 75' lang='lat' dir='ltr'>Cous.</span> <span class='ocrx_word' id='word_1_2280' title='bbox 2131 3857 2171 3883; x_wconf 88' lang='lat' dir='ltr'>Id.</span> 
     </span>
     <span class='ocr_line' id='line_1_221' title="bbox 1136 3891 2140 3925; baseline 0 -8"><span class='ocrx_word' id='word_1_2281' title='bbox 1136 3901 1162 3925; x_wconf 83' lang='lat'>2,</span> <span class='ocrx_word' id='word_1_2282' title='bbox 1178 3901 1245 3919; x_wconf 85' lang='lat'>1001.</span> <span class='ocrx_word' id='word_1_2283' title='bbox 1261 3901 1281 3925; x_wconf 91' lang='lat' dir='ltr'>i,</span> <span class='ocrx_word' id='word_1_2284' title='bbox 1294 3900 1347 3924; x_wconf 74' lang='lat'>350.</span> <span class='ocrx_word' id='word_1_2285' title='bbox 1360 3900 1386 3924; x_wconf 90' lang='lat'>4,</span> <span class='ocrx_word' id='word_1_2286' title='bbox 1399 3895 1451 3924; x_wconf 83' lang='lat'>871.</span> <span class='ocrx_word' id='word_1_2287' title='bbox 1467 3891 1493 3921; x_wconf 84' lang='lat'>6,</span> <span class='ocrx_word' id='word_1_2288' title='bbox 1507 3891 1552 3915; x_wconf 86' lang='lat'>162</span> <span class='ocrx_word' id='word_1_2289' title='bbox 1572 3895 1595 3915; x_wconf 81' lang='lat' dir='ltr'>et</span> <span class='ocrx_word' id='word_1_2290' title='bbox 1616 3894 1668 3919; x_wconf 86' lang='lat'>180.</span> <span class='ocrx_word' id='word_1_2291' title='bbox 1745 3891 1831 3917; x_wconf 85' lang='lat' dir='ltr'>Vtitur</span> <span class='ocrx_word' id='word_1_2292' title='bbox 1843 3898 1867 3918; x_wconf 80' lang='lat' dir='ltr'>et</span> <span class='ocrx_word' id='word_1_2293' title='bbox 1879 3893 1934 3918; x_wconf 90' lang='lat' dir='ltr'>Cic.</span> <span class='ocrx_word' id='word_1_2294' title='bbox 1948 3892 1977 3917; x_wconf 89' lang='lat' dir='ltr'>in</span> <span class='ocrx_word' id='word_1_2295' title='bbox 1990 3892 2060 3917; x_wconf 91' lang='lat' dir='ltr'>Lael.</span> <span class='ocrx_word' id='word_1_2296' title='bbox 2076 3901 2107 3924; x_wconf 87' lang='lat'>24</span> <span class='ocrx_word' id='word_1_2297' title='bbox 2120 3901 2140 3918; x_wconf 89' lang='lat' dir='ltr'>c.</span> 
     </span>
     <span class='ocr_line' id='line_1_222' title="bbox 1136 3899 2173 3963; baseline -0.001 -9"><span class='ocrx_word' id='word_1_2298' title='bbox 1136 3929 1171 3954; x_wconf 85' lang='lat' dir='ltr'>Ea</span> <span class='ocrx_word' id='word_1_2299' title='bbox 1191 3927 1346 3955; x_wconf 86' lang='lat' dir='ltr'>contrahere</span> <span class='ocrx_word' id='word_1_2300' title='bbox 1361 3925 1526 3958; x_wconf 83' lang='lat' dir='ltr'>amicitiam,</span> <span class='ocrx_word' id='word_1_2301' title='bbox 1545 3924 1674 3960; x_wconf 77' lang='lat' dir='ltr'>dissupare</span> <span class='ocrx_word' id='word_1_2302' title='bbox 1692 3924 1860 3954; x_wconf 85' lang='lat' dir='ltr'>discordiam.</span> <span class='ocrx_word' id='word_1_2303' title='bbox 1904 3929 1942 3955; x_wconf 75' lang='lat' dir='ltr'>At</span> <span class='ocrx_word' id='word_1_2304' title='bbox 1952 3928 1999 3954; x_wconf 80' lang='lat' dir='ltr'>alii</span> <span class='ocrx_word' id='word_1_2305' title='bbox 2008 3926 2051 3953; x_wconf 80' lang='lat' dir='ltr'>hic</span> <span class='ocrx_word' id='word_1_2306' title='bbox 2061 3928 2108 3963; x_wconf 75' lang='lat' dir='ltr'>leg.</span> <span class='ocrx_word' id='word_1_2307' title='bbox 2122 3899 2173 3953; x_wconf 55' lang='lat' dir='ltr'>disz-</span> 
     </span>
    </p>
   </div>
   <div class='ocr_carea' id='block_1_39' title="bbox 1459 3995 2173 4024">
    <p class='ocr_par' dir='ltr' id='par_1_67' title="bbox 1459 3995 2173 4024">
     <span class='ocr_line' id='line_1_223' title="bbox 1459 3995 2173 4024; baseline 0.001 -1"><span class='ocrx_word' id='word_1_2308' title='bbox 1459 3995 1480 4024; x_wconf 79' lang='grc' dir='ltr'><strong><em>Ε</em></strong></span> <span class='ocrx_word' id='word_1_2309' title='bbox 1502 4004 1518 4023; x_wconf 89' lang='lat' dir='ltr'>e</span> <span class='ocrx_word' id='word_1_2310' title='bbox 2103 4000 2173 4024; x_wconf 70' lang='lat' dir='ltr'>DIS-</span> 
     </span>
    </p>
   </div>
  </div>
 </body>
</html>
