2479 4225
287 172 353 215 783
663 151 935 196 GAL

289 250 455 285 personarum
468 252 511 271 aut
525 254 628 276 rerum,
643 245 673 271 de
685 243 780 278 quibus
794 240 888 273 agitur.
925 237 1022 279 (Qiod
1036 237 1106 264 idem
1120 240 1144 262 et
1160 233 1290 275 galeatum
1303 243 1318 261 a

289 283 443 319 qmbusdam
458 287 581 313 vocatur,
599 280 723 315 quoniam
740 278 775 302 ita
790 282 928 300 commune
946 275 993 299 esse
1008 273 1080 308 poffit
1094 270 1217 298 omnibus
1231 270 1320 302 causis,

288 317 511 354 quemadmodum
524 317 595 351 galea
607 314 727 353 omnibus
742 310 820 343 vulgo
834 308 907 349 pqffit
921 310 969 335 effe
983 308 1147 338 communis)
1184 307 1214 332 D.
1224 306 1320 345 Hiero-

288 363 356 385 nym.
366 353 409 387 Ep.
418 355 463 378 106
481 352 620 387 itast-riba,
631 351 679 375 Hic
687 347 809 381 prologus
823 346 1008 379 scripturarum
1024 343 1094 383 quali
1108 343 1236 377 galeatum
1251 350 1321 376 prin-

289 389 399 423 cipium,
417 387 540 414 omnibus
554 386 637 415 libris,
657 391 722 416 quos
737 380 768 406 de
777 379 901 407 Hebraeo
918 381 1046 407 vertimus
1065 387 1092 405 in
1107 378 1246 409 Latinum,
1262 386 1323 403 cou-
1338 390 1352 417 ς
1380 380 1418 420 git
1433 381 1513 406 etiam
1527 388 1542 405 a
1553 378 1686 412 Sequanis,
1704 384 1730 403 et
1744 377 1876 404 Heluetiis
1891 378 1988 404 flumen
2002 378 2141 405 Rhenum:
2167 380 2254 414 vergit
2267 377 2298 404 ad
2310 378 2409 412 Septen.

288 424 381 451 venire
394 424 483 458 potest.
520 421 640 454 Inrilligit
653 421 715 442 enim
732 416 777 441 hoc
785 419 941 451 principium
957 423 1072 451 tanquam
1086 416 1190 440 omnium
1203 413 1321 439 librorum

287 468 431 487 communem
445 457 487 491 est}
497 457 601 491 galeam,
618 460 782 486 communeque
789 455 951 486 prooemium.
986 453 1027 478 Sic
1044 449 1150 476 Turneb.
1161 458 1186 481 3,
1200 454 1237 478 18.
1272 447 1320 474 Sed

286 496 343 522 bene
357 502 433 520 monet
449 487 545 518 (lollius
560 488 616 515 inst.
632 488 706 513 Orat.
719 495 742 518 3,
757 495 782 519 2,
798 495 820 512 ιι
845 497 868 521 p.
885 495 921 519 ιι3
946 487 1020 513 verba
1033 486 1151 520 Sulpicii,
1172 492 1231 519 quae
1242 484 1321 509 inclu-

281 530 374 565 fimus,
393 536 494 565 quaeque
506 525 590 558 absunt
603 531 618 547 a
631 522 775 557 quibusdam
789 523 862 550 MSS.
872 542 880 555 ,
900 521 941 555 effi’
952 521 1050 558 glastum
1065 530 1093 546 ex
1108 521 1253 553 Hieronymi
1267 528 1320 544 ver-

288 567 327 593 bis
340 575 387 591 non
394 564 460 599 satir
473 556 612 589 intellcc‘lis,
621 561 663 593 qui
677 558 807 592 galeatum
816 565 902 593 potius
915 559 959 584 hoc
972 557 1132 592 principium
1145 555 1248 586 dixerit,
1257 553 1321 590 quod
1338 566 1367 583 10
1383 557 1468 582 casum
1482 557 1549 583 Solis
1563 562 1587 582 et
1601 556 1804 588 Septentriones.

289 611 314 628 eo
328 604 466 626 muniantur
477 596 589 620 canonici
601 595 678 625 libri,
698 603 726 619 nc
740 593 886 629 misceantur
899 603 952 619 cum
965 592 1122 630 apocrjphis.

326 642 373 661 ΘΑ
384 640 398 658 L
408 634 452 657 ΕΝ
461 637 481 655 A
490 649 498 661 ,
519 637 558 655 ae.
584 629 603 654 f.
632 627 828 662 [μωλύέδαινα]
864 629 929 654 Plin.
942 637 983 662 34,
991 631 1019 655 16
1039 626 1143 654 Plumbi
1157 625 1228 660 nigri
1242 625 1320 659 origo

288 670 379 704 duplex
394 666 436 692 est.
485 665 538 691 Aut
551 664 622 690 enim
637 665 680 690 sua
696 664 818 697 prouenit
837 673 919 694 vena,
939 673 986 690 nee
1001 664 1144 698 quidquam
1161 660 1233 688 aliud
1251 670 1282 687 ex
1296 660 1321 686 se

287 706 369 741 parit,
389 706 432 727 aut
446 709 505 726 cnm
517 705 626 734 argento
643 700 766 732 nascitur,
785 699 918 733 mistisque
931 700 1005 725 venis
1019 700 1154 725 conflatur.
1190 697 1260 729 Eius,
1274 696 1322 730 qui

286 742 383 776 primus
397 736 457 762 fluit
471 736 498 761 in
511 735 664 762 fornacibus
679 735 783 769 liquor,
803 734 921 760 stannum
936 734 1081 769 appellatur
1095 745 1100 760 ε
1126 733 1171 768 qui
1186 731 1321 762 secunduS,
1340 739 1365 765 ις
1383 739 1406 766 8,
1419 743 1462 767 24.
1503 734 1561 761 Vi'd.
1577 733 1667 768 Spanh.
1682 733 1742 760 Orb.
1755 735 1857 759 Roman.
1872 744 1892 767 1,
1906 743 1942 760 12.
1980 733 2067 760 Cel-lar.
2082 744 2105 765 2,
2119 743 2131 759 2
2145 741 2190 769 pr.

283 778 418 808 argentum
434 782 438 797 :
465 771 537 805 quod
552 770 673 797 remansit
687 770 715 796 in
728 770 896 801 fornacibus,
915 771 1023 804 galena,
1038 779 1103 805 quae
1117 769 1205 804 portio
1220 768 1255 794 est
1271 774 1322 794 ter-

283 812 320 837 tia
333 807 419 834 addita
432 815 522 833 venae.
559 808 630 833 Haec
643 806 732 833 rursus
745 806 866 838 conflata,
873 805 915 832 dat
928 807 1034 840 nigrum
1047 805 1193 841 plumbum,
1202 803 1322 829 deductis

281 843 399 880 partibus
417 841 528 868 duabus.

317 883 630 909 GALEOBDOLON,
657 877 676 903 i.
711 885 737 902 n.
773 882 797 902 et
820 881 926 903 GALE
939 881 1065 910 orsis,
1086 876 1146 903 idis.
1182 875 1203 902 f.
1240 875 1324 900 Lamii

275 915 381 952 species.
415 913 480 940 Plin.
496 920 539 947 27,
555 921 580 945 9.

322 956 343 976 G
356 958 378 976 A
387 947 455 975 [Εό
464 955 480 974 L
489 956 509 975 Α
518 968 527 981 ,
548 957 586 974 ae.
623 947 643 974 f.
679 948 731 973 Vas
745 947 876 973 sinuosum
894 955 909 973 a
922 946 1009 981 galeae
1027 946 1199 973 similitudine
1213 944 1324 974 dicium,

284 985 384 1013 auc‘i‘ore
398 985 503 1011 Nonio.
539 985 626 1010 Varro
641 983 672 1009 de
685 983 748 1009 Vita
760 984 822 1017 Pop.
833 984 910 1009 Rom.
926 991 935 1009 1
956 983 1010 1009 Vbi
1021 989 1076 1010 erat
1089 983 1184 1009 vinum
1196 982 1224 1008 in
1237 981 1324 1007 mensa

284 1021 415 1057 positum,
432 1025 476 1046 aut
489 1019 605 1054 galeola,
627 1026 670 1045 aut
688 1018 760 1046 sinu?
796 1019 866 1045 Non.
882 1027 917 1051 ις,
937 1027 978 1051 34.

320 1063 340 1083 G
348 1064 370 1083 A
380 1062 397 1082 L
408 1062 424 1081 Ε
436 1062 455 1082 O
464 1061 477 1080 s
486 1075 494 1087 ,
512 1055 572 1081 otis.
594 1064 629 1081 ni.
649 1053 773 1089 [γέλως]
810 1055 901 1090 Piscis,
914 1057 958 1090 qui
970 1054 1093 1080 aLaeinis
1100 1051 1208 1087 Mustela
1219 1052 1325 1078 dicitur.

284 1092 351 1120 Plin.
363 1100 401 1124 32,
415 1100 430 1117 2
454 1090 534 1124 Quod
551 1090 583 1116 ad
602 1097 799 1124 repugnantiam
820 1099 906 1116 rerum
926 1090 1035 1121 attinet,
1053 1098 1132 1124 quam
1147 1089 1240 1115 Graeci
1260 1087 1326 1113 anti·
1341 1097 1372 1122 23
1385 1097 1486 1114 narum.

284 1126 400 1163 pathiam
413 1132 522 1157 vocant,
541 1125 610 1151 nihil
624 1126 659 1151 est
671 1135 779 1159 vsquam
793 1126 945 1151 venenatius
954 1145 960 1155 ,
973 1134 1051 1159 quam
1065 1126 1093 1151 in
1108 1125 1174 1151 mari
1189 1123 1325 1158 pastinaca,

283 1170 375 1198 vtpote
389 1171 470 1197 quum
484 1161 561 1187 radio
576 1161 633 1187 eius
646 1161 753 1187 arbores
767 1161 855 1187 necari
873 1160 1030 1188 dixerimus.
1066 1162 1141 1187 Hanc
1161 1166 1248 1187 tamen
1268 1167 1325 1193 per-

283 1199 402 1233 sequitur
416 1197 510 1231 galeos.

320 1240 369 1260 GA
378 1241 393 1259 L
404 1240 419 1259 E
430 1234 449 1258 6
460 1239 481 1258 'r
492 1239 513 1258 A
522 1239 538 1258 E
550 1251 558 1263 ,
577 1239 661 1257 arum.
696 1241 731 1257 m.
763 1233 898 1264 [γαλεῶται
907 1252 915 1264 ,
933 1231 1000 1268 apud
1009 1232 1107 1259 Aeliam.
1121 1232 1153 1256 V.
1167 1231 1202 1256 H.
1219 1238 1256 1261 12,
1271 1230 1325 1262 46]

284 1273 312 1296 in
324 1270 412 1296 Sicilia
429 1268 573 1294 dicebantur
586 1268 772 1293 Portentorum
793 1268 948 1302 interpretes
958 1288 966 1300 ‚
986 1266 1043 1300 nyie
1062 1267 1118 1294 Cic.
1134 1265 1165 1292 de
1181 1266 1243 1292 Diu.
1258 1274 1283 1297 1,
1296 1273 1326 1297 39
1347 1271 1380 1305 35
1424 1272 1445 1293 G
1455 1273 1476 1293 Α
1485 1273 1500 1292 L
1510 1273 1526 1293 L
1535 1274 1544 1293 1
1554 1267 1600 1292 (ΣᾹ
1609 1273 1631 1292 N
1642 1273 1663 1292 v
1672 1273 1702 1298 s,
1720 1275 1745 1299 a,
1767 1275 1823 1292 um.
1848 1266 1908 1292 Adi.

284 1314 306 1332 c.
320 1313 362 1331 20.
400 1304 524 1329 Caeterum
538 1302 663 1329 Galeotae
677 1307 759 1329 verior
766 1302 907 1338 fiiiptura.
943 1304 1050 1339 ‚Quidam
1068 1310 1085 1329 L
1102 1304 1238 1337 geminant.

318 1346 496 1366 GALERIA
520 1337 641 1370 Tribus,
677 1338 730 1365 vid.
761 1345 782 1364 T
797 1345 811 1363 R
824 1346 832 1364 1
845 1344 929 1366 Bvs.

321 1380 343 1402 G
354 1382 376 1402 A
387 1381 403 1400 L
414 1382 455 1401 ER
465 1382 473 1400 1
483 1381 504 1400 Τ
513 1381 533 1400 ν
543 1381 555 1400 s
564 1393 571 1404 ‚
583 1374 601 1400 i.
621 1383 656 1400 m.
681 1381 703 1399 et
725 1378 907 1407 GALERi‘rA‚
921 1383 960 1400 ae.
980 1373 999 1400 f.
1020 1374 1113 1407 [λόφον
1125 1373 1225 1407 exsuci]
1250 1372 1326 1403 Auis,

282 1420 343 1447 quae
356 1420 419 1436 nunc
426 1409 526 1436 Alauda
539 1409 642 1441 dicitur,
660 1419 675 1435 a
687 1408 764 1442 crista
777 1410 889 1445 quadam,
903 1419 962 1445 quae
976 1410 1059 1444 galeri
1066 1408 1232 1444 similitudine
1245 1409 1326 1442 capite

277 1450 418 1483 prominere
433 1445 531 1472 videtur
543 1456 550 1470 :
575 1445 654 1471 eadem
662 1445 750 1480 forte,
769 1455 830 1481 quae
842 1445 933 1472 Caffita
949 1455 964 1471 a
979 1445 1075 1471 callide.
1112 1446 1198 1471 Varro
1212 1444 1243 1469 dc
1257 1444 1285 1469 L·
1295 1443 1325 1469 L·
1342 1456 1370 1483 33
1386 1444 1426 1471 lus
1447 1444 1544 1478 Virgil.
1565 1445 1630 1470 Aen.
1651 1445 1684 1475 6,
1701 1448 1756 1475 859-

284 1491 313 1515 4,
329 1491 351 1508 ιι
372 1491 397 1516 p.
413 1490 447 1511 21⁷
462 1490 489 1507 ιι.
513 1480 661 1507 Galeritum
675 1481 795 1515 appellat,
811 1481 883 1515 quod
899 1481 1015 1515 plumam
1030 1481 1126 1507 elatam
1145 1480 1173 1506 in
1184 1479 1268 1513 capite
1282 1478 1325 1504 ha-

284 1517 338 1544 bet.
394 1517 459 1543 Plin.
475 1526 510 1547 io,
523 1524 558 1548 49
583 1518 711 1550 Qiaeque
725 1516 755 1542 de
770 1526 819 1542 vna
833 1525 882 1542 aue
896 1517 1005 1550 galerita
1025 1517 1150 1551 priuatim
1165 1518 1325 1541 commemo-

284 1559 332 1580 rat.
369 1552 436 1579 Add.
452 1551 488 1578 Id.
502 1560 535 1583 ιι,
548 1559 587 1586 37.
630 1552 788 1578 Sammonic.
806 1562 831 1578 v.
841 1559 899 1587 577.
935 1553 1039 1587 Proprie
1052 1554 1120 1579 homo
1139 1553 1222 1588 galero
1234 1549 1325 1576 tcc‘lum

283 1593 359 1623 caput
381 1587 479 1614 habens.
525 1588 641 1621 Propert.
665 1597 701 1621 4,
720 1596 746 1619 1,
768 1596 801 1621 29
833 1589 920 1614 Prima
943 1589 1068 1622 galeritus
1088 1587 1175 1622 posuit
1194 1586 1327 1622 praetoria

284 1624 394 1650 Lucmo.
451 1624 542 1656 Nempe

322 1663 343 1684 G
352 1665 374 1684 A
383 1665 398 1683 L
409 1657 425 1683 ιέ
434 1664 452 1683 R
463 1664 482 1683 v
492 1664 504 1683 s
513 1676 521 1688 ,
541 1657 558 1682 i.
582 1665 617 1682 m.
651 1657 692 1682 vel
711 1663 731 1681 G
743 1664 762 1683 A
774 1664 789 1682 ι,
799 1658 815 1683 ἒ,
824 1665 842 1684 R
851 1665 910 1684 VM
920 1678 927 1689 ,
947 1658 965 1684 i.
987 1668 1014 1685 n.
1052 1659 1159 1691 [πὶλεον,
1173 1657 1246 1690 κυνῆ]
1283 1657 1325 1682 Pi-

285 1694 336 1720 leus
354 1692 490 1724 rotundus,
508 1691 572 1727 quod
589 1694 616 1716 in
629 1691 724 1717 modum
745 1692 832 1725 galeae
851 1692 905 1725 effer
918 1693 1019 1728 fastus.
1065 1696 1151 1721 Varro
1164 1693 1195 1720 de
1210 1694 1240 1719 L.
1255 1693 1284 1718 L.
1297 1700 1325 1724 4,

285 1737 313 1760 23
337 1738 360 1762 p.
374 1736 407 1760 29
425 1734 487 1753 extr.
522 1727 602 1752 Galea
617 1725 649 1751 ab
669 1726 758 1760 galero
778 1727 887 1761 (quidni
901 1729 1001 1760 galerus
1021 1737 1035 1754 a
1048 1729 1153 1762 galeai)
1175 1738 1229 1762 quo
1247 1727 1326 1753 multi

284 1763 321 1789 vfi
337 1763 450 1797 antiqui.
521 1763 581 1788 Stat.
596 1761 687 1787 Theb.
704 1770 728 1793 1,
744 1770 788 1794 305
814 1763 844 1788 Et
863 1768 989 1795 temperat
1008 1763 1074 1789 astra
1091 1763 1195 1796 galero,
1216 1762 1244 1787 de
1257 1763 1324 1786 Mer-

282 1807 360 1824 curlo.

275 1833 383 1869 speciem
401 1833 499 1866 galeae,
517 1833 557 1856 vel
571 1832 660 1865 galeri.
709 1832 757 1858 Sed
774 1833 868 1858 quen.
881 1833 931 1858 Sat.
948 1835 979 1862 6,
994 1841 1039 1858 120
1062 1833 1143 1859 Flauo
1162 1841 1262 1858 crinem
1282 1831 1326 1856 ab·

283 1867 423 1895 scondente
438 1865 536 1900 galero,
546 1864 609 1899 fie‘li
620 1868 710 1896 crines,
737 1868 754 1891 i.
763 1868 839 1891 alieni
852 1867 1034 1901 intelliguntur.
1057 1870 1130 1893 ,Vet.
1144 1867 1228 1893 Schol.
1244 1866 1326 1892 Crine

283 1902 434 1938 supposito,
459 1900 575 1927 rotundo
600 1899 726 1925 muliebri
749 1901 839 1933 capitis
863 1907 1034 1933 tegumento,
1059 1901 1088 1926 in
1108 1901 1218 1927 modum
1239 1900 1327 1933 galeae

285 1940 372 1970 fa&o,
391 1946 445 1972 quo
458 1935 600 1962 vtebantur
613 1936 772 1962 meretrices,
827 1936 923 1970 Rursus
943 1936 1004 1961 Stat.
1019 1935 1110 1961 Theb.
1124 1944 1158 1967 4,
1179 1943 1223 1966 303
1250 1936 1327 1959 Arca-

285 1974 324 2001 dii
337 1982 439 2000 morem
453 1978 522 1998 tenet
537 1971 581 1998 ille
595 1970 690 2005 galeri,
713 1973 776 2006 tegit
788 1977 861 2006 caput
875 1972 956 2006 galea,
975 1977 1004 1996 vt
1018 1970 1169 1997 Mercurius.

285 2019 344 2037 cere
357 2009 405 2036 fibi
418 2008 535 2043 galerum
545 2028 552 2040 ,
577 2006 630 2032 viii.
651 2012 784 2032 DEDVCO.
852 2006 976 2032 Galerum
998 2016 1012 2031 a
1027 2006 1098 2032 Pileo
1111 2004 1244 2041 distinguit
1256 2004 1327 2030 Suet.

285 2047 314 2073 in
328 2046 392 2072 Ner.
406 2045 469 2071 c.z6
487 2043 544 2069 Post
559 2041 738 2075 crepusculum
753 2041 838 2067 statim
851 2048 956 2075 arrepto
971 2041 1041 2075 pileo
1055 2042 1097 2067 vel
1111 2041 1199 2075 galero
1217 2040 1327 2074 popinas

285 2082 379 2108 inibat.
434 2078 545 2105 Galerus
563 2081 636 2103 etiam
651 2075 817 2103 Pontificum.
860 2076 986 2109 Apuleius
1001 2076 1076 2109 Apol.
1096 2086 1120 2110 p.
1136 2081 1186 2105 288,
1198 2084 1226 2101 zi
1247 2074 1327 2108 Qiod

284 2115 493 2151 Imperatoribus
507 2112 729 2148 paludamentum,
751 2110 823 2145 quod
836 2111 1004 2145 pontificibus
1019 2112 1137 2145 galerus,
1156 2110 1228 2144 quod
1246 2110 1328 2135 lituus

287 2151 431 2186 auguribus
440 2170 448 2182 ,
466 2157 511 2176 etc.

287 2188 386 2222 pileum
405 2194 435 2211 ex
453 2185 519 2219 pelle
537 2183 638 2210 hostiae
657 2184 752 2209 caesae.

288 2231 340 2257 que
354 2221 411 2255 lupi
426 2221 456 2246 de
471 2220 537 2254 pelle
553 2221 652 2253 galei-os
672 2219 795 2253 Tegmen
811 2217 907 2244 habent
927 2218 1021 2251 capiti:
1046 2217 1088 2243 vbi
1100 2217 1221 2247 Seruius,
1239 2215 1327 2241 Genus

288 2259 324 2284 est
337 2257 410 2292 pilei,
427 2255 498 2289 quod
514 2256 612 2280 Fronto
627 2262 720 2287 genere
734 2259 828 2279 neutro
843 2253 918 2279 dicit.
954 2255 1019 2289 Ergo
1032 2252 1082 2279 hoc
1097 2252 1223 2287 galerum.
1259 2249 1328 2277 Add.

288 2295 400 2321 Hieron.
414 2292 458 2325 Ep.
475 2295 513 2320 128
533 2290 565 2315 acl
579 2289 723 2315 Fabiolam.

326 2335 346 2355 G
356 2336 400 2355 AL
410 2334 427 2353 E
436 2334 454 2352 R
464 2334 472 2352 1
484 2331 500 2351 c
510 2323 529 2350 ὔ
539 2331 555 2350 L
565 2332 584 2352 v
594 2331 618 2350 M
628 2345 636 2356 ‚
658 2324 676 2349 i.
704 2333 731 2350 n.
768 2324 869 2349 Dimin.
904 2321 1039 2358 [πιλίδιον]

283 2364 426 2401 sciticium,
445 2360 581 2388 adhibitum
595 2361 628 2386 ad
640 2361 762 2385 caluiticm
776 2359 912 2391 tegendam.
947 2358 1061 2385 Martial.
1076 2367 1115 2391 14,
1130 2367 1161 2391 50
1187 2359 1283 2384 Lemma
1296 2355 1329 2388 ist

291 2398 487 2429 Galericulum,
507 2396 571 2431 quod
581 2398 619 2421 ita
637 2395 783 2430 describitur
793 2390 811 2427 ,⁸
822 2395 864 2421 Ne
878 2394 943 2421 lutet
957 2393 1124 2420 immundum
1143 2392 1243 2419 nitidos
1257 2400 1329 2418 cero-

290 2444 333 2462 ma
347 2433 465 2467 capillos,
486 2433 541 2458 Hac
555 2431 653 2465 poteris
668 2429 783 2456 madidas
803 2429 915 2456 condere
935 2430 1002 2464 pelle
1014 2438 1109 2456 comas.

288 2474 362 2497 etiam
376 2467 525 2495 Galericula
541 2466 575 2492 ad
581 2466 685 2501 speciem
702 2468 810 2491 crinium
822 2466 973 2491 naturalium
986 2465 1112 2501 formata.

291 2505 391 2533 Othon.
411 2513 431 2530 e.
446 2512 470 2529 12
495 2501 646 2528 Galericulo
661 2501 755 2534 capiti,
772 2507 879 2535 propter
892 2501 1028 2526 raritatem
1041 2500 1198 2534 capillorum
1210 2498 1331 2533 adaptato
1345 2502 1377 2533 65
1392 2501 1432 2532 56.

291 2548 316 2568 et
329 2548 442 2571 annexo,
461 2543 490 2564 vt
503 2545 581 2563 nemo
594 2536 768 2571 dignosceret.
805 2537 886 2562 Etiam
893 2536 953 2572 fuit
963 2539 991 2561 in
1005 2539 1152 2572 tegumentis
1166 2534 1332 2561 militaribus:

291 2576 346 2604 vid.
359 2574 481 2614 Frontin.
494 2573 569 2612 Strat.
583 2581 611 2605 4,
625 2580 651 2607 7,
670 2580 712 2603 29.

329 2618 350 2638 G
363 2615 532 2640 ALEsvs,
551 2616 570 2634 ι.
593 2618 628 2634 m.

294 2647 429 2673 ciuitatem
449 2644 550 2670 labitur
567 2643 755 2669 Tarentinam.

294 2684 391 2717 Georg.
405 2690 436 2714 4,
457 2681 499 2705 [26
748 2710 753 2715 .
880 2712 885 2716 η
909 2712 916 2717 .
1061 2712 1064 2716 .
1178 2710 1183 2715 ·

451 2715 575 2747 Namque
596 2711 643 2738 sub
658 2711 787 2738 Oebaliae
806 2719 917 2738 memini
936 2721 979 2738 me
1000 2711 1120 2738 turribus
1138 2710 1213 2743 altis,

451 2751 512 2782 Qia
531 2748 606 2781 niger
626 2747 758 2773 humee‘tat
779 2747 903 2773 flauentia
921 2748 990 2774 culta
1003 2747 1127 2777 Galesus,

451 2784 595 2816 Corycium
615 2782 707 2808 vidisse
726 2783 829 2813 senem,
857 2789 903 2808 ctc.

298 2820 373 2857 emis.
388 2819 433 2846 Sil.
449 2829 469 2852 i,
482 2827 540 2851 439.
1004 2853 1008 2856 Α

299 2867 321 2889 2,
334 2860 360 2889 6,
375 2865 413 2882 10.
478 2855 508 2881 Et
523 2854 603 2880 lotam
618 2853 708 2887 tepido
720 2859 808 2886 togam
822 2853 915 2879 Galeso
930 2852 1046 2879 Martial.
1059 2861 1087 2887 4,
1100 2858 1137 2881 28.

303 2894 362 2920 Vin·
375 2895 448 2917 etiam
462 2898 547 2930 nomen
559 2888 625 2929 apud
636 2888 710 2922 Virg.
724 2889 789 2914 Aen.
799 2896 826 2922 7,
840 2896 889 2922 535.

338 2933 416 2953 GAL
429 2931 575 2955 GVLVS,
598 2933 616 2950 ι.
652 2933 687 2949 ιιι.

300 2998 360 3025 nari
381 2997 407 3023 id
429 2997 529 3022 malum
555 2995 674 3025 tradunt,
697 3000 722 3020 et
740 3003 815 3021 auem
837 2996 915 3021 mori.

301 3033 453 3067 Galgulum.
488 3032 530 3059 Sic
551 3037 574 3057 et
594 3030 719 3057 Harduin.

300 3074 506 3096 GALBVLA.

337 3110 360 3132 G
371 3111 393 3131 Α
402 3111 417 3130 L
427 3111 436 3130 1
446 3111 461 3129 L
471 3110 492 3129 A
502 3110 518 3130 Ε
527 3109 548 3129 Α
558 3121 566 3134 ,
585 3110 623 3128 ae.
654 3101 674 3128 f.
711 3101 798 3135 Syriae
811 3104 887 3137 regio.
923 3101 1029 3127 quenc.
1045 3109 1068 3133 2,
1082 3108 1126 3132 330
1145 3101 1253 3135 Iamque
1269 3100 1340 3127 Gali-

301 3140 383 3167 laeam
397 3144 558 3165 remeauerat
576 3137 604 3163 in
616 3138 762 3171 regionem.

341 3181 361 3201 G
375 3181 395 3200 A
405 3181 493 3206 LLA,
520 3182 560 3199 ae.
596 3173 616 3199 f.
651 3174 663 3206 [
675 3171 739 3202 κηκίς
753 3173 765 3206 ]
806 3169 917 3197 Fructus
952 3170 1033 3196 uidam
1044 3170 1208 3205 secundarius
1224 3171 1340 3198 arborum

914 3177 950 3239 J?
987 3205 1053 3231 Plin.
1064 3208 1102 3237 16,
1115 3208 1131 3231 6
1146 3213 1209 3232 extr.
1235 3213 1258 3233 ct
1269 3214 1285 3240 7
1295 3213 1338 3241 pr.
1356 3212 1385 3241 ες

1064 3241 1130 3266 Plin.
1146 3250 1195 3273 20,
1215 3250 1249 3267 20
1277 3242 1339 3268 Cer-

304 3282 369 3307 vicis
383 3281 486 3307 dolores
501 3288 560 3305 cum
573 3279 640 3312 galla
655 3284 680 3305 et
694 3278 742 3304 lini
755 3279 852 3304 semine
867 3277 923 3312 pari
936 3277 1055 3303 mensura
1067 3275 1145 3302 sedat.
1181 3279 1222 3303 Sic
1235 3277 1340 3303 Colum.

306 3319 332 3346 6,
345 3325 371 3351 7,
385 3326 407 3342 ε.
441 3319 472 3342 it.
487 3314 606 3341 scribon.
623 3313 720 3348 paffim.
740 3313 816 3339 Galla
829 3313 932 3345 Syriaca
952 3317 987 3342 ει.
1002 3316 1058 3341 208-
1094 3311 1161 3338 Adii.
1177 3313 1267 3346 Veget.
1281 3313 1340 3338 Mu.

532 3352 593 3376 Itcm
606 3351 695 3376 Vinum
707 3349 815 3384 asperum
829 3354 852 3375 et
866 3355 948 3375 atrum
955 3347 1100 3383 significare
1109 3353 1156 3381 per
1176 3348 1341 3381 metaphoram

989 3385 1064 3416 Qiae
1085 3381 1178 3416 gallam
1197 3382 1290 3408 bibere
1312 3391 1339 3408 ac
1352 3391 1387 3416 90
1403 3384 1484 3418 possit.

1047 3417 1151 3451 Festus,
1170 3427 1226 3444 voce
1238 3418 1341 3444 Gallam

308 3456 414 3488 bibere,
441 3456 559 3483 Lucilius
582 3460 734 3490 praemonet
757 3454 912 3488 parsimonia
934 3455 982 3480 effe
1001 3453 1143 3486 Vtendum,
1159 3462 1245 3487 neque
1266 3453 1341 3487 gulae

959 3489 1139 3524 Virg.Georg.
1153 3497 1181 3522 4,
1191 3492 1243 3522 267
1264 3488 1342 3515 Prod-

1099 3522 1120 3561 ἦ
1140 3533 1155 3550 2
1194 3523 1342 3556 Instrumen-

308 3567 359 3587 tum
374 3560 513 3594 sutorium:
539 3563 640 3589 Gallam
655 3563 680 3588 sc
692 3561 826 3595 subigere,
846 3560 908 3586 iiicit
915 3559 989 3595 [υἱον
1004 3559 1070 3595 apud
1081 3559 1199 3585 Macrob.
1214 3560 1263 3586 Sat.
1279 3568 1303 3592 2,
1318 3569 1341 3586 2.
1357 3571 1388 3597 95
1402 3569 1469 3596 quae
1485 3559 1624 3586 hibernum
1638 3557 1733 3592 spectat
1745 3559 1890 3586 Orientem.

1256 3596 1289 3621 Po
1307 3597 1344 3621 uli

312 3629 448 3665 Hispaniae
461 3629 521 3664 fiant
534 3631 612 3657 Gallis
623 3632 740 3668 finitimi.
778 3631 892 3658 Martial.
910 3640 943 3663 4,
966 3639 996 3662 39
1020 3630 1077 3655 Nec
1096 3639 1163 3664 quae
1177 3602 1346 3657 Gallaicopli-

852 3666 967 3693 Gallaica
981 3674 1093 3699 gemma,
1111 3666 1163 3692 vid.
1179 3672 1345 3693 GALAICOS.

350 3707 425 3727 GAL
435 3706 474 3725 LE
485 3704 502 3724 C
512 3705 521 3723 1
531 3706 567 3730 A,
587 3709 625 3726 ae.
651 3703 671 3728 f.
704 3704 834 3729 Citerioris
858 3702 994 3738 Hispaniae
1017 3710 1084 3737 regio
1103 3699 1145 3733 est.
1182 3701 1247 3727 Plin.
1261 3710 1288 3735 4,
1302 3710 1344 3728 20.

302 3210 511 3247 glandffcrarum,
524 3208 552 3233 (le
564 3217 610 3243 quo
623 3209 688 3234 locus
703 3209 770 3233 velut
785 3206 895 3241 clafficus
909 3215 920 3231 e
946 3225 951 3231 .

304 3249 379 3279 (Qiae
394 3245 514 3279 glandem
529 3244 630 3275 ferunt,
651 3252 741 3269 omnes
758 3249 784 3268 et
797 3242 908 3276 gallam,
927 3248 972 3267 cte.

307 3352 368 3378 loni.
383 3361 395 3377 2
418 3354 450 3377 62
477 3360 495 3376 ι,

306 3372 405 3413 uidceur'
418 3371 523 3412 Lii'cilio
538 3384 604 3421 apud
615 3385 687 3411 Non.
701 3387 727 3410 in
740 3384 865 3410 Acerosus
885 3391 914 3416 ς,
934 3391 967 3417 97

306 3431 381 3455 rugas
396 3422 539 3448 conducere
555 3421 643 3447 ventri
679 3421 756 3446 Farrc
776 3419 880 3445 acc-roso
898 3418 992 3452 co'e'git.

310 3490 512 3527 indulgendum,
528 3498 700 3526 ventremque
713 3489 905 3516 coarciandum.

309 3525 359 3551 erit
373 3531 398 3550 et
410 3528 511 3552 tunsum
525 3527 614 3553 Gallae
631 3527 772 3553 admiscere
789 3526 916 3560 saporem.

347 3600 559 3627 GALLA1C1‚
583 3598 608 3632 s.
630 3604 650 3623 G
661 3605 682 3624 Α
691 3605 706 3623 1.
717 3603 733 3622 L
744 3603 788 3623 ΑΕ
797 3603 813 3622 C
825 3603 831 3621 ι
842 3616 849 3628 ,
867 3604 953 3621 orum.
975 3604 1010 3621 m.
1046 3595 1218 3629 [Καλλαῑκοῐ]

314 3670 412 3692 nuntur
425 3673 500 3690 auro.
535 3667 576 3691 Al.
592 3668 673 3702 legunt
687 3667 811 3694 Callaico.

313 3736 393 3763 Diues
406 3734 520 3761 Gallccia
535 3734 579 3759 Sil.
592 3743 613 3765 3.

351 3776 521 3800 GALLIA,
536 3777 573 3795 ae.
595 3770 613 3795 f.

317 3922 369 3948 gua
381 3912 487 3945 Celtae,
504 3911 592 3937 nostra
610 3909 680 3936 Galli
698 3909 866 3944 appellantur.

1333 923 1367 941 20
1384 909 1404 948 ff
1425 920 1437 937 2
1462 911 1586 941 Gallicae,
1608 912 1687 937 Genus
1701 911 1865 936 calceamenti.
1900 912 1955 937 Cic.
1964 911 2112 946 Philipp.2,
2126 914 2161 946 76
2180 921 2200 937 c.
2213 920 2245 943 30
2265 911 2335 937 Nam
2350 909 2420 944 quot!

1342 1632 1379 1657 40
1386 1621 1466 1649 Ouid.
1481 1621 1545 1649 Fast.
1558 1630 1586 1653 4,
1601 1622 1643 1653 361
1669 1620 1763 1646 Amnis
1783 1621 1806 1646 it
1824 1621 1914 1646 insana
1932 1629 2041 1647 nomine
2054 1621 2144 1647 Gallus
2157 1629 2230 1655 aqua.

416 1798 562 1822 Horrentes
575 1795 698 1830 effingens
715 1797 787 1822 crine
801 1797 901 1831 galeros
914 1797 960 1823 Sil.
974 1806 993 1831 1,
1008 1807 1064 1831 404
1082 1801 1163 1824 crines
1171 1797 1286 1832 formare
1299 1798 1326 1820 in
1340 1808 1373 1833 45
1387 1795 1407 1834 q
1428 1805 1440 1828 3
1473 1796 1582 1827 Gallus,
1603 1797 1621 1821 i.
1642 1805 1677 1821 m.

1240 1969 1327 1994 Dedu-
1340 1977 1372 2004 50
1387 1970 1517 2001 certosus,
1543 1969 1596 1995 vid.
1618 1976 1634 1995 L
1645 1975 1665 1994 A
1676 1975 1692 1995 C
1701 1975 1743 1994 ER
1753 1975 1774 1993 T
1786 1975 1805 1993 v
1819 1975 1846 1994 S.

583 2149 655 2174 Seru.
669 2147 702 2173 ad
713 2149 778 2173 Aen.
798 2155 824 2178 2,
842 2149 887 2178 683
912 2146 1038 2172 Galerum
1055 2145 1217 2181 pontificibus
1238 2145 1328 2170 tribuit
1349 2149 1377 2175 55
1390 2146 1464 2170 suum
1483 2145 1607 2170 reuixisse
1630 2151 1719 2179 putat,
1739 2148 1855 2172 mensam
1876 2147 1937 2173 tolli
1956 2147 2038 2174 iubet.
2077 2150 2219 2179 Nimirum,
2233 2148 2296 2184 quod
2316 2157 2344 2174 ex
2359 2150 2430 2180 tertio
2455 2151 2457 2159 ¹

804 2184 845 2209 Sic
857 2181 907 2218 ipje
922 2182 1017 2222 Virgil.
1033 2183 1097 2209 Aen.
1114 2189 1141 2215 7,
1154 2182 1199 2220 688
1221 2179 1329 2206 Fuluos-

1074 2322 1274 2358 Capillamentum
1286 2319 1328 2347 ad·
1347 2325 1382 2350 60
1390 2321 1459 2348 Ter.
1474 2320 1580 2346 Phorm.
1593 2329 1621 2353 4,
1635 2329 1663 2353 4,
1677 2329 1708 2354 27
1731 2322 1832 2355 Anguis
1848 2330 1895 2354 per
1909 2322 2071 2356 impluuium
2091 2320 2189 2348 decidit
2204 2324 2236 2349 de
2251 2325 2360 2357 tegulis,
2377 2322 2428 2357 gal-

1166 2429 1212 2456 Sed
1220 2428 1330 2463 fuerunt

1181 2465 1287 2490 Sueton.
1301 2463 1330 2488 in

664 2605 813 2641 [Γαλησός]
849 2605 959 2632 Fluuius
973 2606 1008 2631 est
1021 2605 1175 2636 Calabriae,
1196 2603 1244 2638 qui
1260 2603 1334 2629 iuxta

807 2642 876 2668 Haec
894 2641 1000 2668 Seruius
1020 2650 1142 2668 enarrans
1160 2639 1222 2666 illud
1238 2638 1335 2673 Virgil.

1349 2687 1385 2714 70
1396 2674 1450 2700 lina
1470 2673 1551 2700 Plaut.
1568 2674 1656 2701 Pseud.
1670 2684 1690 2707 1,
1703 2683 1721 2705 1,
1735 2680 1774 2704 28.

612 2817 694 2844 Dulce
714 2817 812 2851 pellitis
831 2817 928 2843 ouibus
945 2816 1029 2842 Galesi
1049 2817 1148 2842 flumen
1164 2808 1232 2843 Hor.
1246 2816 1334 2842 Carni.

1279 2848 1299 2888 ff
1322 2860 1334 2877 2
1352 2861 1384 2889 75
1430 2857 1450 2877 G
1462 2858 1482 2877 A
1494 2858 1508 2876 L
1520 2858 1535 2877 L
1545 2859 1554 2877 i
1564 2848 1639 2878 Νῢι
1649 2857 1669 2877 Α
1679 2871 1688 2883 ,
1707 2859 1746 2878 ae.
1768 2851 1789 2878 f.
1814 2851 1915 2879 Dimin.
1951 2852 2052 2879 Arnob.
2067 2859 2084 2887 7
2103 2862 2129 2887 p.
2142 2859 2193 2884 εις.
2231 2852 2464 2888 AuieninProar*1

724 2923 851 2958 [turreis]
886 2925 952 2951 Auis
968 2933 1052 2959 genus.
1088 2923 1155 2949 Plin.
1170 2930 1207 2954 ιο,
1220 2930 1246 2954 33
1265 2923 1283 2948 s.
1297 2930 1336 2955 50.

299 2966 358 2990 itcm
374 2971 413 2994 30,
425 2970 446 2987 ιι
471 2962 489 2986 s.
504 2965 534 2990 28
560 2960 625 2985 Auis
640 2959 737 2985 icterus
750 2964 859 2985 vocatur
871 2968 885 2985 a
897 2960 987 2986 colore
1000 2969 1005 2985 2
1026 2967 1093 2993 quae
1107 2958 1124 2984 fi
1139 2957 1284 2992 speetetur,
1301 2959 1337 2983 sa-

956 2994 1021 3020 hanc
1046 2999 1109 3027 puto
1130 2994 1223 3020 Latine
1246 2994 1339 3020 vocari

763 3030 884 3056 Nonnulli
905 3032 990 3066 legunt
1010 3029 1158 3056 Galbulam.
1193 3029 1246 3055 vid.
1259 3029 1340 3065 supra
1354 3034 1386 3061 80
1396 3030 1498 3063 sperare
1512 3028 1585 3062 pollis
1597 3028 1716 3054 haustum
1731 3029 1808 3054 Prou.
1822 3035 1861 3063 ap.
1875 3028 1940 3054 Plin.
1955 3036 2072 3062 prooem.
2085 3028 2135 3061 Op.

1353 3745 1400 3764 100
1441 3732 1649 3766 GALinLo,
1671 3738 1722 3760 are.
1759 3743 1781 3761 ei
1804 3740 2090 3765 GALLvLAsco,
2112 3735 2165 3760 Ere.
2201 3734 2350 3762 Pubescere.
2386 3733 2434 3762 Ob·
2475 3747 2476 3750 =

642 3771 763 3803 [Κελτικῆ
772 3791 780 3803 ,
794 3772 999 3804 Κελταγαλατιόι,
1014 3772 1134 3804 semla]
1156 3773 1264 3807 Europae
1272 3779 1345 3807 part,

314 3816 329 3833 a
341 3804 417 3832 Iizflco
436 3804 540 3832 candore
554 3805 639 3839 populi
656 3805 739 3837 aiffa,
759 3814 786 3831 ut
801 3807 889 3833 Graeci
907 3807 1042 3842 putabant,
1060 3807 1145 3841 quibus
1160 3807 1229 3839 γάλα
1246 3809 1284 3833 lac
1303 3806 1345 3840 est.

314 3843 385 3869 Caes.
401 3841 464 3867 Bell.
480 3839 545 3866 Gall.
560 3848 578 3870 ι,
593 3848 601 3864 ι
627 3839 710 3865 Gallia
730 3841 764 3865 est
779 3842 864 3866 onmis
881 3841 964 3868 diuisa
983 3842 1010 3868 in
1031 3848 1114 3876 partes
1133 3848 1203 3869 tres:
1232 3851 1344 3877 quarum

316 3887 395 3904 vnam
415 3876 532 3902 incolunt
550 3875 642 3909 Belgae
657 3885 662 3899 :
689 3875 765 3900 aliam
781 3876 904 3909 Aquitani
919 3888 924 3902 :
955 3877 1076 3909 tertiam,
1095 3878 1141 3911 qui
1159 3878 1275 3912 ipsorum
1296 3878 1345 3903 lin-

916 3912 955 3939 Hi
973 3921 1063 3940 omnes
1081 3912 1186 3947 lingua,
1206 3910 1472 3952 institiitis,105dedit
1489 3910 1573 3937 Catul.
1587 3911 1674 3939 Carm.
1694 3916 1728 3939 62
1753 3913 1833 3947 Super
1852 3912 1905 3939 alta
1920 3911 2008 3938 vetitus
2021 3911 2084 3943 Atys
2102 3910 2182 3938 celeri
2199 3919 2255 3938 rate
2273 3911 2369 3941 maria,
2387 3915 2432 3934 etc.

1754 146 1794 186 G
1874 149 1914 187 A
2000 149 2037 190 L
2339 151 2420 205 784.

1379 237 1481 272 legibus
1502 237 1570 263 inter
1592 235 1616 261 se
1630 234 1762 261 differunt.
1813 235 1903 262 Gallos
1921 235 2111 272 ab'Aquitanis
2125 237 2258 264 Garumna
2272 208 2420 269 flumenJal

1369 274 1464 308 -Belgis
1478 274 1598 299 Matrona
1613 277 1638 296 et
1652 271 1768 304 Sequana
1786 269 1894 298 diuidit.
1947 273 1978 298 Ei
1986 274 2069 307 paullo
2077 271 2132 309 post
2141 293 2148 303 ‚
2173 274 2273 298 Eorum
2286 281 2336 298 vna
2349 281 2411 307 pars,-

1380 318 1459 343 quam
1474 308 1562 335 Gallos
1581 306 1702 333 obtinere
1716 305 1815 332 dicium
1827 306 1880 339 est,
1903 307 2013 333 initium
2031 311 2098 342 capit
2115 318 2130 335 a
2151 309 2260 334 flumine
2280 306 2426 342 Rhodano(

1380 345 1583 378 contineturque
1605 343 1737 368 Garumna
1758 342 1883 375 flumine,
1903 344 2024 374 Oceano,
2046 343 2142 370 finibus
2158 344 2304 378 Belgarum.
2339 344 2409 371 attin-

2463 351 2479 373 ἢ
2462 279 2476 332 m*-
2462 200 2479 266 ᾖῖῑ
2464 162 2465 167 ⁴

1380 421 1489 442 triones.
1543 414 1635 447 Belgae
1654 414 1687 439 ab
1701 413 1826 439 extremis
1841 413 1942 440 Galliae
1960 413 2058 440 finibus
2077 415 2216 447 oriuntur,
2235 414 2366 449 pertinent
2382 414 2426 445 ad*

1380 450 1538 477 inferiorem
1552 455 1652 484 partem
1667 448 1783 475 fluminis
1796 448 1896 474 Rheni:
1926 449 2041 483 spectant
2059 449 2092 476 ad
2105 450 2298 484 Septentriones
2318 455 2344 475 et
2356 449 2412 483 Ori.

1381 492 1467 512 entem
1480 486 1569 512 solem.
1624 484 1765 519 Aquitania
1778 493 1793 510 a
1806 484 1939 511 Garumna
1953 485 2078 516 flumine,
2098 485 2130 511 ad
2143 486 2285 517 Pyrenaeos
2304 491 2412 512 montes:

1381 527 1406 547 et
1419 529 1475 547 eam
1491 527 1589 555 partem
1603 520 1717 551 Oceani,
1736 528 1804 554 quae
1817 520 1849 546 ad
1862 520 2015 554 Hispaniam
2030 521 2157 555 pertinet,
2177 521 2273 554 spectat
2286 521 2355 546 inter
2366 521 2412 547 Oc-

1876 557 2000 583 Animosa
2015 557 2106 583 Claud.
2121 557 2199 582 cons.
2214 557 2316 582 Honor.
2323 564 2352 588 4,
2364 564 2414 588 392ae

1382 593 1493 618 Comata
1512 594 1567 619 Cic.
1584 590 1695 626 Philipp.
1711 597 1734 624 8,
1747 599 1790 625 27.
1857 591 1976 618 Facunda
1994 593 2087 618 quen.
2100 592 2149 619 Sat.
2164 599 2205 624 15,
2219 600 2263 618 ιιι.
2333 592 2414 625 Impo-

1381 633 1438 654 tens
1451 628 1505 660 irae
1527 628 1586 654 Liu.
1600 634 1622 660 ς,
1636 633 1679 659 48.
1748 627 1818 653 Nata
1838 626 1866 652 in
1882 635 1962 653 vanos
1980 628 2106 654 tumultus
2126 627 2197 654 Idem
2213 635 2236 659 ς,
2249 634 2290 661 37.
2360 626 2425 658 No).-¹

1382 662 1444 689 bilis
1464 663 1560 690 Lucan.
1574 671 1596 694 3,
1610 667 1651 696 78.
1722 662 1846 696 Togata,
1873 662 1928 689 vid.
1948 668 2026 689 Τοῦ
2036 670 2057 689 Α
2067 683 2073 689 .
2144 663 2230 689 Gallia
2243 662 2366 696 Togata,
2390 664 2426 689 ini

1381 708 1429 734 qua
1437 699 1499 735 sunt
1511 698 1632 732 Togati,
1663 697 1687 724 h.
1700 706 1719 723 e.
1740 697 1861 724 coloniae
1879 698 1980 724 ciuium
1993 698 2174 725 Romanorum
2192 699 2265 725 Caes.
2280 697 2342 758 Bell:
2350 696 2428 757 lGaust

2243 734 2321 760 Tran
2334 741 2348 758 a
2359 733 2417 767 pina

1382 770 1438 796 Cic.
1452 778 1500 804 pro
1513 771 1632 796 Muraen.
1647 774 1687 801 89.
1741 769 1863 795 Vlterior
1875 775 1901 795 et
1916 769 2027 795 citerior
2040 769 2078 796 Id.
2092 766 2125 795 db
2137 769 2259 796 Prouinc.
2269 768 2346 794 Cons.
2360 776 2385 801 9.
2402 792 2404 794 .

1420 810 1442 832 G
1451 810 1497 832 AL
1507 806 1566 831 Li'C
1575 812 1594 830 V
1605 811 1618 830 S
1627 825 1634 838 ‚
1654 813 1677 834 a,
1695 812 1749 830 um.
1775 804 1836 830 Adi.
1868 804 2026 838 [Γαλλικᾰς,
2038 805 2198 839 Γαλατικός]
2234 806 2286 839 Qu*
2299 813 2327 830 ex
2340 803 2419 834 Gallia

1382 839 1425 873 gli.
1460 841 1530 867 Arua
1544 840 1644 866 Gallica
1664 838 1745 865 Ouid.
1758 847 1789 865 ex
1804 841 1877 867 Pont.
1888 850 1917 873 4,
1932 843 1968 871 16,
1984 845 2017 870 18.
2088 841 2158 874 Ager
2177 840 2234 866 Cic.
2254 848 2301 874 pro
2316 839 2384 865 Sext.
2395 847 2420 873 9.

1383 876 1484 910 Copiae
1504 876 1578 902 Idem
1593 875 1625 901 de
1639 875 1730 901 Diuin.
1748 883 1769 906 1,
1783 880 1818 905 81.
1911 876 2036 903 Terebra
2055 875 2188 902 Columel.
2205 876 2237 902 de
2249 874 2346 901 Arbor.
2364 878 2385 900 c.
2397 879 2420 905 8.

2465 383 2479 475 κε’-Λ

2463 488 2479 696 &fn-2⁹:35:

2466 738 2479 798 ἒ»-

1386 946 1543 981 quaerebas,
1563 946 1700 981 quomodo
1715 946 1834 971 redissem
1848 956 1853 971 :
1877 947 1991 980 primum
2006 947 2079 978 luce,
2094 955 2148 973 non
2167 946 2293 973 tenebris.
2331 944 2422 973 deinde

1384 991 1442 1007 cum
1456 982 1548 1009 calceis
1564 988 1589 1008 et
1603 989 1678 1016 toga,
1699 981 1780 1007 nullis
1801 990 1848 1007 nec
1865 982 1980 1015 gallicis,
1997 991 2044 1008 nec
2064 983 2175 1009 lacerna.
2247 981 2316 1008 Gell.
2336 989 2378 1013 13,
2395 978 2425 1009 ἐι

1384 1017 1495 1044 Gallicas
1508 1018 1619 1044 verbum
1634 1018 1682 1043 effe
1702 1023 1766 1051 puto
1780 1026 1896 1048 nouum,
1913 1026 1968 1044 non
1981 1018 2028 1044 diu
2042 1025 2102 1044 ante
2113 1024 2224 1044 aetatem
2236 1018 2273 1044 M.
2287 1008 2421 1047 Ciceroni·

1385 1053 1504 1087 vsurpari
1523 1060 1656 1088 coeptum.
1692 1054 1783 1087 Itaque
1796 1052 1829 1079 ab
1841 1061 1874 1078 eo
1888 1053 1945 1087 ipso
1959 1053 2070 1088 positum
2083 1053 2119 1080 est
2134 1055 2162 1080 in
2175 1053 2284 1080 secunda
2297 1051 2421 1079 Antonia*-

1533 1090 1601 1115 Cuni
1617 1088 1740 1119 Gallicis,
1758 1088 1862 1123 inquit,
1883 1094 1908 1114 et
1923 1089 2026 1115 lacerna
2040 1090 2186 1116 cucurristi.
2235 1089 2332 1123 Neque
2353 1087 2381 1113 in
2393 1095 2422 1118 ea

1386 1123 1573 1158 significatione
1586 1124 1614 1150 id
1628 1124 1696 1158 apud
1713 1133 1871 1158 quemquam
1891 1124 1974 1150 alium
1995 1125 2118 1159 scriptum
2138 1126 2198 1159 lego
2216 1124 2349 1159 grauioris
2364 1122 2424 1150 dun-

1386 1166 1456 1186 taxat
1476 1159 1640 1186 auCtoritatis
1658 1160 1812 1194 scriptorem
1828 1171 1833 1185 :
1866 1160 1926 1192 sed,
1953 1166 1981 1186 vt
2000 1160 2073 1193 dixi,
2099 1160 2216 1195 crepidas
2237 1166 2263 1186 et
2281 1158 2425 1193 crepidula:

1385 1195 1470 1230 prima
1483 1195 1583 1227 Syllaba
1598 1201 1718 1229 correpta
1730 1195 1758 1221 id
1773 1204 1853 1230 genus
1866 1195 2070 1222 calceamentum
2084 1196 2292 1231 appellauerunt,
2305 1201 2351 1221 etc.
2374 1193 2425 1221 vid.

1388 1237 1405 1257 c
1416 1238 1434 1257 R
1444 1238 1459 1256 E
1470 1238 1484 1257 Ρ
1494 1239 1503 1257 ι
1513 1237 1531 1257 D
1540 1239 1561 1257 A
1571 1250 1577 1257 .

1935 1266 2116 1300 [Γαλατικᾶς]
2150 1266 2302 1293 Gallicanae
2316 1273 2356 1291 res
2370 1263 2425 1291 Cic.

1385 1311 1435 1337 pro
1449 1302 1542 1336 Qint.
1558 1310 1593 1335 ις.
1644 1303 1731 1327 Varro
1745 1301 1777 1327 de
1791 1302 1820 1327 R.
1835 1301 1866 1327 R.
1887 1310 1907 1334 ι,
1921 1311 1962 1334 32,
1978 1311 1993 1328 2
2019 1303 2199 1337 Caeteraque‚
2220 1310 2286 1337 quae
2297 1300 2345 1327 alii
2357 1300 2427 1334 legu-

1386 1339 1474 1370 mina,
1492 1338 1539 1364 alii
1562 1342 1608 1370 (vt
1623 1337 1753 1363 Gallicani
1771 1337 1898 1372 quidam)
1916 1338 2015 1372 legatia
2031 1338 2170 1372 appellant.
2206 1337 2275 1365 Add.
2295 1335 2426 1363 Columel.

1386 1381 1409 1407 5,
1422 1382 1442 1406 1,
1457 1376 1481 1401 6.
1536 1373 1643 1399 Catulus
1657 1373 1806 1399 Gallicanus
1821 1373 1919 1399 Catuli.
1931 1382 1973 1406 43,
1988 1382 2014 1406 9.
2421 1385 2426 1389 ·

1423 1416 1475 1436 GA
1486 1415 1502 1434 L
1513 1416 1597 1441 LVS,
1624 1409 1643 1434 i.
1679 1417 1714 1434 m.
1750 1408 1907 1442 [Γαλάτης]
1942 1411 1994 1443 Qi
2011 1418 2040 1434 ex
2056 1409 2140 1435 Gallia
2159 1406 2201 1442 ist.
2239 1407 2355 1434 Rebellis
2369 1405 2427 1433 Gal·

1832 1443 1942 1469 Robore
1962 1444 2050 1470 valent
2069 1445 2157 1476 Galli,
2176 1442 2429 1477 numeroflispani,

1385 1480 1467 1508 Poeni
1480 1480 1639 1511 calliditate,
1657 1479 1750 1504 Graeci
1768 1477 1869 1504 artibus
1890 1478 1946 1504 Cic.
1959 1479 1991 1504 de
2006 1480 2098 1513 Arusp.
2111 1481 2186 1513 Resp.
2205 1487 2241 1511 19.
2311 1476 2426 1510 Gallum,

1384 1525 1433 1550 pro
1454 1515 1603 1541 Gallorum.
1639 1514 1788 1548 antiquum.
1831 1514 1918 1540 Varro
1935 1514 2104 1540 Eumenidib.
2119 1514 2281 1547 Puditatem,
2300 1522 2332 1540 an
2343 1513 2425 1548 pudo-

1385 1560 1441 1578 rem
1457 1548 1562 1577 Gallsnn
1579 1550 1666 1583 coepit
1679 1549 1748 1575 mihi
1761 1548 1857 1576 videri.
1895 1549 2002 1576 Nonius
2015 1555 2039 1582 8,
2051 1558 2091 1582 32.
2285 1547 2306 1585 fl
2323 1557 2337 1575 2
2365 1547 2424 1574 Gal-

1477 1585 1619 1619 [Γαίλλος]
1658 1586 1758 1611 fluuius
1779 1586 1921 1620 Phrygiae,
1946 1588 2016 1611 cuius
2037 1594 2102 1621 aqua
2114 1591 2231 1621 potantes
2242 1584 2314 1621 facit
2327 1583 2425 1643 fugere.

2278 1620 2359 1645 Hinc·
2380 1621 2426 1643 icc-

1384 1659 1476 1684 bantur
1488 1656 1560 1683 Galli
1566 1656 1709 1692 sacerdotes
1721 1656 1819 1690 Cybeles·
1832 1657 1888 1682 deae
1900 1656 2040 1692 Phrygiae,
2059 1657 2138 1692 quise
2152 1655 2306 1690 castrabant,
2326 1660 2349 1679 et
2363 1656 2428 1679 inter

1378 1692 1574 1730 sacrificandum
1586 1691 1687 1727 furiose
1698 1691 1728 1728 fi
1745 1691 1871 1727 gerebant.
1909 1692 2006 1719 Lucan.
2028 1701 2046 1724 ι,
2067 1695 2116 1725 366
2141 1693 2300 1727 Crinemque
2315 1693 2440 1721 rotante·>

1387 1729 1564 1762 Sanguineum
1578 1728 1683 1761 populis
1698 1727 1834 1753 vlularunt
1847 1727 1930 1753 tristia
1944 1727 2024 1754 Galli.
2076 1728 2175 1760 Cybele
2188 1726 2263 1753 Galla
2278 1723 2373 1761 Catull.
2387 1723 2429 1757 62,

1386 1771 1423 1788 12.
1460 1763 1507 1789 Sed
1521 1764 1567 1788 alii
1581 1762 1668 1787 Gallas
1682 1765 1768 1788 uocari
1778 1769 1870 1796 putant
1876 1763 2021 1797 sacerdotes
2034 1763 2138 1797 Cybeles.
2175 1763 2247 1797 Coris.
2266 1761 2330 1792 Vos)-
2339 1766 2368 1794 Ρ·
2377 1761 2409 1784 ¹6

1705 1796 1878 1830 [imni-puali,
1896 1797 2028 1831 α’λὲκτωρ]
2065 1800 2136 1824 Nota
2151 1800 2214 1823 auis.
2251 1795 2306 1821 Cic.
2323 1794 2355 1820 de
2368 1793 2402 1820 Di

1387 1841 1407 1864 1,
1421 1839 1457 1866 74
1477 1831 1566 1857 Gallos
1583 1830 1740 1864 gallinaceos
1758 1831 1786 1856 in
1801 1839 1833 1857 eo
1845 1831 1907 1856 loco
1926 1831 1958 1857 tic
1978 1832 2072 1858 affidue
2087 1841 2178 1861 canere
2196 1831 2312 1865 coepisse.
2363 1831 2390 1856 A

1386 1867 1460 1893 Idem
1475 1875 1524 1900 pro
1537 1868 1607 1892 Mur.
1627 1875 1648 1891 c.
1658 1874 1696 1897 29.
1751 1865 1879 1892 Nondum
1893 1866 2001 1892 Cristati
2016 1876 2111 1901 rupere
2124 1867 2225 1893 silentia
2237 1866 2301 1900 galli
2314 1865 2395 1891 Marti

1387 1910 1414 1932 9,
1428 1903 1468 1929 68.
1540 1901 1625 1933 Spado
1644 1901 1745 1925 Petron.
1765 1910 1787 1926 c.
1800 1909 1836 1932 55.
1857 1904 1876 1926 i.
1891 1900 2030 1933 castratus,
2047 1909 2116 1936 capo.
2188 1903 2322 1927 Canorum
2335 1901 2378 1926 ani

1387 1935 1470 1968 gallus
1484 1934 1642 1968 gallinaceus
1658 1935 1713 1959 Cic.
1729 1935 1760 1959 de
1774 1935 1866 1960 Diuin.
1883 1943 1909 1966 2,
1921 1938 1950 1966 56
1973 1943 1993 1960 c.
2010 1943 2051 1967 34.
2124 1935 2214 1961 Gallus
2227 1937 2382 1970 gallinaceus
2396 1927 2441 1962 sam

1925 1970 2037 1996 Cantant
2059 1976 2119 1996 ante
2137 1971 2223 1997 lucem
2242 1972 2305 2006 galli
2323 1972 2378 1998 Cic.
2400 1965 2441 1996 dd'

1386 2005 1479 2031 Diuin.
1496 2013 1518 2035 2,
1531 2012 1571 2038 57.
1641 2004 1733 2030 Gallus
1746 2004 1775 2030 in
1786 2004 1958 2038 sterquilinio
1970 2006 2016 2031 suo
2037 2005 2182 2040 plurimum
2197 2008 2280 2041 potest
2297 2007 2374 2033 Prou.
2387 2013 2428 2041 ap.

1386 2041 1475 2066 Senec.
1491 2039 1523 2066 de
1537 2039 1624 2066 Morte
1637 2039 1728 2066 Claud.
1824 2039 1896 2066 Viffi
1916 2040 1979 2074 galli
1998 2041 2073 2068 fiiere
2090 2041 2190 2075 solent,
2211 2051 2302 2068 canere
2316 2041 2429 2068 victores

1388 2076 1445 2101 Cic.
1458 2075 1490 2101 de
1506 2076 1600 2101 Diuin.
1614 2084 1636 2107 2,
1650 2078 1690 2108 56.
1762 2075 1816 2103 Sub
1830 2075 1894 2110 galli
1908 2082 2012 2102 cantum
2029 2077 2125 2103 Horat.
2139 2077 2218 2104 Serm.
2233 2086 2253 2111 ι,
2270 2086 2290 2110 i,
2303 2086 2339 2103 ιο.
2372 2076 2429 2103 Cic.
2455 2101 2457 2107 ⁴

1388 2111 1417 2136 in
1430 2110 1515 2136 Pison.
1529 2112 1564 2144 67
1585 2119 1606 2136 c.
1624 2117 1655 2144 27
1680 2110 1709 2135 de
1721 2112 1808 2146 Pisone
1821 2112 1941 2146 epulante,
1960 2112 2013 2138 Vbi
2027 2112 2091 2146 galli
2104 2119 2207 2140 cantum
2218 2113 2338 2145 audiuit,
2352 2120 2430 2138 auum
2452 2114 2463 2132 02

1386 1587 1441 1619 lus,

1382 2179 1531 2215 fragmento
1548 2179 1622 2218 huius
1640 2183 1761 2219 orationis
1781 2180 1892 2221 constat,
1909 2183 2021 2221 ‘Pisonis
2042 2193 2105 2209 auus
2121 2191 2244 2219 paternus
2261 2184 2320 2220 fuit
2339 2184 2429 2210 Galliis.
2454 2204 2455 2207 η

1389 2214 1739 2277 Flaaigegticfaggilfflzisi'legtio
1752 2216 1838 2242 noetis
1853 2216 1935 2250 galli,
1955 2218 2044 2246 rursus
2057 2224 2134 2244 cantu
2149 2219 2294 2254 plausuque
2311 2223 2424 2254 premunt

1389 2259 1404 2277 a
1425 2269 1621 2317 GALLINA,
1642 2270 1680 2311 ae.
1701 2258 1998 2326 ἰοέιῖῐξιίλε-ιιτοριὶζῖρνις]
2038 2288 2138 2313 Femina
2152 2290 2178 2312 in
2191 2295 2277 2324 genere
2288 2289 2428 2325 gallinaceo.

1390 2357 1444 2383 lina
1458 2357 1562 2382 cecinit.
1635 2355 1791 2388 Africanae,
1810 2356 1974 2387 cohortales,
1994 2356 2105 2382 rusticae
2124 2357 2227 2383 Colum.
2241 2362 2264 2389 8,
2277 2366 2301 2383 2.

1391 2393 1423 2419 R.
1437 2393 1468 2418 R.
1490 2400 1518 2424 3,
1539 2400 1564 2424 9.
1634 2391 1690 2418 Cic.
1705 2391 1782 2417 Acad.
1797 2400 1825 2424 4,
1839 2399 1870 2425 57
1890 2391 2007 2417 Gallinas
2022 2392 2102 2418 alere.
2161 2393 2191 2418 Et
2210 2392 2323 2420 Martial.
2343 2400 2376 2425 13,
2395 2393 2426 2418 62

1389 2427 1494 2454 Gallina
1512 2426 1602 2453 altilis.
1625 2462 1630 2466 -
1658 2428 1744 2461 Adeps
1757 2426 1870 2461 gallinae
1889 2427 2008 2454 Scribon.
2021 2436 2060 2459 39.
2132 2426 2251 2453 Abundat
2265 2436 2354 2461 porco,
2366 2428 2426 2454 hae-

1391 2463 1426 2490 do
1437 2483 1445 2495 ,
1468 2471 1553 2497 agno,
1569 2462 1681 2496 gallina,
1698 2462 1779 2492 latire,
1801 2463 1890 2494 caseo,
1908 2463 1986 2489 melle
2003 2463 2067 2489 villa
2080 2462 2197 2497 locuples
2215 2462 2272 2489 Cic.
2285 2463 2316 2490 de
2328 2462 2428 2489 Senee't.

2343 2359 2428 2384 Varro
2460 2367 2461 2373 ¹

1505 2497 1626 2524 Gallinae
1643 2497 1714 2524 filius
1732 2498 1806 2525 albae
1823 2499 1916 2525 quen.
1930 2499 1980 2525 Sat.
1995 2507 2030 2531 ¹3,
2045 2507 2096 2532 14¹·
2132 2502 2183 2524 vid.
2205 2504 2313 2525 ALBVs.
2355 2497 2430 2534 Coris.

1392 2533 1486 2570 Erasm.
1498 2534 1562 2560 Chii.
1619 2534 1720 2559 Canens
1735 2533 1832 2567 gallina
1843 2533 1952 2560 denotat
1960 2535 2074 2560 onrem
2089 2534 2136 2559 effe
2151 2535 2249 2560 marito
2263 2533 2431 2568 superiorem,

1392 2576 1422 2596 vt
1434 2569 1544 2605 obferunt
1558 2569 1675 2595 Donatus
1688 2569 1722 2594 ad
1734 2569 1802 2595 Ter.
1811 2568 1916 2594 Phorm.
1929 2578 1956 2602 4,
1969 2579 1995 2603 4,
2006 2577 2040 2603 27
2059 2569 2163 2595 Gallina
2177 2569 2281 2595 cecinit.
2351 2569 2430 2601 Dura,

1394 2607 1413 2630 i.
1432 2613 1479 2629 non
1495 2610 1578 2630 tenera
1599 2605 1693 2630 Horat.
1709 2604 1790 2630 Serui.
1804 2613 1830 2636 2,
1840 2613 1868 2636 4,
1881 2610 1915 2632 18.

1396 2639 1500 2673 Peperit
1519 2647 1601 2664 ouum
1620 2639 1717 2673 gallina
1735 2640 1792 2665 Cic.
1806 2639 1885 2665 Acad.
1899 2650 1927 2673 4,
1940 2647 1979 2674 57.

1988 2604 2149 2636 Numidica,
2170 2605 2220 2630 uid.
2242 2612 2263 2630 N
2274 2611 2345 2630 νΜι
2356 2610 2429 2631 Dia.

2051 2641 2105 2666 Has
2124 2641 2214 2666 literas
2229 2640 2363 2674 scripserat
2382 2638 2430 2674 gal·
2460 2659 2461 2662 η

1846 2675 1996 2710 Supponere
2011 2683 2061 2701 oua
2077 2675 2182 2710 gallinis
2195 2677 2249 2703 Cic.
2265 2675 2296 2700 dr
2309 2676 2343 2702 N.
2353 2675 2432 2702 Deci-.-

1395 2718 1418 2742 2,
1433 2718 1486 2742 124.
1558 2710 1597 2736 Ad
1613 2710 1737 2744 gallinas,
1757 2709 1809 2736 vid.
1824 2716 1878 2737 AD.
1915 2711 1983 2737 Suet.
1999 2711 2083 2737 Galba
2103 2721 2123 2736 c.
2137 2720 2156 2737 1.
2229 2710 2348 2737 Gallinae
2362 2706 2428 2748 etiq'j
2478 2710 2479 2715 ¹

1394 2752 1516 2771 vocantur
1523 2746 1677 2777 meretrices,
1700 2749 1759 2781 quia
1773 2749 1854 2772 omnia
1859 2746 1987 2782 spargunt
2002 2753 2024 2772 ei
2038 2746 2176 2782 absumunt.
2217 2746 2430 2773 Vitljffzubmanii.

1393 2780 1520 2843 ῗΓΡΙειιιί.
1534 2781 1624 2808 Pseud.
1640 2790 1660 2815 1,
1673 2790 1694 2815 1,
1707 2786 1747 2812 28.
1798 2782 1870 2808 Inter
1887 2781 2055 2808 blandimenta
2071 2785 2205 2809 amantium
2222 2781 2254 2814 esi
2273 2781 2339 2817 apud
2351 2782 2429 2809 Plaut-

1430 2825 1465 2842 ιιι.
1482 2825 1510 2848 3,
1529 2819 1573 2851 76.
2413 2816 2417 2822 “

1394 2887 1475 2922 gnost.
1490 2887 1562 2913 Arat.
1583 2896 1608 2912 v.
1624 2894 1678 2921 387.
2086 2912 2089 2915 .
2463 2895 2464 2911 1

1432 2928 1452 2948 G
1461 2929 1483 2948 A
1493 2928 1508 2947 L
1519 2929 1533 2947 1.
1544 2930 1552 2948 1
1562 2930 1582 2948 Ν
1593 2929 1614 2948 Α
1624 2929 1640 2949 C
1649 2930 1664 2948 E
1674 2930 1693 2948 V
1702 2930 1714 2948 S
1723 2941 1731 2954 ,
1750 2931 1774 2954 a,
1795 2931 1850 2949 um.
1885 2922 1945 2949 Adi.
1980 2920 2169 2955 [οἷλεκτσρικᾶς]
2205 2922 2278 2957 Quid
2291 2933 2319 2949 ex
2331 2923 2436 2958 gallinis

1395 2955 1438 2991 est.
1480 2958 1527 2987 Vt,
1548 2958 1634 2984 Pullus
1649 2958 1824 2992 gallinaceus,
1849 2963 1873 2983 et
1892 2958 1949 2983 Oua
1968 2956 2109 2990 gallinacea
2132 2958 2215 2983 Varro
2229 2964 2260 2983 ae
2275 2959 2305 2984 R.
2321 2958 2353 2985 R.
2373 2967 2439 2991 3,9a

1396 2993 1453 3020 Cic.
1471 2992 1502 3018 de
1515 2993 1605 3019 Diuin.
1620 3002 1643 3024 2,
1657 3002 1690 3025 29
1708 3003 1729 3021 c.
1742 3002 1767 3019 12
1787 2993 1965 3019 Gallinaceum
1980 2992 2026 3017 fel.
2093 2993 2126 3018 Vt
2147 2992 2189 3019 vel
2209 2993 2282 3019 laetis
2295 2993 2443 3027 gallinacei*-
2464 3009 2465 3012 =

2206 3029 2262 3055 Mas
2277 3029 2434 3063 gallinaceus
2447 3026 2455 3036 “
2466 3038 2467 3041 ’

1398 3064 1530 3091 Columel.
1546 3069 1570 3095 8,
1584 3072 1608 3089 z.
1680 3064 1842 3090 Gallinaceus
1861 3063 1948 3097 pyftes
1965 3062 2039 3088 Ideni
2060 3068 2089 3094 8,
2110 3072 2138 3095 2,
2153 3071 2173 3096 ς.
2261 3065 2432 3096 Gallinaceus,
2465 3063 2467 3074 ³

1390 3100 1446 3134 fine
1463 3098 1597 3130 adium‘io,
1617 3098 1694 3130 idem,
1713 3099 1778 3134 quod
1791 3100 1884 3125 Gallus.
1919 3098 1984 3124 Plin.
2002 3106 2041 3132 37,
2056 3107 2099 3130 105
2125 3098 2272 3126 Aleision-ias
2292 3107 2386 3127 vocant
2403 3100 2432 3128 in

1397 3134 1550 3162 ventriculis
1563 3133 1766 3169 gallinaceorum
1780 3136 1898 3160 inuentas
1912 3133 2058 3165 crystallina
2071 3135 2164 3168 specie.
2216 3135 2258 3162 Sic
2272 3140 2293 3167 8,
2308 3139 2335 3162 16
2353 3135 2454 3162 Galli-'2

1397 3179 1538 3197 naceorum
1555 3169 1655 3195 cristae.
1691 3170 1760 3196 Adii.
1776 3171 1844 3196 Suet.
1859 3169 1913 3196 Vit.
1926 3178 1947 3195 c.
1964 3178 1994 3201 9,
2008 3178 2033 3202 4.
2399 3172 2409 3186 ·
2442 3170 2451 3177 '⁴

1434 3212 1454 3233 G
1464 3213 1485 3233 Α
1495 3212 1510 3232 L
1520 3213 1555 3232 Li
1566 3212 1587 3231 N
1597 3212 1616 3231 A
1627 3211 1663 3230 ιιι
1676 3211 1695 3231 ν
1708 3212 1721 3231 s
1731 3225 1738 3236 ‚
1766 3214 1781 3231 a
1791 3226 1800 3238 ‚
1830 3213 1883 3231 uin.
1920 3204 1979 3230 Adi.
2016 3206 2084 3230 Hinc
2098 3204 2242 3231 Gallinaria
2255 3205 2341 3232 Insula
2354 3206 2434 3241 Ligu·
2459 3214 2464 3231 .'

1399 3242 1456 3269 stici
1469 3242 1564 3273 maris,
1580 3249 1595 3267 a
1608 3241 1683 3274 copia
1697 3241 1851 3274 gallinarum
1865 3239 1933 3266 (lidia
1950 3241 2034 3267 Varro
2047 3240 2079 3266 de
2092 3241 2123 3266 R.
2139 3241 2169 3266 R.
2183 3250 2204 3272 3,
2218 3250 2242 3273 9.
2287 3243 2349 3268 Item
2362 3243 2432 3270 Silua
2448 3241 2449 3245 ¹

1398 3281 1424 3304 in
1440 3278 1572 3312 Campania
1586 3283 1664 3311 prope
1678 3276 1765 3302 Cumas
1778 3276 1833 3302 Cic.
1841 3276 1911 3302 Fam.
1922 3284 1948 3308 9,
1962 3284 1999 3307 23.
2053 3277 2121 3302 Haec
2135 3276 2278 3303 Gallinaria
2293 3278 2370 3303 Pinus
2387 3279 2446 3310 Iu-¹

1398 3313 1484 3340 venal.
1498 3309 1591 3346 3307.
1686 3311 1752 3337 Cels.
1773 3316 1803 3343 8,
1823 3318 1847 3343 ις
1876 3311 1916 3336 Sic
1936 3311 2072 3337 brachium
2092 3310 2234 3346 deligatum
2257 3313 2333 3346 super
2352 3313 2432 3339 scalae
2450 3334 2451 3338 ,

1401 3348 1554 3383 gallinariae
1574 3345 1683 3381 gradum
1703 3347 1848 3377 traiicitur,
1868 3346 1903 3372 ita
1914 3347 1979 3378 alte,
1999 3354 2027 3373 vt
2047 3346 2130 3372 homo
2150 3348 2204 3381 ipse
2223 3348 2358 3374 comittere
2378 3357 2441 3375 non.

1687 3379 1707 3418 fl
1727 3391 1743 3408 2
1779 3381 1951 3413 Gallinarius‚
1994 3386 2019 3409 ui
2035 3390 2108 3409 curat
2126 3384 2243 3418 gallinas.
2279 3384 2344 3409 Plin.
2356 3393 2394 3416 10,
2405 3390 2439 3417 53-
2470 3380 2471 3384 ¹

1402 3418 1535 3446 Traditur
1547 3416 1673 3452 quaedam
1692 3426 1733 3444 ars
1747 3416 1879 3450 gallinarii
1897 3419 1969 3444 cuius
1989 3427 2030 3445 am
2046 3418 2172 3450 dicentis,
2191 3417 2262 3452 quod
2282 3427 2313 3444 ex
2327 3427 2444 3454 quaqua*
2470 3415 2471 3420 ¹

1400 3456 1517 3491 (gallina
1532 3453 1620 3486 ouum)
1639 3453 1705 3479 ess'et.
1746 3451 1804 3479 Vid.
1823 3453 1878 3479 Cic.
1891 3453 1968 3480 Acad.
1982 3463 2013 3486 4,
2033 3459 2060 3485 83
2086 3462 2107 3479 c.
2123 3455 2161 3479 26.
2206 3455 2289 3480 Varro
2309 3454 2340 3480 de
2355 3455 2386 3481 R.
2401 3455 2432 3481 R.
2449 3453 2451 3465 ³

1401 3499 1431 3523 3,
1451 3499 1477 3522 9.
1671 3485 1691 3523 fl
1712 3495 1725 3518 3
1762 3487 1950 3521 Gallinariuin,
1984 3488 2116 3524 [ὅρνιᾶὠν]
2151 3490 2244 3520 Locus,
2261 3492 2287 3514 in
2303 3499 2348 3524 quo
2360 3491 2454 3530 galli-,1

1401 3535 1445 3551 nae
1464 3526 1615 3550 nutriuntur.
1650 3522 1756 3548 Colum.
1771 3527 1792 3553 8,
1807 3532 1819 3555 3
1841 3524 1985 3551 Gallinaria
1998 3524 2122 3551 constitui
2137 3523 2232 3550 debent
2251 3531 2324 3558 parte
2341 3525 2433 3558 villae,
2456 3530 2460 3539 '

1440 3601 1517 3623 GAL
1527 3599 1687 3620 L1c1N1v
1698 3599 1738 3625 M,
1759 3594 1776 3619 i.
1812 3604 1838 3620 n.
1875 3594 2105 3629 [iasnrpvooama]
2141 3595 2205 3620 Pars
2218 3590 2300 3620 noblis
2311 3595 2433 3629 appellata

1404 3630 1453 3664 est,
1472 3634 1498 3656 in
1517 3638 1563 3666 qua
1582 3629 1644 3664 galli
1661 3635 1771 3655 cantant.
1816 3631 1893 3664 Apul.
1907 3631 1971 3656 Met.
1989 3635 2002 3659 8
2017 3638 2061 3665 pr.
2094 3629 2188 3655 Noctis
2207 3629 2343 3663 gallicinio
2360 3629 2432 3656 venit

1404 3666 1512 3701 quidam
1527 3663 1627 3690 iuuenis
1640 3664 1759 3696 proxima
1773 3665 1888 3692 ciuitate.
1944 3665 2020 3691 Vnde
2038 3664 2155 3691 secundis
2173 3665 2310 3698 galliciniis
2327 3664 2432 3691 videtur

1406 3701 1486 3737 primi
1500 3699 1561 3727 solis
1574 3704 1679 3725 exortus
1695 3700 1825 3727 Anuuian.
1838 3710 1881 3733 22,
1893 3709 1929 3733 33.
2446 3708 2447 3711 ’

1418 3773 1511 3798 oletum.

1399 3772 1485 3832 'iiemo
1504 3805 1566 3836 scit,
1586 3812 1685 3839 quanto
1704 3807 1800 3834 melior
1818 3807 1865 3840 fit,
1889 3809 1962 3833 cuius
1981 3813 2032 3832 vox
2052 3805 2210 3839 gallulascit,
2229 3806 2302 3831 cuius
2321 3806 2374 3832 iam
2393 3813 2434 3831 ra-

1404 3850 1461 3868 mus
1479 3839 1633 3867 roborescit.

1441 3882 1461 3902 G
1471 3882 1531 3902 AL1
1550 3883 1557 3900 1
1568 3883 1588 3901 A
1600 3883 1621 3901 Μ
1634 3883 1649 3902 Β
1658 3883 1677 3901 V
1688 3884 1701 3903 s
1710 3897 1717 3907 ,
1740 3877 1760 3904 i.
1795 3887 1830 3903 m.
1866 3877 1967 3903 Carmen
1980 3885 2008 3901 ex
2024 3875 2129 3901 [ambico
2146 3882 2221 3902 metro
2230 3877 2362 3910 peculiari,
2374 3870 2437 3910 quod

1565 3769 1685 3796 Naeuius
1702 3772 1767 3805 apud
1785 3772 1906 3798 Nonium
1926 3780 1957 3803 2,
1977 3773 2020 3802 368
2051 3770 2160 3795 Puerum
2181 3770 2288 3796 mulieri
2308 3769 2435 3804 praestare
2478 3773 2479 3777 ’

2319 3961 2321 3963 ·
2338 3946 2374 3973 De
2385 3944 2423 3970 cri
2425 3957 2433 3964 ·
