2479 4225
38 187 102 233 481
410 176 445 216 E
528 177 564 216 X
645 176 680 217 E
1514 170 1549 211 E
1629 171 1664 209 X
1746 171 1778 210 E
2094 183 2165 225 482

39 267 157 302 scriptum
176 265 219 291 est.
280 266 331 291 Hic
349 266 416 292 Iocus
435 265 510 299 plane
531 268 693 301 exceptionem
712 273 760 290 non
774 265 894 324 patitur:
924 258 978 296 ipr
995 259 1070 285 verba
1131 267 1160 285 ac
1184 258 1313 292 totidem,
1340 265 1405 295 quot
1425 259 1488 292 illa,
1512 259 1669 287 mutationes
1691 258 1779 286 habct.
1835 262 1937 289 Pulchre
1960 266 2033 290 etjam
2055 263 2111 290 Cic,
2133 263 2164 289 de

39 302 107 330 infra
125 301 246 335 scriptum
263 300 315 333 est,
340 300 470 332 indicant,
492 300 639 336 descriptam
662 299 704 334 effi
726 300 774 335 epry
787 300 865 329 olam,
891 303 915 322 et
933 294 1070 330 fiihieflam
1132 296 1237 322 Amicit.
1253 304 1280 327 23
1303 305 1324 322 c.
1338 305 1349 327 7
1376 296 1473 321 Verum
1493 296 1573 322 ctiam
1592 297 1705 322 amicum
1725 296 1771 329 qui
1789 294 1921 329 intuetur,
1940 304 2064 333 tanquam
2078 308 2165 325 exem-

39 335 117 365 ltatim
128 337 209 363 literis
223 336 348 362 Ciceronis
366 339 393 362 in
408 336 487 362 eadem
500 338 596 367 charta,
616 339 643 362 in
656 335 750 362 tabellis
764 333 857 359 iisdem.
928 331 1000 357 Idem
1015 331 1068 356 Att.
1131 330 1187 364 plar
1207 331 1315 366 aliquod
1329 331 1445 356 intuetur
1466 331 1504 356 sui
1519 341 1524 356 :
1551 335 1569 359 i,
1582 340 1602 357 e.
1620 329 1687 367 quast
1701 332 1804 357 alterum
1815 330 1854 366 se.
1890 342 1944 358 nam
1953 335 2083 369 siquitur,
2103 336 2166 368 Quo

38 382 64 407 9,
77 371 152 408 6fin.
185 372 274 405 Capua
298 371 390 398 literae
412 372 471 398 sunt
491 372 583 398 allatae
600 371 649 397 hoc
668 369 787 404 exemplo
801 378 806 393 :
836 373 965 402 ponuntur
982 365 1069 391 deinde
1130 366 1197 392 circa
1213 373 1237 392 ct
1251 366 1367 397 absentes
1381 366 1486 397 adsunt,
1507 373 1531 393 et
1543 373 1648 401 egentes
1659 365 1808 398 abundant,
1829 372 1854 391 et
1866 367 2010 394 imbecilles
2022 370 2126 403 valent,
2139 377 2164 396 et

0 436 1 441 ¹
36 407 109 434 verba
128 405 190 442 ipfiz.
248 407 323 433 Talia
342 407 404 442 sient
423 407 480 433 Cic.
496 409 548 434 Att.
562 416 586 439 9,
600 414 632 440 ις.
661 414 686 439 9,
702 408 737 431 ι6.
767 412 805 435 ιο,
818 408 840 433 8.
872 410 906 435 ις,
922 410 960 434 ι4.
1018 400 1068 426 Sal·
1091 412 1106 438 ς
1130 401 1202 435 quod
1220 401 1355 428 difficilius
1374 400 1447 427 dic'tu
1465 401 1516 431 est,
1537 403 1636 429 mortui
1655 402 1757 428 viuunt.
1810 401 1905 437 Rurfizs
1924 403 1977 430 Cic.
1993 406 2063 431 Fam.
2077 414 2120 437 10,
2138 414 2164 432 21

37 442 93 470 lust.
105 441 180 469 Catil.
195 449 241 474 34,
260 451 272 474 3
300 441 340 468 Ab
354 442 395 468 his
415 443 492 477 longe
511 443 624 469 diuersas
645 441 732 467 literas
751 437 907 472 QCatulus
925 438 953 463 in
972 435 1067 462 Senatu
1130 436 1192 464 med.
1212 437 1348 472 Exemplar
1361 437 1417 462 eius
1429 435 1598 471 chirographi
1611 438 1694 464 Titio
1713 436 1779 463 misi.
1815 437 1872 471 Ipsa
1885 437 2060 473 chirographa
2074 441 2166 468 omnia

37 477 154 505 recitauit
188 491 232 496 —
269 477 365 504 Earum
383 478 532 513 exemplum
551 478 621 504 infra
639 477 771 510 scriptum.
831 475 889 499 Non
907 479 1007 504 errant,
1028 473 1070 507 qui
1130 479 1175 497 etc.
1220 474 1257 499 De
1266 471 1378 508 piHuris
1392 471 1457 498 Plin.
1471 479 1512 503 35,
1525 482 1561 505 40
1588 474 1672 499 Huius
1690 473 1793 500 tabulae
1806 473 1954 507 exemplar,
1973 475 2043 507 quod
2059 484 2167 510 31)οὲῑὸ-

35 513 134 545 dicunt,
152 511 249 545 verba,
273 513 431 546 sormidam,
457 513 565 550 intelligi
578 523 586 538 .·
616 511 663 547 sed
681 519 754 545 neque
772 515 852 535 tamen
872 510 960 544 negari
983 505 1069 542 potest,
1131 507 1202 541 phon
1215 514 1325 540 vocant,
1345 508 1375 534 L.
1390 507 1514 533 Lucullus
1531 508 1632 535 duobus
1647 509 1750 535 talentis
1764 508 1836 534 emit.
1890 510 1920 534 Et
1939 510 1964 539 6,
1977 517 2000 534 ει
2022 509 2050 536 de
2064 514 2165 538 itinera.

34 546 139 583 intelligi
156 547 229 574 uerba
242 557 284 580 ea,
306 557 365 585 quae
384 549 507 585 dejcripta
519 552 593 583 Junt,
611 554 634 572 et
650 552 768 582 quatenus
784 543 908 584 descripta
921 543 999 578 sunt,
1020 552 1068 567 non
1130 546 1179 569 riis
1193 545 1313 579 Diogneti
1328 551 1351 569 et
1364 544 1498 571 Baetonis,
1516 542 1545 568 In
1560 543 1719 577 quibusdam
1739 542 1932 577 exemplaribus
1953 543 2048 570 diuerli
2062 547 2166 573 numeri

33 757 94 788 llola
110 759 157 793 obfi

319 903 429 929 Materia
443 900 538 933 eadem,
553 901 668 937 formula
679 899 775 931 eadem,
795 898 870 925 verba
888 900 970 924 omnia
988 897 1067 923 cade-m

29 1290 111 1330 posse,
129 1296 261 1325 receptum
276 1291 321 1318 est.

29 1325 103 1352 iubet
114 1326 218 1353 Praetor
231 1326 312 1353 verba
326 1326 472 1354 testamenti
485 1326 563 1354 edere
573 1347 582 1360 ,
601 1326 663 1353 ideo
676 1325 785 1352 fortassis
794 1345 802 1358 ‚
823 1325 886 1359 quia
905 1324 1012 1351 heredes
1027 1325 1066 1350 so-

31 1360 85 1388 lent
107 1361 201 1389 habere
219 1362 367 1396 exemplum
387 1363 543 1390 testamenti.

31 1396 117 1423 ercisc.
141 1396 269 1424 Heredem
284 1398 356 1424 enim
373 1398 522 1433 exemplum
544 1396 642 1424 debere
656 1397 736 1428 dare,
753 1396 854 1423 tabulas
871 1405 938 1422 vero
958 1395 1066 1422 authen-

438 1435 468 1460 Et
496 1433 513 1460 l.
531 1442 559 1460 12.
589 1432 616 1459 ff.
636 1432 809 1459 Testamenta
835 1431 984 1467 quemadm.
998 1440 1067 1465 aper.

27 1466 55 1493 Si
77 1467 134 1501 quis
154 1468 246 1495 fecerit
267 1469 449 1496 testamentum
475 1476 501 1496 et
524 1468 675 1503 exemplum
699 1469 778 1494 eius:
810 1467 933 1502 exemplo
958 1466 1067 1502 quidem
1085 1477 1112 1503 33
1131 1475 1172 1499 30,
1195 1475 1216 1492 11
1243 1466 1260 1492 s.
1276 1474 1310 1498 29
1335 1468 1419 1502 legunt
1440 1467 1554 1502 vulgati,
1582 1466 1663 1498 Qiod
1684 1470 1769 1491 totum
1789 1464 1963 1491 abdicandum
1984 1475 2072 1500 paucis
2089 1476 2176 1494 exem.

24 1508 114 1536 aperto
127 1503 243 1530 nondum
257 1511 377 1539 apertum
396 1505 432 1532 est
445 1505 645 1534 testamentum3
676 1503 749 1538 quod
762 1503 780 1529 fi
800 1503 981 1529 authenticum
1000 1508 1068 1537 pate-

29 1431 93 1459 ticas
124 1432 207 1467 ipsum
238 1433 363 1460 retinere.

698 978 768 997 atior
780 969 840 996 esset
858 977 986 995 memoria
996 988 1003 1000 ‚
1025 977 1066 994 ex-

632 1220 680 1246 Mo
699 1218 796 1245 estinus
816 1218 832 1244 l.
849 1226 870 1244 11
895 1219 926 1245 D.
940 1219 971 1244 de
986 1217 1066 1244 Eden-

613 1362 720 1396 leian.
741 1360 789 1393 l.4
814 1359 837 1397 §.
851 1361 899 1387 vlt.
922 1360 949 1387 ff.
971 1360 1066 1386 Famil.

0 1533 2 1573 ζ
24 1536 122 1564 sachun
136 1538 171 1565 est
180 1559 188 1571 ,
204 1545 290 1566 totum
304 1547 423 1575 apertum
436 1540 480 1567 est.
514 1539 562 1568 Sed
574 1538 729 1573 Exemplum
742 1539 889 1565 testamenti
903 1538 982 1564 eodem
992 1540 1067 1573 plane

0 1580 1 1607 j
23 1572 92 1599 modo
105 1573 173 1600 dixit
187 1575 243 1602 Cic.
257 1576 310 1601 Att.
328 1585 362 1609 13,
376 1579 410 1608 45
432 1583 497 1603 extr.
523 1576 579 1602 Iam
592 1575 640 1601 hac
655 1574 790 1608 obsignata
807 1573 917 1608 epistola
929 1573 1011 1599 not‘lu
1030 1579 1067 1600 ta-

0 1609 1 1635 l
23 1606 150 1635 bellarius
166 1611 256 1637 noster
268 1611 360 1643 venit,
377 1617 403 1638 et
423 1611 456 1637 ab
475 1619 508 1637 eo
526 1610 616 1637 literas
633 1609 776 1644 diligenter
793 1610 901 1643 scriptas
919 1609 1024 1640 attulit,
1041 1614 1067 1635 et

22 1645 172 1678 exemplum
187 1646 343 1672 testamenti.

4 1685 7 1731 ἢ
23 1682 188 1716 rationsmque
208 1684 246 1707 rei
257 1681 389 1717 fignificat
412 1687 436 1706 et
453 1682 614 1741 qualitatem,¹
636 1689 686 1741 gua
704 1681 779 1706 alteri
791 1679 886 1713 fimilis
905 1677 938 1712 est
956 1685 1000 1705 aut
1016 1678 1068 1713 dis-

617 1724 633 1741 u

6 1712 119 1748 ,fimilin
164 1716 245 1742 Plaut.
260 1712 318 1743 M‘il.
332 1725 353 1749 3,
369 1725 389 1748 1,
404 1719 449 1742 162
471 1716 513 1742 Fit
526 1715 571 1750 pol
585 1715 603 1742 il

6 1751 7 1757 ¹
23 1751 75 1780 ita,
94 1757 124 1776 vt
143 1751 184 1777 hic
193 1751 261 1777 modo
273 1752 350 1778 dixit.

671 1714 704 1741 ad
718 1715 784 1741 illud
799 1714 947 1749 exemplum
957 1734 964 1746 ‚
984 1713 1013 1740 id
1024 1712 1068 1747 esi,

419 1750 489 1778 Ibid.
507 1760 547 1783 132
572 1752 692 1789 Aequom
712 1751 765 1776 fuit
784 1750 846 1776 deos
866 1750 993 1784 parauiss'e
1011 1757 1068 1774 vno

6 1781 7 1787 ¹
23 1785 161 1818 exemplo,
181 1787 281 1820 (more,
301 1787 392 1820 modo)
408 1791 445 1818 'ne
459 1795 550 1812 omnes
565 1786 648 1811 vitam
662 1791 785 1811 vruerent
820 1798 867 1803 —-
902 1784 958 1815 Qu
979 1782 1066 1815 lepide

21 1819 169 1852 ingeniatus
191 1822 265 1851 esset,
289 1822 372 1847 vitam
390 1821 564 1858 longinquam
582 1819 692 1845 darent:
725 1818 781 1850 Qi
801 1817 920 1850 improbi
938 1817 1016 1841 essent
1039 1821 1065 1841 et
1081 1825 1114 1850 45

0 1863 4 1876 ι
22 1854 136 1885 scelesti,
156 1855 189 1880 iis
208 1855 355 1880 adimerent
373 1855 490 1880 animam
511 1858 574 1879 cito.

645 1852 720 1878 Idem
736 1851 828 1877 Bacch.
842 1859 870 1882 3„
890 1852 916 1882 6,
932 1858 954 1876 11
982 1849 1065 1876 Multi

21 1897 96 1915 more
109 1888 158 1914 isto
174 1894 254 1922 atque
269 1888 390 1922 exemplo
410 1889 521 1919 viuunt,
542 1895 608 1921 quos
624 1895 684 1912 cum
704 1886 805 1912 censeas
818 1886 871 1912 Effe
890 1885 1004 1917 amicos,
1025 1893 1065 1911 re-

21 1924 159 1960 periuntur
179 1923 235 1950 falli
254 1923 419 1949 falfimoniis.

491 1922 566 1949 Idem
584 1921 654 1948 Afin.
669 1930 696 1954 2,
707 1930 730 1954 3,
744 1930 761 1953 9
788 1921 835 1947 Pol
849 1920 918 1947 haud
935 1921 1064 1955 periclum

0 1980 3 1988 .
22 1959 74 1992 est,
94 1959 211 1985 cardines
222 1967 255 1985 ne
268 1958 372 1985 foribus
384 1958 567 1992 effringantur,
576 1957 603 1984 Si
616 1957 682 1984 istoc
694 1962 723 1983 tu
736 1956 858 1992 exemplo
873 1956 1066 1990 omnibus,qui

22 2001 157 2030 quaerunt,
174 1994 352 2035 respondebis,
372 1997 390 2020 i.
402 1995 448 2021 hoc
459 1993 537 2020 modo.

631 1992 669 2019 Id.
683 1992 805 2019 Bacchid.
820 2000 843 2025 5,
862 2001 882 2024 1,
895 1994 912 2017 6
931 1991 1065 2018 Omnibus
1076 2003 1110 2029 50

0 2042 2 2049 ν
24 2030 148 2066 exemplis
160 2039 282 2063 crucior,
301 2030 391 2056 omnia
405 2038 447 2056 me
461 2029 530 2055 mala
544 2027 736 2055 consectantur.
804 2029 835 2054 Et
857 2026 931 2062 Epid.
948 2035 960 2059 5
970 2047 978 2059 ‚
996 2035 1028 2057 2,
1050 2028 1066 2052 6

8 2418 9 2422 Ἰ
15 2383 254 2421 streptumalterius
267 2390 306 2413 rei

26 2138 167 2173 exemplum
180 2146 324 2172 nunquam.

317 2396 329 2413 e
334 2416 340 2421 ⁶
358 2389 434 2413 citur.

24 2067 97 2100 Qiot
109 2065 164 2093 illic
180 2065 261 2093 hodie
281 2075 324 2093 me
336 2065 464 2100 exemplis
483 2063 667 2096 ludificatu’st,
686 2069 766 2098 atque
785 2068 819 2091 te.
890 2064 921 2089 Et
940 2063 1023 2088 Merc.
1043 2070 1067 2094 2,

25 2111 45 2136 1,
58 2111 88 2135 41¹
106 2101 202 2128 Amani
216 2101 304 2128 hercle
318 2101 444 2136 equidem
462 2109 511 2134 ego
525 2100 592 2127 olim
605 2099 633 2126 in
646 2098 834 2126 adolescentia:
861 2107 954 2126 verum
968 2098 1001 2124 ad
1014 2097 1066 2124 hoc

372 2136 517 2172 Praeceffit,
536 2136 600 2162 Non
611 2135 649 2162 ita
662 2143 741 2168 amo,
758 2140 788 2161 vt
801 2133 856 2160 sani
870 2133 954 2160 solent
968 2133 1064 2159 Homi-

29 2181 85 2200 nes:
107 2172 148 2200 sed
160 2173 253 2200 eodem
272 2172 365 2207 pa&o,
383 2179 412 2200 vt
424 2172 510 2199 insani
522 2171 616 2198 solent.
671 2171 703 2197 Et
722 2172 761 2196 ita
773 2169 847 2206 stupe
866 2170 940 2196 alias.
980 2168 1063 2195 Ouid.
1086 2176 1115 2204 55

30 2208 91 2236 Met.
109 2217 134 2242 3,
151 2217 193 2236 122
221 2209 402 2243 Exemploque
420 2208 478 2243 pari
496 2207 564 2233 furit
580 2207 668 2233 omnis
687 2205 780 2238 turba,
809 2206 834 2232 h.
849 2214 868 2231 e.
888 2204 966 2231 eodem
986 2203 1064 2230 modo.

44 2264 47 2267 ι
61 2250 161 2271 ΕΧΒΜ
172 2251 187 2271 1’
198 2251 213 2270 L
223 2251 246 2272 Α
255 2251 273 2270 R
282 2265 291 2277 ,
322 2245 384 2271 aris.
419 2253 445 2272 n.
480 2241 638 2277 [ἐρχέτυπον
650 2245 662 2276 ]
719 2240 760 2268 Ab
780 2240 908 2275 Exemplo
927 2239 1066 2266 deriuatum

26 2287 122 2312 nomen,
141 2279 240 2307 videtur
248 2280 333 2315 paullo
345 2277 595 2315 art‘liusfignnficare
607 2276 735 2311 Exemplo
743 2297 752 2309 ‚
770 2283 794 2303 ct
805 2277 909 2303 alteram
921 2275 990 2302 illius
1003 2275 1065 2311 clas-

17 2313 69 2349 fim
75 2315 153 2350 solam
167 2325 265 2349 earum,
286 2325 347 2351 quas
355 2315 435 2351 fiepra
448 2312 618 2347 constituimus
630 2311 766 2348 complek‘li.
819 2313 913 2347 Nempe
925 2311 1065 2345 Exemplar

23 2345 55 2382 est
67 2359 115 2383 res,
132 2359 191 2387 quae
205 2352 239 2377 ad
248 2351 395 2378 imitandum
403 2353 566 2386 proponitur,
584 2356 608 2376 et
626 2347 659 2382 qs?
671 2357 721 2381 res,
736 2357 796 2384 quac
807 2346 937 2378 imitando,
950 2346 1065 2381 adprae-
1082 2347 1118 2373 60
1160 2353 1178 2373 Ε
1187 2355 1206 2374 x
1215 2353 1232 2373 E
1242 2353 1266 2373 Μ
1276 2352 1298 2373 Τ
1308 2354 1318 2372 1
1327 2353 1344 2373 L
1353 2353 1362 2373 1
1371 2353 1399 2378 s,
1420 2353 1436 2373 E
1446 2354 1465 2373 x
1474 2353 1491 2373 Ε
1499 2353 1524 2372 Μ
1537 2352 1559 2373 Τ
1572 2353 1582 2372 1
1590 2353 1609 2373 0
1617 2367 1626 2380 ,
1646 2353 1690 2373 Ex
1700 2352 1750 2373 EM
1758 2353 1780 2373 T
1788 2353 1807 2373 o
1816 2354 1852 2381 R,
1875 2355 1892 2374 E
1901 2357 1921 2376 x
1932 2355 1948 2375 Ε
1956 2356 1982 2376 Μ
1990 2357 2012 2377 Τ
2023 2356 2042 2376 V
2053 2358 2066 2378 s
2074 2371 2084 2384 ,
2119 2350 2174 2379 vid.

324 2385 358 2447 {ff
485 2385 582 2415 Festus,
600 2384 757 2419 Exemplum
771 2383 816 2414 est,
836 2382 908 2418 quod
921 2383 1063 2416 sequamur

21 2426 66 2447 aut
77 2421 206 2453 vitemus;
233 2431 326 2456 exemp
339 2431 383 2454 ar,
399 2429 431 2448 ex
445 2430 500 2456 quo
513 2420 596 2447 simile
608 2420 742 2446 faciamus.
784 2419 854 2445 Illud
873 2418 1062 2452 (exemplum)

20 2456 109 2484 animo
127 2457 296 2489 aestimatur,
327 2456 396 2483 istud
411 2456 581 2490 (exemplar)
599 2454 685 2481 oculis
703 2454 874 2488 conspicitur.
934 2454 1062 2480 Primaria

8 2489 75 2527 {fimo
89 2492 309 2528 haee-fignificat&
322 2490 373 2524 est,
399 2497 429 2516 vt
439 2489 477 2523 fit
486 2492 583 2527 species
601 2489 635 2516 σά
652 2489 799 2516 imitandum
813 2487 950 2525 propofita.
1007 2488 1063 2515 Cic.

19 2527 139 2555 Timaeo
159 2536 180 2552 c.
194 2535 210 2553 2
237 2527 301 2560 Qio
315 2526 384 2554 circa
405 2524 422 2552 fi
444 2526 482 2558 is,
505 2525 552 2561 qui
570 2525 680 2560 aliquod
698 2534 793 2552 munus
811 2523 915 2551 efficere
933 2523 1106 2558 molitur‚65
1125 2534 1225 2560 pusque
1245 2525 1274 2551 in
1292 2524 1379 2551 Persas
1397 2525 1469 2556 Cyro
1490 2523 1612 2550 ferendus
1632 2523 1685 2549 fido
1704 2525 1781 2549 seruo
1801 2524 1921 2550 traditur.
2001 2526 2081 2553 Bacca
2099 2528 2173 2560 Myr.

21 2571 79 2588 eam
92 2561 214 2596 speciem,
233 2570 299 2596 quae
313 2562 415 2596 semper
425 2561 460 2587 est
474 2562 575 2593 eadem,
595 2560 757 2592 intuebitur,
775 2566 854 2595 atque
866 2569 924 2587 eam
938 2560 988 2587 fibi
1001 2568 1061 2594 pro-

8 2603 101 2631 {ponet
122 2597 270 2632 exemplar,
292 2598 455 2632 praeclarum
473 2606 539 2632 opus
558 2594 669 2629 efficiat,
685 2597 783 2623 necesse
801 2596 846 2623 est.
882 2610 927 2616 —
962 2596 1063 2622 Rursus

10 3017 13 3026 l

20 2710 174 2738 generatum
194 2710 337 2743 ortumque
356 2704 478 2730 dicimus.

21 2633 104 2666 igitur
118 2632 277 2665 videndum,
296 2633 342 2659 ille
356 2633 499 2659 fabricator
511 2634 578 2659 tanti
590 2633 679 2668 operis
691 2638 781 2659 vtrum
794 2632 824 2658 fit
837 2631 956 2658 imitatus
976 2639 1063 2657 exem-

0 2700 1 2703 *
20 2668 93 2702 plar,
114 2668 192 2700 idne,
212 2668 284 2703 quod
298 2669 399 2703 semper
410 2677 493 2694 vnum
506 2675 531 2695 et
543 2668 628 2699 idem,
647 2674 672 2694 et
686 2667 727 2693 sui
740 2667 824 2694 simile
838 2678 846 2697 ;
873 2675 905 2692 an
925 2665 970 2697 id,
988 2664 1061 2699 qnod

548 2704 580 2729 Et
600 2711 622 2728 c.
635 2711 664 2727 10
694 2702 743 2727 Sed
763 2702 826 2735 quia
843 2699 962 2726 nondum
983 2708 1063 2726 omne
1076 2708 1113 2736 70
1124 2699 1200 2734 Epid.
1221 2707 1246 2731 3,
1269 2708 1296 2732 1,
1313 2707 1332 2725 1.

19 2740 118 2767 animal
136 2740 164 2765 in
185 2739 286 2765 mundo
306 2745 375 2765 intus
390 2738 544 2770 incluserat,
561 2745 593 2763 ex
607 2745 637 2763 ea
654 2742 728 2771 parte
741 2735 880 2762 deficiebat
897 2734 929 2761 ad
946 2733 1063 2769 propoli-

33 588 61 610 ca
73 584 126 618 ipsa
144 582 289 615 indiuidua,
310 594 359 610 non
371 586 451 611 eadem
464 593 571 614 numero,
588 590 648 617 quae
654 584 764 616 primum
771 581 834 615 sunt
847 582 873 605 in
886 579 999 604 chartam
1012 587 1068 604 con-
1090 587 1119 605 10
1131 580 1310 612 reperiuntur.
1382 579 1488 604 Sueton.
1498 578 1571 604 Caes.
1587 588 1610 604 c.
1619 586 1645 611 55
1677 580 1746 606 Nam
1759 579 1786 605 in
1802 578 1958 613 quibusdam
1971 580 2166 614 exemplaribus

32 615 105 645 ἰεὲἶα.
166 619 241 645 Talia
255 619 318 654 fiant
330 621 441 654 plurima
465 623 492 646 in
510 617 646 645 Ciceronis
666 616 698 642 ad
715 616 833 642 Atticum
852 614 987 649 epistolis,
1008 622 1067 648 quae

32 662 119 690 magno
138 662 234 680 numero
257 654 324 680 dedit
342 655 457 681 laudatus
471 661 528 680 ante
540 652 708 679 Menckenius.
751 652 782 677 V.
796 660 822 687 g.
842 658 882 682 13,
897 657 928 682 50
948 650 1068 676 Conscri-

52 688 69 715 fi
87 689 118 716 de
133 688 172 715 his
186 688 245 723 ipsis
268 689 343 716 libris
358 690 492 725 epistolam
505 687 626 720 Caesari,
649 695 715 722 quae
735 686 883 713 deferretur
899 684 931 711 ad
945 684 1068 711 Dolabel-

44 733 85 750 am
100 735 108 755 ;
131 723 174 750 sed
187 725 242 750 eius
256 726 403 761 exemplum
417 725 535 759 (copiam
543 718 677 759 profesio,
695 725 735 748 vti
746 721 872 758 ftirevur,
896 720 957 756 quid
975 722 1001 745 in
1020 723 1068 754 epi-

183 767 234 786 zata
252 759 328 795 estet)
348 761 404 787 mili
424 760 454 786 ad
473 760 589 794 Oppium
608 764 633 784 et
654 757 781 790 Balbum,
801 755 941 790 scripsique
960 756 992 781 ad
1013 764 1068 787 eos,
1088 761 1111 785 15
1129 754 1151 793 ff
1169 764 1181 787 3
1218 757 1359 781 Generatim
1375 762 1423 789 pro
1441 756 1514 780 liaris
1526 759 1587 789 poni
1599 763 1714 791 putatur.
1762 757 1828 783 Hor.
1843 758 1870 783 in
1886 759 1948 783 Arte
1963 758 2034 784 Poet.
2049 760 2094 788 268
2115 760 2169 785 Vos

31 800 62 822 vt
79 800 134 821 tum
149 769 247 822 ‹fgferri
262 796 293 822 ad
306 795 468 823 Dolabellam
481 795 602 821 iuberent
613 802 684 820 meas
697 793 786 820 literas
805 791 1010 827 (autographas,
1022 790 1068 823 mJi

25 829 130 866 fallor)
150 830 167 856 li
181 831 228 865 ipli
243 832 389 866 exemplum
404 830 589 865 (deso-iptum)
604 829 760 864 probassent.
795 829 834 855 Ita
847 827 916 853 mihi
932 826 1067 860 rescripse-

0 877 2 880 ·
29 870 108 896 runt,
126 866 194 892 nihil
215 876 329 902 vnquam
349 867 374 892 se
391 866 476 900 legifl'e
495 865 604 897 melius,
624 865 815 899 epistolamque
834 872 920 889 meam
940 862 1065 888 iuss'crunt

30 899 89 927 dari
104 901 265 930 Dolabellae.

29 938 56 962 δη
76 936 161 963 literis
183 945 205 964 et
225 941 253 964 in
273 936 411 971 exemplo:
443 936 490 972 fid
515 936 664 971 exemplum
704 933 800 970 rofeH'o
824 932 856 966 cll
878 933 1066 967 apographum.
1076 942 1109 959 20

0 987 1 992 =
30 971 122 1006 Nepos
141 980 168 1007 7,
186 981 239 1006 4‚5
262 973 322 999 Eius
343 981 376 998 ue
395 971 562 1004 deuotionis,
582 980 636 1007 quo
649 943 702 997 teli³
726 972 732 976 '
965 968 969 972 ’

28 1007 144 1042 emplum
159 1009 186 1035 in
201 1009 253 1043 pila
265 1007 315 1042 lapi
337 1016 366 1034 ca
385 1007 498 1034 incisum
516 1009 565 1034 esse
578 1007 691 1042 positum
709 1006 738 1032 in
757 1005 887 1040 publico:
917 1005 1068 1038 exemplum

0 1060 1 1063 =
21 1041 78 1078 fine
96 1043 167 1070 dubio
180 1045 292 1079 for-mula
311 1041 360 1076 est,
372 1043 420 1079 scd
425 1043 540 1079 formula
553 1043 677 1079 descripta
696 1042 727 1068 ab
740 1051 783 1073 ea,
799 1050 870 1076 quam
884 1039 913 1065 de
925 1040 1012 1066 tabella
1030 1049 1067 1066 re-

27 1081 168 1105 citauerunt
185 1083 212 1105 in
223 1080 370 1104 caerimonia
382 1079 520 1105 deuotionis
532 1077 696 1113 Eumolpidae.
764 1076 845 1102 Ouid.
859 1075 946 1102 Trist.
962 1085 979 1107 1,
993 1078 1019 1107 6,
1032 1084 1067 1109 24

0 1135 1 1145 ,
28 1114 104 1147 Quae
122 1113 253 1148 (carmina
266 1122 318 1139 mea
330 1117 450 1150 inignem
468 1124 483 1140 a
500 1124 536 1141 me
555 1111 689 1147 conieH'a)
708 1112 836 1146 quoniam
854 1120 908 1137 non
922 1111 980 1137 sunt
995 1111 1065 1145 peni·
1083 1117 1114 1143 25
1130 1109 1261 1145 plaribus‚
1283 1109 1310 1135 de
1330 1109 1420 1135 tabulis
1432 1109 1520 1145 piflis.
1578 1111 1678 1136 Plenius
1691 1109 1755 1135 idem
1774 1116 1810 1141 35,
1827 1117 1854 1134 10
1874 1109 1903 1134 de
1920 1111 2053 1137 Timanthe
2063 1112 2173 1146 pitina,

0 1170 1 1174 ,
27 1154 68 1176 tus
81 1148 195 1182 sublata,
211 1147 253 1175 sed
265 1148 379 1182 exstant,
396 1149 518 1176 Pluribus
537 1148 663 1183 exemplis
676 1148 771 1182 scripta
789 1147 865 1174 fuisse
885 1155 953 1174 reor.
990 1145 1068 1181 Apud
1405 1146 1409 1150 ”

26 1183 100 1212 Ictos
118 1185 175 1210 baec
190 1184 355 1220 infrequens
374 1189 440 1211 ratio
457 1184 505 1218 est,
524 1188 565 1211 vti
582 1186 636 1211 viri
654 1193 693 1209 ma
712 1186 739 1209 ni
755 1183 822 1209 nihil
839 1182 909 1208 aliud
921 1181 1066 1218 significare

25 1225 142 1282 {uacarent
159 1219 306 1254 exemplum
316 1240 324 1253 ‚
342 1230 412 1256 quam
426 1220 576 1256 αὐτόγραφον.

46 1263 78 1287 0,
103 1255 224 1289 Exempla
248 1255 482 1282 instrumentorum
502 1256 582 1282 etiam
602 1255 655 1282 fine
679 1253 871 1289 subscriptione
897 1254 997 1279 edentis
1022 1253 1066 1279 edi

374 1292 478 1318 Paullus
496 1291 515 1317 l.
528 1300 544 1318 2
570 1292 602 1317 D.
624 1289 683 1317 eod.
709 1290 735 1316 Si
749 1290 864 1324 legatum
878 1296 994 1323 petatur,
1013 1298 1067 1314 non
1087 1302 1118 1325 30
1130 1288 1305 1324 pluribusque
1318 1288 1390 1314 veris
1405 1287 1518 1314 denariis
1533 1287 1697 1314 adulterinus
1710 1287 1820 1319 emitur,
1839 1293 1868 1313 vt
1880 1294 1963 1322 nempe
1975 1297 2000 1314 eo
2013 1295 2128 1322 utantur,
2140 1290 2175 1316 ad

1130 615 1250 645 inuenio,
1269 624 1302 640 ne
1315 614 1466 647 inscriptam
1482 613 1599 646 quidem,
1615 622 1663 649 pro
1678 615 1786 647 Metello,
1806 614 1848 641 sed
1865 615 2046 650 quamscrt'psit
2059 617 2167 643 Metello.

1129 651 1167 675 De
1186 652 1295 675 oratione
1315 652 1375 676 Iulii
1386 649 1507 683 Caesaris.
1578 649 1615 675 ld.
1632 650 1732 684 Vespas.
1746 652 1793 676 c.6
1816 650 1943 676 laelatum
1961 651 2093 685 exemplar
2112 652 2167 685 epi-

1130 684 1226 716 stolae,
1240 692 1285 710 etc.
1340 685 1371 710 Et
1388 693 1410 710 c.
1421 689 1434 713 8
1461 683 1656 719 Acrearumquc
1668 685 1817 711 tabularum
1833 686 1883 712 tria
1897 686 1992 718 millia,
2011 696 2077 721 quae
2092 686 2168 713 fimul

1131 720 1372 753 conflagrauerant,
1392 719 1550 745 restituenda
1567 720 1690 754 suscepit,
1710 721 1778 747 vnde
1792 721 1955 755 inuestigatis
1967 722 2168 757 exemplaribus.

1129 790 1287 824 exemplaria
1302 791 1400 816 Graeca
1416 789 1556 817 Nocturna
1572 792 1671 817 versate
1692 801 1787 825 mann,
1803 793 1904 819 versate
1925 794 2036 819 dun-na:
2057 793 2105 829 sed
2116 803 2169 820 cum

1129 825 1239 862 respet‘lu
1258 826 1291 852 ad
1309 829 1489 857 imitationem,
1509 836 1579 861 quam
1591 827 1630 861 stc
1647 827 1806 853 commendat.
1857 828 1963 854 Sueton.
1980 830 2080 856 Domit.
2101 838 2122 855 c.
2136 838 2170 856 20

1129 861 1307 888 Bibliothecas
1323 861 1445 887 incendio
1459 861 1589 888 absumtas
1605 862 1783 896 impcnlissime
1801 872 1931 890 renouare
1943 865 2064 897 curauit,
2083 874 2171 891 exem·

1130 897 1248 932 plaribus
1266 897 1383 931 vndique
1407 897 1496 931 petitis
1512 908 1519 927 ς
1549 897 1678 932 missisque
1698 898 1903 931 Alexandriam,
1928 899 1976 933 qui
1994 900 2171 927 describerent

1129 932 1359 967 emendarentque.
1414 934 1493 958 Etiam
1506 934 1547 959 hic
1561 933 1650 968 respici
1659 932 1738 968 potest
1759 934 1792 959 ad
1805 934 1858 965 hoc,
1879 935 1943 969 quod
1951 936 2098 969 petebantur
2111 937 2172 963 libri

1130 968 1299 1004 describendi,
1321 975 1349 994 vt
1367 967 1425 994 adeo
1444 968 1477 993 ad
1491 972 1600 1003 primam
1615 970 1722 994 nominis
1736 968 1808 994 huius
1826 972 1948 995 notionem
1963 971 2072 1005 referri,
2090 978 2113 997 et
2126 973 2172 998 hoc

1122 1004 1208 1040 pqffit.
1405 1000 1425 1041 ff
1447 1012 1465 1036 4
1501 1004 1548 1030 Sed
1560 1005 1611 1030 alia
1623 1007 1696 1029 etiam
1711 1008 1783 1037 opera
1795 1004 1936 1037 artificum,
1956 1007 2171 1042 qiaibusjpecimen

1128 1041 1208 1066 veluti
1221 1038 1264 1074 fiii
1283 1038 1361 1072 dant,
1381 1038 1539 1073 exemplaria
1561 1046 1681 1065 vocantur
1694 1038 1758 1064 Plin.
1774 1046 1808 1070 35,
1827 1046 1858 1072 37
1879 1040 1932 1064 lam
1953 1041 2077 1073 piscantes
2095 1050 2172 1068 aucu-

1130 1081 1287 1109 pantesque‚
1306 1080 1351 1100 aut
1367 1082 1505 1106 venantes,
1523 1081 1567 1101 aut
1581 1075 1660 1100 etiam
1673 1073 1882 1105 vindemiantes,
1901 1075 1959 1100 sunt
1972 1075 2001 1100 in
2017 1076 2072 1102 eius
2086 1086 2173 1104 exem-

1129 1147 1194 1173 Sunt
1207 1152 1232 1172 et
1246 1146 1297 1171 alia
1311 1145 1412 1179 ingenii
1427 1146 1483 1172 eius
1498 1145 1672 1179 exemplaria,
1692 1144 1776 1171 veluti
1789 1144 1903 1179 Cyclops
1921 1144 2056 1172 dormiens
2076 1147 2103 1173 in
2117 1156 2175 1180 par-

1129 1182 1191 1208 vula
1206 1181 1318 1213 tabella,
1342 1188 1387 1206 etc.
1582 1178 1603 1243 P
1625 1189 1638 1213 5
1674 1181 1754 1206 Etiam
1768 1181 1833 1206 alias
1850 1183 1878 1206 in
1884 1179 2069 1216 significatione
2088 1191 2174 1209 exem-

1130 1217 1167 1252 pli
1180 1224 1293 1252 ponitur.
1329 1216 1396 1242 Plin.
1411 1225 1447 1249 33,
1460 1225 1475 1249 9
1495 1223 1558 1243 extr.
1600 1216 1672 1250 gitur
1691 1224 1731 1242 ars
1752 1214 1821 1241 fa&a
1839 1217 1962 1242 denarios
1981 1217 2094 1251 probare
2128 1233 2175 1240 -—-

1129 1254 1159 1280 In
1175 1252 1221 1279 hac
1235 1252 1333 1278 artium
1347 1252 1401 1278 sola
1415 1254 1482 1278 vitia
1495 1251 1644 1283 discuntur,
1663 1256 1688 1277 et
1702 1250 1756 1277 falfi
1772 1251 1874 1277 denarii
1889 1251 2020 1285 speciatur
2033 1254 2176 1288 exemplar,

1129 1326 1191 1351 alios
1206 1323 1315 1359 facilius
1335 1323 1507 1360 agnoscendos.
1565 1324 1606 1350 Sic
1624 1322 1663 1349 Id.
1676 1331 1717 1355 34,
1731 1331 1747 1348 2
1767 1329 1830 1348 extr.
1860 1323 1910 1348 Bos
1928 1332 2019 1349 aereus
2056 1339 2102 1344 —-
2137 1324 2175 1352 est

1130 1361 1239 1386 Romae.
1295 1359 1354 1385 Hoc
1368 1360 1419 1385 erit
1438 1358 1572 1392 exemplar
1586 1358 1734 1393 Aeginetici
1752 1358 1834 1384 aeris:
1856 1358 1958 1385 Deliaci
1972 1365 2059 1386 autem
2072 1360 2176 1395 Iupiter

1131 1396 1159 1422 in
1175 1394 1325 1430 Capitolio,
1345 1402 1390 1421 etc.
1445 1396 1474 1421 fii
1494 1402 1574 1426 33,12
1594 1395 1612 1420 s.
1627 1402 1659 1426 45
1689 1393 1805 1420 Octauio
1825 1394 1914 1428 Equiti
1935 1395 2056 1422 Romano
2075 1402 2176 1423 cratera

1131 1432 1217 1458 facere
1232 1429 1349 1462 volenti,
1370 1430 1505 1464 exemplar
1518 1439 1532 1455 e
1547 1431 1626 1464 gypso
1642 1429 1739 1455 factum
1756 1430 1871 1460 talento,
1891 1430 2015 1466 i.forma.
2064 1433 2175 1468 Denique

1132 1501 1249 1537 plat-ibus
1268 1501 1380 1528 docebo.
1437 1501 1482 1528 Sed
1503 1509 1597 1527 veteres
1619 1500 1719 1536 quidam
1736 1500 1863 1534 exemplis
1881 1500 1971 1527 habent
1984 1512 1991 1526 .·
2021 1503 2095 1530 MSS.
2116 1512 2177 1539 quos

1123 1539 1239 1575 stquitm·
1255 1538 1417 1569 Harduinus,
1437 1545 1451 1562 e
1467 1536 1587 1570 plurilus
1600 1546 1605 1561 ε
1637 1535 1700 1571 quod
1712 1543 1791 1562 ortum
1798 1542 1861 1570 puto
1874 1545 1903 1561 ex
1916 1535 2047 1563 contraHa
2061 1547 2117 1565 voce
2132 1547 2178 1565 ex-

1130 1572 1309 1607 emplaribus,
1330 1582 1425 1607 eamque
1445 1573 1489 1605 ejssc
1507 1576 1654 1608 gem-inam,
1677 1580 1707 1596 ac
1719 1570 1867 1607 significare
1880 1571 2033 1607 specimina,
2060 1575 2176 1608 exempla.

1129 1609 1185 1636 Cic.
1208 1617 1256 1642 pro
1276 1608 1390 1634 Caecina
1410 1613 1441 1637 28
1473 1616 1495 1633 c.
1514 1615 1547 1633 10
1583 1607 1721 1641 Exemplar
1744 1608 1869 1641 antiquae
1888 1607 2028 1640 religionis
2047 1608 2178 1634 Fidicula-

539 1643 560 1682 ἢ
580 1654 603 1671 ιι
636 1645 791 1679 Exemplum
799 1644 950 1680 simpliciter
962 1644 1068 1674 modum,
1084 1647 1188 1677 40nius
1207 1643 1321 1670 Falcula.
1342 1648 1346 1649 ⁷

1165 1686 1183 1706 E
1192 1687 1210 1706 x
1222 1687 1237 1705 Ε
1247 1685 1294 1704 ΜΡ
1304 1685 1320 1704 L
1330 1686 1352 1705 Α
1361 1685 1380 1704 R
1389 1684 1406 1704 E
1416 1697 1424 1710 ‚
1457 1678 1488 1704 is.
1524 1686 1550 1703 n.
1588 1675 1754 1710 [α’ντίτυπον]
1791 1675 1876 1707 Idem,
1893 1673 1944 1709 sed
1958 1678 2134 1710 primitiuum,
2153 1684 2178 1704 et

1129 1715 1195 1741 vnde
1208 1713 1347 1747 Exemplar
1361 1711 1393 1744 ψ
1407 1719 1557 1738 truncatum.
1594 1712 1698 1737 Lucret.
1712 1718 1741 1741 2,
1756 1718 1793 1735 122
1814 1711 1944 1736 Duntaxat
1963 1720 2053 1738 rerum
2073 1722 2180 1747 magna·

1129 1758 1189 1775 rum
1204 1757 1285 1781 parua
1299 1748 1381 1781 potest
1399 1756 1439 1773 res
1475 1745 1630 1779 Exemplarc
1645 1746 1722 1774 dare,
1743 1751 1769 1770 et
1785 1745 1894 1779 vestigia
1912 1746 2029 1772 notitiai.

1166 1789 1183 1808 Ε
1192 1790 1210 1808 x
1219 1789 1235 1808 Ε
1245 1789 1269 1807 Μ
1278 1788 1293 1807 Ρ
1302 1789 1318 1807 L
1328 1789 1347 1807 Α
1357 1788 1375 1807 R
1387 1789 1394 1806 1
1405 1789 1424 1806 v
1434 1788 1457 1807 M
1466 1800 1475 1813 ,
1495 1782 1514 1807 i.
1550 1789 1576 1806 n.
1608 1788 1658 1815 pro
1671 1781 1787 1815 Exemplo
1798 1784 1931 1815 reperitur.
1968 1782 2072 1816 leian.
2093 1782 2120 1809 in
2134 1783 2150 1810 l.
2163 1792 2177 1816 3

1129 1816 1157 1842 in
1171 1815 1215 1841 fin.
1236 1816 1267 1841 D.
1286 1815 1436 1849 quemadm.
1455 1816 1600 1842 testament.
1624 1815 1752 1849 aperiant.
1786 1815 1812 1841 Si
1836 1817 1864 1842 in
1885 1816 1988 1843 duobus
2009 1819 2178 1852 exemplariis

1128 1850 1254 1884 scriptum
1268 1850 1297 1875 fit
1311 1850 1503 1877 testamentum.
1559 1851 1600 1877 Sic
1618 1851 1707 1877 habent
1727 1852 1869 1878 Haloander
1889 1858 1913 1877 et
1925 1851 2064 1879 pandectae
2079 1855 2178 1880 Floren-

1127 1889 1204 1912 tinae.
1277 1885 1439 1919 Exemplarii
1459 1887 1533 1912 causa
1560 1885 1577 1912 l.
1597 1895 1632 1921 47
1665 1887 1697 1912 D.
1721 1885 1752 1911 de
1775 1886 1864 1920 Legat.
1883 1895 1907 1913 2.
1978 1888 2176 1923 Exemplarium

1128 1921 1203 1947 fuisse
1225 1920 1388 1954 perhibetur
1410 1922 1564 1947 cunclarum
1587 1922 1721 1947 Venerum
1743 1922 1843 1947 Arnob.
1858 1924 1874 1948 6
1900 1931 1925 1956 p.
1947 1928 1990 1955 198
2014 1924 2042 1950 de
2063 1926 2176 1960 thfna,

1128 1957 1172 1983 Ne
1186 1956 1258 1982 forte
1273 1956 1305 1981 de
1320 1956 1543 1990 exemplariorum
1557 1956 1670 1982 veritate
1684 1957 1807 1990 causeris,
1820 1957 1884 1991 quia
1898 1957 1950 1983 tibi
1964 1958 2105 1986 stultiffime
2118 1970 2176 1995 per-

1129 1991 1239 2023 suafisti,
1259 1991 1374 2017 Graecos
1387 1991 1490 2017 codices
1503 1992 1551 2017 css'e
1566 1991 1671 2017 falsatos
1686 1992 1797 2018 Hieron.
1810 1993 1869 2019 adu.
1886 1993 1994 2019 Heluid.
2014 2004 2035 2023 c.
2050 2000 2072 2025 8.

1164 2032 1317 2054 ExEMPL
1328 2028 1434 2060 einis,
1462 2035 1484 2054 e.
1520 2026 1581 2052 Adi.
1619 2026 1738 2053 Macrob.
1753 2028 1841 2054 Somn.
1859 2028 1926 2063 Scip.
1947 2037 1973 2061 1,
1993 2034 2007 2059 8
2030 2039 2060 2056 ex
2079 2032 2177 2059 Plotini

1128 2062 1263 2099 disciplina
1275 2068 1389 2096 quatuor
1402 2063 1533 2088 virtutum
1553 2070 1647 2096 genera
1661 2062 1759 2096 refert,
1776 2072 1837 2099 quae
1844 2063 1907 2099 fiint
1921 2065 2061 2099 politicae,
2081 2076 2175 2102 purga.

1128 2098 1230 2130 toriae,
1254 2097 1337 2123 animi
1359 2098 1480 2132 purgati,
1511 2104 1535 2124 ct
1557 2097 1726 2132 exemplares.
1777 2113 1823 2119 —-
1870 2101 1925 2125 Hae
1949 2101 1977 2126 in
2004 2102 2058 2136 ipsa
2082 2102 2176 2131 diuina

1127 2139 1216 2159 mente
1234 2131 1374 2159 consistunt
1409 2148 1455 2152 ——
1490 2141 1504 2158 a
1517 2141 1630 2167 quarum
1650 2133 1772 2167 exemplo
1791 2134 1910 2170 reliquae
1927 2144 2018 2163 omnes
2038 2146 2084 2172 per
2102 2138 2176 2165 ordi-

1127 2178 1187 2195 nem
1203 2168 1330 2194 defluunt.
1380 2169 1448 2194 Hinc
1463 2174 1544 2194 ortum
1563 2168 1678 2201 videtur,
1700 2175 1730 2194 vt
1737 2169 1838 2205 sequior
1857 2177 1927 2197 aetas
1946 2174 2123 2207 exemplarem
2136 2175 2177 2202 vi-

1125 2213 1186 2231 rum
1199 2203 1291 2230 diceret
1300 2223 1308 2236 ‚
1325 2206 1368 2240 qui
1380 2205 1440 2230 aliis
1453 2206 1559 2239 exemplo
1573 2202 1615 2236 este
1622 2201 1711 2239 potest.

1162 2246 1179 2266 E
1189 2248 1206 2267 x
1216 2246 1233 2265 Ε
1241 2246 1265 2265 Μ
1274 2246 1288 2265 P
1297 2247 1313 2265 L
1323 2246 1342 2266 ο
1352 2259 1361 2272 ,
1383 2243 1436 2267 Ere.
1471 2239 1584 2265 Librum
1600 2239 1748 2274 exemplare
1763 2240 1854 2267 Ruric.
1867 2241 1913 2276 Ep.
1926 2251 1948 2276 ι,
1959 2247 1981 2273 8.
2001 2245 2021 2271 i.
2030 2242 2175 2280 defi-ribert-

1125 2276 1185 2303 Vet.
1198 2275 1278 2301 Gloss'.
1298 2274 1439 2309 Exemplo,
1458 2274 1608 2309 οἶντιγρᾶφω.
1681 2297 1684 2299 .

1163 2317 1233 2338 EXE
1243 2317 1442 2343 MPLATvs,
1463 2319 1488 2342 a,
1508 2319 1563 2337 um.
1599 2310 1692 2337 Partic.
1728 2309 1848 2338 Libellus
1868 2312 1958 2339 Sidon.
1971 2314 2017 2349 Ep.
2032 2325 2066 2349 4,
2081 2317 2118 2343 16.

1124 2389 1141 2410 E
1150 2390 1169 2410 X
1178 2390 1187 2409 1
1196 2389 1221 2408 M
1231 2388 1262 2409 O.

1162 2425 1179 2445 E
1190 2425 1209 2444 x
1221 2424 1269 2460 1sz
1280 2423 1303 2444 Τ
1312 2415 1332 2460 ’ἓ
1341 2423 1359 2443 R
1370 2423 1390 2444 0
1398 2437 1407 2450 ‚
1428 2420 1480 2443 are.
1518 2415 1688 2452 [ἓξεντερίζω]
1724 2419 1851 2445 Interiora
1864 2419 1980 2455 auferre,
1999 2421 2064 2456 quod
2072 2425 2175 2457 proprie

1125 2453 1154 2480 de
1164 2453 1277 2489 piscibus
1289 2453 1399 2493 dicitur,
1418 2461 1490 2488 quum
1508 2459 1682 2487 apparantur,
1698 2453 1746 2489 scd
1763 2454 1792 2479 de
1810 2456 1870 2480 aliis
1889 2459 1970 2481 etiam.
2012 2456 2102 2483 lustin.
2119 2466 2138 2489 ι,
2150 2465 2175 2490 5,

1126 2498 1154 2516 ιο
1173 2489 1289 2524 Epistola
1302 2497 1365 2523 quia
1379 2487 1464 2523 palam
1478 2488 1546 2515 ferri
1559 2489 1703 2522 nequibat,
1723 2495 1875 2515 exenterato
1887 2490 1973 2524 lepori
1986 2490 2122 2524 inseritur,
2137 2492 2173 2519 le-

1125 2560 1186 2588 thae
1202 2560 1280 2587 ficcae
1298 2566 1447 2586 exenterata
1460 2559 1534 2592 Apic.
1549 2566 1576 2592 7,
1589 2567 1601 2590 5
1623 2558 1724 2584 uidetur
1739 2558 1782 2591 effe
1799 2562 1890 2585 cortice
1897 2560 1943 2595 fi¹⁰
1954 2564 2068 2595 priuata.
2125 2565 2173 2590 Per

1122 2597 1314 2622 translationem
1327 2595 1395 2620 dixit
1408 2594 1488 2619 Plaut.
1502 2593 1577 2627 Epid.
1594 2601 1672 2624 2,2,2
1693 2594 1806 2619 Acutum
1820 2594 1932 2621 cultrum
1948 2595 2042 2626 habeo,
2056 2599 2102 2632 qui
2116 2599 2173 2626 seni

1124 2636 1287 2657 extenterem
1301 2629 1473 2663 marsupium.
1568 2629 1737 2655 Exenterauit
1755 2629 1823 2655 mihi
1841 2639 1903 2664 opes
1922 2633 2081 2665 argentarias
2097 2634 2172 2661 Idem

1126 2664 1200 2704 Epid.
1222 2672 1249 2697 5,
1269 2672 1297 2694 2,
1316 2671 1342 2698 7.
1446 2663 1592 2690 Exenteror
1611 2663 1705 2696 miser,
1731 2664 1756 2691 h.
1770 2674 1790 2690 e.
1813 2674 1892 2702 angor
1907 2673 1931 2692 et
1948 2672 2077 2695 excrucior
2086 2669 2171 2697 Plaut.

1160 2742 1177 2762 Ε
1189 2742 1207 2762 Χ
1218 2740 1234 2760 Ε
1246 2740 1284 2766 o,
1302 2735 1339 2767 is,
1358 2731 1413 2765 fui,
1434 2733 1516 2764 itum,
1536 2735 1584 2760 ire.
1605 2733 1715 2770 [ἔξειμι,
1729 2734 1872 2769 ἐξέρχομαι,
1890 2736 2067 2773 ἒκπορεύομαι]
2087 2742 2125 2767 Ae
2143 2750 2172 2768 ue

19 2781 77 2802 tum
93 2775 226 2809 exemplar
240 2775 363 2809 imaginis
376 2772 531 2800 similitudo.
585 2773 648 2800 Sunt
664 2780 721 2808 ergo
734 2772 814 2798 relata
827 2773 918 2805 Imago
937 2777 960 2796 et
971 2771 1063 2796 Exem-
1124 2771 1175 2798 late
1185 2776 1274 2805 patet,
1293 2779 1323 2797 ac
1334 2768 1440 2804 simplex
1459 2770 1517 2802 Ire,
1538 2772 1578 2795 cui
1597 2769 1747 2803 Praepositio
1761 2771 1824 2805 Jisas
1842 2775 1952 2798 notiones
1970 2774 2049 2801 addit.
2135 2785 2172 2804 er.

20 2811 85 2846 plar.
122 2810 195 2845 Conf.
217 2817 253 2836 1D
263 2818 309 2837 ΕΑ
328 2819 357 2836 ex
371 2810 427 2838 Sen.
440 2808 518 2843 Epist.
541 2813 569 2841 58
588 2807 652 2834 med.
721 2807 787 2834 Plin.
801 2808 829 2834 in
842 2807 935 2840 Paneg.
945 2811 972 2839 58
995 2806 1062 2832 Non
1125 2805 1237 2840 Adelph.
1248 2814 1277 2839 4,
1286 2814 1314 2839 4,
1327 2813 1356 2840 ¹7
1376 2804 1449 2831 Fieri
1465 2804 1534 2838 potis
1549 2804 1600 2836 est,
1620 2810 1648 2830 vt
1661 2814 1693 2830 ne
1707 2814 1758 2839 qua
1771 2813 1855 2832 exeat.
1926 2808 2014 2835 Domo
2028 2811 2101 2838 exire
2115 2812 2172 2839 Cic.

2 2848 6 2853 ”
21 2853 46 2874 te
61 2846 93 2873 ad
105 2845 239 2880 exemplar
252 2847 309 2872 eius
322 2854 407 2878 voco,
426 2846 473 2880 qui
486 2843 618 2871 continuis
633 2843 819 2870 Consulatibus
837 2842 935 2869 fecerat
953 2841 1063 2875 longum
1126 2842 1198 2868 Fam.
1215 2850 1240 2873 1,
1259 2849 1285 2874 9.
1393 2841 1474 2866 Foras
1492 2840 1574 2866 Plaut.
1595 2840 1691 2875 Amph.
1706 2849 1726 2873 1,
1741 2849 1764 2871 2,
1779 2849 1820 2876 75.
1891 2842 1959 2870 Ter.
1978 2846 2042 2871 Eun.
2062 2855 2090 2879 4,
2112 2856 2139 2880 4,
2161 2856 2172 2874 1

21 2881 152 2917 quendam
166 2888 192 2908 et
206 2881 258 2907 fine
272 2881 426 2908 discrimine
440 2889 555 2908 annum:
582 2880 615 2906 iis
633 2884 660 2906 te
672 2878 800 2911 confero,
820 2886 887 2913 quos
900 2883 1001 2904 certum
1016 2875 1061 2908 est,
1079 2888 1112 2916 75
1128 2877 1176 2903 Exi
1196 2877 1267 2903 foras
1288 2875 1400 2903 sceleste.
1486 2876 1565 2902 Foras
1587 2884 1618 2901 ex
1638 2876 1747 2902 aedibus
1768 2877 1873 2904 Lucret.
1890 2886 1913 2911 3,
1936 2887 2007 2915 1073.
2077 2883 2173 2910 Limen

4 2938 5 2941 .
22 2918 125 2953 quoties
139 2917 265 2944 Consules
285 2917 411 2949 fuerunt,
431 2926 485 2943 non
504 2915 553 2942 fibi
571 2914 729 2950 praestitisse.
799 2914 893 2941 Horat.
908 2912 987 2947 Epist.
1001 2920 1027 2944 2,
1043 2920 1063 2942 1,

0 2976 1 2981 ,
23 2958 52 2986 58
72 2953 177 2985 Plautus
194 2953 225 2979 ad
240 2953 373 2987 exemplar
386 2952 467 2979 Siculi
485 2959 626 2987 properare
640 2949 801 2985 Epicharmi.
870 2947 944 2976 Idem
958 2948 986 2974 in
999 2948 1063 2974 Arte

24 2989 95 3014 Poet.
107 2997 151 3023 317
170 2989 307 3023 Respicere
321 2987 454 3023 exemplar
467 2987 544 3014 Vitae
558 2995 663 3014 morum
684 2994 716 3012 ue
729 2984 831 3012 iubebo
869 2984 985 3011 Doctum
1001 2983 1062 3010 imi-

24 3028 152 3056 tatorem,
171 3030 197 3051 et
216 3033 289 3051 veras
308 3024 369 3051 hinc
386 3025 481 3051 ducere
495 3032 582 3050 voces.
693 3030 733 3048 en.
747 3022 826 3048 Herc.
843 3021 902 3047 Oet.
923 3026 977 3053 1853
1006 3020 1063 3046 Ma-

25 3057 110 3085 tribus
122 3056 222 3086 miseris
235 3059 320 3087 adhuc
332 3059 466 3094 exemplar
478 3061 572 3094 Ingens
584 3058 683 3091 deerat,
696 3057 820 3084 Alcmene
833 3055 915 3084 dabit.
950 3055 1063 3082 Illorum
1079 3063 1111 3089 30
1127 3056 1241 3083 Minime
1253 3055 1369 3086 mirum,
1387 3054 1491 3093 inquit,
1510 3054 1595 3081 Modo
1611 3057 1682 3081 enim
1703 3054 1781 3081 existi
1799 3056 1831 3082 de
1846 3056 1956 3083 Balneis.
1994 3060 2035 3084 Ita
2054 3060 2171 3087 venditas

1125 2913 1194 2940 Ter.
1210 2913 1274 2939 Hec.
1289 2920 1347 2944 3,3‚
1362 2916 1395 2942 18.
1466 2910 1545 2938 Exire
1564 2912 1647 2938 Roma
1670 2912 1726 2939 Cic.
1741 2912 1794 2939 Att.
1816 2921 1841 2946 1,
1860 2922 1879 2940 1.
1931 2916 1972 2942 Sic
1991 2917 2069 2943 Exire
2092 2920 2173 2952 cauis,

1123 2955 1170 2985 pro
1186 2949 1207 2974 E
1219 2951 1289 2975 cauis
1303 2948 1369 2973 Plin.
1385 2955 1463 2980 11,25.
1535 2947 1557 2973 A
1572 2947 1656 2981 patria
1670 2948 1726 2974 Cic.
1742 2948 1769 2974 in
1783 2949 1868 2976 Pison.
1880 2958 1918 2982 33.
1988 2952 2172 2981 Plaut.B,-1cch,

1125 2994 1154 3018 4,
1168 2986 1194 3017 6,
1209 2993 1244 3018 24
1264 2984 1343 3010 Mane
1357 2992 1505 3017 parumper,
1524 2982 1588 3009 dum
1600 2983 1653 3009 iam
1667 2984 1699 3009 ad
1712 2990 1737 3010 te
1752 2993 1817 3010 exeo
1833 2984 1966 3018 Chrysale.
2070 2990 2126 3016 Cic.
2139 2990 2173 3017 de

1126 3021 1201 3047 Orat.
1216 3029 1241 3052 2,
1254 3028 1300 3051 223
1326 3028 1347 3045 c.
1363 3027 1390 3052 55
1416 3020 1485 3045 Cum
1497 3018 1544 3044 ille
1563 3019 1705 3055 (Brutus)
1725 3019 1839 3053 diceret,
1858 3021 1884 3047 se
1903 3021 1955 3047 fine
1976 3024 2049 3049 causa
2065 3024 2172 3053 sudare:

27 3093 100 3120 velut
113 3094 146 3120 ad
159 3095 288 3131 exemplar
301 3096 431 3131 principes
446 3096 551 3129 exigere
565 3095 671 3121 Sueton.
684 3095 751 3128 Aug.
764 3102 786 3120 c.
795 3101 826 3119 ⁸1.
898 3092 1005 3126 Decipit
1019 3100 1063 3117 ex·
1126 3094 1148 3118 ei
1161 3091 1260 3118 balneas
1274 3091 1362 3117 obiicit
1375 3089 1482 3123 Crustas.
1576 3090 1649 3117 Idem
1663 3090 1694 3117 de
1707 3091 1781 3117 Orat.
1795 3100 1818 3124 2,
1833 3094 1877 3123 263
1898 3101 1919 3118 c.
1934 3094 1965 3125 65
1986 3094 2101 3126 Quando
2115 3102 2170 3122 tan.

28 3128 128 3168 emplar
149 3130 222 3157 vitiis
246 3131 376 3159 imitabile
395 3133 463 3158 Hor.
483 3130 561 3166 Epist.
575 3139 601 3165 1,
622 3139 663 3162 20,
685 3136 722 3164 17.
791 3110 907 3155 §endere
923 3128 956 3154 ab
976 3135 1063 3153 exem·
1126 3127 1202 3159 dem,
1221 3126 1322 3158 Galba,
1339 3125 1372 3152 de
1385 3125 1506 3152 triclinio
1520 3130 1568 3152 tuo
1581 3125 1688 3153 exibis?
1712 3127 1780 3153 Cum
1799 3133 1844 3159 tu,
1867 3127 1973 3162 inquit,
1993 3128 2025 3155 de
2045 3130 2170 3158 cubiculo

28 3164 97 3199 plari
115 3164 172 3191 Sen.
186 3165 229 3199 Ep.
242 3175 278 3199 33.
346 3169 414 3195 Hor.
427 3166 507 3202 Epist.
522 3175 542 3199 1,
554 3175 581 3198 2,
594 3171 620 3196 18
644 3166 741 3192 Rursus
757 3164 822 3199 quid
836 3164 939 3196 virtus,
959 3170 985 3190 et
998 3162 1064 3197 quid
1126 3163 1225 3189 alieno.
1298 3161 1355 3188 Cic.
1369 3162 1446 3188 Verr.
1463 3170 1484 3194 5,
1501 3169 1531 3196 ’γι
1556 3162 1695 3197 Postquam
1714 3171 1728 3188 e
1741 3163 1821 3188 Portu
1840 3162 1940 3196 piratae
1961 3173 2015 3190 non
2032 3172 2103 3192 metu
2123 3167 2170 3193 ali-

28 3199 154 3239 sapientia
172 3200 257 3234 possit,
294 3203 367 3230 Vtile
384 3203 526 3238 Proposuit
545 3201 623 3228 nobis
642 3200 776 3236 exemplar
795 3200 919 3232 Vlyss‘em.
995 3198 1062 3225 Plin.

0 3263 1 3271 ἵ
27 3234 106 3269 Epist.
120 3236 147 3267 6,
161 3243 182 3262 ιι
205 3236 276 3269 Qud
289 3238 356 3265 mihi
368 3239 499 3274 optatius,
515 3247 595 3273 quam
607 3246 650 3264 me
668 3236 700 3263 ad
714 3236 786 3263 reela
803 3234 974 3263 tendentibus
991 3233 1063 3270 quasi
1080 3240 1110 3270 ες
1126 3234 1178 3267 est,
1198 3234 1272 3261 exire
1291 3241 1323 3259 ex
1337 3232 1410 3259 Vrbe
1422 3233 1511 3268 prius,
1531 3242 1610 3268 quam
1628 3232 1738 3260 lucescat
1757 3233 1830 3260 volo.
1900 3235 1956 3261 Cic.
1972 3236 2042 3262 Fam.
2055 3245 2089 3269 4,
2102 3246 2118 3269 9
2142 3238 2171 3264 Si

27 3269 161 3305 exemplar
173 3271 220 3297 esse
232 3272 400 3307 Propositum.

27 3307 68 3333 tio
85 3306 138 3332 fuit
150 3305 218 3332 mihi
230 3309 357 3343 exemplar
369 3310 437 3338 bene
449 3309 564 3337 dicendi.

454 3274 584 3301 Laudatur
598 3273 699 3301 eie.de
711 3272 785 3299 Orat.
817 3291 824 3298 .
856 3291 863 3298 .
900 3290 907 3298 .
944 3270 992 3297 Illa
1005 3278 1064 3296 ora-

672 3307 803 3342 Qiinffil.
818 3316 856 3340 10,
870 3315 890 3339 1,
906 3311 938 3339 89
963 3307 1063 3333 Corne-

27 3342 80 3369 lius
94 3348 181 3368 autem
195 3341 303 3368 Seuerus
314 3345 392 3372 etiam
405 3346 422 3373 fl
435 3345 605 3376 versificator,
624 3353 705 3379 quam
717 3344 796 3371 Poeta
807 3343 918 3370 melior:
942 3341 960 3368 fi
975 3347 1064 3368 tamen

26 3380 75 3410 (vt
87 3377 123 3403 est
137 3376 256 3408 dictum)
269 3377 301 3403 ad
312 3381 442 3416 exemplar
453 3381 536 3417 primi
549 3380 615 3407 libri
625 3380 726 3407 bellum
740 3379 857 3406 Siculum
872 3376 1062 3413 perscripsisset,

1126 3208 1180 3234 quo
1194 3196 1301 3230 affecti,
1321 3196 1364 3223 sed
1377 3197 1493 3224 satietate
1508 3197 1634 3224 exierant.
1705 3197 1787 3224 Plaut.
1801 3198 1897 3232 Amph.
1914 3207 1923 3224 1
1934 3219 1942 3231 ‚
1958 3208 1981 3232 3,
1996 3208 2023 3232 ὃς
2048 3201 2170 3237 Tempus

1126 3279 1207 3305 quem
1220 3276 1327 3296 tuorum
1342 3267 1462 3295 fidelium
1475 3268 1563 3300 voleS,
1579 3268 1611 3295 ad
1625 3277 1667 3295 me
1680 3270 1785 3302 mittas,
1800 3278 1833 3296 ne
1846 3275 1891 3296 aut
1904 3270 1955 3296 tibi
1969 3271 2042 3297 exire
2057 3281 2088 3297 ex
2097 3273 2170 3300 Vrbe

1127 3306 1224 3332 necesse
1237 3305 1284 3338 fit,
1299 3310 1344 3332 aut
1356 3303 1426 3330 mihi
1439 3304 1571 3331 accedere.
1606 3304 1675 3330 Add.
1689 3314 1718 3338 4,
1733 3314 1743 3332 1
1762 3312 1827 3332 extr.
1887 3306 1919 3332 In
1933 3305 2102 3335 solitudinem
2114 3309 2170 3337 Cic.

1126 3341 1182 3369 Off:
1194 3350 1214 3375 1,
1229 3346 1276 3372 118.
1348 3340 1446 3366 Lucan.
1461 3349 1481 3372 1,
1496 3348 1540 3366 212
1557 3339 1586 3365 de
1599 3341 1673 3371 leone,

1311 3376 1401 3402 ,Tum
1420 3382 1489 3402 torta
1509 3375 1576 3401 leuis
1599 3375 1616 3401 fi
1637 3375 1724 3402 lancea
1742 3376 1830 3402 Mauri

27 3412 175 3440 vindicaret
187 3411 236 3438 fibi
250 3413 386 3442 secundum
395 3417 493 3444 locum.
535 3418 615 3443 Etiam
627 3416 656 3442 de
664 3416 782 3452 scripffs,
795 3417 823 3441 in
834 3421 952 3450 quantum
959 3414 1061 3450 scripta
1072 3420 1109 3446 90
1321 3412 1452 3444 Haereat,
1471 3417 1516 3438 aut
1536 3410 1620 3438 latum
1639 3411 1748 3438 subeant
1768 3410 1895 3437 venabula
1910 3410 2016 3446 pe6lus,

0 3480 3 3487 Ι
22 3448 100 3485 fiant,
113 3447 152 3489 ſjc
165 3450 296 3488 accipitur·
348 3451 451 3486 leian.
469 3453 487 3481 1.
501 3462 511 3480 1
535 3451 559 3486 6.
573 3460 586 3485 5
615 3452 648 3478 D.
661 3452 694 3478 de
705 3451 800 3478 bonor.
814 3450 910 3485 poss'els.
924 3450 972 3475 sec.
987 3449 1062 3475 tabu-
1322 3448 1370 3474 Per
1387 3447 1489 3474 ferrum
1510 3447 1577 3473 tanti
1596 3447 1701 3473 securus
1721 3447 1837 3473 vulneris
1858 3446 1920 3472 exit.

0 3489 7 3523 J
22 3483 81 3518 jas,
106 3484 132 3510 81
153 3492 212 3523 quis
230 3492 260 3509 in
281 3482 382 3511 duobus
401 3484 592 3523 exemplaribus
611 3487 705 3514 fecerit
723 3486 925 3517 testamentum,
946 3490 972 3511 et
989 3483 1063 3513 aliud
1125 3482 1204 3510 Exire
1225 3482 1371 3516 continuo,
1400 3483 1454 3509 vid.
1474 3489 1728 3510 CONTIvas.
1798 3483 1870 3508 Intus
1890 3482 1945 3508 exit
1963 3483 2046 3510 Plaut.
2061 3485 2120 3512 Mil.
2134 3494 2170 3520 4,

0 3524 5 3539 ³
30 3519 125 3552 exstet,
145 3518 218 3546 allud
230 3527 284 3545 non
299 3519 393 3553 exstet,
408 3522 510 3550 tabulae
522 3524 620 3550 exstare
633 3523 774 3554 videntur,
794 3521 903 3556 petique
918 3520 1000 3555 potest
1014 3520 1062 3547 bo·
1125 3528 1154 3552 4,
1172 3527 1206 3551 33·
1249 3517 1308 3545 Vid.
1327 3527 1336 3545 1
1346 3527 1367 3545 N
1378 3526 1400 3545 T
1410 3525 1430 3544 ν
1443 3526 1466 3545 s.
1564 3519 1625 3545 Stat.
1639 3517 1730 3545 Theb.
1746 3526 1777 3549 2,
1792 3519 1837 3548 638
1868 3518 1928 3544 Exit
1948 3525 1974 3545 et
1989 3519 2017 3546 in
2039 3520 2150 3549 fratrem
2160 3542 2171 3555 ,

0 3560 3 3575 ι
31 3563 125 3581 norum
141 3554 263 3590 poss'effio.
321 3556 383 3581 Nem
400 3565 411 3582 e
429 3564 555 3596 vtrumque
568 3559 653 3586 horum
673 3557 865 3592 exemplarium
885 3554 919 3590 est
939 3556 1064 3583 authenti·
1128 3559 1291 3589 cognataque
1317 3554 1423 3589 pectora
1448 3554 1502 3581 telo
1549 3555 1681 3581 Conserit.
1776 3553 1806 3578 In
1827 3552 1929 3585 aciem,
1960 3555 2014 3582 vid,
2040 3563 2170 3585 ACIES.

31 3598 91 3632 cum.
235 3623 242 3628 ·
286 3586 307 3627 ff
328 3599 344 3616 2
396 3591 425 3617 ed
437 3596 509 3620 etiam
521 3594 672 3630 ἀντίγραφον,
686 3593 844 3630 descriptum,
864 3590 995 3627 depiHum,
1009 3593 1064 3617 imi·
1080 3602 1112 3628 95
1126 3587 1147 3625 q
1168 3598 1183 3616 2
1222 3591 1349 3616 Formulae
1369 3590 1454 3616 ordine
1475 3587 1685 3622 Sulstantiuorum
1702 3586 1851 3622 dispositae:
1889 3589 1957 3615 Aere
1976 3591 2080 3624 alieno,
2105 3593 2130 3621 b,
2149 3603 2169 3621 e.

31 3631 122 3652 tattone
142 3623 274 3666 expreffzcm
294 3625 406 3660 aliquid,
422 3627 505 3662 Copia
516 3631 589 3667 vulgo
608 3628 694 3663 dista,
716 3629 854 3663 Exemplar
872 3637 920 3654 non
938 3635 1065 3662 nunquam
1127 3626 1244 3652 Liberari
1256 3625 1313 3651 Cic.
1328 3625 1441 3660 Philipp.
1456 3633 1490 3658 ιι,
1505 3634 1529 3657 13
1552 3634 1572 3651 c.
1586 3627 1603 3651 6
1628 3625 1652 3651 O
1665 3623 1800 3649 hominem
1815 3622 1974 3658 ridiculum,
1995 3627 2041 3661 qui
2058 3629 2083 3654 se
2096 3628 2171 3656 exire

0 3666 9 3673 ”
31 3667 141 3688 ”Omm-
199 3661 265 3687 Plffl-
285 3660 362 3695 F-Plst·
382 3669 425 3694 ¹0,
444 3669 491 3696 73,
508 3673 526 3697 4
556 3665 694 3700 Exemplar
713 3664 878 3696 testamenti,
905 3670 1064 3698 quamquam
1127 3669 1188 3687 aere
1207 3660 1297 3686 alieno
1316 3668 1420 3695 putaret
1442 3662 1527 3696 posse,
1553 3669 1634 3694 quum
1656 3658 1781 3684 venderet
1804 3659 1898 3686 aliena.
1972 3662 2109 3690 Ciceronis
2127 3663 2171 3697 effi

0 3704 1 3707 ¹
33 3696 183 3736 mendosum
191 3716 209 3737 ,-
221 3696 278 3737 misi
294 3696 354 3723 tibi.
425 3697 496 3723 Idem
509 3699 553 3733 Ep.
574 3710 608 3734 4,
625 3709 659 3736 7,
674 3709 690 3727 2
718 3700 848 3732 Librum,
868 3697 1066 3731 transscriptum
1128 3695 1242 3728 dicitur,
1267 3697 1302 3722 Vt
1315 3697 1420 3723 tandem
1439 3707 1453 3723 e
1473 3703 1513 3723 tot
1534 3695 1647 3721 miseriis
1665 3700 1743 3728 atque
1758 3695 1898 3722 Aerumnis
1917 3697 2057 3724 exiremus.
2128 3700 2170 3726 Ab

33 3738 60 3757 m
70 3733 228 3773 exemplaria
240 3732 314 3759 nulle
333 3741 378 3767 per
391 3738 474 3758 totam
486 3734 588 3762 Italiam
618 3736 803 3770 rouinciasque
817 3734 925 3761 dimisit.
962 3733 1066 3759 Asinius
1129 3730 1299 3771 Amplexibus
1313 3732 1424 3759 alicuius
1438 3730 1596 3759 Stat.Theb.
1611 3738 1643 3761 11,
1656 3732 1706 3762 353.
1777 3730 1832 3756 Cic.
1853 3730 1885 3757 de
1899 3732 1996 3759 Natus.
2010 3734 2089 3761 Deor.
2103 3743 2131 3767 3,
2153 3742 2171 3768 7

35 3765 116 3794 Pollio
134 3768 167 3793 ad
179 3768 236 3795 Cic.
250 3768 319 3795 Fam.
336 3777 374 3801 10,
388 3777 412 3800 31
434 3775 498 3794 extr.
523 3768 590 3796 Dein
610 3781 623 3797 e
641 3780 672 3798 ex
686 3771 787 3805 literis,
806 3780 869 3807 quas
883 3770 977 3796 Pansae
996 3768 1064 3801 min,
1074 3766 1199 3794 100M1h1
1220 3765 1328 3801 quidem
1350 3776 1381 3794 ex
1400 3769 1497 3794 Animo
1517 3767 1590 3791 exire
1605 3774 1658 3791 non
1678 3765 1760 3799 potest
1771 3767 1820 3792 effe
1833 3766 1905 3793 deos.
1939 3771 1982 3795 A.'.
1995 3770 2086 3796 Exuri.
2107 3780 2130 3795 v.
2144 3779 2169 3796 v.

14 3825 16 3847 y
36 3803 165 3843 cognosces
179 3804 279 3830 omnia.
316 3813 376 3830 nam
390 3803 442 3844 tibi
455 3812 546 3829 earum
559 3807 690 3840 exemplar
701 3807 768 3834 misi.
863 3805 919 3833 cic.
934 3805 987 3831 Att.
1003 3813 1037 3837 4,
1052 3811 1064 3837 5
1128 3801 1210 3829 Plaut.
1225 3804 1307 3829 Merc.
1321 3804 1387 3838 prol.
1400 3813 1436 3836 40
1462 3801 1596 3835 Principio
1619 3807 1699 3836 atque
1720 3801 1830 3828 Animus
1851 3802 1959 3837 ephebis
1982 3812 2065 3831 aetate
2088 3805 2170 3837 exiit,

14 3841 73 3874 ῑΡν.
102 3837 151 3864 Am
169 3840 223 3866 tu}
250 3848 282 3865 an
301 3849 343 3866 me
364 3840 496 3866 exsshmas
519 3838 552 3865 ab
569 3839 633 3866 vllo¹
645 3842 721 3869 malle
740 3851 798 3869 mea
818 3842 870 3876 legi
892 3841 1065 3876 probarique,
1128 3844 1207 3872 atque
1220 3838 1329 3865 Animus
1342 3838 1429 3865 studio
1444 3844 1544 3863 amotus
1559 3836 1656 3870 puerili
1672 3836 1709 3863 est
1722 3846 1805 3863 meus.
1902 3840 1991 3865 Annus
2010 3841 2065 3865 exit
2084 3840 2168 3866 Afric.

14 3879 16 3918 s
36 3878 112 3904 quam
128 3882 142 3900 a
161 3876 208 3901 te?
240 3875 295 3902 Cur
313 3875 397 3907 igitur
422 3875 546 3910 cuiquam
567 3875 624 3900 mifi
644 3877 738 3909 prius?
772 3877 892 3912 Vrgebar
910 3876 944 3903 ab
963 3885 1012 3908 eo,
1031 3874 1064 3902 ad
1128 3873 1144 3900 l.
1161 3874 1191 3899 Et
1204 3872 1267 3899 haec
1280 3873 1415 3901 distinctio
1438 3872 1464 3898 ff.
1485 3873 1586 3898 Locati.
1657 3872 1745 3899 Arbor
1758 3874 1833 3899 exire
1851 3874 1945 3901 dicitur
1960 3875 1987 3900 in
2000 3875 2168 3901 altitudinem

34 3914 109 3947 quqm
126 3909 180 3949 niifi
193 3930 201 3942 ,
221 3918 247 3937 et
266 3919 319 3937 non
327 3906 466 3938 ‘habebam
480 3909 612 3950 exemplar
626 3919 632 3935 :
658 3911 727 3937 aliud
742 3920 837 3948 nempe,
857 3914 932 3939 alium
951 3912 1065 3938 codicem.
1127 3909 1192 3936 Plin.
1207 3917 1242 3942 13,
1254 3918 1281 3941 4.
1378 3908 1447 3935 Exiit
1461 3906 1493 3933 ad
1507 3908 1606 3934 caelum
1624 3909 1705 3935 ramis
1722 3909 1846 3935 felicibus
1860 3910 1945 3936 Arbos
1958 3910 2053 3943 Virgil.
2067 3910 2167 3944 Georg.

33 3941 159 3977 Qmffil.
175 3953 206 3975 11,
222 3955 242 3978 3,
255 3949 288 3973 62
307 3947 335 3973 de
348 3957 422 3981 voce,
438 3947 480 3974 Est
491 3955 563 3973 enim
575 3945 671 3972 mentis
685 3945 779 3980 index,
799 3954 825 3975 et
835 3948 909 3975 velut
922 3947 1152 3987 exeniplar,1052,
1167 3950 1203 3975 81.
1259 3944 1291 3971 Ec
1303 3944 1370 3981 apud
1382 3945 1446 3971 Plin.
1460 3952 1499 3976 14,
1514 3951 1524 3970 1
1543 3944 1622 3972 Exire
1635 3943 1669 3971 ad
1681 3944 1847 3980 praecipuam
1855 3944 2038 3972 Altitudinem.
2100 3946 2167 3972 Aula

182 3986 267 4008 voi..
304 3983 338 4009 11.
1118 4022 1120 4039 ³
1434 3979 1452 4004 P
1473 3988 1488 4013 p
1508 3987 1526 4014 p
2091 3981 2166 4008 exeat
