2479 4225
26 222 87 266 325'
383 212 416 252 E
505 213 662 253 GE

28 309 52 330 et
61 301 155 330 Verba.-
185 301 259 330 Acris
278 300 382 328 Lucret.
396 310 419 334 3,
433 303 473 334 65.
491 301 543 328 vid.
570 309 620 329 Ac
630 310 647 330 E
657 308 688 329 R.
756 299 877 328 Crudelis
896 300 984 327 Valer.
1006 301 1055 327 Ar-

28 347 86 373 gon.
101 346 128 371 4,
140 344 197 370 459.
266 337 330 363 Dira
348 338 439 363 quen.
452 338 501 363 Sat.
516 345 551 370 ις,
565 340 608 370 96.
677 335 774 363 Feralis
793 335 884 362 Claud.
894 336 971 369 Epist.
987 344 1053 368 ¹³23-

28 375 122 401 Lucan.
141 381 163 404 3,
183 379 225 404 152
259 372 323 398 Non
341 372 406 403 libi,
434 372 476 399 sed
491 373 584 399 Grauis
597 373 633 399 est
646 371 755 398 domino
770 378 837 404 quae
855 371 935 397 seruit
949 371 1053 405 egestas-

26 407 121 436 lnfelix
139 407 230 433 Claud.
244 407 273 433 in
286 407 355 434 Ruff.
370 416 390 441 1,
403 410 441 439 36.
508 408 642 443 Ingeniosa
653 414 741 433 rerum
768 405 840 432 Idem
856 405 888 432 de
902 407 976 440 Rapt.
992 408 1054 433 Pro-

28 444 92 478 serp.
105 451 127 475 3,
140 451 174 474 3¹·
245 443 368 470 Mortalis
392 443 466 477 Virg.
480 444 576 478 Georg.
595 452 618 476 3,
629 450 682 474 319.
711 475 716 480 ι
740 475 745 480 ⁴

30 488 65 512 13,
77 483 126 511 585.
196 478 269 512 Virg.
283 479 312 505 in
327 479 408 505 Aetna
423 488 447 505 v.
462 487 511 513 370
537 480 599 506 Non
612 477 648 504 est
661 476 760 515 diuinus
779 482 831 516 tam
852 476 962 504 Sordida
976 477 1056 504 rebus

27 513 128 577 2⁸52}ssss
138 513 546 584 ...uuizffisscii‘zssssfilkstff
555 522 611 579 ἔς.
651 511 982 581 ΤἏῖξίἒῖωέιὲξὲιῗξέἐὴῗξ
997 514 1056 574 ²232}

26 589 82 612 AM
92 589 102 609 1
112 588 201 610 TTQ.
273 584 373 617 Degere
385 585 467 611 vitam
487 586 515 611 in
525 582 634 618 egestate
671 581 726 607 Cic.
741 590 790 615 pro
805 582 880 609 Rosc.
895 584 984 610 Amer.
1006 591 1055 616 144

26 627 48 646 c·
121 627 153 644 171.

24 617 163 690 peginjiiun
174 663 228 681 non
240 654 357 688 habetis,
377 662 422 682 etc.
491 655 522 680 Et
533 652 646 686 Philipp.
659 660 698 684 14,
712 661 739 678 io
751 661 772 678 c.
786 662 804 685 4
822 653 849 680 Si
861 662 925 680 vero
940 654 1056 680 colonia-

25 698 86 716 rum
120 704 164 710 ——
198 689 279 716 hostis
292 691 342 723 est,
367 690 430 726 quid
443 688 544 716 tandem
560 688 638 714 huius
657 687 765 714 censetis
780 688 854 714 vrbis
874 698 953 723 quam
966 689 1011 715 ille
1023 689 1055 715 ad

25 723 162 759 explendas
175 725 297 760 egestates
311 726 444 753 latrocinii
457 724 495 750 sui
514 722 678 757 concupiuit.
745 722 800 749 Cic.
815 723 871 757 post
885 724 962 751 redit.
977 725 1005 750 in
1015 725 1057 751 Se-

27 766 79 786 nat.
101 768 128 785 10
145 768 167 786 c.
181 768 194 792 5
223 761 365 795 Egestatcm
383 767 408 787 et
421 758 551 785 luxuriam
570 758 714 785 domestico
737 758 870 785 lenocinio
889 759 1055 786 Sustentauit.

25 795 126 821 Tentat
140 795 211 823 enim
230 796 336 823 dubiam
349 801 459 823 mentem
471 793 582 820 rationis
593 793 689 827 egestas
722 793 826 821 Lucret.
846 803 869 826 5,
887 803 953 821 1210.

25 838 86 863 gens
98 830 193 863 egestas
224 832 298 867 Virg.
312 832 405 865 Georg.
420 838 438 861 1,
453 831 509 863 146.

565 831 635 856 Plur.
650 829 777 864 Egestates
793 829 863 857 modo
882 830 1009 857 habuimus
1027 841 1056 858 cx

24 865 80 892 Cic.
92 866 204 901 Philipp.
224 876 263 901 14,
278 876 315 894 ιο.

752 440 881 467 Proeliuis
897 442 988 468 sceleri
1008 442 1053 468 Sil.
1080 459 1094 487 5

224 618 297 646 Idem
306 620 471 651 deInuent.1‚
484 624 511 650 88
537 618 564 644 Si
579 622 687 651 propter
702 617 820 651 inopiam
833 618 862 643 in
874 619 984 652 egestate
997 618 1056 644 estis
1073 639 1102 658 ,Ο

1006 796 1056 822 Vr·
1075 814 1100 840 [ς

1484 207 1771 261 EGO

1367 299 1531 331 EGI
1718 297 1900 330 EGO

1155 375 1324 402 FGtGNo,
1345 368 1446 402 Effera,
1468 368 1584 404 produco.
1621 367 1726 394 Lucret.
1746 373 1834 402 2,702
1867 368 1961 403 Egigni
1979 378 2065 398 ramos
2085 371 2152 398 vino

1119 414 1246 440 corpore,
1266 409 1285 432 i.
1310 405 1398 440 enasci.

1155 462 1171 482 E
1181 462 1201 481 G
1212 464 1226 482 L
1236 463 1252 482 Ε
1262 460 1279 482 c
1292 463 1310 482 o
1319 462 1333 482 p
1342 460 1388 481 AL
1398 459 1434 485 A,
1453 461 1491 478 ae.
1510 453 1529 478 f.
1572 453 1675 480 Verbum
1696 452 1819 479 Celticum.
1855 452 1920 479 Plin.
1934 459 1972 487 17,
1985 459 1999 484 8
2015 455 2152 484 Columbi-

1119 499 1180 518 nam
1192 497 1289 518 terram
1303 489 1404 517 Galliae
1418 488 1465 514 suo
1483 488 1590 514 nomine
1605 488 1786 523 Eglecopalam
1801 488 1939 523 appellant.

2086 215 2153 262 326

1155 549 1171 568 E
1182 548 1201 567 G
1212 549 1234 568 N
1243 549 1264 568 A
1273 547 1340 568 T1V
1351 548 1374 572 s,
1388 547 1412 570 a,
1426 546 1479 564 uun.
1501 537 1562 563 Adi.
1588 540 1673 564 Gentis
1681 540 1802 565 Romanae
1814 547 1896 564 nomen
1905 558 1913 571 ,
1924 549 1935 565 e
1950 547 1997 574 qua
2014 548 2038 565 υ.
2051 550 2076 576 g.
2096 541 2152 568 Cic,

1119 584 1168 611 pro
1182 578 1286 603 Cluent.
1302 583 1350 608 135.
1381 576 1429 600 Cn.
1444 573 1565 606 Egnatius
1583 581 1597 599 a
1612 573 1770 600 censoribus
1784 574 1878 600 Senatu
1897 581 1992 600 motus.
2029 576 2076 602 Sed
2088 580 2154 602 anti.

1118 616 1191 647 quior
1203 614 1272 648 longe
1414 606 1434 646 ff
1454 616 1470 635 2
1505 608 1627 641 Egnatius
1640 609 1790 636 Mcceumiuus
1802 619 1834 636 an
1847 610 1994 636 Metennius
2007 610 2074 646 apud
2087 611 2153 639 Plin.

1122 656 1165 681 14,
1182 656 1205 679 13
1226 650 1269 682 qui
1281 654 1396 677 vxorem,
1417 642 1489 679 quod
1508 645 1600 669 vinum
1621 644 1723 671 bibiss‘et
1743 650 1757 670 e
1778 644 1867 677 doli0,
1880 646 2026 680 interfecit,
2039 656 2155 682 quumque

1119 682 1205 709 caedis
1220 680 1403 717 postularetur,
1427 688 1441 705 a
1459 679 1575 705 Romulo
1597 679 1632 705 cst
1653 679 1793 706 absolutus.
2046 682 2155 716 Egnatia

1118 719 1271 745 Salentinum
1285 715 1397 751 oppidum
1416 715 1485 749 forts
1504 724 1588 740 nomen
1605 718 1674 750 genti
1686 715 1768 747 dedit,
1782 714 1824 741 vbi
1836 715 1973 742 narrabant
1987 716 2109 751 impolito
2124 718 2156 744 li-

1120 762 1173 787 gno
1196 752 1224 778 in
1246 753 1336 778 saxum
1356 749 1489 785 quoddam
1513 749 1554 776 ibi
1578 751 1677 776 sacrum
1690 769 1699 783 ,
1725 751 1844 786 protinus
1871 751 2004 780 flammam
2028 752 2156 781 exsistere.

1121 793 1257 815 GNATIA
1276 793 1379 813 vocatur
1392 785 1544 812 Horat.Sat.
1560 794 1579 817 1,
1594 793 1614 818 5,
1628 794 1662 820 97

1274 846 1320 850 —-
1355 845 1400 850 —
1435 829 1537 856 Dehinc
1559 831 1653 856 Gnatia
1673 831 1787 865 lymphis

1274 866 1351 893 Iratis
1370 864 1498 892 exstrueia
1518 865 1591 892 dedit
1605 866 1724 900 risusque
1738 867 1878 901 iocosque:

59 906 76 926 ιε
86 906 106 927 G
116 908 132 928 E
141 909 153 928 s
161 909 182 928 ἰ’
192 909 211 928 ν
220 904 239 929 6
249 909 262 928 s
271 909 290 928 v
299 909 327 934 s,
351 906 375 927 et
399 906 416 926 Β
425 905 445 926 G
455 906 471 926 E
480 906 493 926 s
505 905 526 926 Τ
536 900 576 926 6s
585 906 605 926 v
614 906 644 933 s,
673 908 698 932 a,
718 908 772 926 um.
809 898 869 926 Adi.
906 900 970 926 Aur.
983 900 1055 928 Vie’t.
1275 902 1344 928 Dum
1364 902 1466 927 flamma
1480 900 1548 933 fine,
1562 907 1620 927 nura
1638 902 1780 935 liquescere
1799 901 1892 928 limine
1909 903 1981 931 sacro

23 935 90 970 Epir.
105 945 126 963 c.
140 945 183 971 24.
220 937 337 964 Anibros.
344 936 424 962 Serm.
438 940 462 965 8¹
476 944 500 969 p.
513 939 568 967 380.
603 934 740 970 Augustin.
752 934 830 970 Epist.
844 942 902 968 254.
938 934 1054 963 Saluian.
1274 937 1430 963 Persuadere
1449 937 1529 971 cupit.
1566 936 1661 964 Credat
1674 935 1785 963 Iudaeus
1797 937 1887 971 Apella

25 969 58 997 de
71 971 188 999 Guibern.
211 973 261 999 Dei
282 972 299 998 l.
320 980 330 998 1
350 980 374 1005 p.
391 978 406 1002 9
430 970 518 996 Baluz.
1064 986 1101 1008 20
1273 972 1339 999 Non
1359 980 1417 1006 ego.

60 1013 313 1038 EGESTVOSITAS,
330 1006 387 1032 atis.
407 1005 427 1031 f.
464 1004 626 1041 Adscribitur
638 1005 739 1031 Plauto.

63 1049 80 1069 F.
88 1049 109 1069 G
118 1050 134 1070 Ε
142 1050 161 1070 R
170 1051 180 1070 1
188 1049 210 1070 A
216 1062 225 1075 ,
232 1051 270 1069 ae.
289 1041 309 1067 f.
326 1040 444 1075 [Hyr-91¹2:
455 1040 612 1074 Plutarcho]
629 1041 682 1066 Dea
689 1041 729 1066 vel
737 1040 863 1075 Nympha,
870 1049 929 1067 cum
937 1049 984 1077 qua
996 1051 1057 1069 con-

24 1078 120 1112 gressus
130 1077 270 1105 ηοέἲυι-ιιος
283 1076 330 1102 fibi
341 1077 389 1102 else
403 1075 539 1103 simulabat
554 1078 649 1102 Numa:
672 1075 728 1102 eius
751 1077 775 1101 se
789 1076 909 1108 monitu,
928 1086 995 1110 quae
1016 1087 1056 1104 ac-

25 1113 164 1147 ceptiffima
172 1113 228 1140 Diis
241 1112 317 1138 essent
334 1113 404 1138 sacra
423 1111 573 1142 instituere,
593 1110 737 1137 sacerdotes
756 1112 814 1137 suos
827 1111 923 1146 cuique
937 1113 1055 1140 Deorum

25 1148 166 1183 praeficere
185 1148 242 1174 Liu.
255 1156 275 1179 1,
288 1155 324 1179 19.
395 1148 427 1173 Et
440 1156 459 1178 1,
472 1155 499 1173 21
520 1147 605 1172 Lucus
617 1152 688 1179 erat,
705 1155 784 1181 quem
795 1146 913 1173 medium
927 1156 958 1174 ex
972 1157 1055 1183 opaco
1069 1166 1084 1185 2

25 1184 101 1217 specu
120 1184 179 1211 fons
197 1182 305 1218 perenni
321 1181 423 1217 rigabat
445 1191 521 1217 aqua.
556 1183 618 1215 Quo
638 1182 702 1216 quia
716 1183 741 1208 se
761 1182 883 1216 persaepe
897 1183 985 1211 Numa
1003 1184 1056 1211 sine

24 1218 148 1252 arbitris,
170 1218 241 1246 velut
261 1218 293 1244 ad
305 1218 464 1252 congressum
483 1218 552 1244 Deae
570 1217 716 1247 inferebat,
746 1217 868 1244 Camenis
886 1226 946 1245 eum
966 1220 1056 1247 lucum

25 1253 152 1287 sacrauit,
178 1253 248 1288 quod
261 1262 352 1280 earum
375 1252 424 1280 fibi
441 1252 554 1279 concilia
575 1261 634 1279 cum
648 1253 762 1287 coniuge
784 1253 829 1279 sua
851 1254 944 1287 Egeria
968 1256 1056 1282 effent.

22 1289 94 1316 Hinc
106 1288 192 1324 occasio
202 1288 319 1351 {ingentii
338 1288 448 1320 Ouidio,
460 1288 580 1323 Egeriam
599 1289 729 1324 Coniugem
747 1289 843 1315 Numae
860 1291 887 1315 in
900 1289 1001 1324 fontem
1013 1291 1058 1326 sui

23 1327 145 1358 nominis,
184 1326 206 1358 ρ]

22 1365 47 1386 et
56 1360 134 1386 lucum
147 1332 185 1386 itii
196 1359 311 1395 describit
331 1360 422 1386 quen.
437 1360 464 1391 6,
480 1367 503 1385 11

148 1395 267 1422 Substitit
278 1395 310 1422 ad
323 1400 423 1421 veteres
436 1403 509 1420 arcus
522 1393 708 1429 madidamque
724 1395 869 1429 Capenam,

148 1431 201 1458 Hic
217 1430 265 1457 vbi
277 1429 421 1457 noeturnae
437 1430 526 1456 Numa
544 1430 717 1457 constituebat
736 1430 849 1457 amicae:

147 1466 226 1493 Nunc
245 1466 310 1492 sacri
329 1465 411 1492 fontis
431 1474 522 1491 nemus
542 1471 567 1492 et
584 1465 695 1492 delubra
713 1465 835 1493 locantur

147 1501 266 1534 qudaeis,
287 1509 402 1535 quoruum
423 1501 550 1536 cophinus
567 1501 711 1536 fenumque
724 1501 849 1535 supellex.

23 1533 102 1562 Ouid.
117 1535 182 1563 Fast.
197 1545 217 1569 3,
231 1544 276 1571 275
292 1537 385 1571 Egeria
398 1536 448 1569 est,
469 1545 536 1571 quae
550 1536 657 1571 praebet
669 1545 758 1571 aquas,
771 1537 826 1563 Dea
840 1541 912 1570 grata
926 1536 1060 1570 Camenis,

20 1570 69 1597 Illa
82 1570 185 1598 Numae
199 1572 296 1599 coniux
310 1572 501 1606 consiliumque
515 1572 576 1604 fuit,
594 1578 641 1598 etc.
696 1572 737 1598 Ab
751 1572 882 1606 egerendo
894 1581 979 1598 nomen
991 1573 1061 1598 illius

21 1609 72 1633 iam
83 1607 204 1642 arceffiuit
216 1608 302 1634 Varro
315 1607 384 1642 apud
398 1607 535 1642 Augustin.
544 1606 576 1633 de
590 1608 619 1634 C.
632 1607 665 1633 D.
679 1614 705 1642 7,
716 1614 745 1639 35
766 1606 848 1640 Quod
862 1615 956 1640 aquam
969 1608 1062 1641 egesse-

0 1671 1 1675 ,
22 1642 74 1672 rit,
93 1642 120 1668 id
136 1642 187 1675 est,
206 1643 404 1677 exportauerit,
428 1643 517 1669 Numa
531 1642 691 1676 Pompilius,
710 1641 779 1668 vnde
797 1642 1010 1674 hydromantiam
1024 1643 1062 1668 fa-

25 1684 111 1710 ceret,
134 1678 195 1704 ideo
213 1678 355 1712 nympham
368 1678 489 1712 Egeriam
507 1678 648 1711 coniugem
665 1676 764 1703 dicitur
777 1676 901 1703 habuisse.

24 1715 88 1738 tinet
109 1713 210 1744 Festus,
235 1713 342 1747 Egeriae
361 1713 491 1747 nymphae
507 1712 686 1739 sacrificabant
703 1718 887 1747 praegnantes,
913 1712 984 1746 quuod
1003 1721 1062 1739 eam

24 1747 149 1781 putabant
161 1747 238 1774 facile
245 1755 395 1783 conceptam
408 1749 498 1775 aluum
505 1757 621 1783 egerere.
656 1749 778 1774 Dacerius
790 1750 893 1773 coniicit
907 1753 1063 1780 conceptum

23 1782 94 1808 alno·
135 1783 182 1810 Sed
193 1785 295 1810 alterum
308 1793 380 1819 aeque
392 1784 448 1810 bene
458 1784 511 1809 dici
517 1789 590 1818 puto.
671 1782 719 1807 uod
730 1789 809 1807 autem
821 1785 848 1806 in
862 1781 953 1806 Gloffis
967 1781 1063 1806 Isidori

23 1817 116 1851 Egeria
129 1821 260 1852 exponitur
271 1827 365 1844 noxia:
387 1818 490 1844 videtur
507 1816 634 1852 legendum
683 1815 746 1840 ixia.
788 1813 901 1848 Qifint
919 1814 967 1839 Dii
981 1814 1061 1840 Nixii

21 1851 140 1912 vatic-dsvl.
172 1852 218 1878 Ad
223 1855 393 1911 Juantitarem
404 1853 511 1877 nominis
523 1850 707 1884 intelligendam
716 1851 790 1873 etiam
795 1850 870 1881 jacit
882 1848 968 1883 veufias
982 1848 1062 1874 Ennii
1073 1866 1107 1892 45

121 1893 208 1912 atron.
241 1886 292 1911 eL.
300 1886 330 1912 L.
337 1888 363 1917 6,
374 1894 387 1917 3
400 1894 425 1919 p.
437 1892 516 1919 73,12
533 1884 591 1910 Olli
603 1882 743 1917 respondet
757 1882 842 1908 suauis
856 1883 934 1908 sonus
947 1883 1063 1917 Egeriai.

58 1927 76 1948 E
85 1927 131 1948 GE
143 1926 161 1947 R
171 1926 240 1952 IVS,
253 1920 272 1946 i.
285 1929 320 1946 m.
340 1922 471 1947 Demarati
483 1929 513 1945 ex
525 1920 624 1945 Arunte
638 1925 727 1953 nepos,
744 1921 800 1950 cui,
820 1924 849 1944 vt
860 1920 899 1944 ait
918 1918 979 1945 Liu.
995 1927 1014 1950 ι,
1029 1927 1062 1952 34

23 1955 80 1991 post
100 1955 145 1983 aui
163 1961 276 1982 mortem
289 1956 318 1982 in
337 1954 437 1982 nullam
449 1955 547 1981 sortem
559 1953 693 1981 bonorum
712 1958 790 1986 nato,
808 1953 841 1980 ab
862 1953 954 1988 inopia
965 1954 1063 1988 Egerio

23 1992 138 2020 inditum
159 2000 265 2019 nomen.

64 2034 82 2055 Ε
94 2033 134 2054 Gi
143 2033 165 2054 Τ
175 2035 194 2054 ν
204 2034 223 2053 R
232 2035 270 2060 Α,
289 2036 329 2054 ae.
348 2027 368 2053 f.
388 2024 497 2062 Egestas.
516 2024 636 2052 Tertull.
649 2023 710 2051 adu.
722 2025 805 2051 Marc.
819 2033 847 2057 4,
861 2032 902 2059 ²4·

61 2069 78 2090 E
89 2069 110 2090 G
119 2069 134 2088 E
145 2069 164 2090 R
173 2069 197 2089 M
210 2061 222 2089 ἱ
231 2069 280 2089 ΝΟ
289 2082 298 2095 ,
317 2066 370 2089 are.
395 2060 562 2096 [ἒκέλαςέω]
595 2059 662 2087 Idem
680 2060 746 2095 quod
757 2061 908 2086 Germinare.

27 2107 52 2132 5,
63 2107 78 2129 5
99 2098 250 2133 Bipedaneis
263 2097 399 2124 scrobibus
417 2096 554 2124 malleolus
577 2094 732 2130 deponitur:
761 2096 808 2129 quui
822 2104 903 2129 quum
918 2096 1063 2129 egermina-

28 2132 112 2166 verit,
131 2133 164 2160 ad
175 2143 252 2161 vnam
265 2133 401 2160 materiam
416 2137 550 2159 reuocato.
620 2129 695 2157 Idem
707 2139 734 2164 4,
748 2138 776 2165 17
803 2131 878 2163 Quae
891 2131 961 2156 infra
975 2131 1063 2157 trunci

29 2175 105 2204 caput
122 2169 350 2205 egerminauerint.
421 2169 585 2195 Sarmentum
596 2166 623 2203 s.
636 2167 754 2203 fiirculus
767 2166 913 2201 egerminat
930 2166 1062 2193 Columel.

29 2213 64 2238 4,
85 2212 115 2237 29
133 2211 187 2230 ante
199 2204 261 2231 med.

64 2246 161 2266 EGER
172 2246 197 2266 M
209 2245 377 2272 iNA'rvs‚
402 2239 469 2275 apud
487 2237 625 2274 Auugustin.
662 2257 669 2264 .
706 2257 715 2264 .
751 2257 759 2265 .

64 2280 373 2308 EGERM1NA'1'10,
391 2275 458 2311 apud
473 2275 586 2302 Hieron.
630 2293 637 2300 .
718 2293 725 2300 .

63 2314 81 2335 E
92 2307 207 2342 Glitio,
226 2309 260 2341 ffi,
284 2310 361 2343 stum,
388 2312 441 2337 ere.
478 2309 631 2344 [ἕκκομίξω,
655 2308 769 2345 ἐκκρίνω]
806 2310 886 2336 Extra
898 2317 994 2346 gerere,
1007 2307 1061 2343 siue

23 2350 134 2380 portare.
188 2345 319 2372 Columel.
335 2355 359 2378 2,
372 2353 407 2379 ις,
421 2355 430 2372 ι
458 2346 556 2372 Auium
569 2345 686 2380 primuni
702 2344 814 2372 habetur
826 2345 1017 2380 stercus,quod
1030 2353 1063 2371 ex

26 2379 195 2407 columbariis
207 2381 332 2415 egeritur.
403 2382 470 2408 Cato
481 2391 503 2408 c.
516 2389 557 2415 37,
570 2389 582 2413 3
599 2381 700 2407 Stercus
713 2381 824 2415 egerito.

2 2426 3 2442 u
25 2415 56 2442 de
67 2422 144 2442 monte
156 2416 315 2451 Aethiopiae,
339 2416 489 2444 Torrentes
503 2417 564 2443 solis
577 2415 717 2442 ardoribus
730 2417 847 2442 flammas
862 2416 956 2450 egerit.
994 2415 1063 2441 Haec

2 2450 3 2466 ³
24 2453 53 2478 in
65 2451 131 2487 fine:
156 2451 203 2487 fid
221 2455 248 2478 in
263 2455 349 2486 princ.
382 2452 501 2485 Egestum
520 2452 636 2478 cinerem
657 2451 760 2486 pruinis
781 2451 903 2486 operiens
925 2450 954 2477 de
972 2452 1063 2477 Aetna.

4 2648 5 2651 ,
27 2626 112 2660 gestit.

27 2488 130 2521 Aquam
143 2487 226 2520 egerit
238 2487 297 2512 fons
314 2486 386 2512 Idem
399 2487 477 2520 Epist.
489 2494 513 2519 5,
527 2489 553 2519 6,
564 2493 604 2521 37.
675 2488 706 2512 Et
721 2486 799 2520 Epist.
815 2491 838 2518 8,
851 2495 882 2512 20
905 2486 977 2512 Idem
992 2486 1062 2512 lacus

27 2522 57 2548 in
71 2522 168 2547 flumen
184 2521 310 2555 egeritur.
379 2522 492 2548 Censum
509 2521 538 2548 in
556 2522 680 2556 exequias
707 2522 838 2555 Quinffil.
853 2522 967 2548 Declani.
985 2529 1007 2554 5,
1023 2529 1061 2556 17.

28 2557 66 2582 De
80 2555 191 2592 profusis
204 2556 341 2592 sumtibus,
371 2556 425 2584 vid.
446 2558 531 2584 Burm.

27 2592 123 2626 possct,
140 2591 253 2618 reserato
264 2591 372 2626 pediore
387 2592 456 2619 diras
492 2594 601 2627 Egerere
613 2593 675 2619 inde
688 2592 780 2627 dapes,
799 2593 950 2628 emersaque
963 2594 1064 2620 viscera

182 2627 245 2654 Dies
258 2627 374 2662 egeritur
386 2628 502 2663 querelis
514 2635 540 2655 et
552 2628 645 2663 questu
669 2628 759 2655 Valer.
773 2629 871 2662 Argon.
887 2634 911 2660 8,
926 2636 987 2662 454.
1004 2629 1028 2654 h.
1044 2636 1064 2655 e.

30 2663 213 2697 Transigitur,
232 2665 351 2698 exigitur.
421 2664 507 2689 Dolor
521 2663 638 2697 egeritur
657 2663 739 2690 Ouid.
753 2663 839 2689 Trist.
854 2672 883 2695 4,
896 2672 919 2694 3,
931 2668 968 2694 38.
1022 2662 1064 2688 Fi-

26 2705 100 2723 mum
112 2697 166 2723 cibi
179 2697 276 2724 ventris
295 2697 377 2723 Solin.
390 2706 412 2724 c.
425 2706 461 2730 40
475 2699 508 2724 al.
523 2706 558 2730 53.
575 2700 596 2724 τ’.
615 2699 668 2724 alui
685 2704 836 2724 excrementa
848 2697 958 2723 reddere.
1011 2697 1065 2723 Lu-

26 2740 82 2758 can.
134 2735 182 2759 166

95 2741 119 2765 3,
131 2767 163 2793 Τ
164 2776 214 2793 unc
238 2767 356 2794 Orientis
379 2775 457 2802 opes,
477 2771 667 2801 captorumque
685 2767 781 2794 vltima
800 2775 894 2800 regum

133 2803 208 2835 Quae
228 2802 393 2838 Pompeianis
413 2802 528 2837 praelata
550 2802 587 2828 est
606 2803 676 2829 Gaza
696 2801 849 2837 triumphis,

131 2837 262 2872 Egeritur.

20 2872 86 2900 stat.
100 2872 163 2899 Siluu.
175 2881 202 2906 4,
217 2882 245 2907 4,
260 2880 296 2907 79
320 2869 423 2899 Fratiias
436 2871 483 2899 vbi
494 2870 607 2898 Vesbius
619 2871 704 2906 egerit
715 2872 770 2898 Irae
790 2870 901 2897 Aemula
911 2869 1064 2897 Trinacriis

23 2908 134 2936 voluens
148 2907 270 2935 incendia
287 2908 409 2934 flammis.
479 2906 603 2934 Praedam
615 2915 721 2941 egerere
732 2915 765 2933 ex
782 2906 898 2933 hostium
911 2905 987 2932 tectis
1002 2906 1063 2932 Liu.

27 2946 58 2980 6,
66 2952 88 2976 3.
155 2943 296 2978 Puerperia
314 2942 400 2976 egesta
418 2950 472 2968 vno
491 2942 587 2969 abortu
605 2943 655 2970 XII
685 2942 752 2969 Plin.
771 2950 797 2976 7,
814 2950 845 2968 11.
915 2941 1063 2973 Sermones,

24 2986 70 3015 pro
88 2978 230 3015 Dusponere.
266 2979 324 3005 Sen.
337 2977 415 3012 Epist.
429 2980 464 3012 67
495 2978 577 3004 Multi
596 2978 674 3004 nobis
693 2979 825 3004 sermones
843 2977 968 3009 fuerunt,
994 2986 1061 3011 quos

27 3014 134 3041 subinde
154 3023 273 3049 egeram,
286 3019 312 3040 et
332 3014 364 3040 ad
379 3020 405 3039 te
417 3013 578 3047 permittam.
650 3013 793 3048 Egeffitque
811 3012 896 3039 auidis
911 3012 1009 3039 Dorica
1021 3021 1061 3039 ca-

30 3047 78 3076 stra
90 3050 158 3084 rogis
171 3051 319 3085 Propert.4,
331 3051 357 3081 6,
370 3057 412 3082 34.
432 3048 461 3075 de
472 3049 588 3084 Apolline
594 3047 762 3111 ¹pestilentiam
774 3051 921 3074 immittente
930 3049 1041 3074 Graecis.

66 3090 185 3112 BGEST
197 3091 255 3118 vs,
268 3093 298 3117 a,
314 3094 368 3112 um.
388 3085 456 3111 Part.
492 3084 593 3118 [ἐκκομι
616 3084 666 3119 εἰς]
699 3083 830 3113 Columel.
850 3092 874 3114 2,
891 3092 907 3110 2.
930 3083 979 3110 Sed
999 3090 1024 3110 et
1041 3083 1059 3110 li

31 3117 97 3144 velis
109 3120 239 3147 scrobibus
252 3120 362 3155 egestam
375 3119 486 3147 humum
500 3120 653 3153 recondere,
666 3126 711 3147 etc.
782 3119 880 3146 Tellus
893 3118 978 3153 egesta
993 3120 1060 3146 scro-

30 3152 109 3180 bibus
121 3155 199 3182 Ouid.
213 3157 276 3183 Met.
290 3163 317 3191 7,
330 3164 385 3189 243.
455 3156 517 3182 Stat.
530 3155 621 3183 Theb.
637 3165 657 3189 1,
669 3164 701 3192 37
733 3155 835 3191 Egestas
846 3154 954 3182 alternis
967 3155 1061 3182 morti-

28 3188 80 3216 bun
97 3189 179 3217 vrbes.

68 3230 248 3257 EGESTVS,
269 3224 308 3253 u'is.
329 3235 366 3253 m.

31 3259 94 3285 Stat.
107 3259 170 3286 Silu.
182 3269 209 3294 4,
223 3269 245 3294 3,
258 3269 299 3294 43.

29 3294 120 3321 nostra
133 3294 164 3320 ad
175 3296 286 3329 egestum
297 3303 389 3324 venter
402 3297 541 3330 exhaurit,
553 3304 599 3325 etc.

67 3336 113 3356 EG
122 3336 159 3356 Es
170 3335 190 3355 ἰ’
202 3337 255 3363 10,
274 3332 340 3359 onis.
359 3334 379 3359 f.
417 3332 575 3368 [ἐκκᾶμισις]
610 3332 676 3360 Plin.
688 3333 767 3368 Epist.
781 3338 805 3364 8,
818 3335 836 3359 6
864 3333 923 3358 Hoc
936 3337 998 3358 tunc
1011 3340 1061 3358 vo-

31 3372 90 3392 tum
103 3365 222 3393 Senatus,
239 3365 287 3392 hoc
297 3368 464 3402 praecipuum
483 3368 609 3403 gaudium
623 3369 732 3403 popuuli,
745 3369 807 3396 haec
826 3367 994 3394 liberalitatis
1008 3375 1062 3393 ma-

30 3401 99 3441 teria
112 3398 263 3439 gratiffima,
279 3400 297 3427 fi
309 3402 426 3430 Pallantis
438 3404 573 3432 facultates
586 3404 713 3432 adiuuare
725 3404 891 3440 publicarum
909 3412 990 3438 opum
1004 3411 1064 3437 ege-

32 3436 117 3464 stione
137 3439 304 3468 contingeret.

68 3479 85 3498 E
94 3477 139 3498 GE
148 3477 167 3497 R
177 3477 184 3498 ¹
196 3476 212 3496 E
221 3477 234 3510 ἓ
244 3489 252 3501 ,
269 3470 309 3510 ἓξ..
321 3471 340 3498 f.
373 3473 475 3501 Solinus
488 3484 510 3501 c.
523 3483 556 3509 43
577 3475 606 3501 de
619 3475 714 3511 Bonaso
723 3494 732 3508 ,
757 3476 847 3507 Quum
860 3474 889 3500 in
901 3474 992 3509 fugam
1003 3482 1062 3500 ver-

32 3507 114 3539 titur,
128 3505 252 3546 proluuie
265 3510 312 3531 citi
328 3509 425 3535 ventris
440 3510 531 3537 fimum
544 3510 629 3545 egerit
646 3519 693 3545 per
712 3509 908 3546 longitudinem
920 3510 1002 3536 trium
1022 3510 1062 3536 iu-

33 3551 137 3576 gerum:
158 3549 233 3567 culus
247 3539 326 3567 ardor
339 3543 465 3579 quidquid
477 3547 609 3581 attigerit,
623 3546 723 3573 adurit:
744 3546 781 3573 ita
795 3545 884 3581 egcrie
895 3545 976 3573 noxia
993 3545 1061 3572 sum-

402 3226 539 3262 [iicugnaar]
573 3226 636 3254 Alto
650 3227 738 3262 egestu
752 3226 855 3261 penitus
870 3234 963 3253 cauare
978 3231 1061 3252 terras

34 3583 123 3604 mouet
137 3577 308 3611 insequentes.

70 3619 88 3639 E
97 3619 141 3640 GE
150 3619 169 3639 R
178 3619 191 3639 s
201 3619 210 3637 1
219 3618 272 3638 ΜΟ
282 3617 305 3637 N
313 3631 321 3643 ‚
341 3611 359 3637 i.
367 3619 404 3654 ‚¹.¹·
437 3614 613 3643 Excitatorium
627 3617 707 3644 Mart.
719 3616 819 3652 Capell.
831 3625 848 3650 9
861 3626 885 3651 p.
899 3621 955 3648 308-

69 3654 87 3675 E
96 3654 162 3675 GEs
171 3653 232 3679 TA,
249 3655 288 3673 ae.
309 3646 329 3672 f.
350 3647 361 3677 [
376 3646 466 3682 hysen]
485 3651 579 3678 Ciuitas
592 3655 621 3678 in
634 3653 730 3684 Sicilia,
745 3661 816 3687 quam
829 3653 927 3678 Aeneas
939 3650 1062 3677 condidit.

11 3675 13 3718 ζ
33 3683 105 3710 Haec
116 3692 184 3710 nunc
197 3682 297 3717 Segesta
310 3681 422 3713 dicitur,
435 3686 573 3719 praeposita
590 3687 617 3714 ei
637 3688 714 3714 litera
732 3688 756 3719 s,
768 3696 802 3714 ne
819 3687 933 3714 obsceno
951 3685 1064 3720 appella-

35 3725 107 3746 retur
118 3717 234 3745 nomine.
273 3719 313 3743 Ita
326 3716 422 3743 Festus.
447 3719 566 3748 Scribitur
578 3725 651 3750 etiam
666 3723 783 3757 negem,
794 3723 906 3757 Ἀιγέςκ.
918 3725 949 3748 it.
964 3720 1061 3747 Acesta.

36 3753 82 3781 Sed
91 3755 176 3781 Latini
190 3752 367 3789 Segestafere,
379 3752 422 3778 vbi
434 3753 486 3779 vid.

12 3818 13 3823 ¹
68 3795 237 3829 -ΕβΕεΤΑ,
256 3797 296 3815 ae.
317 3787 337 3814 f.
372 3787 508 3828 [J'Ejsffroc]
541 3790 609 3818 Filia
621 3793 754 3828 Hippotae
772 3793 907 3824 Troiani,
921 3801 1016 3827 quam,
1029 3800 1061 3817 ne
1073 3793 1176 3820 uoodco
1201 3794 1326 3821 tin·idum
1349 3801 1375 3821 et
1394 3800 1576 3829 properantem
1596 3794 1707 3821 Getam?

39 3830 151 3851 marinae
168 3824 259 3851 beluae
272 3824 308 3850 ob
327 3832 444 3858 periuria
459 3823 642 3853 Laomedontis
658 3829 799 3855 secundum
813 3828 945 3863 Apollinis
957 3829 1062 3862 respon-

39 3857 65 3884 sa
79 3859 234 3893 traderetur,
247 3865 320 3893 pater
334 3858 481 3893 impolitam
494 3859 628 3899 nauiculam
646 3864 715 3890 misit
729 3873 782 3899 quo
795 3865 849 3891 sors
863 3864 972 3890 tuuliffet:
994 3872 1062 3898 quae

39 3893 141 3920 tandem
154 3894 184 3920 ad
195 3895 310 3921 Siciliam
331 3894 430 3926 delata,
449 3903 463 3920 a
477 3894 584 3920 Criniso
596 3895 680 3923 fluuio
698 3899 726 3925 in
738 3909 829 3926 caruem
847 3900 977 3926 conuerso
991 3907 1061 3926 com-

12 3927 13 3935 *
37 3929 115 3964 preffa
124 3948 132 3960 ,
150 3930 254 3957 Acesten
267 3929 359 3957 edidit.
385 3929 443 3956 Vici.
457 3929 529 3958 Seru.
542 3932 570 3958 in
582 3930 645 3958 Aen.
660 3940 681 3966 1,
687 3940 747 3967 550.
783 3935 831 3964 Sed
841 3938 944 3964 variant
956 3934 1026 3963 libri.

68 3969 252 3998 aoesras.
277 3965 330 3995 vid.
356 3969 465 4003 sorbo.

235 1326 326 1350 obitum
339 1327 426 1350 mariti
432 1323 490 1360 fiii,
510 1330 647 1357 mutatam,
664 1325 730 1351 Met.
746 1330 781 1356 ις,
795 1331 854 1358 547.
891 1326 982 1353 Locum
994 1326 1059 1353 bunc
1076 1341 1109 1366 30
1123 1322 1186 1355 Ego.

1077 1519 1108 1546 35

938 1678 994 1703 Huc
1003 1684 1062 1712 per·
1069 1695 1108 1721 40

928 2059 1062 2086 Columel.
1077 2044 1109 2070 50

1076 2221 1106 2248 55

896 2381 962 2407 Plin.
977 2389 1003 2412 2,
1016 2382 1063 2406 106
1080 2385 1116 2410 60
1124 2378 1231 2406 Calend.
1246 2378 1382 2405 Nouemb.

600 2557 683 2584 Ouid.
696 2558 761 2584 Met.
781 2559 807 2590 6,
820 2559 874 2592 664
903 2558 934 2584 Et
948 2557 1030 2584 modo
1044 2557 1062 2583 fi
1077 2565 1109 2597 65
1123 2563 1178 2583 unet
1203 2556 1278 2590 Virg.
1295 2558 1359 2582 Aen.
1374 2565 1397 2588 3,
1411 2559 1468 2587 623.

1082 3096 1114 3123 80
1122 3094 1201 3118 quam
1217 3090 1301 3111 tuum.
1321 3091 1351 3111 A.
1364 3094 1462 3118 egone,
1477 3087 1576 3120 egone?
1595 3086 1613 3113 fi
1627 3086 1690 3113 istuc
1703 3087 1790 3122 lepide
1800 3089 1877 3122 faxis,
1892 3096 1936 3116 etc.

1082 3626 1114 3652 95
1124 3618 1208 3652 patiar
1227 3626 1286 3643 cum
1297 3618 1424 3645 mendicis
1437 3624 1530 3654 nuptas
1549 3629 1592 3647 me
1606 3619 1671 3645 viuo
1683 3618 1766 3644 viris?

1074 3984 1118 4014 ¹05
1127 3978 1188 4006 ΜΕ,
1205 3975 1346 4001 MECVM,
1368 3976 1467 4004 Mrvs,
1485 3976 1542 4005 Mi,
1561 3977 1652 4005 Mil-11,
1672 3979 1750 4007 Nos,
1769 3974 1969 4012 vidfiaslocic.

1156 1029 1174 1050 Ε
1183 1028 1204 1050 G
1214 1028 1295 1049 NAT
1306 1029 1327 1047 v
1340 1027 1355 1048 1.
1366 1028 1382 1048 E
1392 1029 1401 1048 1
1411 1029 1430 1048 v
1439 1028 1468 1055 S,
1493 1022 1512 1048 i.
1529 1028 1565 1048 m.
1604 1022 1672 1047 Hinc
1686 1021 1760 1056 forte
1779 1018 1880 1047 dubium
1898 1031 1982 1048 nomen
1994 1023 2129 1058 familiae,
2144 1035 2156 1052 e

1119 1067 1169 1094 qua
1181 1068 1206 1084 υ.
1217 1067 1244 1095 g.
1264 1057 1376 1087 Lucius,
1389 1057 1421 1084 de
1443 1067 1496 1092 quo
1510 1058 1565 1084 Cic.
1578 1056 1692 1090 Philipp.
1708 1065 1730 1088 3,
1748 1058 1764 1082 6
1789 1057 1817 1081 L.
1837 1057 2004 1095 Egnatuuleius
2017 1060 2158 1095 Quaestor,

1120 1103 1182 1120 cum
1195 1099 1287 1129 quarta
1300 1093 1405 1127 legione
1419 1093 1451 1119 ab
1465 1093 1582 1120 Antonio
1595 1091 1627 1119 ad
1640 1091 1785 1118 Otiiauu’um
1804 1091 1907 1117 defecit.

1156 1150 1245 1175 EGo,
1261 1144 1330 1175 mei,
1349 1143 1427 1175 mihi,
1447 1153 1502 1175 me,
1522 1152 1537 1170 a
1549 1151 1600 1169 me.
1636 1140 1719 1176 [ἒγώ,
1739 1140 1815 1175 ἔγιὶν]
1852 1143 1927 1168 Pron.
1941 1140 2050 1169 trabium
2062 1145 2160 1171 acrae-

1120 1182 1167 1206 cis.
1203 1180 1258 1213 Ego
1277 1178 1342 1214 quid
1363 1179 1444 1205 velini
1457 1180 1526 1206 Ter.
1546 1179 1610 1204 Eun.
1625 1185 1646 1209 1,
1660 1185 1744 1209 2,111.
1800 1177 1864 1203 Non
1881 1186 1930 1211 ego
1949 1183 1974 1204 te
1987 1178 2061 1205 vidi?
2084 1180 2158 1215 Virg.

1120 1215 1175 1242 Ecl.
1190 1223 1213 1247 3,
1229 1223 1266 1249 ι7.
1319 1214 1389 1241 Ter.
1403 1215 1484 1241 Andr.
1498 1223 1516 1245 1,
1532 1223 1550 1244 1,
1563 1219 1576 1243 8
1607 1214 1661 1246 Ego
1676 1212 1812 1246 postquam
1834 1219 1858 1238 te
1877 1214 1931 1239 emi
1949 1222 1964 1239 a
1976 1215 2098 1248 paruum,
2113 1223 2159 1242 etc.

1122 1250 1178 1277 Cic.
1186 1251 1257 1277 Fam.
1273 1259 1293 1282 1,
1316 1270 1322 1276 .
1342 1269 1348 1275 .
1370 1250 1423 1284 Ego
1432 1250 1465 1276 ab
1478 1250 1552 1276 omni
1567 1247 1657 1274 officio
1669 1255 1698 1274 ac
1710 1248 1860 1282 potiuus,ctc.
1898 1249 2003 1283 Semper
2021 1251 2108 1283 grauis
2123 1251 2160 1278 est

1120 1286 1239 1321 inceptio
1253 1285 1382 1312 orationis
1398 1288 1495 1321 (inquit
1504 1286 1637 1315 Donatus)
1651 1291 1716 1318 quae
1729 1283 1868 1310 exordium
1884 1285 1962 1311 sumit
1974 1294 1988 1311 a
2001 1288 2160 1319 pronomine

1257 1322 1398 1356 emphatice
1422 1320 1488 1356 apud
1510 1322 1606 1346 Portas.
1641 1317 1704 1345 Vidi
1723 1327 1772 1353 ego
1791 1328 1849 1345 cuum
1870 1321 1986 1354 geminas
2004 1321 2048 1347 Sil.
2063 1330 2088 1354 2,
2101 1331 2161 1355 340.

1129 1356 1188 1384 Vid.
1203 1356 1328 1383 Drakenb.
1341 1356 1374 1383 ad
1385 1357 1430 1382 loc.
1445 1363 1467 1382 et
1478 1356 1598 1382 Broaclch.
1611 1354 1645 1380 ad
1658 1354 1726 1381 Tib.
1740 1363 1759 1387 1,
1774 1364 1800 1388 4,
1815 1363 1857 1387 29.
1926 1356 1980 1390 Ego
1993 1357 2047 1382 suni
2056 1358 2160 1384 Aeschi-

1123 1401 1189 1424 nus,
1202 1392 1301 1426 aperite
1328 1392 1397 1418 Ter.
1417 1391 1491 1418 Adel.
1511 1401 1538 1425 4,
1552 1400 1579 1424 4,
1595 1399 1635 1424 24.
1707 1390 1775 1416 Dico
1798 1399 1847 1425 ego
1871 1390 1939 1417 mihi
1962 1391 2065 1418 infidias
2084 1392 2162 1420 fieri}

1124 1428 1199 1456 Idem
1213 1429 1279 1455 Eun.
1293 1436 1315 1460 3,
1330 1436 1352 1460 3,
1366 1430 1409 1454 26.
1481 1427 1528 1453 Sed
1549 1426 1613 1461 quid
1626 1426 1692 1459 ego?
1710 1435 1757 1452 cur
1769 1435 1811 1452 me
1825 1427 1964 1453 excrucio?
1989 1427 2027 1453 Id.
2042 1428 2123 1455 Andr.
2137 1437 2161 1462 5,

1124 1470 1197 1496 3,15.
1269 1464 1348 1490 Nunc
1367 1471 1417 1496 ego
1436 1468 1461 1488 et
1478 1462 1551 1488 illam
1572 1461 1701 1488 scelestam
1721 1462 1785 1493 effe,
1802 1468 1848 1487 etc.
1875 1462 1942 1489 Ter.
1963 1463 2027 1489 Eun.
2043 1472 2063 1496 1,
2084 1472 2103 1497 ι,
2123 1473 2162 1497 25.

1125 1499 1197 1525 Volo
1213 1508 1263 1534 ego
1283 1498 1364 1525 adesse
1384 1498 1428 1524 hic
1445 1497 1586 1524 aduocatos
1604 1496 1692 1528 nobis,
1705 1504 1751 1523 etc.
1766 1497 1839 1523 Idem
1858 1498 1921 1523 Eun.
1936 1508 1963 1532 4,
1978 1500 2005 1530 6,
2017 1506 2060 1533 27.
2131 1500 2163 1526 Et

1126 1534 1234 1569 quidem
1256 1543 1305 1568 ego
1326 1533 1365 1560 Id.
1379 1532 1459 1559 Andr.
1475 1541 1496 1566 5,
1510 1535 1536 1565 6,
1550 1541 1571 1564 3.
1642 1532 1709 1564 Quis
1727 1532 1810 1567 igitur
1830 1541 1891 1558 eum
1908 1533 1941 1559 ab
1963 1533 2008 1559 illa
2026 1534 2163 1568 abstraxit,

1125 1570 1173 1596 nili
1188 1571 1254 1603 ego?
1274 1570 1342 1596 Ter.
1351 1568 1432 1594 Andr.
1447 1577 1469 1600 3,
1483 1576 1508 1599 2,
1520 1573 1555 1599 38.
1591 1567 1677 1593 Immo
1684 1576 1734 1601 ego
1745 1573 1770 1593 te
1779 1567 1887 1594 obsecro
1901 1568 2075 1601 Ide1n›Etun.3,
2090 1578 2162 1603 5,14›.

1125 1606 1180 1638 Ego
1193 1613 1275 1635 vero,
1289 1607 1316 1630 in
1339 1603 1532 1638 respoufionilms
1551 1601 1709 1635 affiucrantis
1731 1601 1771 1635 ‘2st-
1799 1603 1854 1629 Cic.
1873 1604 1926 1629 Att.
1946 1612 1981 1635 11,
2000 1611 2017 1637 7
2038 1605 2118 1637 Quod
2136 1611 2164 1631 te

1125 1640 1243 1666 excusas:
1263 1648 1313 1673 ego
1325 1647 1390 1665 vero
1404 1645 1430 1665 et
1443 1645 1498 1665 tuas
1513 1639 1598 1664 causas
1613 1639 1705 1663 nosco:
1730 1643 1756 1664 et
1770 1645 1827 1663 mea
1839 1638 1957 1664 interesse
1969 1646 2050 1672 puto,
2065 1647 2091 1665 te
2106 1639 2165 1665 istis:

1125 1675 1182 1701 esse.
1237 1675 1306 1700 lbid.
1325 1674 1406 1708 Quod
1425 1683 1516 1708 rogas,
1529 1678 1558 1699 vt
1577 1673 1605 1698 in
1626 1672 1722 1699 bonam
1742 1678 1843 1706 partem
1861 1673 2004 1706 accipiam,
2018 1673 2036 1699 fi
2051 1683 2101 1708 qua
2114 1674 2166 1702 {int

1126 1711 1155 1736 in
1166 1710 1219 1735 tuis
1232 1710 1334 1741 literis,
1347 1718 1413 1743 quae
1427 1717 1470 1734 me
1482 1707 1635 1734 mordeant:
1653 1715 1702 1741 ego
1716 1716 1780 1733 vero
1793 1707 1821 1733 in
1834 1707 1971 1741 optimam.
2023 1710 2054 1734 In
2067 1718 2166 1744 cogno.

1126 1744 1222 1770 scendo
1235 1750 1290 1770 tute
1303 1744 1347 1770 liic
1359 1743 1443 1770 aderis
1451 1743 1575 1770 Chaerea.
1617 1748 1647 1768 c.
1683 1742 1738 1775 Ego
1753 1751 1818 1768 vero
1834 1750 1928 1769 maneo
1939 1743 2007 1770 Ter.
2021 1744 2088 1771 Eun.
2101 1753 2125 1778 5,
2139 1754 2166 1778 2,

1125 1786 1162 1810 55.
1215 1778 1288 1804 Idem
1296 1778 1376 1804 Andr.
1390 1787 1411 1810 1,
1421 1787 1448 1811 2,
1463 1786 1488 1810 13
1517 1784 1610 1809 sumo,
1630 1777 1750 1803 Hoccine
1763 1778 1818 1811 agis
1831 1786 1863 1804 an
1875 1780 1948 1805 non?
1967 1785 2018 1806 DA.
2038 1780 2092 1815 Ego
2099 1789 2166 1808 vero

1125 1813 1205 1844 istuc,
1218 1814 1295 1838 intell.
1312 1822 1367 1848 ago.
1522 1810 1544 1850 fl
1565 1820 1582 1839 2
1618 1811 1758 1846 Obseruatt.
1777 1813 1847 1847 Ego,
1861 1820 1903 1840 tu:
1922 1815 2071 1850 Discretiue.
2096 1816 2167 1843 Ter.

1124 1846 1206 1872 Andr.
1223 1854 1245 1880 5,
1259 1849 1285 1879 6,
1299 1856 1317 1879 4
1337 1848 1415 1874 More
1430 1847 1570 1874 hominum
1585 1850 1689 1880 euenit,
1703 1854 1731 1874 vt
1749 1848 1820 1882 quod
1833 1848 1879 1875 sim
1892 1849 1982 1876 nactus
2001 1851 2080 1880 mali,
2093 1852 2167 1885 prius

1125 1882 1275 1908 rescisceres
1294 1889 1338 1914 tu,
1363 1892 1443 1917 quani
1463 1892 1523 1918 ego,
1537 1883 1610 1918 quod
1622 1883 1674 1909 tibi
1691 1885 1782 1910 euenit
1801 1883 1874 1910 boni.
1952 1885 2006 1919 Ego
2025 1886 2125 1918 faxim,
2141 1894 2166 1913 et

1125 1926 1174 1950 ego
1195 1918 1304 1944 faciani:
1320 1925 1370 1953 pro
1385 1920 1455 1950 Fiet,
1469 1922 1569 1945 eueniet.
1605 1919 1685 1945 Plaut.
1701 1919 1774 1953 Capt.
1795 1919 1861 1954 prol.
1882 1922 1913 1952 65
1939 1920 1966 1946 Si
1984 1921 2049 1954 erit,
2063 1931 2111 1956 ego
2127 1923 2167 1949 fa-

1124 1953 1210 1984 ciam,
1229 1959 1258 1979 vt
1272 1962 1384 1987 pugnam
1399 1954 1526 1987 inspectet
1542 1963 1595 1980 non
1610 1953 1715 1980 bonam.
1771 1955 1803 1981 Et
1815 1958 1843 1981 in
1856 1955 1916 1981 Aul.
1932 1964 1954 1988 3,
1970 1963 1991 1988 5,
2005 1965 2033 1982 21
2068 1959 2127 1984 Hoc
2145 1958 2165 1984 fi

1123 1988 1161 2015 ita
1175 1987 1220 2014 fiat
1237 2002 1283 2008 ——
1299 1989 1354 2022 Ego
1368 1989 1451 2015 faxim
1464 1989 1531 2015 muli
1550 1989 1651 2023 pretio,
1660 1990 1708 2024 qui
1728 1991 1848 2024 superant
1866 1998 1962 2024 equos,
1976 1991 2041 2017 fient
2052 1992 2164 2019 viliores

1124 2023 1235 2049 Gallicis
1249 2023 1381 2050 canteriis.
1452 2025 1546 2051 Similis
1559 2024 1618 2060 sere
1637 2028 1719 2057 ratio,
1739 2025 1782 2051 vbi
1795 2024 1913 2051 iudicium
1926 2026 2002 2061 suum
2019 2029 2168 2063 interponit,

1123 2061 1167 2094 qui
1178 2066 1277 2085 narrat.
1314 2058 1414 2086 Sallust.
1429 2059 1456 2085 in
1468 2069 1587 2094 prooem.
1596 2060 1674 2085 Catil.
1694 2059 1743 2085 Sed
1755 2060 1833 2086 inulti
1846 2061 1970 2087 mortales
1983 2062 2066 2089 dediti
2079 2065 2168 2091 ventri

1123 2100 1204 2128 atque
1225 2095 1332 2124 somno,
1356 2095 1474 2126 indocti,
1492 2095 1657 2128 incultique,
1678 2095 1760 2121 vitam
1778 2095 1852 2122 sicuti
1871 2098 2065 2131 peregrinantes
2085 2105 2168 2126 trans-

1124 2138 1210 2163 egere.
1248 2129 1354 2163 Quibus
1367 2130 1489 2164 profetito
1503 2137 1594 2156 contra
1606 2136 1725 2157 naturam
1740 2139 1833 2165 corpus
1846 2132 1986 2166 voluptati,
2003 2135 2090 2161 anima
2104 2144 2169 2161 one-

1123 2165 1149 2192 ri
1169 2165 1231 2191 fuit.
1267 2165 1366 2191 Eorum
1389 2174 1439 2200 ego
1458 2165 1541 2192 vitani
1558 2174 1714 2200 moremque
1738 2166 1812 2193 iuxta
1833 2167 1950 2194 aestimo.
1989 2169 2065 2203 Ouafi
2088 2170 2168 2204 dicat,

1124 2201 1193 2226 Haec
1221 2198 1255 2233 est
1281 2209 1333 2226 mea
1349 2200 1484 2236 sententia.
1554 2201 1608 2235 Ego
1629 2202 1707 2228 alter:
1743 2203 1788 2229 Me
1804 2203 1889 2237 ipsum
1909 2195 2021 2237 accuso:
2030 2206 2124 2232 deinde
2139 2212 2168 2233 te

1123 2235 1195 2270 quali
1211 2244 1253 2262 me
1267 2235 1379 2262 alterum
1393 2236 1449 2262 Cic.
1463 2237 1515 2263 Att.
1537 2245 1560 2269 3,
1575 2244 1608 2269 15.
1645 2238 1716 2263 Fani.
1731 2245 1758 2272 7,
1772 2245 1795 2270 5,
1811 2247 1820 2264 1
1848 2239 1916 2265 Vide
1930 2249 2008 2274 quarn
2021 2241 2090 2268 mihi
2110 2251 2169 2276 per-

1125 2271 1250 2298 suaserim
1259 2291 1265 2302 ,
1278 2277 1304 2298 te
1318 2280 1360 2297 me
1373 2272 1420 2297 efl‘e
1433 2272 1544 2298 alterum
1557 2279 1602 2298 etc.
1671 2273 1726 2308 Ego
1740 2273 1786 2300 ille
1795 2293 1802 2305 ,
1822 2274 1878 2307 rid.
1901 2281 1945 2301 ιιι
1954 2282 1980 2302 E.
2040 2277 2093 2312 Ego
2109 2279 2168 2305 sum

1122 2307 1171 2334 ille
1188 2307 1303 2339 Consul,
1317 2307 1376 2339 cui,
1389 2314 1434 2333 etc.
1455 2308 1512 2333 Cic.
1530 2307 1558 2333 in
1575 2307 1654 2334 Catil.
1670 2317 1698 2342 4,
1712 2317 1733 2335 2.
1803 2309 1875 2336 Idem
1890 2310 1918 2336 in
1932 2311 2010 2338 Cauil.
2024 2320 2044 2343 1,
2056 2321 2073 2347 7
2101 2314 2167 2340 Dixi

1124 2352 1174 2377 ego
1189 2342 1260 2369 idem
1281 2343 1309 2368 in
1322 2343 1432 2375 Senatu,
1452 2342 1559 2369 caedem
1576 2349 1601 2369 te
1615 2345 1774 2378 optimatum
1788 2346 1923 2373 contulill'e
1940 2347 1967 2373 in
1986 2354 2045 2374 ante
2058 2349 2081 2374 V
2095 2350 2168 2378 diem

1454 2380 1485 2404 Et
1504 2388 1552 2413 pro
1566 2379 1636 2406 Sulla
1650 2389 1680 2406 20
1717 2380 1802 2414 Atque
1819 2380 1889 2408 idem
1904 2391 1953 2416 ego
1973 2392 2059 2418 neque
2072 2385 2097 2410 P.
2112 2385 2168 2411 Sul-

1124 2414 1177 2440 lam
1196 2414 1339 2448 supplicem
1358 2415 1444 2446 ferre,
1460 2421 1505 2440 etc.
1526 2414 1611 2449 potui.
1682 2415 1808 2449 Egomet:
1838 2416 1920 2444 Plaut.
1942 2419 2025 2445 Merc.
2048 2427 2071 2452 5,
2095 2428 2118 2451 2,
2142 2428 2167 2447 ιι

1124 2451 1236 2484 Egomet
1253 2449 1322 2476 mihi
1341 2458 1445 2482 come3‚
1459 2450 1585 2483 clauator,
1599 2457 1644 2477 etc.
1700 2451 1773 2477 Idem
1786 2452 1899 2478 Mostell.
1914 2463 1936 2485 2,
1951 2462 1969 2482 1,
1984 2462 2017 2479 20
2056 2455 2167 2488 Egomet

1124 2486 1235 2520 inquam
1247 2485 1314 2512 vidi.
1370 2486 1438 2512 Ter.
1454 2485 1528 2512 Adel.
1541 2495 1569 2519 4,
1583 2495 1606 2518 3,
1621 2495 1645 2518 13
1665 2487 1774 2521 Egomet
1787 2488 1910 2519 narrabo,
1926 2497 1992 2521 quae
2005 2488 2072 2514 mihi
2088 2489 2166 2516 dixti.

1124 2521 1183 2548 Cic.
1196 2522 1274 2548 Verr.
1292 2529 1314 2554 5,
1327 2529 1365 2554 44
1383 2522 1445 2548 Eam
1459 2531 1554 2548 nauem
1567 2530 1651 2555 nuper
1662 2527 1766 2555 egomet
1784 2521 1841 2548 vidi
1856 2522 1954 2548 Veliae.
2025 2524 2090 2551 Vidi
2104 2534 2168 2560 ego-

1538 2557 1647 2589 Egomet
1666 2556 1718 2582 iam
1737 2554 1781 2581 hic
1799 2565 1845 2583 ero
1864 2557 1946 2583 Plaut.
1960 2558 2040 2585 Stich.
2053 2568 2074 2592 1,
2089 2569 2111 2593 2,
2128 2569 2166 2587 10.

1124 2593 1235 2626 Egomet
1256 2600 1360 2617 mecum
1378 2592 1510 2624 cogitare,
1523 2597 1568 2616 etc.
1586 2590 1667 2617 Plaut.
1681 2591 1742 2617 Aul.
1757 2599 1779 2623 2,
1793 2596 1816 2624 8,
1831 2600 1857 2624 9.
1876 2610 1878 2612 v
1929 2593 2052 2628 Egomet,
2065 2602 2167 2623 memet

1125 2626 1268 2653 verberaui
1293 2625 1366 2651 Idem
1383 2625 1479 2659 Amph.
1494 2633 1517 2657 2,
1532 2634 1551 2657 1,
1565 2627 1609 2651 60.
1681 2626 1791 2661 Egomet
1809 2627 1866 2653 suni
1884 2627 1940 2654 hic:
1968 2630 2071 2656 animus
2089 2631 2166 2659 domi

1125 2661 1162 2687 est
1181 2659 1220 2686 Id.
1242 2660 1303 2685 Aul.
1322 2669 1349 2691 2,
1363 2668 1385 2692 2,
1403 2668 1430 2692 4.
1501 2661 1625 2694 Egomet,
1643 2667 1692 2696 pro
1713 2662 1792 2688 Solus.
1827 2663 1907 2689 Plaut.
1927 2664 2022 2698 Amph.
2043 2674 2065 2698 3,
2084 2675 2109 2699 2,
2128 2676 2165 2700 49

1125 2696 1175 2722 Ibo
1186 2700 1305 2729 egomet,
1323 2695 1449 2721 comitem
1460 2694 1528 2721 mihi
1541 2695 1697 2730 pudicitiam
1709 2697 1833 2723 duxero.”
1888 2699 1960 2725 Idem
1977 2700 2054 2727 Poen.
2071 2710 2090 2732 1,
2101 2711 2124 2735 3,
2137 2711 2166 2735 33

1095 2748 1113 2765 0
1124 2731 1150 2757 Si
1163 2739 1267 2765 nequeo
1287 2731 1373 2757 facere
1390 2736 1419 2757 vt
1434 2729 1526 2763 abeas,
1538 2736 1643 2765 egomet
1661 2731 1735 2757 abire
1750 2732 1822 2759 volo.
1893 2735 1948 2760 Cic.
1963 2736 2038 2763 Verr.
2055 2744 2076 2769 5,
2112 2758 2118 2764 .
2155 2758 2164 2765 .

1126 2766 1209 2793 Statui
1227 2772 1332 2800 egomet
1353 2765 1422 2792 mihi
1439 2771 1497 2792 tum
1517 2766 1626 2792 modum
1645 2767 1763 2794 orationi
1781 2777 1862 2795 meae.
1933 2771 2042 2805 Egomet
2056 2782 2165 2808 quoque

1124 2802 1182 2828 eius
1197 2802 1271 2827 causa
1285 2801 1313 2826 in
1325 2800 1403 2826 funus
1417 2800 1517 2834 prodeo
1535 2801 1604 2828 Ter.
1619 2802 1699 2829 Andr.
1714 2812 1733 2835 1,
1751 2812 1770 2836 1,
1783 2809 1820 2833 88.
1891 2805 1997 2839 Egone?
2016 2808 2084 2834 Ter.
2098 2810 2166 2836 Eun.

1124 2844 1148 2869 ς,
1161 2841 1185 2868 8,
1198 2844 1207 2862 ι
1246 2836 1319 2869 Quid
1339 2842 1442 2870 coeptas
1453 2836 1578 2863 Thraso?
1603 2844 1633 2864 T.
1657 2847 1754 2871 egone,
1766 2846 1796 2866 vt
1814 2839 1920 2867 Thaidi
1937 2851 1980 2868 me
1998 2842 2104 2875 dedam,
2117 2852 2164 2871 etc.

1125 2872 1215 2905 Egone
1229 2871 1401 2897 debacchatus
1417 2872 1473 2898 sum
1486 2872 1513 2898 in
1525 2878 1561 2905 te,
1573 2881 1606 2899 an
1621 2880 1648 2899 tu
1662 2874 1690 2899 in
1704 2876 1765 2901 me?
1783 2875 1852 2902 Ter.
1862 2876 1936 2904 Adel.
1950 2886 1974 2908 2,
1988 2887 2005 2908 1,
2020 2888 2054 2911 3ι.
2089 2880 2165 2908 Idem.

1125 2907 1190 2932 Eun.
1207 2915 1227 2939 1,
1241 2915 1263 2939 2,
1279 2915 1313 2933 111
1338 2907 1412 2934 Num
1425 2907 1490 2942 quid
1503 2908 1543 2933 vis
1557 2908 1646 2935 aliud?
1665 2916 1714 2936 PH.
1729 2919 1811 2945 egone
1825 2912 1889 2946 quid
1903 2913 2003 2940 velim?
2075 2915 2165 2950 Egone

1124 2942 1214 2969 illam?
1231 2951 1297 2976 quae
1317 2943 1377 2970 ine?
1397 2951 1464 2977 quae
1483 2943 1577 2970 inum}
1597 2943 1636 2970 Id.
1651 2945 1715 2972 Eun.
1731 2955 1751 2979 1,
1770 2955 1790 2978 1,
1803 2955 1845 2973 20.
1918 2949 2007 2983 Egone
2028 2949 2091 2976 istuc
2104 2950 2163 2978 dixi

1124 2979 1257 3013 vnquam3
1273 2985 1304 3004 Ν.
1326 2979 1362 3004 ita
1382 2979 1463 3005 Plauut.
1482 2978 1573 3005 Bacch.
1593 2990 1619 3013 4,
1633 2988 1659 3014 7,
1673 2985 1695 3010 8.
1765 2982 1855 3016 Egone
1874 2983 1977 3011 feram?
1996 2985 2069 3011 Idem
2082 2987 2163 3014 Curc.

1123 3022 1144 3046 ι,
1161 3023 1181 3046 ι,
1195 3023 1232 3040 ιο.
1314 3014 1421 3048 Egone,
1441 3016 1541 3048 egone?
1565 3015 1766 3051 Conduplicatum
1782 3018 1880 3053 aliquid
1900 3019 1971 3046 babet
1984 3020 2122 3052 ,venustatis
2133 3026 2162 3048 in

1121 3048 1309 3085 interrogando.
1363 3049 1444 3076 Plaut.
1458 3051 1536 3076 Pocn.
1550 3059 1570 3083 1,
1583 3061 1602 3083 3,
1617 3060 1644 3083 ι9
1682 3053 1772 3078 Meum
1791 3053 1827 3079 est
1847 3053 1911 3081 istuc
1931 3055 2013 3089 magis
2031 3055 2162 3090 officium,

1995 3091 2058 3118 Non
2073 3098 2097 3118 te
2111 3093 2161 3119 mi-

1123 3122 1190 3147 seret
1211 3120 1265 3146 niei
1280 3120 1349 3147 Ter.
1368 3120 1450 3147 Andr.
1472 3129 1494 3154 5,
1514 3130 1539 3153 2,
1560 3126 1597 3152 28.
1674 3123 1793 3156 Faciam,
1812 3124 1868 3150 inei
1885 3126 1985 3160 semper
2006 3128 2161 3154 memineris

1121 3155 1196 3196 Ideni
1215 3156 1280 3181 Eun.
1293 3164 1320 3189 4,
1332 3163 1358 3190 7,
1373 3164 1409 3188 3¹·
1479 3157 1551 3183 Mihi
1572 3157 1679 3192 pulchra
1699 3159 1758 3185 satis
1778 3159 1814 3186 est
1843 3160 1924 3187 Plaut.
1945 3161 2024 3188 Stich.
2044 3173 2072 3196 4,
2092 3172 2116 3194 t,
2130 3172 2159 3196 4.

1123 3191 1194 3218 Mihi
1213 3191 1282 3217 sum:
1301 3191 1383 3217 Plaut.
1405 3192 1508 3219 Mollel.
1522 3203 1550 3227 4,
1562 3202 1586 3225 2,
1602 3204 1620 3228 4
1646 3193 1717 3221 Mihi
1737 3195 1859 3222 molestus
1878 3206 1910 3222 ne
1929 3196 1967 3223 lis.
1985 3204 2036 3224 ΤΚ.
2053 3198 2114 3224 vide
2129 3205 2159 3225 vt

1123 3226 1224 3253 fastidit
1236 3226 1318 3252 fimia.
1338 3233 1367 3253 D.
1380 3227 1534 3260 minirum,
1548 3228 1580 3255 sic
1595 3230 1660 3256 sum.
1714 3230 1784 3257 Mihi
1803 3237 1831 3257 tu
1847 3231 1949 3258 dederis
1968 3233 2079 3267 pallam?
2104 3233 2160 3260 Ad-

349 3263 407 3289 Sen.
419 3262 482 3289 Nat.
495 3262 601 3296 Quaest.
613 3271 637 3295 3,
650 3271 682 3294 30
704 3261 937 3297 Quemadmodum
947 3270 1060 3296 corpora
1078 3271 1107 3300 85
1123 3265 1255 3294 mirariue,
1269 3268 1293 3288 et
1305 3266 1418 3298 negatiue
1426 3262 1508 3297 Jimul.
1544 3265 1625 3291 Plaut.
1638 3266 1709 3292 Men.
1724 3276 1752 3300 4,
1766 3275 1788 3298 3,
1800 3275 1816 3299 9
1854 3267 1924 3294 Mihi
1942 3274 1970 3294 tu
1988 3268 2090 3294 dederis
2105 3269 2159 3303 pal-

1124 3297 1175 3324 lam
1188 3304 1213 3324 et
1226 3299 1342 3331 spinter3
1360 3307 1495 3334 nunquam
1507 3299 1607 3326 faustum
1620 3302 1744 3335 reperies.
1798 3301 1870 3328 Idem
1884 3304 1959 3338 Capt.
1986 3323 1992 3329 .
2020 3323 2025 3328 .
2052 3323 2059 3329 .
2097 3305 2160 3331 Esu-

1123 3334 1178 3360 rire
1196 3333 1264 3359 mihi
1277 3333 1378 3360 videre.
1391 3341 1418 3361 R.
1431 3334 1501 3361 mihi
1513 3334 1621 3370 quidem
1635 3337 1738 3369 esurio,
1758 3346 1812 3363 non
1832 3337 1891 3364 tibi.
1961 3338 2001 3364 Mi
2018 3345 2067 3373 pro
2089 3340 2160 3368 mihi

1123 3369 1209 3395 Varro
1224 3369 1255 3395 R.
1269 3369 1300 3396 R.
1314 3377 1340 3401 2,
1355 3377 1376 3402 ς.
1413 3371 1516 3397 Luci-et.
1531 3379 1554 3402 3,
1568 3373 1615 3397 106
1634 3372 1705 3398 Mihi
1717 3373 1833 3399 abundat.
1853 3373 1892 3399 Ad
1906 3373 1950 3399 illa
1962 3373 2030 3400 milii
2044 3375 2160 3410 quisque
2179 3374 2182 3375 ⁷

1123 3404 1238 3431 attendat
1255 3405 1373 3431 animum
1394 3405 1455 3431 Liu.
1475 3407 1558 3440 praef.
1627 3407 1752 3434 Mihine3
1771 3409 1838 3434 Ter.
1858 3407 1939 3434 Andr.
1954 3415 1977 3440 5,
1997 3418 2020 3442 2,
2033 3415 2046 3439 8
2084 3411 2159 3445 Qiid

1078 3451 1115 3476 90
1124 3440 1181 3466 istic
1202 3440 1253 3467 tibi
1275 3440 1378 3475 negotii
1399 3441 1452 3467 est3
1478 3447 1504 3468 C.
1518 3441 1639 3468 mihine?
1663 3449 1686 3469 S.
1701 3444 1746 3470 ita.
1770 3449 1796 3469 C.
1821 3443 1936 3469 mihine?
1963 3451 1985 3470 s.
2007 3444 2059 3471 tibi
2084 3455 2159 3482 ergo.

1122 3475 1192 3502 Ibid.
1206 3484 1228 3508 3,
1242 3484 1262 3508 ι,
1277 3484 1305 3509 19
1326 3476 1400 3510 Quid
1412 3476 1517 3504 credas?
1555 3477 1606 3504 naui
1620 3487 1674 3504 non
1688 3478 1739 3505 tibi
1751 3479 1897 3504 renuntiata
1912 3477 1961 3504 fint
1972 3478 2035 3506 haec
2045 3480 2078 3508 fic
2090 3482 2159 3510 fore.

1124 3518 1148 3538 s.
1160 3511 1265 3537 mihine
1276 3511 1433 3546 quisquam?
1503 3514 1543 3539 Mi
1565 3515 1642 3539 iuuet:
1666 3514 1746 3540 Plaut.
1759 3514 1854 3547 Amph.
1867 3522 1893 3546 2,
1907 3522 1927 3546 1,
1940 3521 1971 3546 50
1997 3515 2107 3551 Neque,
2120 3519 2159 3545 ita

1123 3555 1166 3573 nie
1180 3546 1219 3573 dii
1237 3552 1340 3580 ament,
1354 3547 1493 3575 credebam
1510 3549 1598 3583 primo
1617 3548 1739 3575 mihimet
1752 3548 1844 3574 Sosiae.
1899 3549 2025 3577 Mihiinct
2041 3552 2088 3586 ipsi
2100 3554 2158 3581 Cic.

1124 3581 1239 3616 Mihipte
1254 3583 1321 3609 Cato
1335 3590 1376 3618 ap.
1393 3583 1459 3610 Fest.
1538 3585 1582 3611 Me
1594 3584 1674 3611 viuo:
1696 3584 1778 3610 Plaut.
1791 3583 1871 3610 Stich.
1885 3593 1905 3617 1,
1920 3593 1942 3617 2,
1956 3593 1987 3620 75
2007 3588 2094 3615 Vosne
2108 3598 2159 3624 ego

1834 3620 1879 3645 Me
1891 3620 1966 3647 vide:
1986 3622 2058 3649 Idem
2075 3625 2159 3652 Trin.

1125 3661 1149 3685 3,
1161 3661 1184 3684 3,
1197 3660 1232 3687 79
1253 3652 1333 3679 Nihil
1346 3652 1378 3679 de
1399 3654 1471 3688 signo
1484 3655 1556 3690 quod
1574 3661 1695 3684 vereare,
1707 3662 1749 3679 me
1771 3652 1842 3680 vide.
1876 3655 1945 3683 Add.
1960 3657 2027 3684 Ter.
2040 3660 2121 3687 Andr.
2136 3669 2161 3693 2,

1126 3696 1150 3718 2,
1165 3696 1197 3719 ¹3·
1234 3687 1315 3714 Plaut.
1330 3689 1413 3716 Merc.
1427 3698 1449 3723 5,
1463 3699 1490 3723 4,
1506 3698 1541 3723 53.
1595 3690 1640 3714 Me
1657 3688 1753 3722 speeies
1766 3690 1847 3716 Plaut.
1862 3690 1931 3717 Asin.
1945 3701 1968 3725 3,
1981 3702 2003 3725 3,
2017 3701 2060 3728 70.
2114 3697 2160 3722 Me

1125 3723 1265 3756 miseram,
1296 3723 1493 3752 Blandimentum
1512 3725 1652 3754 mulierum,
1674 3734 1729 3750 cum
1749 3727 1923 3753 exclamatione
1942 3729 2054 3763 quadam.
2089 3731 2160 3758 Ter.

1127 3757 1207 3785 Andr.
1221 3768 1248 3791 4,
1261 3766 1285 3791 5,
1299 3768 1343 3792 49.
1359 3767 1382 3786 et
1397 3760 1472 3786 Adel.
1485 3769 1507 3791 3,
1523 3768 1546 3789 2,
1560 3767 1577 3793 7
1599 3759 1644 3784 Me
1656 3760 1788 3794 miseram,
1800 3762 1927 3796 quidnam
1941 3763 1977 3789 est
1990 3765 2061 3799 quod
2075 3766 2107 3792 fic
2121 3767 2162 3793 vi·

1776 3797 1854 3823 Mene
1873 3800 1995 3832 quaerit?
2024 3807 2045 3827 S.
2066 3810 2162 3828 verum

1125 3829 1194 3859 Ter.
1209 3829 1283 3856 Adel.
1297 3839 1325 3862 4,
1339 3840 1363 3862 2,
1378 3840 1405 3863 4.
1460 3831 1555 3863 Neque
1571 3829 1680 3857 domum
1699 3840 1815 3867 vnquam
1833 3832 1866 3859 ad
1887 3843 1929 3859 une
1946 3834 2036 3861 literas
2055 3838 2161 3863 mittam

1126 3866 1181 3891 Cic.
1200 3865 1271 3891 Fam.
1284 3874 1307 3897 3,
1322 3871 1335 3895 8
1349 3872 1412 3891 extr.
1425 3866 1521 3890 Gracu.
1539 3865 1591 3891 vid.
1615 3872 1665 3892 AD
1688 3873 1734 3893 TE
1749 3868 1797 3903 fiib
1824 3874 1884 3894 TV.
1921 3871 1943 3896 A
1958 3879 2000 3896 me
2023 3879 2162 3905 argentum

1125 3900 1186 3926 dedi
1205 3899 1288 3927 Plauut.
1302 3901 1383 3926 Trin.
1407 3909 1426 3931 1,
1439 3909 1461 3931 2,
1482 3908 1535 3933 145.
1555 3903 1573 3928 1’.
1593 3900 1622 3926 dr
1641 3911 1698 3928 meo.
1733 3903 1807 3938 Conf.
1825 3903 1898 3930 Idem
1919 3905 2007 3931 Pseud.
2027 3915 2052 3937 2,
2072 3916 2101 3939 4,
2118 3914 2160 3939 45.

1124 3937 1192 3962 Ante
1214 3934 1370 3970 lifinitiuum
1390 3936 1434 3960 Me
1448 3935 1523 3970 saepe
1543 3939 1676 3964 omittitur.
1717 3939 1775 3964 Via'.
1798 3939 1865 3965 Cort.
1883 3940 1917 3966 ad
1935 3940 1994 3966 Sall.
2014 3942 2070 3975 lug.
2089 3950 2117 3974 4,
2135 3950 2162 3968 2.

1319 4004 1335 4032 S
1354 4012 1364 4031 s
1400 4013 1414 4032 2
2014 4016 2163 4039 EGRANA-
