2479 4225
2366 101 2375 114 Ι

314 196 378 240 335
682 178 1023 223 GRA*
1255 156 1263 159 ’
1765 176 1837 233 ,εἰ
1925 176 2083 218 RA
2361 184 2431 231 836

315 277 353 302 tia
369 280 394 300 te
413 280 520 307 operam
537 272 599 300 dare
616 271 700 304 mihi,
718 276 743 297 et
762 269 793 295 ad
805 275 862 294 eam
881 275 989 302 operam
1007 267 1093 295 facere
1110 266 1222 293 sumtum
1240 264 1272 291 de
1285 270 1341 292 tuo.
1401 268 1470 304 Nep.
1483 274 1516 301 ις,
1528 276 1556 300 4,
1569 274 1591 292 2.
1660 264 1749 292 Gratis
1767 269 1793 291 et
1813 265 1866 292 fine
1882 263 2003 292 mercede
2020 265 2090 293 Suet.
2103 266 2135 293 de
2150 266 2219 294 Clar.
2232 267 2349 294 Gramm.
2362 276 2384 293 c.
2398 270 2433 301 ¹3?

315 308 336 347 q
358 319 376 343 4
411 309 533 342 Gratiae,
553 309 620 335 Plur.
641 306 768 333 adhibetur
787 305 904 338 inprimis
922 313 975 330 cum
988 303 1059 330 verbo
1073 303 1157 336 Agere
1169 307 1192 327 et
1211 300 1342 333 deriuatis,
1400 301 1421 340 q
1443 312 1455 330 2
1495 303 1598 330 Videtur
1612 299 1761 327 Aduerbium
1773 301 1819 327 hoc
1832 301 1919 327 Gratis
1936 300 2090 328 contrabium
2107 312 2137 328 ex
2149 303 2266 330 Ablatiuo
2280 304 2349 338 plur.
2369 303 2431 330 Gra-

315 344 349 371 ad
364 344 497 379 aagendam
516 342 704 379 magnitudinem
721 337 837 373 beneficii.
883 337 961 365 Aetio
980 339 1122 374 gratiarum
1140 342 1166 363 et
1183 335 1343 370 congratula-
1400 339 1459 366 tiis:
1478 348 1501 375 q.
1515 338 1538 364 d.
1551 344 1600 372 pro
1612 336 1675 372 solit
1688 336 1778 370 gratiis
1791 335 1854 362 nullo
1868 336 2031 369 intercedente
2043 337 2092 365 alio
2101 342 2192 373 pretio.
2228 338 2308 365 Plaut.
2322 337 2349 364 in
2364 337 2430 372 prol.

315 380 354 406 tio
371 380 426 406 Cic.
442 379 471 405 in
483 379 554 406 Brut.
568 387 589 410 3.
638 374 708 409 Conf.
731 374 806 399 Curt.
826 381 853 405 4,
871 382 905 407 11,
925 376 962 401 16.
1018 373 1107 400 Tacit.
1122 373 1189 398 Ann.
1210 380 1249 404 14,
1263 373 1303 403 56,
1316 374 1342 397 6.
1402 374 1470 401 Afin.
1485 382 1497 407 ς
1525 375 1579 408 Age
1597 381 1665 398 nunc
1679 371 1776 403 relide,
1791 380 1854 397 caue
1866 370 1948 397 modo
1961 380 1993 397 ne
2006 371 2105 405 gratiis.
2175 373 2270 407 Neque
2284 372 2431 401 triobulum

316 414 454 441 Actionem
468 414 607 449 gratiarum
627 410 659 436 ab
674 409 762 442 aliquo
777 407 920 435 desiderare
936 408 990 436 Cic.
1004 410 1075 436 Fam.
1089 416 1126 439 10,
1141 416 1178 440 19.
1248 407 1340 432 Imme-
1363 409 1377 436 5
1402 410 1500 436 amicae
1517 409 1577 440 das,
1597 414 1621 433 et
1635 406 1723 433 du6ias
1741 406 1832 439 gratiis
1846 406 1926 432 Plaut.
1941 408 2018 432 Poen.
2032 415 2060 439 4,
2073 415 2098 438 2,
2111 409 2154 441 46.
2209 409 2278 435 Ter.
2292 408 2397 435 Phorm.
2409 416 2431 443 3,

315 458 376 476 mor
396 450 538 483 gratiarum
557 453 632 473 nemo
646 449 731 477 gratus
747 443 868 470 inuentus
886 444 921 471 est
939 445 1012 471 Idem
1025 444 1081 479 post
1093 442 1148 469 red.
1163 443 1191 468 in
1205 441 1289 468 Senat.
1303 450 1344 467 22.
1403 453 1428 476 2,
1442 452 1466 477 [ς
1500 446 1536 471 Vt
1549 443 1688 478 phaleratis
1701 441 1777 468 dietis
1795 441 1871 467 ducas
1884 451 1940 472 me,
1952 447 1977 468 et
1991 450 2076 468 meam
2096 441 2307 478 dufiies‘gratiis3
2358 443 2430 471 Idem

315 484 363 512 Sed
380 485 469 512 Tacit.
483 486 547 510 Ann.
564 489 597 509 12,
614 486 638 510 ις
670 478 776 505 Gratiae
794 484 914 506 externae
926 480 988 516 sunt
1006 481 1130 506 amicitiae
1140 477 1165 514 ſs
1184 480 1265 503 amici.
1302 477 1344 503 Sic
1403 480 1477 506 Adel.
1492 489 1520 513 4,
1533 487 1558 514 7,
1571 480 1603 505 26
1621 478 1717 512 Aliquo
1730 476 1878 503 abiicienda
1892 477 1942 509 est,
1954 477 1972 503 fi
1984 486 2038 503 non
2052 478 2152 512 pretio,
2165 479 2265 512 gratiis.
2308 479 2432 505 Bentleius

316 521 460 554 Acquirere
480 525 504 544 et
522 516 634 543 retinere
652 515 763 547 gratias,
781 517 799 540 i.
819 519 910 541 amicos
930 516 983 542 Cic.
1000 517 1050 542 Att.
1066 522 1116 547 1,1.
1187 514 1269 546 Agere
1287 520 1343 546 gra·
1402 515 1435 540 ad
1446 515 1470 541 h.
1483 516 1500 541 Ι.
1515 515 1611 541 Certum
1630 511 1678 546 est,
1691 515 1787 548 inquit,
1800 521 1843 537 nec
1865 513 2007 540 Terentium
2026 521 2069 538 nec
2090 514 2203 539 Plautum
2221 522 2328 549 unquam
2346 512 2431 547 dixffi

2470 364 2479 486 *mate-sz-
2468 256 2479 346 *ez-trs·-

316 555 365 582 tias
380 553 411 588 est
425 553 497 587 loqui
511 548 666 576 beneficium
677 555 701 575 et
717 559 910 583 commemorare,
922 560 992 586 quam
1005 548 1108 584 illudstt
1120 548 1189 574 nobis
1202 547 1343 579 iucundum,
1402 550 1503 580 Gratis,
1513 550 1608 586 semper
1627 548 1796 583 τρισυλλάβως
1809 547 1918 574 Gratiis.
2078 547 2098 584 fl
2118 557 2129 580 3
2165 549 2253 575 Gratis
2265 555 2316 584 pro
2329 548 2435 585 frustra*

315 592 356 617 vel
373 589 437 624 apud
456 586 531 621 ipfiem
549 586 592 619 qui
610 583 714 615 tribuit,
732 586 773 611 vel
789 585 855 620 apud
872 587 942 612 alios.
1011 587 1067 612 Iam
1079 592 1132 610 non
1150 584 1207 618 Ago
1221 582 1273 609 tibi
1286 591 1343 617 gra·
1355 595 1385 614 10
1401 584 1651 617 Petr.Chrysologus
1664 583 1744 610 Serm·
1759 588 1771 613 8
1785 589 1849 609 extr.

317 626 377 652 tias.-
395 623 434 649 cui
450 621 519 647 enim
533 628 562 646 re
576 619 622 645 vix
633 620 733 646 referre
751 622 849 655 possum
860 641 869 653 ,
888 621 949 648 huic
966 621 1054 649 ‘vertis
1071 628 1125 647 non
1140 619 1238 653 patitur
1252 627 1293 644 res
1305 619 1342 644 sa·
1438 626 1544 647 GRAT
1554 627 1593 646 ιτ
1604 621 1648 644 VD
1658 624 1694 651 o,
1714 619 1775 645 i'nis.
1794 618 1811 644 s.
1854 618 1907 643 Vox
1919 617 2041 644 veteribus
2050 617 2155 654 prorsus
2167 618 2291 651 inaudita,
2305 617 2432 654 nilisor'te

316 658 408 687 tisfieri
427 657 497 682 Brut.
511 654 543 681 ad
556 655 610 681 Cic.
625 655 696 681 Fam.
715 664 747 687 11,
767 664 799 687 13.
872 656 979 683 Gratias
992 656 1076 684 verbis
1088 653 1246 688 ampliffimis
1267 653 1342 679 Idem
1401 658 1529 691 antiquum
1541 662 1658 691 putamus
1669 655 1754 681 lemma
1767 653 1824 681 Val.
1836 653 1906 679 Max.
1919 660 1941 686 5,
1954 661 1971 678 2
1989 652 2021 678 de
2035 653 2212 680 Gratitudine.
2258 655 2355 680 Veteres
2371 653 2434 681 Grass

316 694 423 725 Philipp.
439 699 458 722 1,
471 699 483 722 3
498 699 518 716 c.
533 699 552 716 1.
608 690 770 716 Immortales
789 691 827 717 Id.
842 691 913 717 Fam.
934 700 971 723 10,
987 700 1015 719 er.
1068 689 1238 717 Incredibiles
1258 690 1304 715 suo
1315 694 1342 714 et
1401 697 1457 717 tum
1470 691 1587 717 animum
1602 690 1696 716 dicunt.
1749 712 1752 713 .
1844 686 1864 751 Ξ
1885 696 1900 714 2
1935 689 1984 715 Pro
2003 688 2156 715 iucunditate
2169 690 2270 725 saporis
2286 687 2373 721 dixiffe
2391 698 2443 716 va.⁴

315 728 418 755 alterius
437 726 545 751 nomine
564 734 609 760 per
628 725 716 752 literas
739 725 796 752 Cic.
814 727 886 752 Fam.
904 735 938 758 ις,
957 731 996 756 28.
1013 724 1017 728 '
1055 728 1193 761 Ingentes,
1213 724 1266 750 vid.
1295 731 1342 750 IN·
1400 727 1457 753 lunt
1469 727 1590 761 Apicium
1606 734 1628 757 3,
1641 733 1667 758 4.
1702 724 1749 752 Sed
1766 724 1803 751 ibi
1820 727 1849 751 ni
1866 725 1887 751 i!
1904 721 1945 757 cst.
1998 724 2030 750 Ec
2041 732 2064 755 3,
2079 726 2095 749 6
2115 733 2160 759 quo
2173 725 2290 751 videntur
2306 721 2443 760 respit-‘tersa¹

316 767 405 788 GENS.
461 760 604 787 Iustiffimas
635 761 690 787 Cic.
710 760 743 786 de
761 760 852 795 Legib.
874 770 897 793 2,
916 764 941 788 6.
993 761 1075 788 Miras
1106 761 1178 787 Idem
1193 760 1245 786 Ait.
1265 762 1302 792 16,
1316 767 1341 793 7.
1356 762 1382 789 1⁵
1400 761 1548 789 Granitudo
1561 760 1609 793 est,
1627 769 1653 786 υ.
1668 768 1694 786 v.
2436 782 2439 786 s

313 796 386 830 Apud
400 795 515 830 aliquem
529 796 651 823 mirificas
665 796 702 824 Id.
717 796 788 822 Fam.
802 805 836 830 13,
849 805 890 829 43.
945 797 1091 830 Singulares
1105 797 1159 823 Cic.
1167 796 1237 822 Fam.
1254 803 1286 826 13,
1299 803 1343 827 42.
1438 804 1459 824 G
1469 803 1547 824 RAT
1557 803 1576 822 V
1586 802 1692 827 ITVS,
1712 799 1750 825 a,‘
1758 803 1812 821 um.
1849 794 1910 821 Adi.
1946 791 2074 827 [ἔμιιθος]
2110 793 2183 829 Quod
2202 792 2277 820 datur
2295 797 2392 830 gratis,
2410 799 2436 821 ee

312 831 404 858 Habeo
425 832 468 865 pol
490 832 548 858 Diis
568 832 677 865 gratias,
691 840 753 857 cum
769 831 798 857 in
819 831 945 865 pariendo
963 832 1066 867 aliquot
1088 832 1227 858 adfuerunt
1244 830 1343 856 liberae
1395 831 1450 867 fine
1464 835 1589 867 praemio:
1614 838 1644 857 vt
1663 834 1843 865 interpretatur
1860 830 1901 856 his
1920 830 2011 856 verbis.
2048 828 2105 855 Cic.
2122 830 2154 855 de
2167 829 2260 863 Legib.
2281 837 2301 861 ι,
2321 834 2354 862 48
2373 838 2394 855 c.
2410 833 2437 860 18
2477 833 2479 839 ⁴

312 867 379 893 Ter.
392 865 473 893 Andr.
492 877 520 900 4,
534 874 556 899 ς,
570 875 603 898 31.
640 866 686 893 sed
695 866 855 902 frequentius
872 869 1008 894 inuenimus
1020 868 1138 894 Gratiam
1158 866 1253 892 habere
1272 875 1344 901 quam
1403 868 1474 902 Qtid
1496 867 1656 894 liberalitas?
1675 865 1822 900 gratuitane
1844 865 1894 897 est,
1906 874 1938 892 an
1958 864 2135 891 mercenaria?
2156 864 2208 891 sine
2225 865 2344 899 praemio
2363 864 2436 896 beni-

311 903 422 928 Gratias.
489 902 580 928 Tacit.
594 902 711 934 Arm-12,
724 909 758 936 37
782 902 953 936 Agrippinam
974 912 1080 938 quoque
1099 902 1168 929 haud
1188 901 1278 936 procul
1290 901 1344 927 alio
1403 912 1452 938 gna
1463 903 1498 930 est
1514 909 1539 929 et
1555 902 1682 937 gratuita:
1699 901 1716 927 fi
1730 910 1790 926 cum
1805 900 1939 933 mercede,
1954 899 2091 927 conducta.
2147 901 2177 926 Et
2187 907 2234 935 pro
2248 900 2324 926 Font.
2338 908 2371 926 22
2389 900 2438 926 Po.

311 937 428 972 suggestu
441 938 622 972 conspicuam,
643 937 750 968 iisdem,
769 937 864 972 quibus
877 938 1036 971 principem,
1049 938 1185 968 laudibus,
1199 937 1344 971 gratiisque
1356 943 1391 962 20
1403 939 1473 965 testis
1486 939 1568 972 igitur
1582 938 1686 972 ignotos
1699 936 1769 963 notis
1788 951 1833 956 —
1852 936 2029 964 mercenarios
2042 935 2162 970 gratuitis
2176 935 2323 962 anteferre?
2364 935 2445 963 .Cic..

310 973 429 1000 venerati
445 973 511 999 sunt.
545 974 583 999 De
596 973 695 1000 Gratiis
708 973 772 1008 quod
783 971 936 999 contrabium
950 971 983 1005 est
995 976 1022 999 in
1036 975 1123 1000 Gra-tis
1140 973 1192 999 via'.
1200 981 1228 1008 p.
1237 980 1265 1007 p.
1279 972 1302 998 h.
1318 981 1343 997 v.
1406 973 1438 1000 de
1451 974 1487 1000 N.
1503 975 1535 1000 D.
1551 983 1569 1004 1,
1583 982 1620 1000 ιιι
1646 974 1718 999 Prata
1734 978 1760 998 et
1772 980 1834 998 arua
1842 978 1868 998 et
1882 971 2010 1005 pecudum
2024 979 2113 1006 greges
2127 970 2273 1005 diliguntur
2285 971 2335 997 iuo
2346 969 2438 1005 modo,

311 1006 333 1044 fl
353 1016 366 1041 ς
400 1008 522 1040 Gratiae,
535 1017 594 1044 quae
607 1011 679 1034 etiam
692 1009 783 1035 Graeco
791 1012 886 1035 nomine
892 1008 1012 1035 Charites
1025 1010 1186 1044 appellantur,
1200 1010 1264 1034 Deae
1275 1016 1344 1043 qnae-
1405 1009 1476 1044 quod
1493 1009 1596 1036 fruetus
1614 1018 1644 1035 ex
1659 1008 1699 1034 his
1712 1007 1863 1042 capiuntur:
1884 1007 2023 1034 hominum
2041 1007 2136 1033 caritas
2154 1012 2180 1033 et
2193 1006 2311 1033 amicitia
2324 1006 2438 1041 gratuita

312 1045 368 1070 dam
380 1050 405 1070 et
414 1043 554 1069 venustatis
568 1050 592 1069 et
608 1043 749 1070 amicitiae.
805 1045 877 1070 Seru.
889 1044 923 1070 ad
937 1045 1001 1070 Aen.
1015 1053 1035 1077 1,
1048 1052 1097 1079 720
1124 1044 1241 1071 Acidalia
1255 1044 1344 1069 Venus
1405 1044 1450 1071 est.
1520 1045 1642 1079 Hospitia
1661 1044 1687 1070 ei
1707 1043 1821 1078 gratuita
1838 1042 1977 1069 decreuere
1994 1042 2060 1068 Plin.
2073 1050 2111 1075 33,
2123 1050 2149 1075 9.
2219 1042 2275 1068 Cic.
2289 1041 2321 1067 de
2333 1041 2391 1067 Fin.
2411 1050 2438 1074 2,

2477 798 2479 829 „.
2473 680 2479 780 -Lom
2472 609 2479 663 «2:-
2470 526 2479 591 Pur-x.

311 1094 357 1100 ——-
372 1088 386 1105 a
397 1079 472 1105 fonte
484 1079 604 1105 Acidalio
623 1094 666 1098 —
684 1079 713 1104 in
730 1088 783 1113 quo
802 1080 827 1105 se
841 1081 946 1105 Gratiae
965 1080 1067 1112 lauant,
1087 1089 1153 1115 quos
1166 1079 1265 1106 Veneri
1284 1087 1344 1104 con-
1404 1088 1439 1113 99
1458 1080 1575 1107 Innatam
1589 1081 1636 1106 effe
1654 1079 1758 1105 homini
1775 1077 1935 1113 probitatem
1953 1078 2110 1113 gratuitam,
2126 1086 2181 1104 non
2199 1083 2343 1103 mutuatam
2362 1076 2439 1107 volu,-

311 1114 359 1141 stat
378 1115 426 1140 esse
443 1115 559 1140 sacratas.
612 1113 693 1148 Ipsius
710 1114 781 1140 enim
802 1121 827 1141 et
847 1115 939 1141 Liberi
958 1114 1027 1141 filiae
1044 1116 1117 1146 sunt,
1134 1124 1181 1142 nec
1201 1115 1344 1141 immerito.
1356 1120 1387 1146 25
1405 1115 1534 1150 ptatibus,
1556 1124 1603 1141 nec
1618 1116 1797 1150 praemiorum
1810 1113 1974 1140 mercedibus
1987 1119 2131 1140 euocatam.
2200 1112 2328 1147 Suffragia
2341 1112 2440 1147 gratui-

311 1150 418 1176 Gratiae
431 1150 501 1176 enim
515 1158 560 1183 per
573 1148 668 1175 horum
682 1158 790 1176 munera
803 1150 859 1176 fere
872 1149 1054 1177 conciliantur.
1107 1150 1172 1177 Ideo
1191 1157 1277 1177 autem
1296 1158 1343 1175 nu-
1404 1156 1430 1178 ta
1442 1150 1512 1178 ferre
1525 1151 1579 1177 Cic.
1594 1160 1642 1185 pro
1657 1151 1740 1177 Plane.
1757 1152 1792 1176 16.
1862 1150 1998 1184 Quantitas
2011 1151 2099 1175 tertiae
2107 1148 2229 1184 ffirssabae,
2236 1148 2342 1184 prorsus
2354 1145 2439 1181 elian-

291 1203 294 1206 ι
310 1185 359 1211 dae
376 1186 447 1215 sunt,
465 1185 536 1219 quod
549 1184 647 1218 gratiae
660 1184 711 1210 sine
725 1185 786 1211 fuco
799 1186 846 1211 effe
859 1185 968 1217 debent3
990 1185 1052 1213 ideo
1066 1195 1213 1217 connexae,
1228 1185 1290 1220 quia
1304 1185 1343 1210 in·
1405 1194 1477 1222 ceps,
1496 1186 1572 1213 eodem
1600 1185 1669 1212 modo
1693 1192 1723 1213 vt
1742 1188 1769 1212 in
1790 1186 1931 1219 Fortunas,
1953 1187 2022 1211 cuius
2045 1187 2145 1211 tertiam
2168 1184 2295 1210 Horatius
2316 1182 2442 1218 produxit

311 1220 437 1247 solubiles
455 1221 504 1246 ess'e
523 1219 618 1254 gratias
637 1219 717 1246 decet.
772 1221 899 1247 Horatius
921 1220 989 1253 (od.
1002 1230 1024 1254 3,
1043 1224 1088 1253 21)
1108 1223 1240 1258 Segnesque
1256 1219 1343 1246 nodum
1406 1223 1494 1249 Carm.
1508 1230 1533 1254 2,
1547 1229 1582 1254 ις,
1593 1229 1630 1256 ¹7·
1683 1222 1744 1248 Stat.
1758 1220 1822 1247 Silu.
1837 1229 1858 1253 1,
1871 1222 1897 1252 6,
1912 1222 1940 1246 16
1969 1221 1999 1246 Et
2013 1228 2075 1254 quas
2093 1215 2246 1254 praecoquit
2259 1219 2364 1246 Ebolita
2380 1226 2440 1246 can-

303 1255 400 1291 soluere
414 1256 523 1282 Gratiae.
561 1254 640 1288 Qiod
660 1264 727 1281 vero
744 1264 794 1281 vna
811 1257 901 1283 auersa
918 1257 1050 1292 pingitur,
1070 1257 1137 1283 duae
1155 1257 1186 1283 ad
1200 1265 1247 1282 nos
1264 1255 1343 1289 respi-
1403 1266 1466 1290 nas,
1502 1257 1592 1292 Largis
1604 1257 1748 1292 gratuitum
1759 1256 1827 1283 cadit
1840 1256 1948 1290 rapinis.
1983 1256 2046 1282 Sunt
2057 1255 2181 1281 Phaleuci.
2402 1249 2412 1260 ‘

311 1291 424 1322 cientes,
443 1290 505 1316 haec
517 1291 586 1316 ratio
599 1290 649 1322 est,
671 1291 733 1325 quia
751 1291 869 1325 profe&a
887 1301 901 1318 a
914 1292 991 1319 nobis
1006 1293 1089 1327 gratia
1107 1292 1202 1326 duplex
1218 1291 1284 1317 solet
1303 1300 1343 1317 re-
1355 1300 1387 1324 30
1441 1299 1600 1320 GRATVI
1612 1299 1634 1319 Τ
1646 1300 1674 1320 Ο.
1711 1291 1779 1318 Adu.
1815 1291 1931 1326 [ἅμιιθί]
1968 1291 2035 1318 Idem
2053 1290 2117 1326 quod
2135 1291 2231 1317 Gratis.
2267 1289 2323 1317 Cic.
2342 1289 2393 1317 Off.
2411 1297 2440 1323 2.

308 1326 395 1357 verti,
416 1325 485 1351 vnde
503 1325 538 1352 esi
551 1329 593 1357 (v.
609 1329 673 1358 548)
696 1327 748 1352 Nec
767 1335 790 1352 n·
806 1326 905 1360 certaffi
915 1331 1024 1363 priorem
1038 1332 1171 1363 poeniteat.
1209 1328 1277 1353 Haec
1291 1327 1344 1353 ser·
1406 1331 1440 1356 66
1455 1338 1476 1354 c.
1490 1337 1523 1361 29
1543 1328 1642 1354 Diserti
1656 1328 1739 1362 igitur
1753 1327 1883 1358 hominis,
1904 1333 1929 1354 et
1947 1326 2026 1353 facile
2039 1325 2199 1358 laborantis,
2216 1324 2341 1360 quodque
2354 1324 2382 1352 in
2396 1332 2440 1360 pa*-

307 1364 374 1388 vius.
412 1362 509 1395 Hygia.
528 1370 566 1394 pr.
581 1361 660 1388 Fabb.
685 1362 722 1387 Ex
735 1362 799 1388 Ioue
817 1369 842 1388 et
855 1363 1003 1395 Eurynome
1021 1371 1094 1389 viator
1113 1366 1151 1389 ait
1163 1363 1265 1389 Gratias
1274 1382 1282 1394 ,
1301 1361 1344 1388 vbi
1403 1364 1462 1391 triis
1475 1364 1511 1390 est
1525 1363 1644 1390 moribus
1653 1383 1660 1395 ,
1678 1364 1823 1389 multorum
1833 1363 1928 1389 ‘causas
1941 1368 1966 1388 et
1985 1370 2040 1388 non
2051 1368 2173 1396 grauate,
2185 1366 2211 1387 et
2223 1361 2339 1395 gratuito
2351 1360 2440 1394 defenq

302 1398 380 1432 plura
393 1396 552 1422 Munckerus.
604 1395 705 1423 Lnetat.
718 1397 752 1423 ad
764 1397 840 1424 Statii
852 1398 942 1425 Theb.
956 1407 976 1431 1,
989 1401 1038 1428 286
1061 1398 1179 1425 Nomina
1193 1398 1343 1424 Gratiarum
1404 1399 1504 1432 dentis,
1522 1399 1650 1426 beneficia
1671 1404 1696 1425 et
1715 1396 1861 1432 patrocinia
1879 1398 1930 1424 late
1943 1402 2039 1431 patent.
2110 1396 2166 1423 Vbi
2177 1396 2260 1422 malos
2272 1395 2387 1430 praemia
2401 1396 2440 1423 se-

308 1433 367 1458 sunt
390 1432 455 1463 tria,
477 1431 605 1463 Pasithea,
625 1432 733 1466 Aglaie,
751 1433 937 1468 Euphrosyne,
956 1435 1028 1460 Iouis
1046 1440 1072 1461 et
1085 1434 1243 1460 Harmonies
1265 1433 1342 1459 filiae.
1404 1441 1535 1469 quuntur,
1559 1434 1628 1460 haud
1648 1433 1726 1460 facile
1745 1434 1884 1467 quisquam
1903 1433 2019 1466 gratuito
2031 1432 2117 1458 bonus
2137 1431 2174 1458 est
2198 1431 2257 1458 Sall.
2271 1431 2401 1458 Hist-1·c.
2414 1435 2440 1461 δ’.

308 1467 459 1503 Allegoriam
475 1468 582 1502 explicat
593 1470 667 1493 etiam
683 1474 707 1493 et
719 1469 893 1505 mythologiam
913 1469 1061 1501 demonstrat
1076 1470 1133 1497 Seu.
1147 1469 1179 1496 de
1191 1469 1281 1495 ssenef.
1297 1477 1316 1501 1,
1330 1477 1342 1500 3
1358 1476 1385 1503 35
1404 1471 1528 1497 (jx-amito
1541 1477 1688 1503 proponere
1703 1468 1841 1503 pecuniam
1854 1468 1922 1494 Suet.
1936 1467 2035 1494 Tiber.
2049 1476 2070 1493 c.
2084 1472 2125 1500 48.
2198 1467 2323 1493 Gratuito
2336 1473 2359 1493 et
2368 1467 2439 1497 Mer-

308 1506 357 1529 int.
413 1503 540 1529 Decentes
554 1503 621 1529 Hor.
635 1503 722 1529 Carm.
739 1512 758 1535 1,
773 1512 800 1536 4,
814 1508 839 1531 6.
910 1505 1002 1531 Gratia
1015 1505 1104 1531 iuneta
1116 1505 1194 1531 nudis
1209 1504 1344 1531 sororibus
1403 1506 1482 1538 cede,
1495 1507 1622 1531 centraria
1635 1504 1701 1530 Plin.
1712 1511 1749 1536 33,
1761 1511 1788 1536 9.
1858 1502 1981 1529 Gratuito
2000 1502 2085 1529 malus
2105 1507 2184 1537 atque
2204 1501 2316 1529 crudelis
2338 1500 2437 1529 Sallust.

308 1538 383 1566 Idem
394 1539 481 1564 earm.
494 1546 516 1570 3,
530 1546 567 1570 19,
583 1540 618 1564 16.
689 1538 785 1565 Solutis
816 1539 921 1566 Gratiae
947 1541 1021 1566 zonis
1052 1540 1090 1567 Id.
1106 1542 1194 1567 Carni.
1216 1550 1235 1572 1,
1255 1548 1296 1572 3ο,
1317 1541 1342 1565 6.
1404 1541 1482 1568 Catil.
1498 1543 1569 1573 ι6,’3.
2340 1544 2348 1554 ‘

308 1573 378 1599 Gell.
394 1582 428 1605 13,
442 1582 463 1598 ιι
495 1573 565 1599 Dicit
579 1575 665 1600 Varro
683 1588 728 1593 —-
747 1575 921 1601 conuiuarum
934 1585 1075 1601 numerum
1087 1577 1203 1611 incipere
1220 1582 1344 1609 oportere
1442 1582 1619 1607 GRATVS,
1639 1582 1669 1607 a,
1689 1582 1744 1599 um.
1771 1572 1831 1600 Adi.
1868 1572 2025 1606 [εὖγνῶμων,
2045 1572 2171 1607 ἐπίχαρις,
2189 1582 2228 1605 χοι
2246 1572 2288 1605 205,
2304 1570 2437 1605 dandam]

309 1616 325 1634 a
338 1609 487 1634 Gratiarum
508 1617 634 1640 numero,
650 1614 675 1635 ct
693 1609 817 1643 progredi
837 1610 870 1637 ad
890 1612 1038 1638 Musarum:
1068 1611 1096 1638 id
1109 1612 1161 1643 est,
1180 1610 1310 1646 proticisci
1330 1620 1345 1636 a
1406 1613 1459 1648 ρέα·
1477 1613 1585 1648 gratiam
1600 1609 1688 1641 habet,
1700 1612 1770 1645 agit,
1784 1616 1807 1635 ct
1822 1607 1844 1641 fi
1853 1607 1933 1645 potest
1944 1608 2035 1644 refert.
2087 1608 2154 1634 Ter.
2168 1607 2224 1634 Ade
2235 1627 2241 1634 .
2255 1615 2276 1640 2,
2293 1615 2316 1639 2,
2329 1614 2361 1646 43
2380 1607 2440 1631 Me-

310 1642 412 1675 tribus,
432 1643 567 1669 consistere
583 1643 609 1669 in
624 1653 720 1670 nouem
736 1652 780 1670 etc.
833 1647 863 1672 Et
876 1647 993 1673 Macrob.
1007 1648 1057 1674 Sat.
1072 1656 1092 1680 1,
1106 1655 1123 1683 7
1145 1647 1173 1674 de
1187 1648 1264 1674 eodem
1283 1648 1388 1676 isar-40
1406 1656 1508 1674 morem
1522 1656 1565 1672 me
1584 1645 1653 1672 dices
1667 1645 1715 1671 effe
1729 1651 1755 1671 et
1773 1650 1885 1679 gratum.
1936 1645 1984 1671 Vbi
1998 1644 2130 1676 Donatus,
2150 1643 2269 1678 Figurate
2281 1642 2316 1668 est
2330 1639 2441 1679 indiiffia
2474 1670 2477 1674 ⁴

307 1687 384 1709 rone,
404 1678 582 1704 conuiuarum
602 1688 741 1705 numerum
758 1680 805 1705 hac
820 1681 876 1714 lege
893 1682 1002 1714 definit,
1019 1689 1048 1708 vt
1065 1692 1151 1717 neque
1164 1684 1255 1709 minor
1266 1691 1344 1716 quam
1407 1682 1540 1719 promiffio
1554 1681 1741 1716 praemiorum.
1778 1681 1808 1706 Et
1823 1680 1889 1706 bene
1901 1685 2043 1714 virumque
2054 1684 2154 1705 narrat:
2175 1687 2234 1706 nam
2246 1685 2300 1703 non
2312 1680 2440 1701 continuo
2475 1683 2477 1685 ’

311 1714 463 1739 Gratiarum
478 1713 522 1745 sit,
541 1722 625 1748 neque
644 1723 722 1748 quam
737 1715 871 1741 Musarum
886 1717 1058 1743 numerosior.
1095 1718 1200 1744 Sublicit
1217 1718 1303 1744 deinde
1316 1727 1346 1743 cx
1407 1720 1453 1753 qui
1468 1727 1570 1744 memor
1584 1717 1635 1749 est,
1655 1716 1735 1742 etiam
1757 1715 1901 1750 gratus-est.
1936 1716 2042 1742 Memor
2056 1715 2127 1741 enim
2141 1713 2192 1746 est,
2206 1713 2253 1748 qui
2267 1710 2333 1745 apud
2350 1710 2375 1736 se
2389 1717 2452 1749 ιιι-ι-Δ

303 1749 411 1787 1Ρειφοηιτ
430 1750 523 1780 Vettii,
547 1750 606 1775 Hoc
625 1749 702 1776 nobis
723 1751 867 1783 praesentia
885 1752 969 1777 vestra
987 1752 1141 1785 praestabit,
1160 1759 1188 1778 vt
1210 1759 1236 1778 et
1260 1753 1346 1778 Musas
1406 1754 1494 1779 minit.
1550 1753 1662 1783 Gratus,
1681 1752 1728 1785 qui
1745 1751 1844 1777 meruit
1862 1750 1911 1776 hoc
1927 1751 2037 1777 nomine
2055 1750 2159 1779 vocari,
2172 1750 2233 1775 dum
2247 1747 2331 1773 vicem
2346 1743 2422 1771 reddi
2440 1753 2456 1762 >¹

309 1783 463 1817 impleamus
478 1790 503 1809 et
517 1784 626 1809 Gratias.
681 1785 735 1810 Cic.
748 1785 780 1811 de
793 1786 828 1811 N.
845 1787 875 1811 D.
888 1795 911 1818 3,
925 1795 962 1820 44
975 1795 997 1812 c.
1011 1794 1039 1821 17
1060 1788 1150 1813 Gratia
1162 1790 1212 1818 (an
1227 1787 1345 1817 Gratiae)
1408 1797 1467 1813 nam
1487 1787 1565 1813 multi
1585 1787 1643 1812 sunt
1662 1794 1810 1816 memores,
1832 1786 1929 1818 ingrati
1949 1792 2045 1812 tamen.
2122 1785 2189 1810 Plin.
2209 1784 2238 1810 in
2255 1782 2350 1821 Paneg·
2367 1789 2389 1806 c-

308 1820 376 1843 inter
395 1819 459 1843 Deos
477 1817 562 1843 Erebo
584 1825 609 1843 ct
630 1819 717 1845 Nocte
736 1826 809 1846 natos
825 1821 985 1848 referuntur.
1033 1822 1105 1857 Conf.
1132 1827 1296 1848 CHARITES
1318 1824 1385 1853 in45
1407 1823 1479 1850 Nam
1502 1822 1688 1848 liberalitatem
1709 1820 1895 1846 iucundzorem
1912 1820 2019 1846 debitor
2044 1824 2145 1853 gratus,
2164 1818 2302 1844 clariorem
2325 1820 2412 1850 ingrat

310 1858 442 1880 CHARIS.
473 1854 535 1878 Item
550 1851 637 1878 Barth.
651 1853 685 1877 ad
696 1854 757 1879 Stat.
773 1855 864 1881 Theb.
879 1865 890 1881 2
903 1865 927 1889 p.
942 1865 1000 1889 439.
1021 1857 1098 1890 Apul.
1112 1858 1175 1883 Met.
1190 1860 1207 1883 6
1219 1866 1243 1890 p.
1260 1862 1307 1888 183.
1407 1858 1479 1885 facit.
1550 1857 1605 1882 Cic.
1622 1857 1698 1882 Verr.
1714 1864 1736 1887 2,
1773 1875 1779 1882 .
1817 1874 1825 1881 .
1860 1854 1907 1881 Sed
1926 1855 1998 1889 quod
2012 1855 2055 1880 sua
2068 1854 2186 1880 interesse
2200 1853 2340 1887 putabant,
2353 1853 2378 1877 se
2391 1859 2418 1877 m

348 1893 369 1913 G
379 1893 504 1913 RATIO
514 1893 529 1912 L
539 1894 559 1913 Α
569 1906 576 1918 ,
597 1895 636 1912 ae.
653 1887 671 1912 f.
699 1888 800 1915 Dimin.
824 1889 948 1915 Diomed.
963 1899 971 1915 1
987 1900 1009 1916 c.
1024 1898 1088 1917 extr.
1113 1890 1153 1923 Est
1165 1895 1239 1916 etiam
1254 1891 1344 1917 Herba.
1407 1901 1494 1919 mores
1507 1897 1646 1925 gratosque
1660 1890 1820 1921 existimari,
1840 1890 1935 1923 gratias
1946 1890 1991 1916 isti
2004 1895 2121 1923 egerunt.
2192 1889 2286 1914 Gratus
2299 1895 2328 1913 ac
2340 1894 2410 1913 mem

346 1928 369 1948 G
380 1929 457 1948 RAT
468 1929 505 1948 ιν
515 1928 541 1953 s,
561 1925 643 1958 gentis
654 1923 775 1948 Romanae
787 1931 881 1955 nomen,
893 1927 962 1949 cuius
974 1924 1006 1956 est
1019 1926 1095 1950 Poeta
1107 1926 1196 1951 nobilis
1210 1928 1346 1950 venaticus.
1407 1926 1531 1953 beneficii
1556 1926 1627 1951 Idem
1641 1934 1689 1958 pro
1703 1926 1732 1950 L.
1746 1926 1807 1957 Agr.
1820 1933 1846 1955 z,
1858 1933 1896 1950 21.
1986 1926 2017 1949 Et
2033 1925 2104 1949 Fam.
2119 1931 2152 1954 11,
2165 1931 2193 1948 10
2231 1922 2381 1948 Gratiorem

347 1963 583 1984 GRATIANVS
607 1966 752 1993 cognomen,
775 1967 800 1984 v.
821 1967 847 1995 g.
870 1960 1046 1993 Imperatoris,
1072 1960 1243 1985 Valentiniani
1254 1959 1297 1994 fil.
1315 1961 1345 1985 it.
1408 1962 1457 1987 effe
1477 1961 1505 1986 in
1524 1966 1550 1985 te
1569 1961 1653 1994 poss'e,
1672 1968 1752 1993 quam
1771 1959 1813 1984 isti
1833 1958 1945 1992 peruersi
1967 1957 2016 1984 sint
2034 1958 2062 1983 in
2083 1965 2126 1983 me
2140 1977 2148 1990 ,
2173 1956 2338 1991 exploratum
2356 1956 2407 1984 hab
2451 1982 2453 1988 ,

308 1993 453 2024 Praetoris,
466 1992 494 2018 de
507 2001 551 2027 quo
563 1993 654 2019 Tacit.
670 1994 736 2019 Anu.
749 1995 773 2023 6,
786 1999 823 2025 38.
856 1996 884 2021 A
898 1995 995 2021 domino
1012 1992 1121 2029 officinae
1139 1997 1297 2032 argentariae
1310 1993 1346 2020 di·
1358 2000 1391 2025 50
1407 1997 1442 2023 Vt
1464 2004 1543 2031 quam
1563 1994 1716 2028 gratissimus
1729 2002 1790 2027 erga
1809 1999 1834 2019 te
1852 1994 1899 2018 else
1913 1994 2081 2028 cognoscerer
2100 1993 2154 2019 Cic.
2169 1993 2239 2019 Fam.
2253 2001 2272 2024 1,
2286 2000 2308 2025 5.
2378 1991 2452 2029 plisni

311 2026 354 2055 &a
366 2028 431 2063 apud
445 2028 510 2054 Plin·
525 2036 558 2060 33,
572 2036 592 2054 ¹1
613 2029 678 2054 Vasa
691 2028 824 2055 Gratiani!-
1408 2040 1436 2065 2,
1448 2040 1463 2064 9
1484 2031 1548 2058 Non
1567 2031 1652 2056 sumus
1669 2029 1790 2065 prochto
1807 2030 1875 2063 grati
1894 2037 1956 2064 erga
1973 2037 2035 2061 eos,
2053 2028 2100 2063 qui
2118 2028 2208 2055 labore
2226 2036 2340 2063 curaque
2359 2027 2450 2058 luced?

348 2069 370 2090 G
379 2071 428 2090 ΚΑ
437 2069 458 2088 T
467 2071 476 2089 1
486 2069 522 2089 1>1
534 2069 553 2087 V
564 2070 577 2089 s
586 2083 594 2095 ,
613 2069 637 2088 et
658 2068 678 2089 G
690 2069 708 2089 R
718 2070 768 2089 AT
779 2069 814 2089 lD
825 2069 865 2089 ῙΑ
875 2069 925 2088 NV
934 2070 964 2098 s,
982 2065 1147 2092 Romanorum
1159 2067 1274 2096 nomina,
1285 2073 1345 2101 quae
1408 2067 1487 2093 nobis
1500 2074 1635 2100 aperuere.
1670 2065 1737 2092 Adii.
1754 2065 1809 2091 Cic.
1823 2065 1894 2091 Fam.
1909 2072 1933 2099 ς,
1947 2073 1968 2097 5.
2039 2064 2112 2090 Idem
2126 2072 2174 2098 pro
2187 2063 2271 2090 Planc.
2284 2072 2313 2097 91
2328 2073 2350 2089 c.
2364 2068 2392 2096 38
2415 2060 2443 2090 Si

310 2101 453 2126 memffl‘ffl‘it
464 2098 560 2124 Cicero
574 2098 606 2124 de
614 2098 705 2132 Legib·
719 2107 742 2131 ὅ,
755 2107 795 2130 30-
813 2105 836 2124 et
849 2097 881 2124 de
894 2097 946 2124 Off·
960 2107 984 2130 3,
996 2105 1036 2127 80·
1408 2101 1476 2128 bene
1491 2101 1523 2127 de
1538 2111 1579 2127 me
1593 2101 1695 2127 meritis
1714 2106 1816 2135 gratum
1829 2109 1871 2126 me
1884 2099 2015 2134 praebeo,
2032 2108 2087 2126 non
2098 2099 2187 2126 desino
2200 2099 2336 2125 incurrere
2352 2099 2381 2125 in
2396 2092 2443 2125 crixe
2462 2105 2463 2114 ³

350 2139 504 2160 GRATIL
516 2141 577 2166 LA,
596 2142 633 2160 ae.
654 2134 674 2160 f.
711 2134 768 2160 Libi
798 2143 863 2159 enus.
899 2133 1000 2160 Arnob.
1015 2144 1027 2165 7
1048 2143 1072 2168 p.
1086 2142 1142 2165 230.
1408 2145 1469 2162 men
1489 2136 1604 2162 hominis
1624 2136 1737 2161 nimium
1756 2136 1895 2165 memoris,
1915 2136 2083 2169 nimiumque
2101 2135 2176 2169 grati.
2249 2135 2381 2161 Virtutem
2395 2133 2441 2160 ali·
2462 2128 2463 2139 ¹

351 2174 372 2195 G
383 2170 557 2195 RATIGSV
567 2176 593 2199 S,
610 2173 640 2201 a,
659 2178 713 2195 um.
750 2170 771 2195 A
793 2170 810 2195 i.
847 2169 971 2203 [χαρίεις]
1009 2170 1098 2195 Gratia
1117 2168 1256 2198 abundans,
1269 2168 1298 2194 id
1313 2166 1347 2200 est
1363 2170 1390 2196 ⁵3
1408 2171 1482 2197 cuius
1496 2179 1567 2204 grata
1582 2171 1710 2195 memoria
1725 2171 1847 2204 prosequi
1861 2172 1916 2197 Cic.
1924 2171 1990 2197 Phil.
2006 2179 2045 2204 14,
2056 2179 2087 2202 30
2101 2179 2122 2197 c.
2140 2179 2172 2197 11.
2228 2167 2376 2197 Gratiffimo
2388 2168 2440 2196 ani-
2466 2201 2467 2205 Ἰ

305 2203 399 2240 fauore
412 2204 579 2229 multitudinis
592 2205 632 2229 vel
638 2207 786 2238 potentium.
826 2205 876 2230 Vix
888 2207 951 2229 enim
963 2208 1097 2239 reperietur
1112 2204 1139 2230 a‘e
1153 2214 1177 2230 eo
1186 2203 1348 2238 pqfitum,qui
1409 2214 1455 2232 mo
1465 2205 1587 2240 prosequi
1600 2213 1696 2230 nomen
1711 2205 1835 2236 alicuius,
1847 2208 1865 2230 i.
1880 2205 1929 2238 Effi
1939 2205 2102 2241 gratiffimum
2115 2214 2174 2240 erga
2185 2207 2222 2231 ali
2238 2215 2289 2232 uem
2300 2205 2372 2231 Idem
2382 2203 2438 2233 Phi.

311 2239 475 2266 beniuolentia
493 2239 533 2265 vel
549 2238 703 2274 indulgentia
716 2239 765 2274 sua
780 2240 844 2265 alios
864 2238 1048 2274 complefiatur.
1094 2240 1148 2265 Cic.
1169 2240 1244 2265 Verr.
1266 2248 1295 2271 3,
1313 2241 1348 2271 69
1409 2241 1473 2275 lipp.
1489 2249 1516 2273 4,
1530 2248 1542 2272 3
1560 2249 1580 2266 c.
1596 2248 1614 2266 1.
1685 2240 1741 2265 Sen.
1757 2239 1788 2272 de
1804 2239 1893 2265 Benef.
1911 2248 1931 2272 1,
1950 2248 1968 2272 4
2004 2239 2034 2265 T
2037 2248 2053 2264 u
2073 2248 2115 2264 me
2136 2239 2220 2273 aliqui
2259 2248 2353 2267 eorum
2370 2238 2438 2269 doce,
2476 2244 2479 2262 1

314 2274 367 2301 Hic
379 2274 523 2306 Venerius,
537 2273 760 2307 quemadmodum
779 2280 894 2300 aratores
915 2274 1021 2301 eluserit
1039 2283 1070 2301 ex
1088 2284 1139 2301 vna
1159 2275 1281 2309 pac‘iione
1301 2274 1348 2300 ho·
1408 2286 1455 2310 per
1468 2284 1534 2310 quae
1549 2274 1747 2306 beneficentior,
1760 2275 1913 2308 gratiorque
1925 2274 2049 2301 aduersus
2061 2273 2127 2299 bene
2140 2280 2268 2301 merentes
2282 2275 2351 2302 siam.
2363 2279 2372 2283 “
2401 2274 2440 2301 Re
2477 2275 2479 2293 ⁴

313 2309 393 2336 minis
406 2308 522 2339 honesti,
541 2309 700 2343 gratiosique
713 2310 868 2343 cognoscite.
922 2310 1012 2335 Homo
1025 2310 1162 2344 gratiosior
1177 2311 1315 2336 Cinverr.
1329 2319 1348 2342 4
1407 2313 1462 2346 ipsa
1477 2317 1554 2346 atque
1567 2311 1656 2336 animo
1671 2309 1824 2344 gratissimus
1844 2311 1898 2336 Cic.
1914 2311 1984 2336 Fam.
2000 2318 2037 2339 10,
2051 2316 2086 2339 19.
2240 2309 2261 2347 fl
2282 2319 2298 2337 2
2333 2311 2449 2336 Gratum.

312 2353 335 2372 c.
348 2354 388 2377 3ο.
454 2345 522 2370 Cum
539 2344 693 2370 aduersario
711 2344 889 2378 gratiosiffimo
908 2346 1067 2372 contendere
1093 2346 1147 2371 Cic.
1162 2354 1210 2379 pro
1225 2346 1318 2379 Quint.
1334 2348 1389 2373 260
1404 2350 1508 2383 proprie
1524 2346 1617 2372 dicitur
1640 2345 1717 2376 illud,
1732 2353 1780 2379 pro
1801 2353 1845 2379 quo
1863 2354 1908 2370 nos
1926 2345 2007 2370 debere
2021 2342 2154 2378 sentimus,
2169 2346 2196 2368 in
2209 2352 2254 2378 quo
2267 2344 2357 2376 differt
2374 2352 2392 2369 a
2403 2346 2442 2369 iu-

313 2389 336 2406 C·
353 2388 371 2406 ¹·
407 2379 479 2415 Conf-
494 2379 585 2405 Tacit.
599 2380 687 2405 Germ·
702 2388 745 2412 ΖΟ,
759 2387 785 2414 7·
820 2380 924 2409 Petron.
944 2388 964 2406 C·
980 2389 1035 2414 ,¹40-
1105 2381 1198 2407 Potens
1211 2386 1237 2407 et
1251 2381 1348 2414 gratio·
1409 2383 1497 2410 curalo.
1534 2382 1644 2408 Gratum
1658 2379 1691 2413 ⁶st
1705 2390 1729 2406 υ.
1743 2389 1768 2415 g.
1782 2379 1887 2414 officium
1899 2382 1974 2405 amici
1988 2382 2016 2404 in
2028 2375 2097 2404 luftu
2111 2384 2133 2403 et
2145 2377 2223 2404 dolore
2234 2387 2298 2410 meo,
2316 2386 2364 2403 non
2375 2377 2440 2404 idem

313 2415 355 2442 sus
373 2414 455 2440 homo
480 2414 536 2440 Cic.
551 2423 599 2448 pro
616 2414 720 2440 Cluent.
749 2434 756 2441 .
786 2434 793 2440 .
866 2416 973 2447 Potens,
986 2416 1126 2450 gratiosus,
1138 2416 1248 2442 disertus
1267 2416 1349 2442 hoino
1409 2417 1554 2444 iucundum:
1590 2416 1706 2442 Iucunda
1718 2416 1751 2449 est
1765 2416 1888 2442 aberratio
1901 2416 1998 2440 inimici
2010 2423 2045 2439 me
2055 2415 2178 2447 petentis,
2185 2413 2213 2447 se
2226 2413 2301 2449 ipsum
2308 2412 2439 2449 ferituris,

312 2449 386 2476 Idem
406 2459 454 2483 pro
469 2449 540 2475 Cael.
560 2458 596 2476 21.
663 2449 797 2483 Splendidi
817 2449 937 2476 homines
957 2457 981 2476 et
1002 2451 1107 2485 gratiosi
1132 2450 1169 2477 Id.
1184 2452 1258 2477 Verr.
1274 2460 1295 2483 3,
1309 2459 1348 2485 57.
1404 2453 1451 2490 scd
1466 2459 1536 2486 grata
1550 2461 1597 2478 non
1611 2451 1657 2484 est,
1677 2452 1702 2477 h.
1717 2460 1737 2477 e.
1756 2451 1820 2476 nibil
1839 2450 1878 2476 illi
1891 2459 1915 2476 eo
1935 2452 2028 2478 nomine
2047 2448 2124 2475 debeo.
2161 2449 2271 2482 Exempla
2284 2457 2333 2474 rem
2346 2447 2440 2474 dmon-

312 2486 369 2512 Cic.
384 2494 432 2519 pro
446 2485 564 2511 Muraen.
579 2492 608 2519 73
634 2485 665 2511 Et
678 2485 710 2511 ad
723 2484 774 2511 hoc
789 2484 906 2511 officium
918 2486 1121 2516 necessitudinis,
1135 2494 1160 2513 et
1172 2486 1203 2513 ad
1215 2487 1349 2519 reliquum
1403 2487 1537 2522 strabum:
1555 2490 1581 2512 in
1602 2489 1684 2522 qui-‘w
1705 2493 1787 2512 tamen
1799 2486 1861 2521 finit
1879 2488 1967 2519 etiam,
1986 2488 2012 2510 in
2026 2484 2112 2519 quibus
2129 2485 2209 2518 magis
2221 2481 2254 2508 ad
2270 2482 2442 2508 iucunditatem

313 2526 415 2555 tempus
428 2520 562 2553 gratiosus.
616 2520 665 2545 Vir
678 2519 709 2546 ad
723 2519 897 2546 ambitionem
910 2521 1039 2554 gratiosus
1051 2522 1125 2547 Idem
1138 2522 1170 2547 de
1183 2522 1257 2548 Petit.
1270 2523 1349 2548 Cons.
1361 2525 1393 2556 65
1411 2531 1433 2550 et
1447 2524 1596 2559 suauitatem
1605 2542 1614 2554 ,
1647 2531 1702 2547 uam
1715 2521 1748 2548 ad
1759 2530 1880 2552 ananum,
1899 2529 1944 2555 quo
1961 2519 2004 2545 illa
2018 2522 2173 2553 excipt‘atur,
2189 2517 2326 2553 respicitur.
2379 2516 2443 2543 Gra-

314 2564 351 2591 ¹7·
422 2557 480 2582 Cic.
494 2555 546 2581 Off.
564 2563 588 2587 3,
601 2561 629 2587 58
666 2555 742 2581 Tum
761 2555 868 2588 Pythius
887 2556 934 2590 qui
947 2556 1022 2588 esset,
1039 2563 1068 2582 vt
1081 2558 1261 2590 argentarius,
1282 2556 1350 2590 apud
1412 2566 1468 2585 tum
1482 2558 1531 2587 est,
1556 2567 1604 2584 vox
1615 2531 1701 2592 ssebt'le
1718 2556 1863 2594 gaudentis,
1876 2562 1940 2581 certe
1951 2557 2057 2580 animum
2069 2560 2169 2589 gratum
2184 2550 2399 2588 significantis,fi
2414 2554 2443 2579 in

314 2600 404 2618 onmes
423 2591 529 2617 ordines
545 2591 681 2624 gf³t10s¹¹³3
735 2590 808 2617 Idem
822 2591 893 2617 Fam·
906 2599 926 2623 ¹³
938 2599 951 2623 3
990 2591 1165 2617 Vehementer
1183 2591 1292 2616 confi-‘fit
1309 2591 1349 2616 his
1412 2595 1484 2620 malis
1502 2593 1599 2626 aliquid
1618 2600 1698 2618 tamen
1717 2591 1851 2623 commode,
1872 2597 1895 2616 et
1911 2599 1959 2616 non
1972 2592 2047 2615 nimis
2062 2587 2147 2622 triste,
2161 2589 2267 2614 accidat.
2303 2587 2349 2613 Sil.
2361 2589 2386 2618 6,
2397 2591 2444 2620 584

316 2628 381 2653 meis
396 2627 480 2652 literis
498 2626 523 2651 se
540 2625 608 2659 apud
629 2632 654 2652 te
672 2626 817 2659 gratiosum
835 2626 902 2652 fore.
957 2627 988 2652 Et
1002 2629 1055 2652 Att.
1073 2635 1108 2659 ις,
1126 2636 1145 2660 4
1170 2627 1278 2652 Eramus
1295 2635 1351 2659 gra·
1414 2627 1555 2661 Qudquid
1581 2627 1608 2653 id
1628 2627 1678 2657 est,
1704 2627 1767 2652 dum
1788 2635 1843 2651 non
1860 2625 1981 2651 vinetum
1999 2624 2131 2657 Karthago
2148 2623 2245 2650 catenis
2261 2622 2383 2657 Abripiat
2400 2630 2443 2644 ⁴·-
2470 2627 2479 2659 j

314 2662 373 2688 tioli
386 2660 452 2695 apud
467 2661 612 2687 Caesarem.
682 2662 712 2686 In
730 2661 781 2687 suis
799 2661 952 2688 ciuitatibus
971 2668 996 2687 et
1014 2661 1167 2696 municipiis
1186 2660 1289 2695 gratiosi
1305 2661 1353 2687 ho-
1414 2663 1523 2688 Gratum
1537 2662 1572 2688 est
1585 2664 1602 2688 ὁ
1617 2661 1717 2696 superi!
1736 2665 1755 2688 i.
1774 2668 1862 2698 gratus
1880 2663 1983 2695 accipio.
2037 2659 2098 2686 Stat.
2114 2659 2178 2685 Silu.
2191 2667 2217 2691 2,
2231 2668 2251 2691 1,
2267 2666 2312 2691 154
2337 2658 2443 2697 Gratum
2471 2664 2479 2680 Δ

317 2698 401 2724 mines
425 2696 480 2722 Cic.
495 2704 542 2729 pro
556 2696 674 2721 Muraen.
694 2703 739 2730 47.
810 2696 916 2722 Habere
935 2698 963 2722 in
984 2706 1013 2723 re
1032 2697 1120 2731 aliqua
1138 2697 1177 2722 sui
1199 2696 1307 2730 cupidos
1327 2702 1395 2731 et'yo
1413 2699 1464 2730 est,
1478 2695 1556 2730 Fata',
1570 2704 1671 2729 tamen,
1685 2696 1757 2731 quod
1768 2705 1822 2723 non
1839 2705 1911 2722 mors
1924 2695 1993 2722 lenta
2011 2695 2119 2722 iacentis
2132 2693 2225 2720 Exedit
2244 2692 2345 2728 puerile
2363 2692 2407 2719 dec

318 2732 445 2766 gratiosos
464 2730 536 2756 Idem
550 2739 598 2764 pro
611 2731 695 2756 Plane.
708 2732 752 2763 46.
788 2731 901 2757 Gratiosi
915 2739 1017 2758 cramus
1031 2731 1100 2766 apud
1114 2732 1351 2766 illum‚quem‚etc.
1413 2734 1470 2760 San.
1486 2733 1555 2759 Med.
1570 2742 1610 2766 533
1643 2733 1768 2767 Suprema
1787 2738 1855 2758 certe
1875 2732 1954 2757 liceat
1971 2731 2109 2757 abeuntem
2129 2729 2204 2765 loqui
2217 2728 2354 2756 Mandata:
2373 2727 2411 2763 lic¹

317 2767 356 2794 Id.
367 2768 418 2792 Att.
433 2773 467 2798 ις,
479 2776 506 2799 4.
562 2766 620 2791 Cum
632 2767 733 2791 Datiuo.
754 2765 810 2791 Cic.
823 2775 872 2800 pro
879 2766 961 2793 Plane.
975 2775 1011 2801 47
1028 2769 1082 2793 Iam
1095 2772 1124 2793 vt
1141 2776 1190 2801 ego
1206 2767 1287 2793 doceo
1296 2776 1353 2801 gra·
1414 2769 1539 2795 vltimum
1571 2768 1721 2802 amplexum
1753 2767 1824 2794 dare.
1862 2768 1972 2793 Gratum
1986 2766 2021 2793 est
2034 2772 2059 2792 et
2072 2766 2146 2792 illud.
2184 2765 2281 2791 Irom‘ce
2297 2762 2404 2791 Tibull.
2415 2797 2422 2804 ι

318 2802 417 2828 tiorum
430 2802 478 2826 esse
492 2799 635 2826 tribulibus
649 2800 797 2833 Plancium,
811 2808 856 2827 etc.
892 2802 960 2827 Plin.
976 2804 1012 2834 16,
1025 2811 1052 2834 33
1078 2802 1169 2829 Odore
1186 2803 1311 2833 violenta,
1325 2812 1354 2829 ac
1417 2812 1454 2834 10,
1468 2813 1476 2830 1
1508 2805 1617 2830 Gratum
1638 2803 1689 2839 est,
1709 2804 1812 2830 securus
1829 2803 1944 2828 multum
1962 2801 2033 2836 quod
2052 2802 2105 2828 iam
2123 2800 2175 2827 tibi
2192 2800 2224 2826 de
2241 2808 2285 2825 me
2304 2799 2444 2834 Promittas

318 2846 351 2864 ne
359 2835 452 2863 vmbra
460 2835 566 2870 quidem
574 2836 694 2869 gratiosa.
708 2838 724 2861 i.
731 2837 936 2871 grata,iucanda‚
945 2838 1093 2872 quammulti
1104 2844 1194 2864 ament.
1246 2838 1292 2865 Sed
1304 2836 1324 2875 ἦ
1339 2847 1354 2865 2
1415 2837 1556 2872 illustrauit
1572 2839 1635 2866 hanc
1647 2838 1786 2873 formulam
1808 2839 1913 2864 Gronau.
1932 2839 2019 2864 Diatr.
2040 2838 2103 2864 Stat.
2123 2846 2145 2862 c.
2163 2838 2201 2861 16.
2241 2834 2299 2861 isid.
2317 2828 2447 2871 Gratularss⁴
2470 2867 2471 2870 Ἰ

319 2872 440 2898 Gratiosa
454 2870 550 2901 miffio,
571 2872 638 2905 ‚Quae
646 2877 693 2905 per
704 2871 819 2897 illicitum
827 2871 1028 2907 fauorem-faccia
1039 2871 1080 2906 est.
1117 2874 1176 2900 Liu.
1191 2882 1232 2906 43,
1249 2876 1275 2900 16
1289 2881 1354 2900 extr.
1366 2879 1397 2907 75
1416 2874 1504 2900 dolori
1522 2884 1551 2900 ex
1563 2874 1672 2907 Qiinst.
1690 2876 1706 2900 6
1722 2881 1764 2909 pr.
1781 2879 1803 2903 8.
1873 2873 1946 2900 Facis
1972 2880 2000 2899 tu
2023 2872 2129 2906 quidem
2153 2869 2313 2896 abundantia
2337 2868 2452 2904 quadam*
2470 2879 2471 2904 l

319 2908 458 2935 Missorum
471 2907 556 2932 causas
576 2907 626 2932 sese
646 2906 796 2939 cognituros
811 2908 871 2933 esse:
890 2913 916 2934 et
928 2917 1038 2942 quarum
1058 2915 1117 2935 ante
1136 2910 1245 2935 emerita
1261 2909 1355 2943 stipen—
1415 2910 1529 2937 amoris.
1548 2915 1575 2935 vt
1596 2910 1674 2935 etiam
1692 2918 1763 2944 grata
1777 2910 1825 2935 fint
1844 2917 1887 2939 ea,
1902 2916 1970 2942 quae
1988 2907 2040 2934 sine
2060 2906 2177 2932 maximo
2197 2905 2290 2932 scelere
2310 2903 2471 2945 intermitti,l

321 2943 364 2969 dia
379 2942 491 2977 gratiosa
504 2941 587 2967 millio
602 2941 650 2967 fibi
663 2942 718 2967 visa
730 2942 804 2972 esset,
821 2951 866 2968 eos
885 2944 982 2969 milites
1002 2943 1061 2970 fieri
1079 2944 1197 2970 iussuros.
1232 2946 1272 2971 Sic
1285 2945 1353 2970 Gcll.
1415 2954 1469 2971 non
1484 2945 1584 2978 potsunt
1597 2946 1652 2971 Cic.
1667 2946 1736 2971 Fam.
1752 2954 1771 2976 1,
1786 2954 1809 2971 ο.
1846 2945 1917 2978 Cons.
1933 2943 1969 2969 ib.
1984 2950 2005 2974 ς,
2019 2951 2051 2968 ιι.
2090 2942 2130 2967 Est
2144 2941 2207 2967 istuc
2222 2940 2310 2967 datum
2324 2940 2409 2971 mihi,
2451 2946 2461 2968 ,’

321 2983 396 3011 4,18,
414 2986 425 3009 3
449 2978 527 3012 Scipio
539 2977 682 3012 arcufiztur,
701 2977 829 3011 Accepisse
841 2986 855 3003 a
868 2987 927 3011 rege
940 2979 1072 3005 Antiocho
1087 2981 1238 3014 pecuniam,
1252 2986 1280 3006 vt
1293 2989 1355 3006 con·
1416 2980 1462 3006 sint
1481 2986 1565 3013 grata,
1579 2990 1645 3014 quac
1665 2980 1749 3012 facio,
1768 2979 1857 3005 omnia
1883 2980 1949 3005 Ter.
1969 2979 2033 3004 Eun.
2051 2985 2074 3009 3,
2095 2985 2115 3009 1,
2136 2984 2156 3008 ς.
2211 2976 2254 3002 Bis
2277 2976 2312 3003 est
2336 2943 2451 3012 gratini&

322 3054 370 3075 ret.
407 3046 580 3074 Conditiones
599 3047 725 3082 gratiosae
744 3051 770 3073 in
790 3048 877 3084 quibus
895 3049 996 3082 gratum
1016 3057 1037 3076 et
1055 3052 1136 3084 gratia
1150 3051 1179 3077 fit
1193 3053 1229 3082 ei,
1242 3054 1282 3077 cui
1301 3051 1356 3077 illae
1367 3055 1399 3080 80
1417 3062 1445 3085 4,
1459 3053 1483 3080 6,
1499 3058 1535 3084 17.
1586 3051 1654 3076 Ter.
1672 3050 1750 3076 Andr.
1768 3059 1787 3081 1,
1802 3060 1822 3081 1,
1836 3058 1859 3082 ις
1882 3050 1911 3076 Et
1925 3048 1952 3074 id
1966 3054 2067 3082 gratum
2078 3047 2153 3073 fuiss'e
2167 3047 2304 3074 aduersum
2317 3054 2351 3077 te,
2364 3046 2413 3073 hab
2471 3051 2474 3057 ¹

322 3012 469 3039 ditionibus
488 3012 605 3046 gratiosis
618 3021 646 3038 ac
665 3012 791 3038 mollibus
805 3022 853 3047 pax
867 3022 925 3039 cum
942 3023 973 3040 eo
987 3015 1080 3049 Populi
1096 3016 1173 3042 Rom.
1188 3016 1297 3041 nomine
1310 3015 1354 3041 fie-
1417 3015 1487 3051 quod
1501 3024 1567 3049 opus
1580 3015 1628 3045 est,
1642 3015 1711 3041 vltro
1726 3015 1742 3041 li
1758 3015 1849 3041 offeras
1862 3015 1887 3040 P.
1896 3014 1950 3046 Syr.
1965 3013 2042 3039 Mim.
2113 3011 2273 3038 Beneficium
2287 3011 2369 3038 Plaut.
2379 3012 2417 3037 Ru
2436 3015 2446 3025 '⁴
2475 3006 2479 3042 3⁴

315 3084 448 3123 feruntur.
488 3085 590 3118 Nempe,
604 3090 633 3109 ot
646 3086 696 3114 ait,
709 3083 776 3109 Gell.
790 3092 814 3116 9,
830 3092 858 3109 12
868 3091 907 3118 pr.
934 3085 1067 3111 Gratiosus
1087 3086 1123 3112 est
1143 3093 1169 3113 et
1187 3087 1234 3121 qui
1248 3086 1355 3112 adhibet
1417 3087 1535 3121 gratiam.
1608 3087 1693 3118 Quam
1711 3085 1740 3111 fit
1759 3085 1911 3119 pulchrum,
1923 3083 2052 3110 beneficio
2071 3089 2189 3117 gratum,
2206 3083 2276 3109 fama
2294 3008 2463 3155 gloriosum}

322 3127 433 3154 gratias,
454 3125 479 3144 et
494 3119 540 3153 qui
555 3118 678 3145 admittit.
747 3119 787 3145 Sic
799 3119 929 3145 Sententia
942 3120 1070 3153 gratiosa,
1088 3124 1107 3146 i.
1128 3120 1356 3155 Ezuorabilis,fiue
1416 3128 1556 3154 tyrannum
1574 3121 1693 3146 occidere
1716 3121 1771 3147 Cic.
1788 3120 1899 3154 Philipp.
1920 3128 1932 3145 2
1951 3128 1972 3144 c.
1992 3120 2036 3151 46.
2105 3119 2226 3144 Conuiua
2244 3119 2312 3145 Hor.
2325 3118 2406 3144 Serm.

323 3157 371 3182 Per
386 3158 495 3190 gratiam
513 3160 537 3179 et
549 3154 664 3188 fauorem
677 3163 693 3180 a
711 3153 791 3179 iudice
808 3155 869 3182 lata.
906 3155 1010 3189 leian.
1025 3155 1052 3180 in
1067 3156 1086 3181 l.
1099 3156 1127 3182 in
1140 3156 1263 3184 heredem
1277 3157 1356 3183 ude
1419 3166 1442 3187 2,
1457 3165 1504 3189 119.
1576 3156 1644 3182 Diua
1666 3157 1756 3182 animo
1776 3153 2022 3189 gratiffimanostro
2041 3153 2121 3179 Ouid.
2141 3155 2204 3179 Met.
2224 3160 2247 3186 ς,
2263 3155 2303 3180 26.
2373 3154 2465 3183 Dons.

323 3190 480 3221 calumniat.-
494 3189 536 3216 Ob
556 3189 649 3215 falsum
668 3188 863 3220 testimonium,
882 3189 925 3216 vel
942 3190 1025 3216 iudici
1043 3190 1081 3216 ob
1100 3192 1239 3225 gratiosam
1259 3193 1358 3218 ssnten-
1418 3192 1491 3219 Idem
1511 3191 1589 3226 Epist.
1604 3200 1623 3223 1,
1639 3198 1680 3225 27.
1753 3192 1834 3217 Error
1846 3189 1997 3224 gratisfimus
2009 3190 2074 3214 Hor.
2084 3189 2161 3223 Epist.
2178 3198 2200 3221 2,
2214 3197 2239 3223 2,
2254 3198 2310 3221 140.
2363 3187 2448 3215 plaut..
2468 3213 2469 3217 ,

323 3226 389 3251 tiam
411 3225 515 3256 datum,
535 3230 559 3250 et
579 3224 670 3250 heredi
690 3225 901 3259 extorquebitur.
940 3227 1005 3251 Hinc
1018 3235 1067 3251 non
1079 3229 1139 3252 male
1158 3227 1214 3255 Ilid.
1230 3237 1257 3253 10
1271 3228 1310 3254 lit.
1325 3228 1358 3254 G.
1370 3234 1399 3261 83
1418 3229 1495 3254 Poen.
1511 3236 1529 3259 1,
1543 3236 1562 3259 1,
1576 3229 1591 3252 6
1617 3226 1720 3259 Qubus
1733 3236 1780 3261 pro
1796 3225 1936 3252 benefactis
1948 3224 2034 3250 fateor
2047 3224 2142 3250 debere
2155 3224 2204 3250 tibi
2222 3231 2248 3250 ct
2262 3224 2408 3250 libertatem
2421 3211 2470 3253 00)-

324 3261 474 3286 Gratiosum
489 3266 575 3290 vocat,
595 3259 641 3293 qui
655 3259 712 3293 plus
726 3260 871 3295 vnicuique
884 3269 961 3295 quam
975 3267 1106 3287 mereatur
1119 3261 1222 3288 tribuit.
1418 3264 1512 3290 multas
1526 3260 1607 3296 g'ratas
1619 3261 1730 3287 Gratias.
1798 3263 1863 3287 Hor.
1879 3259 1955 3294 Epist.
1970 3269 1991 3292 1,
2005 3269 2032 3292 4,
2047 3268 2075 3293 14
2105 3261 2183 3286 Grata
2203 3260 2368 3294 superueniet
2382 3260 2452 3319 qua}

361 3302 381 3320 G
391 3302 437 3321 ΒΛ
447 3302 465 3319 Ἴ·
478 3303 486 3321 ι
499 3302 518 3320 o
529 3301 540 3320 S
551 3301 575 3320 E.
596 3294 663 3320 Adu.
698 3295 755 3327 [χοι
770 3296 864 3330 ιέντως]
901 3295 1007 3330 leian.
1022 3296 1049 3322 in
1062 3296 1079 3322 l.
1095 3303 1166 3323 tutor
1183 3298 1228 3330 qui
1243 3303 1360 3331 reperto-
1419 3307 1472 3324 non
1490 3297 1636 3332 sperabitur
1650 3298 1731 3322 Hora.
1824 3296 1883 3322 Liu.
1896 3305 1918 3326 2,
1932 3300 1944 3324 8
1981 3296 2074 3321 Gratae
2093 3297 2121 3322 iu
2140 3295 2234 3329 vulgus
2260 3296 2340 3328 Leges
2363 3294 2422 3323 fuer
2435 3295 2479 3328 ul}

324 3329 395 3355 rimn
416 3329 439 3366 §.
462 3331 607 3364 Competet.
627 3330 656 3356 D.
680 3329 711 3355 de
729 3307 954 3357 adeministratione
972 3338 1106 3363 tutorum,
1130 3333 1156 3357 Si
1184 3333 1287 3366 praedia
1305 3342 1359 3359 non
1418 3335 1527 3360 Gratior
1545 3332 1668 3366 potestate
1688 3332 1806 3358 Libertas
1822 3331 1885 3356 Plin.
1902 3331 1993 3364 Paneg.
2012 3340 2032 3356 c.
2047 3336 2087 3364 87.
2157 3331 2237 3356 Manu
2257 3337 2327 3365 grata
2349 3324 2453 3364 [itineres

324 3365 422 3391 idonea
443 3371 661 3399 comparauerunt
681 3374 728 3399 pcr
752 3365 839 3392 sordes
857 3373 900 3392 aut
921 3368 1038 3400 gratiam.
1057 3367 1122 3402 quid
1140 3376 1220 3400 ergo,
1234 3367 1250 3393 si
1273 3377 1358 3402 neque
1419 3370 1485 3395 Hor.
1500 3368 1577 3403 Epist.
1592 3376 1612 3399 ι,
1628 3375 1655 3397 ιι,
1670 3376 1705 3398 23.
1776 3368 1869 3393 Manus
1886 3374 1979 3391 corum
1997 3373 2098 3400 gratum
2113 3372 2300 3400 acceptumque
2312 3365 2359 3391 esse
2379 3358 2449 3401 Nepa
2474 3394 2475 3397 Ἰ

326 3400 446 3432 sordide,
459 3410 543 3434 neque
558 3401 685 3434 gratiose:
706 3400 813 3427 sednon
827 3401 922 3427 bonam
936 3402 1116 3429 conditionem
1135 3402 1278 3436 elegerint?
1318 3405 1358 3429 lta
1370 3409 1404 3433 90
1420 3413 1455 3436 23,
1470 3413 1497 3437 7,
1511 3414 1530 3435 3·
1598 3403 1680 3435 Ques
1701 3404 1766 3428 Hor.
1777 3400 1854 3435 Epist.
1870 3410 1889 3432 ι,
1905 3409 1939 3435 ι7,
1953 3404 1977 3427 6.
2050 3402 2188 3435 Tempore
2208 3407 2282 3435 grato
2300 3401 2355 3427 frui
2375 3400 2461 3433 Ideni¹

325 3439 446 3468 accipitur
466 3444 490 3461 υι
507 3437 641 3462 Gratiosus
660 3445 684 3461 n.
700 3444 715 3462 2
734 3436 768 3461 acl
779 3437 925 3471 asprandum
943 3441 1122 3473 gratinm,per
1135 3437 1260 3474 fauorem.
1296 3440 1359 3464 Lau-
1420 3440 1497 3473 Epist.
1514 3447 1536 3470 2,
1548 3443 1634 3470 2,198.
1706 3438 1797 3462 Virtus
1811 3436 1911 3469 gratior
1931 3436 2038 3463 veniens
2058 3437 2083 3462 in
2106 3436 2216 3470 pulchro
2233 3444 2344 3470 corpore
2371 3434 2448 3473 Virgg*

329 3469 402 3494 datur
415 3471 547 3497 Gratiosus
562 3473 651 3497 Aseon.
667 3472 694 3497 in
707 3471 763 3497 Cic.
778 3472 854 3497 Verr.
870 3481 878 3497 1
892 3481 912 3498 c.
926 3481 951 3504 9.
1421 3477 1485 3501 Aen.
1501 3482 1521 3506 ς,
1535 3482 1592 3506 344.
1662 3472 1718 3498 Cic.
1736 3473 1786 3497 Art.
1800 3479 1821 3503 3,
1835 3480 1870 3505 24
1900 3472 1946 3497 lua
1959 3472 2056 3498 veritas
2077 3473 2155 3498 etiam
2171 3471 2187 3497 fi
2206 3471 2316 3497 iucunda
2336 3479 2388 3496 uon
2402 3468 2447 3502 este

366 3508 387 3527 G
399 3510 416 3528 R
427 3512 476 3531 AT
487 3514 494 3531 1
505 3512 523 3531 0
535 3513 546 3531 s
557 3505 569 3532 ἰ
579 3513 599 3531 Τ
610 3514 631 3532 Α
642 3514 654 3531 S
665 3526 671 3536 ‚
688 3507 743 3533 fitis.
771 3506 789 3532 f.
824 3508 929 3538 Gratia,
949 3507 1130 3534 commendatio.
1167 3508 1285 3536 Tertull.
1299 3508 1358 3535 adu.
1421 3510 1487 3536 mihi
1501 3517 1585 3536 tamen
1599 3513 1669 3541 grata
1684 3507 1727 3532 est.
1782 3507 1851 3533 Idem
1867 3508 1936 3533 Fam.
1950 3517 1978 3541 4,
1992 3509 2009 3533 6
2039 3508 2120 3533 Cuius
2134 3505 2218 3532 officia
2233 3506 2388 3532 iucundiora
2401 3503 2445 3531 sci*

330 3537 410 3562 Marc·
423 3546 441 3568 ¹,
456 3548 470 3570 9
500 3541 652 3567 Naturalcm
666 3542 792 3568 nouitatis
807 3542 993 3576 gratiositatem
1009 3543 1085 3569 volui
1097 3550 1270 3577 repercutere.
1420 3545 1480 3571 licet
1495 3546 1566 3578 saepe
1578 3542 1645 3569 mihi
1659 3542 1765 3568 fuerunt
1775 3561 1782 3572 ,
1802 3551 1934 3576 nunquam
1949 3543 2073 3577 gratiora.
2109 3542 2175 3568 Adii.
2189 3541 2224 3568 ib.
2240 3551 2272 3573 13,
2289 3547 2321 3571 ιε.
2383 3541 2444 3567 Gra·

367 3577 387 3596 G
399 3578 416 3597 R
426 3579 475 3598 ΛΤ
485 3581 491 3597 1
503 3582 523 3599 s.
544 3576 609 3601 Adu.
646 3578 658 3610 [
671 3581 770 3611 προῖκα,
788 3575 871 3612 δωρεάν
884 3579 896 3612 ]
931 3579 1062 3609 Gratuito,
1086 3588 1133 3604 non
1158 3579 1240 3614 solum
1265 3581 1357 3607 Pretio.
1370 3586 1402 3613 95
1419 3586 1476 3606 tum
1491 3580 1572 3606 odore
1587 3576 1702 3603 iucundo
1715 3577 1833 3602 ladanum
1854 3578 1920 3604 Plin.
1934 3586 1968 3609 ι2,
1983 3585 2018 3612 17.
2089 3578 2199 3603 Gratum
2212 3577 2239 3602 in
2252 3577 2313 3602 cibo
2334 3576 2398 3602 Plin.
2411 3581 2431 3601 u
2476 3581 2477 3585 ¹

331 3605 397 3646 Tel}
413 3606 515 3633 Phorm·
531 3618 550 3639 3,
565 3618 589 3641 2,
604 3620 625 3641 ις
644 3613 677 3637 Vt
697 3612 834 3647 phaleratis
855 3612 932 3638 dictis
951 3612 1027 3639 ducas
1047 3622 1102 3644 me,
1121 3620 1147 3639 et
1165 3623 1248 3640 meam
1268 3614 1358 3640 ductes
1419 3624 1461 3648 29.
1500 3617 1529 3641 Et
1544 3623 1580 3643 10,
1592 3618 1624 3646 48
1643 3611 1718 3638 Cibis
1733 3612 1877 3645 gratillima.
1950 3613 2006 3639 Cic.
2020 3613 2082 3638 Diu.
2098 3613 2173 3638 Verr.
2188 3621 2199 3643 7
2229 3612 2300 3646 Qud
2322 3612 2357 3638 est
2375 3617 2424 3645 qun
2439 3637 2441 3642 .

330 3642 426 3674 graus?
474 3641 519 3667 Set!
530 3644 573 3677 leg.
587 3646 684 3671 Gratiis
698 3648 749 3675 vid.
761 3647 851 3680 statim
869 3657 894 3673 n.
909 3657 933 3674 2.
986 3648 1040 3675 Cic.
1054 3650 1129 3675 Verr.
1151 3658 1158 3675 ι
1184 3650 1270 3676 Gratis
1285 3651 1358 3676 Prae·
1419 3658 1463 3677 aut
1478 3652 1537 3684 Pop.
1551 3650 1669 3675 Romano
1681 3648 1778 3677 gratius
1793 3649 1838 3673 esse
1851 3647 1960 3681 debeat,
1981 3654 2024 3674 aut
2040 3647 2115 3673 sociis
2132 3646 2280 3681 exterisque
2294 3645 2444 3673 nationibus

328 3682 372 3702 tor
386 3675 470 3701 festius
483 3675 526 3715 est:
564 3679 675 3706 Martial.
690 3690 711 3711 3,
724 3691 753 3713 30
771 3684 857 3709 Gratis
870 3683 982 3709 conuiua
995 3684 1135 3710 recumbis.
1171 3685 1225 3711 Cic.
1241 3686 1357 3718 QFrat.
1418 3686 1532 3720 optatius
1551 3685 1598 3710 esse
1617 3682 1705 3717 possit,
1731 3689 1774 3708 aut
1794 3684 1867 3709 saluti
1887 3684 2055 3717 fortunisque
2069 3683 2188 3709 omnium
2209 3683 2289 3715 magis
2301 3687 2442 3709 accomino-
2462 3690 2467 3701 ἰ

329 3719 353 3750 3?
368 3720 376 3737 ι
397 3710 425 3751 Id
439 3719 480 3736 me
495 3711 540 3736 scis
554 3719 627 3738 antea
640 3718 716 3747 gratis
729 3717 780 3743 tibi
793 3719 840 3743 effe
855 3718 1011 3752 pollicitum.
1081 3719 1184 3746 Seruire
1200 3721 1280 3746 alicui
1302 3729 1357 3755 gra·
1418 3721 1506 3747 datum
1519 3720 1564 3746 sit?
1633 3718 1688 3744 Cic.
1703 3717 1734 3743 de
1749 3719 1838 3752 Legib.
1858 3728 1880 3748 2,
1899 3727 1928 3752 41
1965 3719 2053 3745 Velini
2071 3717 2136 3748 hoc,
2162 3718 2232 3751 quod
2254 3718 2366 3752 loquor,
2392 3712 2441 3741 tibi

328 3751 363 3772 ¹¹5
383 3747 438 3772 Cic.
451 3754 498 3780 ΡΓΟ
511 3745 612 3772 Cluen*
626 3755 692 3789 7115.
708 3753 745 3776 :6-
814 3754 941 3780 Habitare
961 3754 1039 3788 gratis
1058 3754 1086 3780 in
1104 3754 1191 3781 alieno
1218 3756 1288 3782 Idem
1303 3756 1355 3783 Off.
1364 3766 1408 3783 100
1417 3763 1518 3790 gratum
1531 3753 1615 3780 videri
1631 3753 1716 3787 potius
1730 3763 1805 3787 quam
1821 3763 1907 3788 graue.
1980 3755 2090 3780 Gratum
2104 3753 2139 3778 est
2152 3752 2218 3778 mihi
2232 3761 2278 3778 non
2292 3750 2442 3787 modofignh
2464 3776 2465 3779 ,

329 3789 354 3811 2,
368 3786 394 3812 83
415 3791 435 3807 C·
449 3790 486 3813 23·
524 3817 528 3821 ,
558 3783 588 3807 Εἴ
608 3781 638 3806 de
653 3784 745 3822 lJ¹¹¹32=
761 3789 788 3816 83
824 3788 858 3813 Vt
876 3790 1050 3824 aequitatem,
1064 3789 1231 3821 modestiam,
1245 3793 1356 3818 virtutes
1413 3791 1488 3825 ficar,
1506 3795 1591 3823 gratus
1606 3795 1629 3814 et
1648 3797 1701 3813 cum
1713 3787 1798 3820 studio
1818 3789 1970 3815 retribuendi
1981 3791 2091 3822 accipio,
2111 3794 2154 3813 aut
2171 3788 2301 3813 summam
2322 3785 2354 3820 est
2368 3785 2441 3812 tmht'v·

328 3824 418 3842 omnes
437 3825 483 3850 per
496 3816 587 3850 seipsas
601 3823 679 3849 gratis
693 3819 810 3857 d-lligant.
882 3824 936 3850 Cic.
951 3834 999 3859 pro
1012 3826 1087 3851 Rosc.
1100 3826 1174 3851 Com.
1188 3834 1204 3860 7
1233 3827 1284 3852 Hic
1302 3827 1356 3860 pri-
1408 3826 1456 3861 fid
1466 3828 1538 3850 ctiam
1548 3843 1554 3854 ,
1569 3822 1659 3859 'gratia
1678 3824 1739 3849 mihi
1751 3832 1798 3858 pro
1816 3825 1858 3850 illo
1877 3824 1986 3850 habetur.
2025 3826 2065 3848 ¹<ic
2078 3822 2145 3848 Ter.
2160 3823 2224 3848 Eun.
2243 3831 2270 3855 3,
2285 3831 2308 3853 1,
2321 3825 2337 3848 6
2360 3819 2442 3855 optimi

327 3860 398 3877 mum
418 3851 521 3891 questus
540 3851 575 3892 esi
593 3860 646 3891 nou
667 3852 762 3893 leuiter
773 3855 904 3889 Saturius,
923 3869 1088 3886 communem
1103 3860 1201 3887 fadium
1214 3862 1261 3887 ess'e
1275 3862 1355 3895 gratis
1413 3863 1498 3896 quique
1516 3860 1608 3884 Fae'rrm
1627 3865 1650 3884 et
1665 3860 1771 3885 Bentleio
1789 3858 1889 3892 tigliibus
1907 3859 1996 3885 habent
2015 3858 2056 3883 Est
2070 3858 2133 3883 istuc
2153 3857 2242 3883 datum
2261 3857 2397 3892 profe-cio,
2414 3856 2442 3880 vt

327 3896 385 3912 cum
395 3888 499 3918 Roscio,
517 3895 563 3921 qui
578 3893 663 3921 pretio
676 3896 795 3921 proprius
809 3890 893 3917 suitset
907 3894 1007 3921 Fannii.
1045 3896 1100 3922 Cic.
1113 3896 1189 3922 Verr.
1199 3906 1225 3931 4,
1239 3905 1272 3928 29
1291 3905 1312 3922 c.
1327 3904 1352 3922 12
1413 3900 1483 3929 grata
1503 3893 1568 3919 mihi
1589 3893 1636 3920 sunt
1656 3903 1722 3928 quae
1740 3895 1810 3920 facio
1831 3895 1930 3921 omnia.
1966 3895 2005 3920 Sic
2021 3894 2116 3919 Heaut.
2131 3901 2154 3921 2.
2174 3901 2196 3925 3,
2209 3901 2238 3920 21
2265 3891 2344 3925 Qiod
2358 3890 2440 3916 tamen

323 3921 362 3948 15³
373 3922 405 3948 ab
424 3923 449 3948 se
463 3922 550 3949 inuito
570 3922 667 3948 fiblaffl
685 3921 801 3956 phaleras
819 3926 906 3958 gratis.
976 3930 1062 3958 Gratis
1077 3931 1162 3958 facere
1176 3932 1233 3959 sum
1247 3936 1351 3967 paratus
1357 3939 1400 3966 ¹05
1409 3938 1478 3956 nune
1492 3929 1611 3960 faciams.
1621 3936 1677 3956 tum
1690 3939 1749 3956 cuin
1762 3936 1866 3964 gratum
1877 3927 1914 3954 mi
1928 3929 1975 3955 else
1989 3928 2092 3963 potuit,
2107 3928 2192 3954 uolui.
2264 3928 2380 3985 Minime(
2386 3931 2438 3983 3¹2³-

2381 3967 2397 3984 u
2430 3976 2439 3989 ο
