2479 4225
229 169 267 207 31
578 152 866 193 DEC

229 245 289 272 Alia
301 242 434 269 Ciceronis
447 241 602 276 exemplaria,
617 249 675 276 quae
681 246 807 275 putantur
819 234 1012 272 castigatiffima,
1028 246 1077 262 non
1090 235 1179 262 babent
1190 232 1253 259 hane

229 287 307 304 vocem
321 277 470 303 Decocium.
488 277 611 302 Caeterum
618 283 666 310 pro
684 275 724 300 allo
739 281 836 310 pugnat
855 269 982 298 Vtclorius
1001 272 1061 298 Var.
1074 269 1152 297 LeHe.
1168 276 1252 302 24,25.

228 320 249 338 et
262 311 365 347 vtstigia
383 311 451 337 verbi
467 314 559 346 reperit
577 312 670 346 diserta
689 313 716 336 in
734 309 856 335 Palatinis
874 305 984 332 omnibus
997 308 1125 333 Gruterus.
1160 304 1253 331 Contra

230 348 338 373 fam-nus
357 347 390 372 ad
399 348 475 372 locum
496 353 518 372 et
531 348 643 371 Muretus
661 345 721 371 ναν.
734 342 812 370 Lesb.
826 351 853 374 4,
868 348 896 372 19
921 343 1024 377 itemque
1042 341 1173 368 Lambinus
1186 346 1210 365 et
1222 339 1252 366 ab

228 381 374 407 auctoritate
387 380 485 413 dgliae'tm
492 401 501 413 ,
518 387 540 406 ει
553 380 634 414 versui
646 385 780 414 repugnare
787 396 796 408 ,
811 375 955 411 dqfendum.
991 379 1021 403 Et
1033 377 1096 402 illud
1101 375 1183 410 facile
1196 377 1252 400 vin·
1272 387 1286 413 ς

228 423 300 447 cunt,
317 417 383 450 apud
399 417 511 442 Plautum
530 415 607 450 ipsum
624 413 697 447 abeffi»
715 415 805 439 merim.
860 413 965 437 Annon
983 412 1011 437 de
1016 412 1064 447 suo
1076 412 1196 437 adiecerit
1209 409 1252 435 de-

225 450 329 477 εοόὶιιιῐι
346 452 455 481 Tullius,
475 449 663 484 dubitariforte
674 454 751 484 queat.
771 481 776 485 1
786 447 871 473 Aliter
878 447 961 481 paullo
978 446 1046 481 apud
1059 446 1186 484 Spartian.
1197 446 1253 484 *Ha-

228 484 311 512 drian.
326 495 346 511 c.
362 494 378 521 7
398 485 578 516 Senatoribus,
598 484 644 518 qui
664 492 716 509 non
728 482 797 507 vitio
808 481 855 507 suo
870 482 1040 514 decoxerant,
1061 488 1252 516 patrimonium

226 521 350 554 expleuit.
386 522 424 547 Ibi
435 523 495 546 cuim
509 520 662 554 Decoquere
675 516 706 550 est
714 524 762 551 per
781 516 949 552 msortunium
960 523 1003 543 aut
1014 519 1088 543 alium
1101 516 1189 551 casum,
1202 525 1251 542 mm

219 556 291 593 suam
302 558 404 596 culpam,
416 556 445 582 dc
456 555 525 581 rebus
532 555 589 589 suit
600 553 702 579 deuotus.
736 552 791 577 Cic.
802 552 914 586 Philipp.
923 561 948 584 2,
961 561 998 585 44
1009 561 1034 583 ς.
1048 557 1072 581 18
1096 551 1151 584 Qui
1168 551 1252 577 fortu-
1267 563 1296 580 10

226 600 274 618 nae
289 592 370 622 vitio,
387 600 439 617 non
453 591 499 616 suo
512 589 657 615 decoxiss'et.
709 587 834 613 Caeterum
847 588 1024 622 dilapidatores
1041 586 1159 614 eiusmodi
1170 595 1252 612 rerum

218 628 320 663 fiturum
335 633 356 653 et
368 625 512 659 decoquere
525 625 639 650 dicuntur
652 628 675 648 ct
686 620 808 656 decoqui.
878 623 944 649 Pers.
959 630 980 655 5,
994 630 1026 656 57
1051 623 1127 649 Hunc
1141 621 1197 648 alea
1209 620 1253 647 de.

224 662 330 696 coquit,
355 661 399 686 ille
419 661 447 687 in
462 662 589 686 Venerem
602 663 696 692 putret.
769 657 893 684 Tenesne
912 658 1043 685 memoria
1060 662 1251 692 praetextatum

223 703 249 724 tc
262 696 387 723 decoxiss'e
407 696 460 723 Cic.
474 694 539 721 Phil.
554 703 569 720 2
583 702 603 718 c.
619 697 653 722 18.

261 739 302 758 DE
313 737 330 757 c
342 738 360 757 o
369 738 385 757 c
394 738 415 757 T
425 738 445 757 v
454 738 477 762 s,
485 739 508 761 a,
516 738 568 755 um.
585 728 678 754 Partic.
693 726 859 767 [ἐφιψηθιὶς]
895 727 1018 762 Asparagi
1032 726 1135 754 dccccii
1153 728 1182 754 in
1189 727 1251 754 cibo
1271 740 1296 765 13

223 768 288 793 Plin.
302 774 342 798 23,
355 775 373 792 1.
441 766 496 792 Cic.
509 763 540 789 de
551 764 625 790 Orat.
638 772 660 795 3,
673 771 715 795 103
729 773 750 789 c.
765 765 798 789 26
823 764 861 789 Ita
875 762 905 789 fit
917 763 994 789 nobis
1008 763 1090 797 igitur
1102 769 1210 790 ornatus
1227 769 1253 789 et

222 802 308 828 suauis
320 807 423 831 orator,
443 808 489 825 nec
503 804 589 825 tamen
609 799 691 834 potest
710 798 787 825 aliter
804 798 852 824 esse
861 818 869 830 ‚
888 804 916 824 vt
930 798 1085 825 suauitatem
1099 798 1194 825 habeat
1208 808 1252 825 au-

222 838 314 864 steram
334 843 358 862 et
370 834 494 866 solidam,
523 843 578 860 non
590 833 693 861 dulcem
712 840 789 869 atque
809 832 952 859 decoctam.
1024 834 1156 867 Decofih,
1175 834 1253 870 Abso-

219 874 268 899 lut?
276 892 284 904 ,
296 871 334 905 fic
345 877 434 909 tarnem,
446 877 475 896 ut
481 869 648 906 fitbaudicztur
659 879 730 905 aqua.
766 871 822 895 qu.
833 869 882 895 Sat.
896 876 919 901 5,
933 877 964 902 50
980 869 1006 896 Si
1013 869 1159 896 stomachus
1168 869 1254 896 domi-

220 909 247 933 ni
260 908 344 933 feruet
357 914 488 940 vmoque,
508 905 638 940 ciboque,
674 903 810 939 Frigidior
826 904 925 931 Geticis
943 905 1042 939 petitur
1060 904 1167 932 decofta
1180 905 1252 939 prui-
1260 918 1299 938 20

218 942 266 969 nis.
301 940 374 976 Cous.
388 941 456 967 Suet.
476 940 543 967 Ner.
557 950 577 968 c.
589 946 631 974 48.
678 941 736 967 Vid.
759 939 896 976 Cod'kasub
922 946 1028 979 C10Qv
1038 947 1067 967 ο.
1138 941 1251 976 Compar.

216 976 282 1019 apud
298 977 365 1019 Pers.
381 985 400 1009 1,
416 985 456 1008 123
488 977 515 1003 Si
527 976 599 1003 forte
619 975 720 1011 aliquid
736 974 870 1002 decod‘dus
883 975 966 1002 audis.
1004 976 1037 1003 Id
1049 974 1100 1010 est,
1119 978 1254 1009 Limatius,

211 1011 432 1078 cajigggglgffmi,
447 1046 510 1073 oris.
524 1055 558 1072 m.
579 1045 695 1081 [ἔσω-τος,
707 1045 846 1082 χρεοκᾶκος]
866 1047 973 1082 Qcirem
981 1044 1253 1081 familiaremdccoxit.

1714 143 1751 184 D
1847 146 1881 186 E
1973 146 2008 186 C
2301 158 2345 199 32

1311 234 1404 266 velint,
1412 233 1483 270 quod
1497 235 1534 261 ita
1547 237 1654 260 naturae
1666 234 1867 260 consentaneum
1887 233 1916 262 fit
1926 255 1933 267 ,
1952 242 1980 261 vt
1992 234 2021 261 in
2036 243 2067 261 eo
2080 235 2228 263 moderatio
2241 241 2265 262 et
2279 241 2344 262 terno

1312 271 1430 304 perantia
1443 275 1564 304 appareat
1585 278 1644 295 cum
1660 269 1743 304 specie
1756 268 1867 304 quadam
1879 270 1993 297 liberali.
2066 271 2133 297 Ibid.
2153 277 2180 303 83
2211 273 2267 297 Iloc
2284 271 2344 297 loco

1312 306 1462 332 continetur
1474 305 1512 337 id,
1525 304 1596 339 quod
1610 304 1664 331 dici
1684 305 1777 332 Latine
1790 304 1914 331 decorum
1928 306 2016 341 potest.
2054 307 2153 332 Graece
2171 308 2241 333 enim
2260 308 2345 340 πρέπον

1311 340 1417 367 dicitur.
1470 340 1558 366 Huius
1573 339 1614 365 vis
1628 348 1656 366 ca
1671 340 1721 371 cst,
1741 346 1769 366 vt
1781 339 1814 367 ab
1826 339 1933 367 honesto
1945 351 1998 368 nou
2011 348 2089 376 queat
2103 343 2223 376 separari.
2272 342 2344 368 Nam

1311 382 1335 402 et
1350 375 1421 410 quod
1434 374 1522 408 dccet,
1542 374 1681 401 honestum
1694 375 1744 406 est3
1763 381 1788 402 et
1803 375 1874 410 quod
1895 374 2030 404 honestum
2049 377 2100 409 est,
2116 377 2196 403 det-ct.
2249 377 2345 411 Qialis

1310 417 1398 438 autem
1410 409 1559 437 differentia
1574 410 1604 436 sit
1623 410 1725 436 honesti
1735 416 1761 437 et
1775 410 1880 442 decori,
1898 411 2001 439 facilius
2014 412 2145 447 intelligi,
2163 421 2241 447 quam
2259 413 2346 447 expla-

1312 448 1370 473 nari
1383 446 1481 481 potest:
1537 445 1678 480 Quidquid
1691 445 1727 472 est
1740 446 1811 472 enim
1824 445 1894 481 quod
1909 445 2011 480 deceat,
2031 448 2058 475 id
2074 455 2128 474 tum
2145 454 2266 482 apparet,
2285 457 2345 474 <um

1312 482 1451 517 antegressa
1463 480 1500 507 est
1512 481 1639 507 honestas.
1675 496 1720 500 —
1755 482 1786 508 Et
1798 482 1863 508 iusta
1876 482 1965 508 omnia
1980 481 2072 510 decora
2087 485 2158 513 sunt3
2175 484 2268 509 iniuste
2284 492 2343 510 effi..

1312 523 1366 550 tra,
1391 523 1420 544 vt
1432 516 1535 551 turpia,
1550 516 1583 542 sic
1597 516 1730 542 indecora.
1765 531 1810 537 -—
1845 517 1886 543 Est
1900 517 1970 543 enim
1979 517 2113 551 quiddam,
2127 519 2206 553 idque
2220 518 2345 553 intelligi-

1312 559 1370 585 tur,
1386 553 1415 579 in
1427 553 1501 579 omni
1514 552 1631 584 virtute,
1651 551 1724 586 quod
1739 551 1844 582 deceat,
1864 552 1936 587 quod
1951 552 2109 586 cogitatione
2124 554 2206 588 inagis
2220 563 2234 580 a
2247 554 2346 580 virtute

1314 588 1396 622 potest
1409 597 1488 623 quam
1500 596 1528 614 re
1541 587 1662 621 separari.
1715 588 1750 613 Vt
1763 588 1882 614 venustas
1895 596 1920 614 et
1937 587 2106 623 pulchritudo
2116 589 2235 625 corporis
2248 589 2350 615 secerni

1313 632 1366 650 non
1379 624 1463 658 potest
1476 633 1491 650 a
1504 622 1665 655 valetudine,
1685 629 1730 648 etc.
1768 622 1815 649 Sed
1826 624 1903 657 plura
1917 625 1952 650 ibi
1959 624 2038 660 fimt,
2060 631 2082 649 et
2094 624 2180 660 digna,
2194 634 2254 661 quae
2271 624 2346 658 conj?-

1313 659 1437 686 cierentur.
1508 659 1550 686 Sic
1570 666 1604 692 97
1623 668 1644 683 c.
1664 663 1695 687 28
1725 657 1754 684 de
1766 657 1879 689 decoro,
1906 660 1978 694 quod
1994 660 2088 685 Poetae
2107 660 2266 694 sequuntur,
2301 675 2346 679 -——

1313 703 1373 720 cuin
1392 694 1436 727 id,
1456 693 1528 729 quod
1548 702 1651 728 quaque
1674 694 1784 727 persona
1803 693 1911 727 dignum
1930 695 1982 728 est,
2002 700 2027 721 et
2046 694 2091 726 sit,
2111 700 2136 720 et
2156 695 2262 723 dicitur.
2316 696 2347 721 Et

1317 732 1361 756 126
1372 739 1392 757 c.
1406 738 1434 763 35
1458 729 1506 756 Sed
1525 730 1652 764 quoniam
1670 728 1796 755 decorum
1811 728 1877 756 illud
1892 729 1921 755 in
1938 730 2062 757 omnibus
2075 729 2151 756 faffis
2170 730 2196 756 et
2207 731 2301 762 dietis,
2319 730 2349 756 in

1313 766 1431 800 corporis
1445 765 1559 799 denique
1573 771 1648 791 motu
1664 770 1688 790 et
1701 764 1766 790 statu
1787 764 1921 796 cernitur,
1941 765 2020 800 idque
2040 765 2152 800 positum
2168 765 2204 792 es't
2221 766 2249 792 in
2263 766 2348 793 tribus

1313 800 1407 833 rebus,
1432 800 1612 832 formositate,
1636 799 1745 832 ordine,
1769 805 1864 826 ornatu
1881 799 1913 826 ad
1930 800 2061 827 adiionem
2079 807 2156 835 apto,
2173 808 2219 827 etc.
2291 802 2349 828 Cic.

1315 835 1367 862 Off.
1381 845 1407 868 2,
1422 845 1452 868 32
1476 836 1580 862 Etenim
1592 834 1658 862 inud
1673 835 1767 869 ipsum,
1781 834 1851 870 quod
1870 835 2016 863 Honestum
2033 836 2211 871 decorumque
2229 835 2352 869 dicimus,

1315 871 1378 906 quia
1396 880 1441 906 per
1453 873 1478 898 se
1491 871 1568 898 nobis
1582 871 1674 906 placet,
1686 870 1841 906 animosque
1854 870 1977 897 omnium
1988 877 2080 898 natura
2091 878 2116 898 et
2128 872 2213 907 specie
2226 873 2270 898 sua
2283 880 2351 898 com-

1315 913 1422 940 mouet,
1442 914 1488 933 etc.
1543 906 1623 941 Q1od
1636 907 1837 933 consentaneum
1851 906 1881 933 sit
1892 905 2014 933 hominis
2022 907 2205 938 excellentiae,
2224 907 2351 933 decorum

1314 942 1350 968 est
1369 942 1441 968 Idem
1455 942 1507 969 Off.
1524 951 1544 975 1,
1556 945 1599 975 96.
1671 942 1788 976 Dignum
1799 942 1861 968 viro
1874 941 1999 968 decorum
2012 942 2133 976 videtur,
2151 942 2224 978 quod
2236 942 2355 969 viriliter

1314 977 1456 1012 animoque
1472 986 1568 1012 magno
1583 977 1612 1004 fit
1629 977 1669 1004 Id.
1683 977 1735 1004 Off.
1750 986 1769 1010 1,
1784 986 1827 1010 94.
1882 978 2030 1004 Confusum
2042 986 2102 1004 cum
2114 978 2214 1006 virtute
2228 978 2353 1005 decorum

1315 1012 1367 1045 est,
1387 1013 1430 1039 sed
1442 1019 1528 1040 mente
1542 1019 1567 1040 et
1583 1013 1744 1048 cogitatione
1758 1013 1928 1047 distinguitur
1944 1014 2001 1040 Cic.
2015 1013 2068 1040 Off.
2077 1022 2096 1045 1,
2106 1021 2146 1046 95.

1351 1054 1422 1075 DEc
1433 1049 1513 1076 our.
1549 1048 1616 1075 Adu.
1652 1049 1801 1083 [iva-qmffis,
1823 1048 1960 1082 ἔυκόσμωε]
1995 1049 2050 1075 Cic.
2061 1048 2114 1075 Off.
2133 1057 2152 1081 1,
2168 1057 2210 1082 114
2224 1058 2246 1075 c.
2261 1057 2286 1081 31
2306 1048 2352 1075 Sin

216 1084 286 1118 Lege
299 1082 392 1109 Roscia
404 1081 587 1108 decoctoribus
600 1087 684 1108 certus
698 1081 771 1108 locus
788 1082 944 1108 constitutus
959 1083 1015 1108 Cic.
1024 1081 1090 1108 Phil.
1100 1091 1115 1108 2
1124 1091 1145 1108 c.
1156 1088 1189 1113 18.
1212 1082 1251 1109 Id.
1266 1094 1298 1121 25
1315 1083 1459 1118 aliquando
1471 1084 1598 1111 necessitas
1611 1092 1659 1109 nos
1672 1083 1704 1110 ad
1711 1092 1741 1110 ca
1753 1084 1904 1117 detruserit,
1917 1092 1984 1118 quae
1995 1081 2077 1111 nostri
2085 1084 2187 1118 ingeni1
2199 1093 2253 1110 non
2267 1090 2354 1116 erunt,

217 1120 246 1146 in
259 1119 365 1146 Catilin.
378 1126 403 1149 2,
418 1125 429 1149 5
444 1126 465 1143 c.
483 1125 494 1149 3
516 1118 552 1143 Ex
565 1116 606 1143 his
619 1117 713 1151 copiis,
725 1125 791 1151 quae
802 1126 816 1143 a
828 1116 905 1144 nobis
921 1117 1044 1152 quotidie
1057 1125 1252 1152 comparantur,

217 1162 374 1189 magnopere
389 1157 528 1179 contemno
540 1152 680 1179 collectum
694 1161 725 1178 ex
739 1152 843 1178 senibus
854 1152 1008 1187 desperatis,
1028 1153 1124 1188 agresti
1135 1154 1253 1186 luxuria,

217 1199 248 1217 ex
261 1190 362 1216 rusticis
375 1187 546 1219 mendiculis,
567 1196 598 1213 cx
617 1187 816 1219 decoctoribus,
835 1196 867 1214 cx
879 1187 931 1220 his,
944 1188 992 1223 qui
1009 1188 1164 1215 vadimonia
1182 1189 1252 1216 desc-

216 1234 289 1256 rere,
309 1233 387 1260 quam
405 1223 482 1249 illurn
500 1223 644 1249 exercitum
670 1223 828 1250 maluerunt.
871 1224 959 1250 Vtitur
973 1226 1046 1250 etiam
1065 1225 1151 1251 Catul.
1165 1233 1210 1258 42,
1222 1234 1249 1258 4.

217 1268 240 1288 n
259 1270 276 1294 4
298 1280 306 1292 2
326 1268 346 1293 5·

215 1270 374 1331 dilapidator.
390 1293 406 1319 l.
421 1302 457 1325 40
470 1294 500 1320 C.
513 1293 545 1320 de
557 1293 745 1321 decurionibus
765 1295 812 1321 lib.
827 1303 855 1321 10
874 1294 997 1328 Quilibet
1010 1296 1197 1330 principalium
1208 1296 1252 1322 vel

214 1331 405 1361 decurionum,
423 1328 441 1354 si
454 1328 497 1355 vel
517 1329 642 1357 decoftor
659 1330 786 1365 pecuniae
805 1329 942 1365 publicae,
960 1331 1003 1357 vel
1021 1330 1204 1359 fraudulentus
1222 1332 1252 1358 in

211 1364 431 1400 adscriptionibus
439 1384 447 1396 ‚
466 1371 511 1391 etc.

249 1408 268 1427 D
276 1409 293 1428 Ε
302 1408 318 1428 c
328 1407 346 1426 O
355 1407 371 1427 c
381 1407 402 1427 T
410 1407 431 1425 v
440 1407 464 1425 M
472 1419 481 1431 ,
499 1401 517 1425 i.
531 1409 557 1426 n.
585 1399 671 1440 Subst.
704 1400 869 1441 [ἐφέφημα]
906 1401 980 1436 Quod
991 1398 1113 1427 decot‘ium
1124 1398 1165 1433 eli.
1186 1401 1252 1428 Plin.

441 1257 488 1285 Sed
506 1265 528 1284 et
554 1258 686 1285 Decoctor
720 1259 845 1293 pecuniae
875 1259 1011 1294 publicae,
1037 1261 1056 1286 i.
1077 1259 1200 1296 absumtor
1229 1267 1253 1286 et
1265 1273 1310 1297 30,

1314 1120 1401 1146 omnis
1415 1119 1564 1147 adhibenda
1577 1120 1628 1146 erit
1643 1128 1720 1151 cura,
1735 1119 1891 1152 meditatio,
1909 1119 2063 1154 diligentia,
2080 1128 2109 1146 V1
2120 1128 2150 1146 ea
2169 1119 2187 1146 si
2201 1128 2256 1145 non
2275 1118 2353 1145 decb-

1314 1164 1359 1187 re,
1377 1161 1404 1182 at
1417 1164 1496 1190 quam
1509 1156 1621 1182 minime
1635 1154 1759 1181 indecore
1772 1155 1858 1182 facere
1872 1155 2000 1190 possimus.
2071 1155 2162 1182 San&a
2181 1155 2294 1181 formata
2312 1154 2354 1180 dc·

1315 1199 1377 1217 core
1391 1191 1463 1217 Iouis
1475 1191 1570 1226 specics
1590 1189 1664 1216 Idem
1678 1190 1710 1216 de
1724 1190 1816 1217 Diuin.
1832 1199 1850 1222 1,
1865 1200 1904 1217 20.
1925 1193 1961 1217 Ex
1983 1192 2066 1217 Porta.
2109 1190 2148 1217 Ad
2165 1199 2256 1217 rerum
2268 1189 2354 1224 digni-

1314 1232 1394 1253 tatem
1409 1233 1484 1261 apte,
1503 1233 1529 1253 et
1543 1226 1613 1261 quasi
1627 1226 1721 1252 decore
1734 1226 1811 1260 loqui
1830 1226 1868 1252 Id.
1882 1226 1914 1253 de
1928 1227 2001 1253 Orat.
2016 1235 2036 1259 1,
2053 1235 2102 1260 ¹44
2114 1235 2134 1252 c.
2148 1235 2187 1258 32.

1352 1268 1370 1287 D
1381 1269 1397 1288 E
1407 1269 1423 1289 C
1432 1268 1451 1288 0
1460 1269 1478 1288 R
1487 1269 1496 1288 1
1506 1268 1526 1288 Τ
1535 1269 1551 1288 Ε
1563 1269 1592 1288 R.
1630 1261 1705 1288 Idem.
1742 1260 1820 1296 Apul.
1832 1262 1897 1288 Mct.
1912 1269 1925 1294 5
1938 1271 1963 1296 p.
1978 1265 2021 1292 168
2052 1262 2175 1288 Crinium
2189 1260 2264 1295 globi
2278 1260 2354 1286 deco-

1314 1297 1381 1324 riter
1395 1297 1527 1332 impediti.
1582 1297 1653 1323 Idem
1666 1297 1683 1323 l.
1696 1299 1713 1322 6
1725 1306 1748 1331 p.
1764 1302 1804 1329 185
1830 1297 1955 1324 Frontem
1970 1298 2108 1332 crispatam
2121 1297 2252 1323 decoriter
2265 1295 2356 1321 discri-

1314 1331 1424 1360 minare.
1496 1335 1528 1359 Et
1543 1341 1563 1359 ιι
1578 1342 1602 1367 p.
1616 1338 1669 1365 258,
1685 1335 1716 1358 26
1748 1333 1817 1359 Palla
1852 1347 1898 1353 —
1932 1332 1965 1359 ad
1984 1334 2088 1360 vltimas
2102 1341 2160 1360 oras
2176 1331 2283 1358 nodulis
2297 1330 2354 1357 sim-

1313 1368 1433 1395 briarum
1446 1368 1579 1395 decoriter
1596 1367 1799 1394 confluetuabat.
1815 1378 1818 1381 ·

1351 1411 1489 1436 DECVS,
1513 1404 1578 1430 oris.
1599 1413 1625 1430 n.
1662 1403 1784 1438 [κᾶσμοὴ
1803 1404 1936 1437 {uxama-loe,
1955 1402 2038 1438 mari]
2073 1402 2141 1430 Idem
2157 1402 2216 1439 sere
2230 1401 2294 1438 quod
2306 1402 2356 1428 De-

213 1445 258 1471 24,
271 1445 288 1470 9
302 1437 320 1462 s.
333 1443 369 1469 42
397 1434 542 1461 Decoetum
555 1443 650 1461 eorum
664 1444 692 1462 m
707 1444 772 1462 vino
785 1442 878 1470 potum
887 1456 895 1468 ,
913 1436 956 1462 vel
969 1436 1122 1471 impositum
1135 1446 1194 1463 cum
1210 1446 1251 1463 ro·
1270 1445 1298 1472 35
1317 1448 1376 1466 cor:
1395 1439 1518 1475 quidquid
1524 1445 1631 1474 propter
1644 1439 1768 1471 ordinem,
1787 1445 1810 1465 et
1824 1443 2017 1465 conuenientium
2029 1441 2090 1470 toci,
2111 1442 2227 1474 temporis
2241 1444 2286 1464 etc.
2300 1438 2358 1472 pla-

214 1474 286 1499 saceo
300 1477 325 1498 et
339 1479 398 1498 cera
412 1469 490 1496 sedat.
560 1469 633 1497 Idem
647 1478 690 1503 24,
704 1479 733 1496 10
759 1472 855 1506 Vulgus
860 1471 1110 1507 pharmacopolarum
1123 1471 1252 1499 Decobtio-

211 1517 265 1534 nem
278 1513 359 1533 vocat.
393 1505 461 1532 Add.
475 1513 518 1537 22,
532 1513 572 1532 20.
587 1512 610 1532 et
623 1514 661 1537 23,
676 1514 695 1532 1.

251 1549 270 1568 D
280 1548 321 1569 Ec
330 1549 350 1568 Ο
359 1546 376 1567 c
387 1548 408 1567 T
420 1547 440 1566 v
451 1548 474 1573 s,
489 1539 526 1566 fis.
549 1549 584 1567 m.
621 1540 737 1574 [ἕψησις]
774 1540 841 1567 ΡΙίη.
855 1548 896 1575 37,
912 1548 939 1566 12
953 1541 971 1567 s.
986 1548 1023 1575 74
1043 1541 1075 1567 Et
1087 1540 1151 1566 alias
1162 1549 1254 1568 omnes

213 1586 332 1614 gemmae
344 1576 430 1603 mellis
443 1575 552 1602 deco&u
567 1576 713 1602 mitescunt.
749 1577 803 1602 Hoc
815 1574 858 1608 esi,
870 1585 923 1601 cum
937 1577 1005 1602 melle
1017 1574 1138 1603 decoctae.

252 1620 270 1640 D
278 1620 295 1640 E
303 1619 319 1640 C
328 1619 346 1639 Ο
355 1619 371 1639 C
381 1618 402 1637 T
410 1619 419 1637 1
429 1617 449 1638 Ο
459 1631 467 1643 ,
486 1611 554 1637 onis.
571 1611 590 1637 f.
610 1612 659 1639 Res
672 1610 785 1642 decofla,
800 1611 935 1637 medicinae
947 1611 1020 1648 causa
1028 1632 1036 1644 ,
1056 1612 1097 1638 vel
1107 1611 1165 1638 cibi.
1202 1612 1252 1638 Ra-
1261 1624 1298 1649 40
1315 1623 1341 1646 2,
1355 1616 1394 1647 56.

214 1649 303 1676 dicum
319 1646 440 1674 decoctio
453 1647 528 1681 potui
542 1646 601 1673 data
631 1646 709 1681 Apul.
729 1645 760 1672 de
776 1646 858 1673 Herb.
873 1656 894 1672 c.
908 1654 952 1681 77.
1011 1646 1084 1683 Conf.
1098 1647 1173 1681 Apic.
1187 1656 1215 1680 4,
1229 1655 1251 1678 3.

213 1685 311 1712 Macer.
326 1692 344 1714 1,
359 1692 379 1715 1,
391 1688 404 1712 8
419 1682 488 1708 Elixi
501 1681 631 1709 decoctio.
684 1682 852 1709 CaeLAureI.
862 1682 961 1709 Chron.
974 1691 1000 1715 2,
1011 1685 1101 1715 13‚268
1122 1682 1253 1709 Decoffifio

212 1719 316 1746 lentisci
327 1718 475 1745 conficitur.
516 1717 585 1745 Add.
600 1717 666 1744 Cod.
680 1727 702 1744 11
718 1723 736 1744 t.
749 1717 794 1750 91.
810 1726 832 1751 ς.

248 1761 267 1781 D
276 1761 293 1781 Ε
303 1760 320 1780 c
332 1760 351 1780 o
361 1759 378 1779 c
388 1759 409 1778 T
419 1754 439 1778 ῡ
448 1760 466 1779 R
475 1760 513 1785 A,
522 1762 561 1779 ae.
583 1752 603 1779 f.
624 1752 741 1787 [ἕψησις]
761 1753 827 1780 Plin.
840 1761 877 1786 23,
892 1761 901 1779 1
918 1753 935 1779 s.
949 1762 966 1786 9
994 1752 1142 1780 DecoEtura
1156 1761 1252 1780 eorum

212 1796 313 1818 veteres
327 1788 502 1820 dysentericos
514 1794 541 1814 et
553 1788 678 1815 caeliacos
692 1789 775 1815 iuuat.
830 1790 872 1816 lta
885 1789 991 1825 antiqui.

211 1835 290 1853 omnes
303 1823 449 1850 decoffiun.

250 1858 362 1891 DfiCOR,
375 1859 438 1884 oris.
456 1867 491 1884 m.
512 1857 575 1891 [ἔυπ
590 1859 670 1890 ἔπεια,
684 1855 816 1892 Aenum]
852 1856 895 1891 Est·
902 1859 1064 1894 pulchritudo
1081 1859 1198 1895 quaedam
1215 1867 1253 1885 rc-

213 1905 269 1923 rum
278 1894 480 1931 personarumque
492 1896 520 1918 in
530 1867 602 1919 leffeis
617 1899 639 1918 ft
650 1892 785 1929 obseruatis
797 1891 863 1918 ret—'te
874 1895 947 1926 locis,
961 1895 1123 1929 temporibus,
1143 1901 1189 1920 etc.
1200 1893 1254 1926 ιΙῐιιε

214 1930 351 1967 iungendo,
357 1928 405 1962 siue
412 1932 439 1954 in
452 1927 573 1964 loquendo.
609 1928 686 1959 Scias,
693 1937 740 1954 nec
753 1927 851 1961 gratius
866 1928 1013 1963 quidquam
1025 1929 1121 1955 decore
1133 1937 1181 1955 nec
1195 1928 1253 1955 bre-

215 1967 274 1994 vius
287 1964 432 1992 Domitian.
446 1962 511 1998 apud
524 1963 594 1989 Suet.
607 1971 630 1988 c.
644 1967 679 1992 18.

217 2001 391 2035 Ardentisque
402 2004 491 2026 notate
504 1998 611 2030 oculos,
631 1998 678 2032 qui
696 1997 802 2032 spiritus
814 1997 871 2029 illi,
891 2000 947 2032 Qui
960 2000 1064 2033 voltus,
1078 2000 1204 2035 vocisque
1214 2000 1253 2025 so-

215 2046 274 2070 nus,
288 2037 330 2063 vel
345 2036 438 2070 gressus
452 2033 543 2061 eunti?
564 2035 594 2060 In
607 2033 715 2059 omnibus
727 2033 767 2060 his
778 2031 885 2058 diuinus
898 2034 978 2060 decor
991 2035 1141 2070 obseruatur.
1184 2034 1254 2061 Aeui

215 2074 296 2100 decor
309 2072 411 2106 integer
437 2070 498 2096 Stat.
511 2070 577 2095 Silu.
591 2076 613 2101 5,
628 2077 650 2101 2,
662 2071 702 2101 63.
773 2068 923 2094 Honestatis
937 2069 1017 2095 decor
1044 2070 1100 2096 Cic.
1117 2069 1148 2095 de
1162 2070 1219 2096 Fin.
1233 2078 1253 2101 1,

215 2111 255 2142 36.
291 2106 372 2134 Ouid.
387 2115 418 2132 ex
431 2106 504 2132 Pont.
517 2105 588 2139 Eleg.
601 2113 625 2134 2,
642 2112 664 2136 3,
679 2112 702 2136 13
733 2104 789 2138 Ipse
807 2103 887 2130 decor
906 2104 990 2136 reeii,
1015 2104 1080 2131 faeti
1098 2104 1117 2131 fi
1137 2104 1255 2139 praemia

216 2142 315 2175 desint,
350 2142 415 2169 Non
428 2146 534 2173 mouet,
560 2146 585 2166 et
598 2141 676 2173 gratis
690 2140 807 2174 poenitet
824 2140 873 2165 ess'e
891 2139 1014 2173 probum.

215 2188 245 2208 re
260 2178 346 2214 proles
362 2177 435 2204 Idem
448 2177 513 2203 Met.
527 2184 564 2208 12,
579 2180 630 2208 189.
702 2175 788 2201 Puluis
800 2174 922 2201 decorem
935 2174 1054 2201 detrahet
1071 2175 1170 2202 Tibul.
1184 2176 1255 2210 Eleg.

216 2224 238 2248 1,
252 2224 289 2246 ιο,
304 2222 337 2246 13.
407 2212 519 2238 Euersor
533 2211 634 2237 decoris
653 2210 710 2237 Sen.
724 2210 832 2245 Hippol.
846 2216 905 2243 894.
976 2210 1057 2237 Ouid.
1073 2210 1105 2237 de
1118 2211 1181 2237 Arte
1195 2211 1254 2237 Am.

216 2259 242 2282 2,
255 2258 303 2284 379
338 2249 367 2275 In
380 2248 499 2281 ferrum,
525 2247 693 2280 flammasque
713 2246 782 2279 ruit,
805 2245 942 2281 positoque
963 2245 1060 2272 decore
1094 2247 1206 2278 Fertur,
1226 2252 1255 2273 vt

215 2285 298 2313 Aonii
312 2284 437 2310 cornibus
449 2282 501 2309 ieta
513 2282 564 2309 dei.
633 2283 765 2308 Incomtus
779 2281 856 2308 decor
876 2282 934 2307 Sen.
949 2281 1058 2315 Hippol.
1074 2283 1132 2316 657.
1160 2285 1178 2308 i.
1200 2283 1256 2308 Na-

216 2323 299 2350 tiuus,
320 2321 432 2354 nulloque
444 2318 508 2354 fuco
527 2318 629 2354 ascitus.

215 2356 288 2383 Idem
302 2354 411 2388 Hippoi.
428 2358 484 2387 378.
555 2354 643 2379 Decor
654 2352 789 2386 virgineus
806 2352 843 2378 Id.
856 2351 950 2378 Medea
964 2359 1003 2386 75.
1073 2352 1159 2384 Illam,
1179 2351 1255 2386 quid-

216 2390 280 2426 quid
294 2390 362 2423 agit,
383 2397 492 2423 quoquo
506 2388 615 2423 vestigia
632 2393 736 2419 mouet,
761 2388 906 2422 Componit
924 2387 1018 2413 furtim
1037 2387 1258 2422 subsequiturque

216 2427 296 2453 decor
319 2423 428 2451 Tibull.
444 2432 466 2455 2,
479 2431 507 2455 4,
522 2430 546 2456 7.
617 2423 685 2449 Inest
702 2423 825 2457 proprius
845 2423 1003 2458 quibusdam
1022 2422 1103 2449 decor
1117 2424 1145 2449 in
1163 2422 1256 2449 habitu

215 2468 294 2496 atque
305 2460 381 2486 vultu
403 2457 532 2492 Qiintffil.
547 2459 574 2489 6,
587 2465 609 2489 3.
680 2457 782 2483 Subcsse
799 2458 901 2492 aliquid
913 2459 1016 2485 oratori
1033 2467 1064 2484 cx
1078 2458 1202 2492 palestrae
1215 2466 1258 2484 ex-

1044 1790 1072 1816 A
1084 1790 1181 1815 Gelfflio
1195 1789 1252 1814 inde
1266 1796 1299 1822 45
1317 1792 1394 1819 Solem
1407 1797 1430 1817 et
1443 1792 1538 1817 Lunam
1551 1789 1681 1825 intelligit.

724 1963 800 1995 Virg.
815 1969 836 1994 5,
855 1966 908 1998 647
938 1964 1033 1991 Diuini
1053 1964 1123 1999 signa
1142 1964 1254 1990 decoris.
1271 1980 1303 2006 50

1313 1481 1369 1507 cet,
1384 1475 1563 1510 pulchrumque
1576 1472 1624 1507 est:
1639 1477 1721 1510 itaque
1729 1474 1945 1509 pulchritudinis,
1964 1473 2117 1507 venustatis,
2135 1472 2286 1506 honestatis,
2302 1475 2358 1499 vir-

1314 1513 1423 1544 tutisque
1436 1510 1494 1536 adeo
1511 1519 1590 1536 ornnes
1597 1516 1687 1545 partes
1700 1510 1832 1546 ctsormas
1845 1517 2013 1546 perungatur,
2032 1513 2070 1535 ita
2088 1517 2117 1535 vt
2134 1509 2218 1540 modo,
2237 1507 2359 1542 abstrafli

1314 1553 1396 1576 more,
1412 1545 1637 1579 pulchritudinem,
1648 1545 1696 1580 sed
1710 1548 1784 1572 etiam
1797 1545 1865 1580 ipsas
1877 1554 1918 1571 res
1931 1547 1970 1571 uel
1977 1546 2097 1581 personas
2105 1545 2226 1580 pulchras
2240 1543 2356 1579 designet.

1315 1579 1428 1606 Decoris
1440 1579 1635 1613 honestatisque
1647 1580 1722 1605 causa
1734 1579 1852 1606 adeunda
1868 1581 1925 1606 sunt
1940 1582 2048 1614 quacuis
2060 1579 2177 1615 pericula
2197 1580 2252 1606 Cic.
2260 1579 2291 1605 de
2299 1579 2357 1605 Fin.

1449 1614 1507 1641 Sen.
1521 1614 1617 1641 oetan.
1630 1622 1680 1646 390
1714 1628 1760 1633 —
1795 1615 1913 1649 Lateque
1926 1616 2028 1649 fulgens
2041 1615 2154 1641 aetheris
2166 1614 2256 1647 magni
2269 1614 2356 1639 decus.

1314 1650 1391 1683 Virg.
1413 1649 1501 1683 Eclog.
1525 1659 1559 1683 4,
1580 1657 1603 1675 11
1633 1649 1732 1683 Teque
1750 1648 1816 1675 adeo
1835 1649 1911 1676 decus
1931 1649 1980 1676 hoc
1989 1650 2076 1682 Aeui,
2098 1655 2124 1675 te
2143 1649 2247 1675 consule
2268 1647 2358 1674 inibit.

1314 1685 1411 1711 Pollio.
1483 1684 1558 1718 Virg.
1572 1684 1635 1710 Aen.
1651 1693 1677 1716 9,
1693 1692 1744 1718 405
1774 1684 1911 1710 Astrorum
1927 1684 2019 1717 decus,
2042 1691 2068 1711 et
2087 1693 2227 1710 nemorum
2247 1683 2361 1717 Latonia

1316 1720 1408 1746 custos.
1444 1720 1498 1745 Hoc
1511 1718 1559 1752 cst,
1578 1720 1657 1745 Luna.

1727 1719 1809 1745 Ouid.
1822 1718 1887 1745 Fast.
1903 1727 1926 1752 5,
1940 1725 1982 1752 585
2001 1720 2094 1753 Signa,
2108 1719 2185 1745 decus
2198 1718 2280 1750 Belli,
2298 1719 2359 1744 Par-

1315 1755 1376 1782 thus
1390 1756 1508 1782 Romana
1523 1753 1636 1781 tenebat.

1688 1753 1818 1781 Lucidum
1826 1754 1900 1780 Caeli
1912 1755 1990 1781 decus
2007 1756 2075 1781 Hor.
2091 1755 2119 1780 in
2133 1752 2359 1780 Ca1·m.Saecul.z.

1736 1790 1793 1816 Cic.
1807 1790 1839 1816 de
1852 1790 1916 1816 Nat.
1930 1790 2010 1816 Dcor.
2026 1798 2046 1822 1,
2061 1797 2078 1824 7
2105 1789 2196 1823 Magni
2209 1788 2361 1814 existimans

1318 1827 1437 1853 interesse
1456 1825 1489 1852 ad
1508 1825 1585 1850 decus
1606 1830 1632 1850 et
1656 1823 1689 1850 ad
1709 1824 1815 1851 laudem
1828 1825 1971 1859 Ciuitatis,
1995 1834 2036 1852 res
2054 1831 2106 1851 tam
2125 1832 2233 1858 graues,
2254 1829 2362 1856 tamque

1316 1861 1460 1896 praeclaras
1473 1860 1575 1886 Latinis
1588 1859 1669 1886 etiam
1684 1859 1768 1886 literis
1784 1860 1925 1887 contineri.
1980 1861 2107 1895 Equitum
2121 1860 2199 1885 decus
2220 1859 2288 1884 Hor.
2302 1857 2361 1885 Ode

1317 1905 1341 1929 3,
1358 1898 1396 1928 16,
1409 1903 1450 1921 20.
1520 1895 1577 1921 Cic.
1591 1896 1667 1922 Vcrr.
1681 1903 1707 1927 2,
1722 1902 1758 1929 97
1777 1895 1903 1921 Hostium
1915 1895 2016 1930 spolia,
2040 1895 2205 1921 monimenta
2216 1894 2360 1928 imperato-

1317 1940 1378 1958 1um
1386 1950 1394 1962 ,
1413 1930 1507 1957 decora
1519 1936 1598 1965 atque
1610 1937 1765 1956 ornamenta
1778 1931 1911 1957 Fanorum
1920 1951 1930 1963 ,
1949 1930 2053 1965 posthac
2066 1930 2108 1956 his
2122 1929 2262 1965 praeclaris
2273 1928 2361 1955 nomi-

1317 1967 1396 1993 nibus
1411 1965 1505 1993 amissis
1517 1987 1525 1998 ,
1544 1966 1574 1992 in
1587 1965 1761 1992 instrumento
1775 1972 1801 1992 et
1820 1963 1977 2000 supellectili
1992 1967 2023 1992 C.
2036 1966 2127 1992 Verris
2141 1964 2360 1991 numerabuntur.

1320 2004 1356 2028 Vt
1363 2002 1489 2028 Hominis
1504 2001 1597 2035 decus,
1615 2001 1770 2036 ingenium,
1791 2001 1824 2027 sic
1845 2001 1924 2036 ipsius
1939 2001 2043 2035 ingenii
2056 2001 2146 2027 lumen
2159 2000 2195 2026 est
2209 1999 2362 2034 eloquentia

1316 2037 1390 2064 Idem
1404 2037 1435 2063 de
1449 2037 1518 2063 Clar.
1534 2038 1608 2064 Orat.
1624 2046 1664 2070 59.
1735 2037 1819 2063 Decus
1831 2043 1857 2063 et
1869 2036 1960 2062 lumen
1973 2036 2084 2070 Imperii
2097 2036 2210 2062 Romani
2225 2036 2274 2062 Cn.
2287 2036 2364 2062 Pom-

1318 2073 1392 2107 peius
1411 2071 1448 2098 Id.
1456 2071 1569 2108 Philipp.
1583 2081 1610 2104 2,
1622 2081 1664 2106 54.
1735 2071 1902 2098 Iudiciorum
1916 2071 1993 2098 decus
2006 2078 2084 2106 atque
2096 2077 2282 2098 ornamentum
2304 2070 2363 2097 Cic.

1317 2117 1365 2143 pro
1373 2108 1479 2134 Caecin.
1488 2113 1527 2138 28.
1581 2108 1651 2134 Perit
1665 2107 1804 2135 confusum
1819 2107 1896 2134 decus
1910 2107 1978 2134 Iuris
1991 2107 2102 2133 humani
2123 2105 2362 2141 Sen.0edip;1025.

1085 2140 1163 2167 Clara
1177 2140 1254 2166 deco·
1272 2153 1300 2179 55
1319 2143 1365 2170 Sil.
1383 2152 1403 2176 1,
1415 2152 1428 2176 3
1462 2158 1508 2163 —
1543 2143 1576 2170 da
1595 2144 1666 2170 musa
1682 2143 1759 2170 decus
1780 2151 1930 2174 memorare
1946 2142 2082 2169 Laborum
2118 2143 2250 2177 Antiquae
2263 2141 2362 2176 Hespe-

1318 2179 1383 2206 riae.
1438 2178 1519 2206 Orbis
1545 2179 1603 2206 Sen.
1616 2180 1695 2206 Herc.
1709 2179 1768 2206 Oet.
1783 2187 1846 2214 749.
1902 2178 1984 2205 Ouid.
1997 2179 2062 2205 Met.
2071 2187 2097 2211 2,
2107 2186 2155 2213 725
2179 2178 2237 2204 Ibat
2252 2182 2369 2211 eratque

1319 2215 1397 2242 decus
1408 2215 1537 2249 Pompae,
1559 2215 1739 2249 comitumque
1753 2215 1867 2241 suarum.
1938 2213 2020 2241 Plaut.
2035 2213 2104 2240 Asin.
2127 2222 2150 2246 3,
2164 2222 2186 2246 3,
2201 2215 2232 2246 65
2267 2212 2362 2239 Custos

1321 2250 1413 2277 herilis
1424 2270 1433 2283 ,
1453 2250 1530 2277 decus
1543 2250 1652 2285 Populi,
1673 2250 1809 2276 thesaurus
1822 2249 1969 2285 copiarum.
2040 2249 2080 2275 Ad
2093 2248 2171 2275 decus
2185 2256 2210 2275 et
2224 2256 2363 2275 ornamen-

838 2317 842 2321 .
860 2317 866 2321 ,
891 2317 896 2320 Ι
1019 2317 1024 2321 -
1103 2317 1107 2321 ι
1133 2317 1137 2321 .
1320 2285 1545 2319 ιιιῐιιὸεηεὲἰυῐίς,
1565 2286 1633 2312 iuris
1645 2286 1891 2320 interpretationem
1902 2284 1935 2312 ab
1947 2284 2124 2312 adolescentia
2136 2292 2288 2319 comparare
2307 2283 2363 2310 Cic.
2397 2294 2405 2297 ·

702 2317 796 2343 Tener
817 2316 899 2342 nitidi
918 2324 1038 2350 corporis
1056 2317 1151 2343 cecidit
1176 2317 1257 2343 decor
1271 2325 1305 2351 60
1320 2320 1353 2347 de
1365 2322 1440 2348 Orat.
1457 2329 1476 2351 1,
1489 2330 1544 2355 199.

1615 2321 1765 2356 Triumphi
1779 2321 1855 2348 decus
1870 2327 1896 2348 et
1909 2327 2095 2348 ornamentum
2115 2319 2189 2347 Idem
2202 2320 2234 2346 de
2240 2319 2363 2346 Prouinc.

1322 2356 1428 2383 Consul.
1442 2361 1482 2386 28.
1536 2357 1680 2384 Aeternum
1694 2356 1771 2383 decus
1791 2358 1859 2383 Hor.
1873 2356 1924 2384 Od.
1933 2365 1954 2389 3,
1963 2363 2032 2390 25,5.

1321 2392 1353 2417 de
1367 2392 1434 2418 Sext.
1443 2392 1522 2418 Cons.
1531 2393 1603 2419 Hon.
1619 2395 1671 2423 168.

2090 2355 2253 2382 Aethereum
2269 2353 2363 2382 Claud.

1740 2392 1815 2427 Virg.
1829 2393 1894 2419 Aen.
1907 2400 1933 2425 2,
1944 2397 1994 2426 248
2030 2392 2192 2426 Auratasque
2204 2391 2301 2423 trabes,
2320 2398 2364 2416 ve-

1320 2432 1407 2453 terum
1427 2425 1523 2453 decora
1540 2427 1601 2454 Alta
1620 2433 1758 2462 parentum
1792 2428 1955 2454 Deuoluunt.
2027 2427 2177 2454 Terrarum
2194 2426 2289 2453 decora
2301 2426 2365 2452 Am-
2379 2443 2387 2447 -

1320 2462 1362 2497 pla
1377 2461 1432 2488 viri
1453 2462 1514 2488 Stat.
1528 2461 1619 2488 Theb.
1632 2465 1658 2494 6,
1671 2470 1722 2495 391.
1795 2463 1906 2488 Auitum
1924 2461 2015 2488 Tacit.
2029 2470 2053 2494 3,
2090 2481 2097 2487 .
2133 2481 2139 2487 .
2177 2460 2259 2487 Ouid.
2273 2461 2306 2486 ad
2320 2460 2365 2486 Li-

217 2495 390 2526 ercitatione,
407 2493 475 2520 vnde
490 2501 537 2518 nos
550 2501 604 2518 non
618 2491 645 2518 id
659 2497 763 2526 agentes
775 2493 870 2518 furtim
885 2493 964 2520 decor
976 2493 1022 2520 ille
1035 2493 1195 2520 discentibus
1207 2500 1257 2520 tra-
1272 2498 1303 2530 65
1321 2498 1392 2524 viam
1406 2505 1449 2529 335
1483 2497 1621 2531 Accipient
1632 2497 1756 2523 iuuenem
1767 2497 1924 2525 Germanica
1935 2496 2004 2531 signa
2017 2497 2147 2522 ferentem
2184 2495 2304 2522 Consulis
2314 2494 2364 2520 iin-

217 2532 287 2559 ditus
300 2530 473 2565 prosequatur
492 2527 565 2553 Idem
579 2535 599 2558 1,
609 2530 646 2552 11.
701 2528 804 2554 Natura
817 2526 935 2561 indulget
947 2528 1038 2555 decori
1058 2529 1138 2555 Ouid.
1153 2529 1185 2555 de
1192 2530 1256 2556 Arte

219 2569 278 2594 Am.
292 2574 315 2598 3,
330 2573 382 2597 ¹59·
437 2560 550 2589 officere
563 2561 655 2587 decori
667 2561 791 2593 alicuius,
810 2563 863 2588 vid.
886 2568 905 2588 o
918 2570 934 2589 F
943 2569 958 2589 F
968 2571 977 2589 1
987 2570 1020 2590 CI
1029 2569 1059 2589 Ο.
1114 2565 1171 2591 Cic.
1179 2564 1257 2591 Acad.

220 2612 239 2634 1,
248 2611 273 2634 ²3
293 2599 423 2635 Spoliauit
436 2598 507 2624 enim
519 2597 646 2623 virtutem
655 2596 701 2622 suo
714 2596 821 2628 decore,
829 2597 1041 2632 imbecillamque
1049 2599 1176 2632 reddidit,
1185 2600 1258 2635 quod

218 2629 325 2672 negauit
341 2636 368 2662 in
380 2644 409 2661 ca
423 2634 477 2660 sola
490 2632 601 2668 positum
614 2632 662 2657 esse
678 2631 753 2658 beate
769 2631 869 2657 viuere.
894 2632 922 2656 de
945 2633 1121 2667 Theophrasto.

257 2673 535 2702 nacoavs‚a,um.
554 2667 615 2694 Adi.

219 2708 325 2734 decorem
337 2706 425 2738 habet,
443 2702 573 2737 honestum.
617 2702 684 2728 Plin.
699 2710 733 2732 ιε,
747 2709 759 2734 5
772 2702 790 2727 s.
806 2710 827 2728 ιι
860 2702 936 2735 Scpcs
950 2702 1052 2728 munita
1069 2703 1141 2728 vallo
1155 2703 1259 2729 arbor1s

220 2744 316 2770 decora
330 2741 413 2777 specie
427 2740 516 2766 subter
529 2739 652 2765 intuenti.
707 2737 763 2764 Cic.
778 2737 809 2763 de
823 2737 914 2763 Diuin.
929 2745 948 2769 1,
962 2740 995 2763 62
1021 2737 1104 2763 Sentit
1117 2743 1206 2764 autem
1220 2738 1259 2763 ni-

220 2778 259 2806 hil
277 2786 393 2812 vnquam
411 2776 528 2810 elegans,
547 2773 615 2800 nihil
634 2774 768 2799 decorum.
838 2773 970 2800 Decorum
989 2778 1015 2799 et
1031 2772 1130 2807 insigne
1145 2772 1194 2803 est,
1213 2773 1259 2798 sta-

220 2821 292 2841 tuam
308 2813 336 2839 in
349 2813 411 2840 foro
424 2811 517 2845 Populi
531 2809 644 2836 Romani
660 2808 756 2834 habere
785 2807 851 2834 Plin.
867 2807 944 2842 Epist.
962 2817 982 2840 1,
998 2816 1035 2843 17.

219 2858 312 2877 corum
325 2848 377 2879 est,
394 2855 441 2873 nec
458 2847 509 2873 diis
522 2845 631 2879 dignum
657 2845 712 2870 Cic.
728 2844 760 2870 de
773 2844 866 2870 Diuin.
882 2852 901 2875 1,
917 2848 963 2873 118-

221 2894 283 2911 cora
301 2885 374 2916 sunt,
393 2882 489 2909 iniusta
510 2887 602 2907 contra
621 2885 649 2906 vt
667 2880 770 2914 turpia,
796 2879 828 2905 lic
848 2879 973 2906 indecora
1008 2878 1080 2905 Idem
1099 2879 1152 2905 Off.
1174 2888 1195 2911 1,
1214 2887 1258 2911 94.

222 2922 339 2947 Decorus
347 2919 380 2945 ab
387 2917 508 2952 adspectu
526 2916 656 2943 Columel.
666 2917 692 2947 6,
707 2924 724 2945 1,
738 2924 762 2941 2.
778 2914 805 2940 de
819 2915 905 2940 Bobus.
977 2914 1033 2941 Cic.
1055 2914 1087 2941 de
1101 2915 1163 2941 Nat.
1179 2915 1260 2940 Dcor.

222 2965 246 2988 2,
259 2964 296 2988 151
315 2955 372 2981 Nos
385 2954 452 2980 aeris
461 2973 469 2986 ,
484 2952 600 2987 argenti,
616 2951 675 2978 auri
689 2959 766 2976 venas
780 2950 882 2985 penitus
895 2949 996 2976 abditas
1009 2950 1173 2982 inuenimus,
1191 2949 1259 2976 etad

221 2992 297 3018 vsum
312 2995 399 3025 aptaS,
428 2994 453 3015 et
473 2988 505 3015 ad
524 2992 647 3014 ornatum
666 2985 781 3012 decoras.
851 2985 957 3011 Summa
970 2985 1037 3020 pelle
1052 2986 1162 3012 decorus
1190 2985 1258 3011 Pers.

223 3036 251 3059 4,
266 3035 303 3059 14.
375 3025 464 3059 Nigro
477 3024 550 3050 crine
563 3022 674 3049 decorus
699 3022 767 3048 Hor.
781 3020 838 3047 Ode
852 3029 872 3053 1,
885 3029 923 3052 32,
939 3029 971 3046 ιι.

224 3061 313 3088 decori
325 3061 399 3095 Virg.
411 3061 506 3092 Aen.5,
521 3067 568 3090 133.
606 3057 678 3084 Plebs
693 3057 787 3083 decora
801 3056 873 3082 cultu
886 3057 946 3082 Stat.
960 3055 1024 3083 Silu.
1033 3065 1053 3088 1,
1061 3059 1088 3089 6,
1096 3065 1138 3089 29.
1175 3056 1259 3083 Aedes

224 3097 318 3123 decora
338 3097 405 3122 Hor.
419 3095 477 3122 Ode
490 3104 510 3127 1,
523 3103 564 3126 30,
579 3102 600 3125 3.
671 3093 720 3119 Aes
733 3092 858 3119 decorum
877 3091 952 3125 Virg.
967 3092 1032 3118 Aen.
1046 3101 1082 3124 12,
1096 3101 1152 3118 210.
1186 3091 1260 3118 Idem

225 3133 289 3158 Aen.
302 3140 321 3163 1,
334 3136 376 3164 588
411 3146 456 3151 —
490 3137 603 3164 namque
616 3128 670 3163 ipse
682 3128 804 3154 decoram
840 3128 988 3154 caesariem
1001 3133 1064 3154 nato
1077 3127 1207 3162 genitrix,
1216 3134 1261 3154 etc.

225 3168 292 3193 Hor.
312 3166 391 3200 Epod.
413 3175 438 3197 2,
452 3172 481 3200 17
516 3165 566 3192 Vel
583 3172 666 3198 quum
684 3163 809 3190 decorum
828 3162 939 3189 mitibus
962 3163 1048 3197 pomis
1069 3168 1144 3197 caput
1180 3164 1262 3189 Autu-

227 3211 302 3227 mnus
315 3202 384 3228 aruis
405 3201 508 3228 extulit.

228 3237 307 3270 Legg.
323 3245 345 3267 2,
382 3256 387 3262 .
424 3257 429 3263 .
502 3235 591 3263 Crinis
611 3234 704 3261 Claud.
713 3234 791 3261 Cous.
800 3234 883 3261 stilic.
901 3242 919 3265 1,
929 3236 979 3264 156.
1043 3234 1192 3268 Disputatio
1206 3243 1260 3260 non

228 3272 264 3297 ita
279 3272 372 3297 decora
384 3271 525 3299 alicuiCic.
539 3270 618 3297 Acad.
633 3280 660 3303 4,
699 3290 705 3296 .
743 3290 750 3296 .
785 3270 873 3296 Facies
881 3270 948 3296 Hor.
958 3269 1007 3296 Sat.
1017 3278 1071 3302 1‚2,
1084 3274 1125 3304 87.
1161 3262 1262 3304 (ssgna-

228 3312 254 3332 ta
266 3312 291 3333 ct
311 3305 404 3332 decora
417 3306 502 3334 forma
521 3307 576 3334 Cic.
590 3305 622 3332 de
635 3305 756 3332 Vniuers.
772 3312 806 3338 15.
894 3306 977 3331 Frons
995 3305 1093 3331 Lucan.
1107 3310 1129 3336 8,
1166 3325 1172 3331 .
1211 3325 1216 3331 .
1254 3325 1260 3332 .

230 3342 306 3375 Virg.
322 3342 385 3366 Aen.
400 3349 421 3372 2,
434 3349 475 3373 39¹
510 3358 554 3362 ——
591 3341 624 3368 sic
638 3341 723 3373 fatus,
746 3340 840 3366 deinde
863 3346 1011 3367 comantem
1047 3340 1181 3375 Androgei
1196 3340 1262 3375 gale-

229 3385 287 3408 am,
312 3375 442 3409 clipeique
462 3376 557 3410 insigne
571 3377 697 3404 decorum
732 3376 864 3403 Induitur.

230 3411 362 3437 decorum.
398 3411 461 3436 Non
473 3412 543 3437 enim
557 3414 612 3439 sunt
625 3412 679 3439 duo
691 3410 818 3446 epitheta:
848 3410 919 3446 quod
932 3411 1000 3445 apud
1014 3412 1122 3437 Latinos
1135 3411 1262 3438 vitiosum

231 3446 275 3472 cst.
313 3445 427 3471 Seruius.
490 3446 621 3474 Lacrimae
636 3448 747 3474 decorae
767 3447 841 3482 Virg.
856 3448 920 3473 Aen.
932 3456 955 3479 5,
965 3455 1019 3479 343,
1035 3446 1166 3479 dicuntur,
1186 3457 1263 3482 quan-

231 3481 261 3507 do
268 3480 346 3516 fletur
360 3480 409 3519 ipfi
421 3479 491 3506 habet
504 3482 599 3515 aliquid
615 3481 765 3516 venustatis,
785 3489 856 3509 ortus
870 3491 885 3508 a
897 3482 1005 3518 gaudum·
1024 3489 1053 3508 vt
1071 3483 1137 3508 Ter.
1154 3483 1227 3509 Adel.
1241 3492 1264 3516 3,

232 3525 254 3547 3,
271 3517 300 3547 56
320 3516 441 3540 Lacruno
460 3515 564 3548 gaudio.
617 3518 735 3546 Membra
752 3518 847 3545 decora
860 3517 984 3544 iuuentae
1002 3517 1076 3552 Virg.
1091 3519 1154 3544 Aen.
1169 3528 1195 3552 4,
1209 3527 1263 3552 559.

232 3553 270 3577 Os
289 3550 412 3576 decorum
433 3550 521 3576 Lunae
542 3550 607 3576 Hor.
622 3552 672 3577 Sat.
689 3562 708 3585 1,
722 3559 746 3586 53,
759 3558 797 3584 28.

232 3591 375 3619 quaterque
388 3593 466 3610 manu
480 3585 569 3611 Pec'tus
583 3588 693 3618 percussa
708 3588 841 3615 decorum.

233 3621 301 3647 Hor.
316 3620 392 3653 Epist.
403 3628 421 3651 1,
435 3627 461 3653 7,
476 3627 517 3654 27.

1107 2808 1203 2842 Neque
1216 2808 1259 2834 dc-

912 3588 1013 3615 Reddcs
1031 3588 1118 3615 ridere
1138 3588 1263 3616 decorum

259 3656 263 3660 ι
589 3621 703 3647 Decorus
719 3623 753 3648 cst
766 3625 856 3651 Sermo
869 3624 952 3656 senis,
975 3624 1081 3658 quietus
1101 3630 1126 3650 et
1145 3625 1262 3651 remissus

234 3657 290 3682 Cic.
305 3654 335 3680 de
347 3654 446 3680 Sene&
460 3659 487 3694 28
501 3664 523 3694 c.
535 3663 559 3687 9.
599 3656 666 3681 Hor.
678 3657 735 3683 Ode
742 3668 770 3691 4,
784 3668 804 3691 1,
816 3668 843 3692 33
866 3661 920 3686 Cur
934 3659 1046 3686 facunda
1061 3668 1150 3693 parum
1165 3659 1263 3686 decoro

234 3692 306 3716 luter
318 3688 399 3715 verba
418 3689 485 3715 cadit
506 3690 595 3723 lingua
615 3691 742 3718 Silenti03
812 3695 901 3722 Studia
929 3696 984 3722 Cic.
1005 3695 1036 3721 de
1049 3695 1140 3721 Dium.
1154 3703 1174 3726 1,
1212 3715 1217 3721 .
1255 3714 1261 3720 .

236 3725 324 3751 Verba
338 3725 403 3750 Hor.
418 3725 466 3750 Sat.
476 3732 534 3758 2,7‚
547 3733 586 3756 41.

237 3768 357 3792 tur‚eum
371 3759 453 3793 pluris
467 3759 522 3784 dics
536 3761 582 3785 effe
597 3759 624 3784 in
647 3761 723 3786 ctam
744 3763 905 3789 Tusculano.
975 3765 1057 3792 Valde
1072 3765 1197 3792 decorum
1217 3766 1262 3798 est,

236 3801 322 3828 patere
337 3794 427 3820 domos
442 3794 580 3820 hominum
595 3794 735 3821 illustrium
750 3797 896 3823 illustribus
909 3798 1055 3833 hospitibus
1065 3800 1102 3827 Id.
1117 3801 1168 3827 Off.
1183 3809 1207 3827 2.
1229 3821 1234 3827 .
1258 3821 1264 3826 .

237 3829 530 3863 VultusClaud.Pancg.
546 3837 569 3855 2.
592 3849 597 3855 .
620 3849 625 3855 .
653 3831 834 3857 Decoriffimus
846 3833 920 3866 Apul.
935 3835 1009 3868 Apol.
1025 3846 1049 3871 p.
1063 3838 1122 3871 276.
1206 3834 1227 3873 ff
1249 3845 1264 3862 2

237 3864 383 3896 Decorum,
404 3864 487 3890 Subst.
524 3864 570 3897 [τό
584 3866 682 3898 πρέπον,
701 3865 831 3899 inmania]
868 3868 922 3893 Cic.
943 3870 994 3896 Off.
1009 3880 1028 3902 1,
1043 3874 1076 3904 96
1089 3881 1110 3897 c.
1129 3879 1162 3906 27
1189 3872 1264 3904 Qtae

236 3904 321 3925 autem
336 3900 451 3926 subit-&a
465 3908 522 3933 pars
537 3900 626 3934 generi
640 3899 690 3932 cst,
715 3908 771 3926 eam
784 3901 817 3928 lic
829 3901 970 3935 definiunt,
990 3912 1018 3932 vt
1031 3906 1059 3933 id
1079 3907 1202 3935 decorum
1215 3908 1263 3934 ess'e
1275 3910 1318 3937 105
1327 3906 1461 3942 gularibus
1477 3906 1625 3934 honoribus
1646 3907 1793 3941 decorasset.

652 2663 803 2702 [offam-idus,
815 2665 944 2701 ἒυπρεπῆς]
965 2668 1078 2699 Pulcher,
1092 2669 1186 2700 decens,
1195 2670 1260 2708 quo-d
1273 2681 1308 2706 70
1324 2682 1454 2707 purpurae
1468 2673 1545 2699 decus
1558 2682 1660 2707 precor-

1032 2843 1100 2870 Iusta
1113 2844 1203 2870 omnia
1216 2844 1259 2869 de·
1272 2853 1304 2881 75
1323 2855 1398 2872 mum
1406 2865 1414 2877 ‚
1433 2845 1485 2872 vid.
1507 2853 1527 2872 o
1535 2853 1550 2872 Ρ
1561 2854 1570 2872 1
1579 2853 1633 2879 My
1642 2854 1664 2873 s.

1043 3021 1172 3048 D116'tores
1188 3021 1260 3047 ostro
1276 3028 1308 3053 80
1323 3030 1380 3050 tum
1399 3023 1435 3050 est
1467 3023 1522 3050 Cic.
1541 3024 1611 3051 Fam.
1630 3033 1668 3056 10,
1683 3032 1719 3051 12.

578 3199 663 3226 Color
674 3199 749 3225 albus
763 3200 902 3233 praecipue
914 3198 1023 3225 decorus
1033 3197 1084 3225 deo
1103 3198 1139 3224 est
1159 3198 1215 3225 Cic.
1229 3198 1262 3225 de
1279 3203 1307 3232 ες
1325 3202 1426 3228 decoris
1454 3201 1532 3228 Ouid,
1547 3203 1612 3230 Met,
1631 3211 1652 3234 2,
1665 3207 1719 3234 382.

934 3376 992 3402 Hoc
1007 3375 1057 3408 est,
1077 3382 1261 3402 ornamentum
1276 3386 1312 3409 90
1326 3380 1372 3405 Sil.
1387 3388 1410 3411 3,
1424 3382 1479 3411 619.

868 3553 942 3587 Virg·
956 3554 1020 3579 ΑΠ’·
1035 3562 1062 3585 4,
1075 3558 1119 3586 589
1139 3554 1261 3588 Terque,
1279 3559 1310 3585 93
1327 3556 1476 3591 debereque
1489 3556 1545 3582 eius
1561 3557 1724 3591 Dignitatem
1735 3562 1762 3583 et
1776 3555 1852 3582 decus
1865 3552 1999 3592 sustinere.

1320 2532 1410 2568 perio,
1431 2532 1662 2567 Conspicuumque
1681 2532 1767 2559 decus.
1838 2532 1975 2560 Eburnum
2008 2531 2101 2558 Claud.
2114 2531 2147 2557 de
2158 2532 2225 2565 Rapt
2246 2530 2363 2562 Proserp.

1323 2577 1343 2600 1,
1356 2575 1416 2602 272.
1487 2567 1629 2602 Egregium
1662 2568 1706 2594 Sil.
1727 2576 1760 2600 13,
1796 2588 1803 2594 .
1841 2588 1846 2594 .
1920 2567 2055 2594 Eximium
2072 2567 2175 2593 formae
2194 2565 2272 2591 decus
2300 2564 2363 2591 Stat.

1322 2602 1409 2629 Achil.
1430 2606 1455 2635 1,
1469 2611 1529 2635 290.
1601 2603 1706 2629 Grande
1725 2603 1805 2630 decus
1823 2611 1945 2637 mearum
1963 2610 2053 2628 rerum
2090 2603 2157 2628 Hor.
2172 2600 2230 2627 Ode
2249 2609 2270 2632 2,
2284 2607 2324 2634 17,
2335 2609 2364 2633 4.

1322 2638 1475 2664 Immortale
1492 2637 1586 2664 Claud.
1596 2638 1625 2665 in
1638 2639 1749 2672 Eutrop.
1764 2646 1789 2669 2,
1805 2642 1859 2667 282.
1915 2638 1983 2664 Hor.
1991 2635 2073 2671 Epod.
2085 2645 2108 2670 ς,
2123 2645 2140 2672 7
2159 2638 2208 2663 Per
2220 2636 2270 2663 hoc
2285 2636 2364 2661 Inane

1730 2673 1833 2707 Insigne
1864 2672 1951 2698 Valer.
1973 2673 2072 2706 Argon.
2092 2681 2114 2704 3,
2153 2692 2159 2699 .
2198 2691 2205 2698 .
2242 2669 2364 2697 Siderum

1323 2716 1447 2740 magnum
1462 2707 1541 2733 decus
1559 2709 1617 2733 Sen.
1632 2707 1725 2733 OEtau.
1737 2715 1798 2740 4²4·
1870 2707 1916 2732 Sil.
1932 2714 1970 2741 17,
1983 2709 2032 2739 630
2067 2708 2186 2734 Mansuri
2199 2712 2305 2738 compos
2319 2704 2363 2730 de-

1322 2741 1391 2767 coris
1403 2749 1450 2774 per
1461 2741 1560 2766 saecula
1573 2741 1670 2767 re&or.
1713 2742 1862 2767 Maximum
1876 2740 1953 2767 decus
1966 2743 2051 2776 gentis
2058 2743 2174 2776 Pelasgae
2193 2739 2363 2767 Senssroad.

1324 2784 1362 2801 10.
1417 2776 1484 2802 Hor.
1499 2776 1527 2801 in
1541 2776 1604 2801 Arte
1627 2776 1698 2805 Poc't.
1718 2780 1764 2808 285
1800 2775 1849 2803 Nil
1869 2776 2028 2804 intentatum
2041 2777 2124 2803 nostri
2143 2776 2245 2810 liquere
2259 2775 2364 2807 Poetae,

1324 2811 1382 2838 Nec
1397 2810 1541 2837 Minimum
1553 2819 1674 2837 meruere
1686 2810 1773 2837 decus.
1830 2812 1961 2838 Natiuum
1981 2811 2061 2838 Ouid.
2074 2811 2108 2838 de
2121 2812 2191 2838 Nuc.
2206 2819 2243 2843 52.
2300 2810 2365 2845 Opi-

1718 2846 1799 2873 Ouid.
1812 2847 1877 2874 Met.
1891 2856 1931 2882 14,
1944 2852 1989 2879 832
2024 2848 2048 2874 O
2064 2853 2089 2873 et
2104 2847 2135 2874 de
2149 2846 2242 2879 Latio,
2262 2845 2279 2872 ὁ
2292 2852 2318 2872 et
2331 2845 2364 2872 de

1323 2888 1400 2916 gente
1413 2881 1508 2907 Sabina
1544 2881 1712 2916 Praecipuum
1727 2887 1848 2909 matrona
1861 2882 1946 2908 decus.
2016 2883 2159 2909 Probatum
2176 2882 2222 2908 Sil.
2239 2890 2274 2914 13,
2311 2902 2318 2908 .
2356 2901 2363 2908 .

1324 2917 1420 2951 Regale
1439 2916 1520 2943 Ouid.
1541 2918 1606 2944 Met.
1618 2926 1644 2950 9,
1665 2920 1722 2950 689.
1759 2917 1896 2950 Diadema,
1921 2918 2035 2952 Regium
2057 2917 2133 2944 decus
2152 2918 2210 2944 Seu.
2231 2918 2321 2951 Agam.
2340 2922 2364 2947 8.

1323 2953 1392 2979 Hinc
1417 2952 1547 2987 auspicari
1564 2953 1678 2987 Regium
1711 2953 1792 2987 capiti
1819 2952 1904 2979 decus.
1994 2954 2157 2980 Permansisse
2181 2952 2258 2979 decus
2279 2953 2365 2979 sacrae

1323 2987 1475 3015 venerabile
1501 2988 1604 3015 formae
1628 2988 1724 3015 Lucan.
1744 2994 1773 3021 8,
1814 3009 1822 3015 .
1867 3009 1872 3014 .
1915 2989 2016 3016 Verum
2035 2989 2111 3017 decus
2130 2989 2159 3015 in
2176 2988 2277 3015 uirtute
2297 2987 2364 3022 posi-

1809 3023 1873 3051 Vile
1904 3023 1997 3051 Claud.
2013 3023 2045 3051 de
2062 3026 2089 3051 B.
2103 3025 2162 3051 Get.
2183 3032 2244 3057 294.
2299 3024 2363 3050 Stat.

1324 3059 1414 3086 Theb.
1433 3067 1461 3091 3,
1482 3066 1529 3093 217
1563 3073 1609 3080 —
1644 3061 1768 3095 seraeque
1793 3060 1860 3087 velit
1888 3059 1966 3086 decus
1995 3059 2092 3087 addere
2123 3060 2214 3087 morti.
2274 3059 2365 3086 Hone-

1323 3095 1414 3121 statem
1433 3100 1458 3121 et
1472 3094 1549 3121 decus
1567 3096 1729 3129 conseruare,
1747 3095 1804 3122 Cic.
1824 3095 1877 3122 Off.
1897 3104 1917 3128 1,
1936 3103 1973 3131 17.
2043 3097 2150 3123 Emtum
2168 3094 2244 3122 decus
2262 3093 2365 3128 ingenti

1325 3130 1396 3157 clade
1418 3130 1509 3157 Claud.
1521 3130 1553 3157 de
1564 3131 1615 3165 piis
1627 3131 1734 3158 fratrib.
1747 3138 1812 3158 extr.
1886 3131 1959 3166 Virg.
1972 3133 2037 3158 Aen.
2050 3141 2077 3165 4,
2091 3140 2139 3165 149
2166 3145 2211 3150 —
2229 3129 2300 3155 haud
2315 3129 2365 3156 illo

1325 3166 1431 3200 segnior
1450 3166 1506 3192 ibat
1546 3167 1661 3199 Aeneas,
1691 3172 1793 3194 tantum
1813 3167 1920 3202 egregio
1938 3167 2015 3193 decus
2033 3168 2120 3194 Enitet
2138 3173 2195 3192 ore.
2267 3165 2364 3199 Expers

1790 3202 1865 3237 Virg.
1879 3203 1945 3229 Aen.
1963 3211 1989 3235 2,
2003 3208 2035 3236 89
2069 3216 2114 3223 —
2138 3200 2180 3227 Et
2191 3208 2238 3226 nos
2253 3199 2364 3235 aliquod

1847 3238 1928 3265 Ouid.
1941 3239 2004 3264 Met.
2018 3243 2042 3270 8,
2056 3245 2098 3270 535
2133 3236 2305 3262 Immemores
2319 3235 2365 3262 de-

1877 3274 1964 3300 On'ine
1976 3272 2053 3299 decus
2071 3271 2178 3298 virtutis
2192 3280 2251 3297 cum
2263 3272 2362 3297 summa

1325 3308 1478 3343 eloquentia
1490 3308 1565 3335 laude
1579 3309 1689 3343 iungere
1710 3310 1765 3336 Cic.
1779 3309 1811 3336 de
1818 3309 1888 3336 Clar.
1896 3309 1971 3336 Orat.
1984 3316 2032 3340 331.
2087 3306 2194 3333 Oblitus
2207 3306 2362 3340 decorisque

1325 3343 1381 3376 sui,
1401 3344 1554 3379 sociumque
1574 3344 1662 3371 salutis
1691 3345 1765 3379 Virg.
1782 3345 1846 3371 Aen.
1868 3352 1890 3377 5,
1911 3351 1966 3378 174.
2036 3343 2140 3368 Partum
2154 3343 2265 3377 eloquio
2284 3340 2361 3367 decus

1549 3380 1649 3407 Pellere
1666 3389 1746 3407 omne
1760 3379 1838 3406 decus
1853 3388 1885 3406 ex
1897 3379 2003 3410 animo,
2028 3377 2057 3403 id
2068 3375 2116 3411 est,
2136 3387 2227 3404 omnem
2245 3379 2364 3402 virtutem

1326 3415 1382 3441 Sen.
1395 3414 1504 3449 Hippol.
1519 3423 1580 3448 429.
1652 3415 1743 3442 Tacit.
1760 3414 1827 3442 Hist.
1841 3422 1864 3446 3,
1878 3423 1908 3447 41
1926 3413 2002 3447 Apud
2014 3413 2108 3440 auidos
2122 3412 2316 3448 periculorum,
2336 3416 2362 3437 et

1325 3450 1434 3477 Dccoris
1449 3450 1561 3476 securos.
1596 3451 1658 3478 Sunt
1671 3457 1751 3478 autem
1765 3450 1876 3477 Decoris
1888 3449 1972 3475 securi
1986 3448 2004 3482 (
2010 3449 2119 3475 Rhenan.
2133 3447 2251 3482 Castigat.
2264 3451 2291 3472 in
2305 3447 2363 3473 Ta-

1326 3486 1389 3517 cit.)
1408 3489 1450 3521 qui
1461 3485 1553 3511 nullam
1568 3485 1661 3518 honesti
1673 3495 1755 3512 curam
1768 3485 1865 3512 habent.
1918 3484 1973 3510 Cic.
1987 3483 2039 3510 Off.
2049 3493 2070 3516 1,
2082 3493 2129 3517 124
2154 3483 2194 3510 Est
2207 3482 2289 3516 igitur
2302 3491 2363 3517 pro-

1328 3522 1417 3556 prium
1435 3529 1529 3547 munus
1546 3521 1727 3555 magistratus,
1758 3520 1906 3553 intelligere
1923 3519 1949 3544 se
1968 3527 2058 3553 gerere
2082 3520 2217 3554 personam
2235 3517 2363 3550 ciuitatis,

2071 3556 2178 3582 Tenere
2193 3552 2270 3579 decus
2288 3552 2362 3579 Idem

1324 3245 1475 3271 nomenque
1489 3237 1618 3272 decusque
1653 3237 1787 3265 Geffimus.

1324 3274 1409 3305 coris,
1432 3272 1543 3299 liuentia
1561 3273 1668 3308 pectora
1684 3273 1814 3300 tundumt.

1325 3591 1379 3652 Otii
1389 3600 1407 3653 E¹
1415 3612 1431 3654 'c
1442 3600 1514 3654 (1341ἑό
1523 3647 1530 3659 ,
1559 3630 1612 3653 arc.
1653 3627 1666 3660 [
1678 3627 1786 3659 κοσμίω,
1811 3624 1892 3657 emoti.»
1906 3625 1918 3659 ]
1967 3622 2114 3658 Honestare,
2137 3622 2247 3650 decorum
2264 3623 2363 3660 facere.

1328 3663 1396 3688 Hor.
1411 3662 1489 3697 Epist.
1511 3671 1530 3694 1,
1545 3664 1571 3693 6,
1590 3667 1618 3694 38
1654 3662 1690 3688 Ac
1707 3660 1774 3687 bene
1791 3667 1928 3686 numaturn
1948 3660 2053 3687 decorat
2066 3657 2171 3686 Suadela
2182 3679 2189 3691 ‚
2210 3661 2361 3692 Venusque.

1328 3698 1411 3723 Donis
1428 3697 1590 3724 militaribus
1612 3696 1775 3730 triumphum
1799 3695 1923 3722 decorare
1955 3697 2012 3723 Cic.
2031 3694 2217 3732 proMuraen.
2288 3693 2362 3720 Idem

658 3725 711 3751 Cic·
728 3728 779 3753 Ast·
795 3736 822 3760 49
839 3737 862 3760 ¹3
882 3730 935 3756 Vix
950 3731 1010 3757 satis
1023 3729 1147 3757 decorum
1161 3730 1318 3756 videre-100
1327 3732 1408 3758 Tusc.
1424 3741 1443 3764 1,
1457 3741 1489 3765 34
1509 3742 1536 3757 ex
1556 3734 1630 3757 Emu'i
1648 3731 1788 3766 epitaphio,
1811 3731 1899 3757 Nemo
1926 3740 1969 3758 nie
1989 3730 2100 3758 lacrimis
2122 3729 2242 3762 decoret,
2262 3737 2308 3754 nec
2320 3729 2362 3754 fu-

1328 3775 1392 3793 ncra
1405 3767 1468 3793 fletu
1506 3767 1590 3793 Faxit.
1604 3768 1667 3793 cur?
1684 3767 1769 3792 volite
1786 3766 1861 3792 cocu
1876 3776 1920 3800 per
1933 3776 1981 3793 ora
1993 3763 2089 3792 virslm·
2145 3765 2225 3791 Sertis
2238 3763 2363 3790 decorare

1329 3810 1415 3828 comas
1434 3800 1533 3828 Tibul.
1547 3810 1570 3834 2,
1583 3811 1607 3834 2,
1621 3804 1645 3828 6.
1718 3802 1840 3828 Doorar«.
1865 3811 1958 3835 torpus
1977 3799 2106 3833 Quinctil.
2127 3808 2149 3832 5,
2186 3820 2192 3826 .
2230 3819 2237 3826 .
2292 3800 2363 3825 Haec

1328 3837 1418 3863 onmia
1430 3837 1500 3863 vitae
1520 3836 1660 3863 decorabat
1681 3845 1794 3871 grauvaS
1811 3846 1835 3863 ct
1858 3838 1991 3871 integritas
2023 3835 2079 3861 Cic.
2093 3835 2124 3860 de
2138 3835 2207 3862 Clar.
2222 3836 2296 3861 Orat.
2317 3836 2364 3866 265

1329 3881 1351 3898 c.
1365 3875 1408 3905 76.
1480 3871 1551 3897 Iden.
1565 3881 1613 3905 pro
1626 3873 1706 3898 Corn.
1720 3872 1791 3898 32:¹0.
1807 3875 1833 3899 16
1847 3883 1868 3899 c.
1883 3876 1898 3898 6
1929 3873 2012 3903 Quem
2035 3870 2148 3904 Populus
2168 3872 2300 3896 Romanus
2316 3869 2363 3895 lin-

1864 3900 2030 3942 Ampliffisnis
2043 3905 2191 3933 honoribus
2202 3912 2228 3933 et
2239 3904 2364 3967 praerg-iis

2329 3948 2360 3967 ic.
