2479 4225
314 195 384 235 839
686 169 832 224 G'R
919 180 960 220 A
1775 178 1814 217 G
1902 178 1933 218 R
2023 180 2062 219 A
2351 185 2427 228 840

314 272 385 302 ritis,
400 271 416 297 fi
436 273 506 298 forte
524 272 614 299 virum
631 282 710 308 quem
745 271 921 303 Conspexere,
941 267 1032 302 filent,
1052 268 1212 302 arrectisque
1232 266 1339 294 auribus
1397 270 1487 298 cundia
1505 270 1629 297 vehemens
1647 270 1713 295 Hor.
1728 269 1814 294 Carm.
1830 276 1849 298 1,
1860 269 1886 300 6,
1900 275 1921 300 5.
1990 267 2123 301 Supellex,
2138 269 2214 294 Diues
2233 268 2298 294 Plin.
2312 265 2389 301 Epist.
2406 271 2428 299 8,

313 307 418 333 adstant.
490 308 566 334 Mille
588 316 694 343 grauem
712 306 789 332 Telis
814 303 893 330 Ouid·
915 304 979 330 Met.
1000 313 1020 337 Ι,
1037 313 1078 338 43·
1105 304 1146 330 vbi
1165 302 1234 338 ⁶⁰⁷¹f·
1254 303 1339 329 Burm·
1400 313 1437 340 17,
1452 315 1478 339 4.
1549 306 1625 332 Suem
1643 303 1813 338 grauiffimam
1832 303 1894 330 facit
1913 302 1984 337 glans
2002 311 2101 337 querna
2125 303 2197 329 Idem
2211 306 2248 335 16,
2262 305 2286 328 6.
2356 301 2437 342 Tela&

315 341 437 367 Turbata
458 349 546 370 mente
565 344 696 377 respondit
715 347 836 373 tanquam
849 339 903 372 ipse
915 339 1012 365 Somno
1031 340 1118 374 grauis
1136 346 1225 376 eoque⁸
1237 337 1341 371 ignarus
1400 342 1523 375 grauiora
1536 342 1608 367 Curt.
1624 346 1646 372 8,
1661 349 1693 371 13,
1707 342 1731 365 6.
1801 338 1920 373 Tempus
1934 347 2015 372 graue
2029 339 2096 364 Hor.
2109 339 2195 365 Carm.
2209 347 2232 370 3,
2243 347 2284 378 23,
2297 343 2318 366 8.
2334 343 2357 362 et
2369 337 2428 377 Liu.
2444 353 2447 359 ·

316 376 405 403 Tacit.
420 378 487 404 Ann.
500 387 526 411 4,
541 387 581 409 22,
595 387 613 404 1.
682 375 799 401 Vinculis
818 374 922 407 grauis,
940 376 1063 402 Oneratas
1085 381 1106 401 et
1125 372 1246 408 oppressus
1276 373 1341 398 Plin-
1403 383 1427 410 7,
1441 379 1466 402 6.
1535 378 1609 410 Virg.
1620 377 1714 409 Georg.
1730 383 1752 406 3,
1766 376 1813 407 526
1841 374 1913 407 Quid
1932 374 2023 405 labor,
2036 380 2081 399 aut
2093 373 2227 400 benefacta
2241 377 2347 404 iuuant,
2367 372 2431 411 quid

314 412 396 446 Epist.
409 420 464 447 147.
533 415 604 439 Vino
618 418 642 438 et
654 412 744 436 somno
763 409 850 442 grauis
870 409 931 436 Liu.
943 419 985 442 29,
998 419 1039 444 34.
1109 410 1180 435 Vino
1195 410 1341 442 somnoque
1363 411 1377 438 5
1401 421 1509 438 vomere
1527 418 1607 438 terras
1643 411 1775 437 Inuertisse
1794 410 1900 444 graues?
1924 412 1943 435 i.
1962 410 2032 446 glcba
2046 409 2245 444 pingui,Jblida
2259 415 2303 435 etc.
2339 442 2345 447 ι
2375 408 2448 433 Cic-⁰

314 456 405 481 graues
418 448 498 475 Ouid.
514 449 589 482 Epist.
606 455 644 478 14,
658 453 691 475 33-
762 444 880 472 Vulnere
896 447 984 478 grauis
1002 445 1068 471 Vell·
1081 453 1104 477 2,
1118 453 1155 477 55,
1168 453 1193 477 4·
1231 444 1290 469 Lm·
1305 452 1341 474 2¹,
1401 447 1471 473 Fam.
1485 456 1511 479 2,
1524 456 1538 473 2
1566 448 1649 473 Grani
1662 446 1744 472 Teste
1758 445 1876 479 priuatus
1889 446 1943 470 sum
1958 445 2055 471 amoris
2071 444 2171 470 summi.
2179 453 2238 478 erga
2256 450 2281 470 te
2293 450 2360 472 mci,
2379 441 2445 481 fide-¹

314 488 347 515 48
355 490 398 518 pr.
467 482 623 509 Vulneribus
634 480 721 512 grauis
736 479 882 506 Alexander
896 481 968 506 Idem
980 483 1020 514 36,
1035 490 1076 506 20.
1147 481 1230 506 Vtero
1244 479 1341 512 grauis,
1402 482 1491 518 dignus
1503 489 1531 508 vt
1543 483 1653 513 Auctor,
1667 481 1805 507 Historici.
1872 479 1943 506 Idem
1957 481 2031 506 Verr.
2040 488 2061 511 3,
2078 484 2119 508 108
2140 480 2171 505 Et
2184 479 2232 511 hoc
2246 480 2275 505 in
2288 485 2313 505 te
2328 482 2447 517 granio-'-

309 525 358 554 pro
374 520 532 554 Praegnante.
568 516 630 541 Plin-
645 522 669 545 9,
683 517 699 539 6
724 514 804 541 Tunc
820 515 926 550 quidem
942 523 966 542 et
980 523 1055 542 vtcro
1068 524 1172 549 graues,
1188 514 1341 549 pariendlue
1402 526 1456 548 res,
1468 518 1645 552 certioresque
1653 517 1747 543 Testes
1761 517 1828 542 sunt.
1878 515 1990 549 Torpor
2009 516 2150 541 Senflerc.
2166 515 2216 540 fur.
2231 523 2267 540 12.
2319 513 2447 539 Trium-x

314 554 405 587 poenis
419 552 562 581 inualidae,
585 550 668 575 solum
685 550 817 576 auxilium
839 559 936 577 nouere
955 551 983 578 in
1002 551 1082 578 altum
1103 551 1259 585 profugere,
1280 556 1304 575 et
1317 550 1342 575 se
1402 552 1466 586 phus
1480 552 1544 579 Plin,
1557 554 1649 585 paneg.
1664 561 1685 578 c,
1701 560 1738 586 17·
1810 551 1910 576 Venter
1923 558 2026 577 maturo
2040 549 2156 584 pondere
2170 549 2322 588 Ouid.Met.
2334 556 2361 580 9,
2372 550 2431 582 684.
2444 567 2459 586 Α

312 595 370 616 toto
384 588 519 614 defendere
531 586 644 610 Oceano.
716 586 763 613 Sed
779 589 851 612 etiam
859 585 1008 621 simpliciter
1020 587 1115 613 Grauis
1123 593 1170 621 pro
1183 584 1291 619 grauida
1304 585 1341 610 di·
1357 597 1386 614 10
1403 589 1519 620 Ventus,
1528 587 1648 621 ,Molgslas
1664 587 1728 613 Plin.
1739 595 1761 619 2,
1775 595 1813 619 25.
1869 587 1899 612 Et
1913 594 2017 618 vereor,
2031 594 2063 611 ne
2074 585 2126 611 tibi
2140 584 2185 611 sim
2199 593 2285 617 grauis
2294 604 2302 615 ‚
2316 586 2335 609 i.
2355 584 2433 609 Mole-
2450 612 2453 613 .

313 627 387 650 citur.
423 620 502 648 Ouid.
516 619 580 646 Fast.
597 629 619 652 3,
634 628 663 651 23
695 621 763 647 Iacet
781 621 833 655 ipsa
853 622 953 655 grauis:
973 622 1026 648 iam
1041 622 1137 648 scilicet
1152 622 1221 647 intra
1237 621 1342 646 Viscera
1394 621 1452 656 stus
1465 623 1635 657 Cic.inTop.
1653 632 1671 648 ι.
1725 624 1763 648 lta
1775 621 1861 656 grauis
1874 621 1910 647 est
1924 621 1991 647 mihi
2005 630 2035 647 ea
2046 630 2104 652 res,
2124 623 2142 646 i.
2161 619 2273 655 difficilis
2287 620 2360 646 Curt.
2374 624 2400 658 ⁸⁵.
2411 626 2447 662 3¹»

314 660 443 685 Romanae
461 654 582 681 conditor
594 655 667 681 vrbis
681 662 744 682 erat.
798 658 828 682 Et
842 665 865 687 2,
880 660 922 689 615
948 658 1042 692 Fitque
1058 657 1159 690 grauis,
1171 656 1343 690 geminosque
1402 658 1449 685 Sed
1461 658 1531 685 Mihi
1543 667 1597 685 non
1610 658 1643 684 est
1657 666 1737 691 graue
1757 658 1826 691 Nep.
1841 666 1866 689 9,
1881 665 1901 688 3.
1972 656 2052 682 Plaut.
2065 656 2146 682 Trin.
2161 664 2186 688 2,
2199 665 2222 686 2,
2238 662 2284 689 107
2319 654 2432 686 Grauius

313 694 393 728 parit,
406 690 452 724 qui
467 690 582 724 compita
602 691 713 717 seruant.
768 692 841 726 Virg.
855 693 919 717 Aen.
937 701 956 723 1,
970 701 1020 725 274
1047 694 1131 718 Marte
1151 692 1238 725 grauis
1261 691 1343 724 gemi-
1402 695 1453 720 erit
1471 700 1545 720 tuurn
1562 703 1644 720 vnum
1658 693 1774 720 Verbum
1790 692 1822 719 ad
1836 701 1892 718 cam
1906 700 1977 724 rem,
1998 700 2076 726 quain
2096 697 2199 717 centum
2219 699 2294 722 mea,
2309 690 2367 724 plus
2385 698 2450 722 nio-2,

312 737 370 754 nam
386 731 460 760 partu
479 723 552 752 dabit
567 726 613 752 Ilia
635 725 746 760 firolcm.
901 725 921 764 Ἴ
949 736 964 753 2
1001 726 1156 761 Substantiua
1175 728 1344 753 elementorum
1401 732 1476 755 menti
1493 729 1597 756 habebit.
1667 729 1723 754 Cic.
1738 730 1814 755 Verr.
1827 737 1848 760 3,
1864 736 1908 761 134
1924 736 1945 753 c.
1961 732 1989 759 58
2021 727 2086 752 Eum
2108 727 2135 752 in
2154 732 2226 752 tanto
2245 733 2291 752 tuo
2305 724 2460 764 dedecore''‚

311 763 394 789 ordine
410 760 533 795 disposita.
569 761 733 787 Absinthium
753 770 848 795 graue,
868 765 886 788 i.
906 764 1041 795 Amorum,
1057 764 1200 799 graucolem
1214 763 1300 788 Varro
1314 762 1346 787 in
1360 770 1384 796 15
1401 764 1522 799 proicite
1533 774 1565 791 ne
1582 764 1672 790 Verbo
1690 763 1798 798 quidem
1816 763 1938 797 grauiore
1956 762 2118 796 appellasses,
2136 762 2319 800 vehementiore.
2358 795 2363 800 ·
2388 759 2463 799 Vi-f‘f,

311 796 534 830 Qtinquatribus,
551 796 715 823 Absinthiurn
735 804 763 823 vt
783 797 873 823 bibam
885 807 965 831 graue
980 804 1005 824 ct
1026 800 1170 825 castoreum
1186 807 1214 824 cx
1229 798 1300 824 Non.
1316 807 1343 831 4,
1401 809 1445 826 rus
1464 801 1530 827 Hor.
1544 800 1622 834 Epist.
1635 808 1659 829 2,
1675 808 1693 831 1,
1706 803 1755 831 158.
1770 802 1788 825 i.
1810 802 1916 825 noxium.
1987 798 2059 831 Virg.
2073 797 2125 823 Ecl.
2140 806 2178 829 ιο,
2191 805 2221 831 75
2246 798 2366 830 lumperi
2379 803 2459 828 gra-¹*

309 837 359 861 218.
395 832 438 857 Sic
455 832 592 866 βαρύοσμον
610 834 706 859 Gracci.
777 832 947 859 Aduersarius
965 835 1068 867 grauis,
1087 833 1257 868 Perniciosus,
1276 841 1343 859 acer·
1402 835 1442 862 vis
1455 836 1503 862 esl'e
1516 836 1580 862 solet
1593 834 1757 861 cantantibus
1771 833 1863 860 vmbra
1872 853 1878 865 ,
1898 836 1980 859 noxia.
2040 833 2169 859 Voluntas
2183 833 2238 858 Cic.
2252 841 2299 866 pro
2313 832 2435 870 Fontsso:
2456 858 2459 863 ,

307 868 368 898 bus,
382 873 405 892 et
418 875 512 892 nocens.
557 867 613 894 Cic.
629 867 679 894 Off.
693 876 714 899 3,
730 870 762 897 86
789 868 914 902 Magnum
933 868 1001 894 illud
1014 868 1130 901 bellum,
1145 869 1252 903 perfuga
1266 877 1342 899 vnus,
1402 872 1461 897 Vox
1479 871 1534 897 Cic.
1547 872 1582 898 N.
1600 872 1630 897 D.
1644 879 1675 902 2,
1689 872 1730 902 156
1751 878 1772 895 c.
1786 875 1813 901 58
1833 872 1960 895 contraria
1980 873 2078 895 acutae.
2148 868 2303 902 Papinianus
2317 867 2345 892 in
2357 865 2375 892 l.
2388 873 2437 900 qui.

308 908 333 927 et
346 910 452 935 grauem
461 902 646 928 Aduersarium
661 903 768 937 imperii
786 904 948 930 sustinuiffet.
984 905 1052 931 Suet.
1065 906 1166 931 Neron.
1180 913 1221 937 54.
1293 903 1344 929 Ad·
1403 906 1478 940 graui
1492 907 1522 933 D.
1542 906 1574 933 de
1592 907 1650 933 iure
1671 905 1728 932 cod.
1752 905 1807 938 Qu
1830 904 1904 938 graui
1922 905 2005 931 Vtero
2025 912 2136 929 vxorem
2157 904 2204 929 esse
2224 902 2378 937 ignorabat,
2390 904 2460 928 etc.='>

308 937 436 968 versaria,
451 937 603 972 Expefmtio
624 938 679 965 Cic.
694 940 765 964 Fam.
787 948 808 970 2,
827 948 853 972 4.
926 939 985 965 Liu.
1000 949 1027 972 4,
1041 948 1073 973 45
1109 941 1205 966 Decem
1225 939 1343 966 millibus
1360 949 1392 967 20
1404 941 1503 967 Vulnus
1529 942 1612 969 Ouid.
1631 942 1693 967 Met.
1711 949 1738 973 4,
1758 948 1813 975 721.
2017 937 2037 976 ἦ
2067 947 2079 971 3
2116 939 2240 965 formulae
2255 939 2327 965 aliae.
2367 937 2437 977 Tei-5

308 973 384 999 Aeris
399 974 486 1007 grauis
503 973 649 1000 damnatur.
720 975 780 1000 Liu.
795 984 822 1008 4,
836 977 869 1000 60
904 975 990 1001 Patres
1011 976 1077 1001 bene
1090 982 1208 1010 coeptam
1221 984 1276 1001 rciu
1289 983 1343 1009 pet·-
1405 978 1497 1003 l-leaut.
1513 984 1535 1010 ς,
1549 985 1572 1011 5,
1585 986 1614 1009 14
1632 978 1703 1003 Haec
1716 976 1779 1001 dum
1794 975 1920 1009 incipias,
1933 974 2023 1007 grauia
2037 975 2109 1005 sunt,
2123 973 2237 1008 dumque
2251 975 2368 1013 ignores:
2388 971 2463 999 vbllw

309 1009 457 1035 seueranter
469 1009 552 1040 tueri,
572 1009 692 1036 conferre
705 1009 750 1043 ipsi
764 1010 861 1043 primi,
873 1016 898 1036 et
910 1010 972 1045 quia
985 1011 1101 1036 nondum
1115 1017 1252 1045 argentum
1265 1010 1344 1044 signa·
1404 1013 1541 1046 cognoris,
1554 1013 1651 1039 facilia.
1740 1013 1854 1041 Vereor,
1880 1019 1913 1036 ne
1934 1009 1986 1035 tibi
2007 1009 2053 1036 {im
2072 1010 2160 1044 grauis
2179 1010 2235 1036 Cic.
2255 1009 2355 1043 Topic.
2374 1016 2396 1033 c.
2415 1015 2449 1035 ι..

307 1050 364 1070 tum
376 1049 446 1075 erat,
466 1045 515 1069 Aes
528 1053 607 1078 graue
622 1045 740 1079 plaustris
758 1045 866 1080 quidam
884 1046 916 1072 ad
937 1047 1067 1073 aerarium
1083 1046 1275 1077 conuehentes,
1294 1047 1347 1080 spe·
1404 1049 1459 1074 Iam
1471 1048 1557 1081 grauis
1569 1057 1595 1074 es
1609 1047 1686 1074 nobis
1699 1054 1724 1074 et
1738 1047 1809 1081 saepe
1824 1046 1989 1080 emungeris,
2004 1046 2046 1071 exi
2060 1045 2177 1071 quenal.
2191 1047 2217 1079 6,
2230 1046 2285 1078 146.
2340 1041 2449 1073 Olidae‘g

307 1080 405 1105 ciosam
423 1078 591 1106 collationem
608 1080 745 1107 faciebant.
773 1081 830 1106 Vici.
845 1088 901 1107 AEs
921 1090 946 1107 n.
961 1086 983 1111 8.
1053 1082 1127 1116 Virg.
1142 1083 1238 1115 Georg.
1260 1091 1281 1112 2,
1295 1089 1345 1115 377
1404 1092 1483 1117 graue
1501 1083 1572 1118 quod
1591 1083 1709 1109 minxere
1730 1082 1842 1116 capellae
1866 1081 1996 1108 Sannnon.
2013 1086 2056 1110 180
2071 1089 2166 1114 graue,
2184 1083 2202 1106 i.
2219 1079 2346 1116 foetidum
2365 1077 2453 1109 illuda-

309 1116 361 1141 Aut
371 1114 458 1148 grauis
471 1114 624 1141 incumbens
638 1116 749 1151 scopulis
762 1116 1003 1148 arentibusAestas,
1023 1120 1042 1142 i.
1060 1121 1153 1147 noxia;
1170 1118 1234 1144 illud
1245 1117 1344 1143 incum-
1358 1124 1389 1150 25
1404 1120 1491 1145 Graue
1510 1118 1546 1145 est
1566 1119 1670 1145 homini
1689 1117 1797 1153 pudenti
1815 1122 1903 1151 petere
1922 1116 2023 1150 aliquid
2045 1125 2167 1149 magnum
2185 1115 2218 1142 ab
2232 1124 2281 1148 eo,
2300 1115 2332 1141 de
2345 1113 2447 1178 quoii}

308 1150 371 1177 bens
392 1156 464 1186 auget
483 1153 640 1186 grauitatem.
714 1151 837 1178 Ambitio
861 1152 955 1178 misera
980 1153 1121 1187 gratiisque
1150 1151 1248 1186 molesta
1276 1153 1344 1178 Hor.
1403 1154 1470 1181 bene
1484 1155 1605 1181 meritum
1626 1160 1700 1189 putet
1718 1154 1774 1180 Cic.
1788 1154 1858 1179 Fam.
1872 1161 1893 1183 2,
1908 1160 1930 1185 5.
1965 1151 2039 1186 Conf.
2055 1151 2123 1186 Nep.
2137 1160 2163 1184 9,
2177 1160 2199 1184 3,
2211 1161 2239 1184 4.
2308 1151 2396 1176 Graue
2407 1184 2413 1190 .
2448 1151 2454 1175 2

310 1186 390 1212 Serm.
407 1194 425 1216 1,
439 1187 464 1217 6,
479 1194 531 1215 129.
601 1185 741 1213 Amicitiae
759 1187 908 1221 principum
926 1196 1018 1221 graues
1046 1188 1119 1214 Idem
1133 1189 1219 1215 Carm.
1238 1196 1263 1219 2,
1281 1196 1301 1219 1,
1322 1196 1344 1219 3.
1403 1189 1547 1224 populum,
1565 1190 1639 1225 Qod
1657 1199 1728 1226 aegre
1746 1191 1902 1229 etgrquiter
1920 1187 2047 1213 admodum
2053 1188 2161 1223 populus
2171 1187 2245 1223 ferre
2258 1183 2347 1222 potest.
2382 1184 2452 1213 Cice-‘¹

307 1221 429 1247 Aincntia
449 1220 530 1246 Ouid.
544 1221 608 1248 Met.
622 1229 644 1254 5,
658 1231 705 1254 511.
777 1223 875 1249 Amore
889 1223 1020 1257 perculsus
1034 1224 1111 1258 graui
1131 1225 1198 1250 Hor.
1214 1222 1294 1257 Epod.
1310 1231 1344 1255 11,
1403 1234 1452 1260 pro
1466 1226 1547 1252 Corn,
1562 1225 1632 1252 Balb.
1648 1234 1683 1258 24
1710 1225 1812 1251 Etenim
1826 1232 1854 1250 ιη
1867 1224 1928 1257 Pop.
1941 1223 2019 1249 Rom.
2032 1231 2113 1257 graue
2126 1222 2177 1255 est,
2195 1230 2250 1248 non
2261 1222 2330 1256 posse
2347 1220 2387 1247 vti
2399 1220 2453 1253 so-xj.

308 1265 328 1288 3·
400 1256 482 1282 Annis
501 1257 588 1290 grauis
605 1257 682 1283 miles
700 1257 772 1283 Idem
785 1258 865 1285 Serm-
881 1267 899 1289 Ι,
913 1267 932 1290 Ῑ,
945 1267 973 1291 4·
1044 1260 1171 1291 A¹¹¹¹0¹¹212
1186 1259 1250 1285 Cara
1263 1258 1345 1284 Plaut.
1405 1261 1453 1287 ciis
1471 1261 1606 1288 excellenti
1624 1261 1723 1287 virtute
1743 1259 1882 1295 praeditis,
1899 1258 1946 1294 qui
1967 1258 2065 1289 velint,
2083 1265 2128 1284 etc.
2201 1258 2288 1284 Graue
2306 1256 2342 1283 est
2363 1255 2444 1290 qualest

305 1291 384 1317 Stich.
400 1300 428 1325 4,
442 1300 464 1323 ε’,
477 1300 515 1325 52.
585 1293 729 1327 Apparatus
749 1293 813 1320 belli
836 1294 907 1320 Flor.
925 1303 948 1326 3,
968 1302 990 1327 5,
1011 1300 1044 1324 18.
1116 1294 1204 1321 Arbor
1222 1293 1345 1320 Prudent.
1360 1303 1393 1327 3ο
1403 1296 1433 1323 fit
1446 1296 1595 1323 existimare
1609 1297 1665 1323 Cic.
1680 1297 1732 1322 Att.
1749 1304 1782 1327 11,
1820 1315 1826 1321 .
1862 1314 1869 1320 .
1939 1294 2034 1328 Superl.
2059 1294 2132 1320 Idem
2144 1294 2216 1320 Fam.
2231 1300 2254 1328 5,
2266 1295 2295 1319 16
2320 1292 2386 1319 Non
2396 1299 2439 1318 me

306 1326 382 1353 cath·
402 1335 423 1359 3,
444 1326 484 1360 78·ι
501 1331 520 1352 1'·
541 1326 625 1360 onusta
643 1327 786 1363 fruffibuf·
854 1331 1011 1362 Armatura,
1037 1333 1078 1357 cui
1104 1333 1235 1365 opponitur
1256 1330 1342 1355 Leuis·
1403 1332 1511 1359 hercule
1526 1341 1673 1367 quenquam
1688 1331 1795 1363 audiui,
1815 1330 1865 1357 hoc
1878 1329 2026 1364 grauiffimo
2038 1335 2065 1355 et
2078 1328 2365 1368 pestilentiss'uuo—anno
2380 1324 2445 1368 adq).

307 1362 364 1388 Liu.
379 1365 420 1392 26,
436 1369 501 1397 5pr.
522 1363 606 1396 Igitur
624 1372 718 1398 magna
735 1370 807 1398 parte
818 1364 1069 1399 impedimentorum
1088 1365 1181 1392 relitfh
1194 1365 1221 1391 in
1233 1365 1342 1397 Brittiis,
1403 1368 1587 1403 lescentulum,
1607 1374 1652 1394 aut
1672 1375 1781 1401 puerum
1801 1372 1953 1397 mortuum,
1973 1364 2022 1399 qui
2041 1365 2110 1391 mihi
2122 1373 2177 1391 non
2190 1373 2205 1390 a
2217 1364 2267 1390 diis
2283 1362 2444 1405 immortali·k
2472 1399 2475 1402 .

306 1405 331 1424 et
345 1398 419 1424 0¹¹¹¹¹i
434 1398 556 1431 grauiore
571 1399 727 1431 Αΐῐηὸΐῑῑῐὸ,
742 1409 801 1425 cum
822 1400 939 1431 (Μὲἕὶίδ,
952 1407 997 1426 etc.
1016 1401 1089 1437 Conf-
1106 1402 1175 1430 Hirt.
1190 1401 1218 1427 B·
1235 1400 1293 1427 Afr-
1306 1408 1344 1435 71·
1402 1403 1452 1430 bus
1466 1409 1587 1438 exceptus
1602 1412 1633 1429 ex
1647 1402 1688 1429 his
1699 1402 1830 1434 miseriis,
1847 1406 1925 1435 atque
1937 1409 1969 1426 ex
1982 1400 2141 1435 iniquissima
2153 1399 2306 1427 conditione
2319 1399 2389 1425 vitae
2400 1398 2451 1426 vi.-⁴··

307 1435 391 1459 Aurae
410 1432 489 1459 Ouid.
504 1434 568 1460 Met.
584 1441 610 1469 7,
631 1442 677 1469 557
695 1439 739 1461 αᾱν
759 1438 856 1462 noxius.
927 1436 1030 1463 Auctor
1049 1438 1154 1471 grauis,
1178 1435 1301 1463 Probatus
1321 1442 1344 1462 et
1403 1439 1519 1465 deretur.
1590 1439 1646 1465 Cic,
1661 1439 1697 1471 Q
1711 1438 1780 1463 Frat.
1793 1445 1819 1468 2,
1835 1438 1863 1461 16
1899 1436 1985 1470 Atque
1998 1436 2026 1462 id
2038 1436 2100 1462 anni
2113 1442 2232 1470 tempore
2245 1434 2402 1470 grauiffimO,
2413 1437 2443 1462 et

304 1477 407 1504 magnae
419 1466 596 1501 αιιὲῗονῐιατίε,
609 1473 679 1496 cuius
689 1470 766 1505 fidem
779 1480 845 1497 nemo
858 1471 953 1497 eleuet.
987 1472 1051 1498 Plin.
1068 1480 1106 1507 17,
1119 1481 1149 1504 25
1174 1473 1196 1498 A
1211 1480 1265 1506 quo
1280 1477 1344 1497 tem·
1358 1474 1387 1500 3⁵
1401 1474 1535 1501 caloribus
1567 1473 1698 1500 maximis.
1783 1470 1984 1497 Grauissimum:
2019 1471 2089 1497 Ter.
2109 1471 2183 1497 Adel.
2201 1479 2223 1503 3,
2240 1479 2268 1504 4,
2282 1479 2316 1497 22
2347 1470 2440 1496 Mane:

306 1513 370 1538 pore
391 1504 546 1538 pudicitiam
565 1505 714 1532 subuersam
733 1506 791 1533 Piso
811 1507 899 1540 grauis
923 1506 1017 1534 aanor
1036 1507 1163 1542 prodidit.
1219 1509 1251 1533 Et
1269 1515 1311 1539 24,
1325 1515 1343 1539 9
1401 1509 1521 1537 nondum
1534 1509 1629 1535 audisti
1643 1509 1740 1534 Demea
1754 1506 1826 1541 quod
1838 1505 1874 1532 est
1888 1506 2074 1540 grauissimum.

306 1539 402 1565 Grauis
417 1539 517 1566 Auctor
528 1541 556 1566 in
570 1540 708 1567 medicina.
779 1542 870 1569 Tacit.
884 1542 952 1568 Hist.
966 1551 988 1574 3,
1001 1551 1032 1575 43
1059 1544 1097 1569 Eo
1110 1542 1219 1577 grauior
1230 1542 1342 1574 Auctor,
1437 1552 1457 1572 G
1466 1552 1543 1571 RAv
1555 1552 1564 1570 1
1573 1552 1593 1569 v
1603 1550 1615 1569 s
1628 1550 1645 1570 c
1657 1542 1677 1569 x*
1687 1550 1702 1569 L
1712 1550 1731 1569 v
1742 1549 1755 1568 s
1765 1562 1773 1574 ,
1792 1551 1805 1567 a
1814 1561 1822 1573 ‚
1842 1550 1897 1567 um.
1924 1541 1983 1567 Adi.
1999 1541 2099 1568 Dimin.
2137 1539 2290 1576 [ὖποξαρύς]
2326 1539 2393 1567 Gen.
2413 1547 2436 1580 f,

305 1574 378 1608 quod
401 1574 520 1600 Paullino
546 1576 646 1609 patriae
666 1578 763 1603 Forum
783 1577 855 1604 Iulii.
891 1579 932 1605 Sic
950 1578 1094 1610 Historici,
1108 1578 1208 1606 Testis.
1289 1579 1340 1604 Au·
1403 1589 1426 1607 ιι
1446 1581 1502 1614 Qii
1516 1579 1600 1606 fistula
1614 1579 1691 1605 breui
1706 1578 1808 1603 sensum
1828 1577 2024 1610 grauiusculum
2038 1578 2131 1603 sonum
2147 1577 2285 1612 inspiraret
2300 1575 2332 1603 ad
2349 1575 2437 1610 depri-

258 1644 260 1646 r
304 1614 410 1634 tumnus
420 1608 536 1643 pestilens
549 1612 619 1636 Caes.
633 1612 660 1637 B.
674 1612 703 1637 C.
718 1620 741 1644 3,
754 1621 778 1638 2.
798 1619 822 1638 et
835 1614 901 1640 Hor.
912 1614 994 1639 Serm.
1009 1622 1033 1645 2,
1047 1617 1073 1646 6,
1088 1623 1124 1646 19.
1195 1613 1265 1640 Anni
1278 1619 1343 1639 tem·
1402 1616 1543 1647 mendum,
1563 1614 1756 1648 sedandumque
1770 1613 1898 1647 impetum
1912 1613 1986 1638 vocis
1999 1612 2064 1639 eius.
2243 1638 2249 1641 ,

305 1652 353 1679 pus
372 1643 548 1677 grauiffimum
567 1646 622 1672 Cic.
636 1647 751 1679 QFrat.
764 1650 840 1679 2,16.
908 1649 1011 1675 Bellum
1029 1658 1125 1684 graue,
1149 1658 1199 1684 pro
1218 1649 1386 1686 Molest0,40
1438 1658 1546 1678 GRAV
1557 1649 1569 1677 f
1580 1657 1602 1677 T
1614 1657 1674 1682 AS,
1695 1649 1751 1675 atiS.
1775 1648 1795 1674 f.
1830 1647 1973 1683 [βαρύτης,
1991 1648 2083 1683 βάρος]
2118 1647 2207 1674 Eadem
2227 1649 2346 1685 varietate
2363 1647 2439 1684 pfmi·

303 1677 404 1706 auam
423 1680 527 1705 Donato
539 1680 572 1706 ad
585 1681 653 1706 Ter.
668 1682 731 1707 Hec.
745 1690 767 1713 5,
781 1690 799 1708 1.
854 1683 953 1709 Sallust.
991 1704 997 1710 .
1035 1705 1041 1710 .
1079 1705 1085 1711 .
1121 1685 1253 1712 Grauiore
1271 1684 1343 1711 bello
1401 1693 1458 1718 tur,
1469 1696 1516 1722 qua
1530 1686 1635 1713 Grauis.
1687 1685 1742 1712 Cic.
1758 1683 1790 1710 de
1802 1683 1837 1710 N.
1853 1684 1884 1709 D.
1899 1692 1925 1715 2,
1940 1685 1981 1710 116
2012 1685 2104 1711 Tanta
2119 1683 2253 1710 contentio
2263 1686 2400 1716 grauitatis
2413 1684 2441 1706 et

304 1714 352 1748 qui
370 1714 535 1748 prohibituri
555 1722 681 1742 venerant
701 1716 766 1742 socii
784 1717 890 1751 frigere.
964 1719 1074 1745 Caelum
1101 1721 1170 1746 Suet.
1184 1720 1283 1746 Tiber.
1303 1724 1342 1752 36.
1401 1722 1557 1756 ponderum.
1628 1720 1760 1755 Impedire
1773 1719 1861 1745 oneris
1875 1719 2004 1753 grauitate
2018 1719 2098 1746 Ouid.
2112 1720 2175 1745 Met.
2192 1727 2229 1750 10,
2243 1719 2298 1748 678·
2337 1715 2441 1755 ,ΨΕΩ-

304 1749 372 1774 Tac.
386 1749 454 1775 Hist.
470 1759 491 1782 5,
504 1758 530 1784 7,
544 1759 566 1782 3.
588 1754 607 1777 i.
626 1754 670 1777 a'c‘r
680 1750 804 1786 pestilens)
860 1753 944 1786 Caput
959 1762 1038 1786 graue
1051 1753 1148 1780 habere
1162 1755 1281 1780 Scribon.
1296 1760 1342 1783 181.
1401 1763 1427 1783 ta
1445 1757 1489 1783 illi
1508 1757 1561 1782 fuit
1579 1757 1710 1789 grauitas,
1727 1761 1823 1789 quanta
1838 1754 1866 1780 in
1879 1755 2003 1781 oratione
2018 1754 2152 1781 maiestas3
2169 1754 2225 1780 Cic.
2240 1752 2272 1779 de
2284 1752 2390 1791 Amicit.
2405 1749 2455 1790 5264¹

303 1784 405 1816 Corpus
424 1793 503 1817 graue
516 1785 580 1811 facit
598 1786 672 1811 Idem
686 1792 734 1816 188.
751 1790 770 1813 i.
790 1788 931 1823 languidum
944 1788 979 1813 ad
990 1795 1088 1814 motum.
1159 1790 1271 1815 Carmen
1286 1797 1342 1821 gra·
1400 1801 1422 1816 c.
1436 1799 1476 1822 25.
1545 1793 1595 1816 Pro
1608 1788 1739 1822 Monstra,
1752 1791 1793 1814 vel
1808 1791 2001 1823 Magnitudine:
2019 1797 2064 1822 vt,
2078 1789 2199 1816 Grauitas
2213 1787 2318 1817 odoris,
2330 1785 2438 1811 doloris·

302 1826 336 1844 ve
350 1824 375 1843 et
389 1818 495 1852 plenum
516 1820 570 1845 Cic.
578 1821 659 1846 Tusc.
674 1829 693 1852 1,
708 1824 752 1854 64.
824 1823 889 1848 Casu
903 1823 1026 1856 grauiore
1040 1823 1164 1849 decidunt
1175 1832 1260 1850 turres
1274 1825 1341 1849 Hor.
1352 1829 1386 1855 45
1401 1825 1497 1852 somni.
1569 1824 1703 1850 Audiendi
1719 1825 1758 1850 vel
1770 1823 1883 1849 Auditus
1900 1825 2030 1858 grauitas,
2047 1831 2096 1859 pro
2114 1826 2198 1855 Duro,
2218 1829 2242 1849 et
2255 1821 2389 1857 deprauato
2400 1828 2432 1861 qu

303 1854 391 1880 Carm.
409 1861 429 1884 2,
447 1861 483 1885 10,
504 1862 541 1878 10.
611 1855 694 1880 Causa
713 1855 816 1888 grauis,
837 1857 992 1883 Necessaria.
1027 1859 1111 1884 Lucil.
1133 1867 1164 1891 29
1182 1859 1248 1893 apud
1267 1859 1341 1885 Non.
1401 1861 1465 1887 ditu.
1536 1860 1603 1886 Plin.
1619 1865 1659 1891 28,
1676 1868 1698 1886 ιι
1731 1859 1759 1884 Si
1770 1859 1887 1892 grauitas
1899 1859 1929 1886 fit
1942 1859 2081 1890 audiendi,
2099 1858 2136 1885 fel
2151 1858 2280 1885 bubulum
2295 1866 2355 1883 cum
2365 1864 2426 1882 vrm

301 1898 326 1921 4,
342 1893 383 1917 218
407 1887 563 1922 Habeasque
578 1888 682 1919 animo,
699 1889 768 1915 mihi
781 1889 1041 1916 admodumCausam
1055 1901 1160 1924 grauem
1174 1893 1249 1924 fore,
1273 1901 1340 1926 quae
1402 1904 1510 1929 caprae,
1528 1896 1572 1920 vel
1587 1894 1663 1921 hirci.
1718 1893 1792 1920 Idem
1807 1902 1850 1927 23,
1863 1904 1890 1928 4.
1961 1895 2075 1921 Aurium
2093 1894 2166 1920 Idem
2179 1902 2220 1924 20,
2238 1901 2272 1924 ι3.
2342 1890 2430 1926 Capiti

301 1932 345 1950 me
358 1923 390 1950 ab
404 1923 459 1949 vllo
472 1923 614 1950 commodo
629 1922 739 1950 abducat
757 1930 812 1950 tuo.
866 1925 964 1950 Causae
982 1926 1038 1951 Cic.
1056 1926 1126 1952 Fam.
1140 1934 1163 1958 5,
1178 1935 1215 1952 12.
1269 1928 1339 1952 Con·
1400 1930 1475 1955 Idem
1488 1936 1536 1962 27,
1551 1937 1588 1954 12.
1643 1928 1760 1954 Scribon.
1778 1934 1813 1960 58.
1885 1929 1973 1959 Caeli,
1996 1930 2020 1955 h.
2033 1938 2052 1955 e.
2071 1930 2149 1955 Aeris
2167 1928 2238 1953 nobis
2255 1927 2419 1954 iniucundim

301 1960 406 1990 ciones,
426 1961 444 1984 i.
465 1959 573 1985 Acerhae
586 1965 609 1985 et
620 1960 835 1986 criminationibus
843 1961 929 1993 plenae
943 1961 1015 1987 Caes.
1030 1961 1057 1986 Β.
1067 1962 1096 1987 C.
1109 1970 1130 1992 2,
1146 1967 1180 1990 13.
1246 1960 1341 1992 Chely-
1400 1962 1479 1996 Iastia.
1547 1963 1602 1989 Cic.
1618 1963 1671 1988 Att.
1686 1971 1718 1993 ιι,
1733 1970 1765 1995 25
1784 1965 1849 1994 (22)
1873 1964 1929 1988 Iam
1941 1963 2012 1988 enim
2025 1971 2135 1997 corpore
2147 1962 2194 1989 vix
2207 1962 2320 1990 sustineo
2332 1963 2418 1998 grauit

302 1994 344 2021 dri
364 1995 439 2028 Visg·
453 1995 588 2028 Georg·.3‚
601 2003 654 2027 415.
674 1998 692 2020 1'·
711 1998 790 2021 noxii·
845 1995 928 2021 Cibu'
948 1996 1003 2022 Cic·
1018 1996 1054 2022 N·
1069 1997 1102 2022 D·
1118 2005 1131 2022 2
1146 2005 1167 2022 c·
1181 2005 1207 2029 9·
1278 1997 1339 2022 Cel·-
1356 2002 1389 2030 50
1401 2003 1454 2025 tem
1468 1997 1534 2025 caeli
1548 1997 1642 2029 huius,
1669 1998 1715 2032 qui
1729 1997 1801 2025 mihi
1814 1997 1933 2024 laborem
1946 1998 2021 2025 affert
2031 1999 2059 2024 in
2071 1996 2173 2024 dolore.
2264 1998 2357 2028 Morbi
2388 1998 2448 2035 Cia,

300 2029 400 2056 camina
421 2029 545 2063 grauiora
574 2029 618 2055 Sil.
641 2031 677 2061 16,
715 2050 721 2055 .
758 2050 764 2056 .
843 2031 1027 2057 Contumeliae
1058 2031 1221 2066 grauissimae
1249 2031 1340 2058 Tacit.
1401 2035 1437 2060 N.
1451 2034 1481 2060 D.
1495 2042 1506 2065 3
1520 2042 1541 2060 c.
1557 2042 1591 2066 3ι.
1661 2033 1849 2060 Menibrorum
1863 2033 1993 2067 grauitas,
2014 2039 2040 2060 et
2059 2035 2188 2061 eruciatus
2202 2033 2327 2061 dolorum
2357 2035 2396 2061 Id.
2411 2032 2448 2069 dei

302 2066 370 2091 Ann.
385 2074 423 2099 14,
438 2073 482 2097 49.
553 2065 622 2092 Cura
634 2066 709 2099 graui
728 2065 814 2091 saucia
831 2065 908 2099 Virg.
921 2067 985 2092 Aen.
1001 2076 1028 2098 4,
1043 2075 1061 2092 1.
1130 2068 1262 2093 Damnum
1283 2075 1339 2101 gra·
1401 2070 1459 2096 Fin.
1473 2078 1489 2101 4
1499 2089 1508 2101 ,
1546 2089 1553 2095 .
1590 2089 1597 2095 .
1668 2068 1770 2096 Odoris
1784 2069 1898 2103 grauitas
1929 2069 2048 2096 Scribon.
2062 2078 2107 2103 40.
2128 2070 2137 2073 “
2159 2069 2249 2096 Tacit.
2264 2071 2299 2096 H.
2317 2077 2345 2103 5,
2362 2072 2397 2102 6,

301 2101 361 2127 vius
379 2101 460 2126 Ouid.
474 2101 536 2126 Met.
551 2108 578 2135 7,
591 2108 641 2133 553.
712 2101 803 2127 Fatum
821 2100 894 2126 Idem
908 2102 971 2127 Met.
986 2109 1011 2132 2,
1025 2103 1081 2132 306.
1153 2102 1219 2127 Non
1238 2102 1340 2128 insueta
1400 2104 1521 2130 Grauitas
1528 2103 1606 2136 Oris,
1619 2109 1669 2138 pro
1685 2105 1861 2132 Gsraueolcmia
1884 2104 1950 2130 Plin.
1964 2110 2002 2138 28,
2017 2113 2053 2131 12.
2095 2105 2135 2132 Sic
2146 2104 2225 2131 foeda
2239 2106 2361 2140 grauitas.
2412 2076 2445 2133 ἰῗ

301 2144 392 2170 graues
403 2135 541 2161 tentabunt
554 2135 649 2170 pabula
662 2135 736 2162 Feras
754 2135 830 2169 Virg.
845 2135 897 2162 Ecl.
914 2145 933 2168 1,
946 2144 984 2169 50.
1004 2139 1022 2161 i.
1043 2137 1196 2172 languentes.
1258 2138 1277 2162 F
1280 2145 1340 2162 ron·
1400 2141 1426 2170 6,
1441 2145 1489 2170 ¹58·
1542 2139 1610 2164 Add.
1624 2139 1684 2165 Liu.
1703 2148 1744 2173 25,
1758 2142 1800 2166 26.
1842 2139 1900 2166 Vid.
1914 2140 2099 2168 Drakenborch.
2112 2140 2146 2167 ad
2157 2141 2202 2167 Sil.
2216 2141 2234 2167 l.
2249 2150 2271 2167 c.
2303 2145 2346 2177 qui
2359 2140 2442 2168 laudae
2470 2154 2473 2162 0

303 2177 329 2197 te
341 2171 431 2204 graui,
450 2169 541 2203 Tnfli.
595 2171 660 2197 Plin.
674 2171 702 2196 in
716 2172 806 2205 Paneg.
819 2180 840 2197 c.
855 2180 880 2203 4¹
906 2172 1049 2205 Nunquam
1070 2171 1233 2205 principibus
1251 2171 1341 2197 defue-
1357 2173 1384 2198 55
1401 2173 1491 2199 Barth.
1504 2173 1570 2198 Adu.
1584 2183 1595 2199 1
1607 2193 1615 2205 ‚
1631 2182 1663 2204 13·
1739 2174 1822 2201 Ouid.
1836 2175 1900 2202 Met.
1914 2184 1946 2208 z,
1960 2181 2003 2205 821
2040 2191 2085 2196 -—
2105 2176 2198 2211 ignaua
2211 2183 2345 2212 nequeunt
2358 2176 2441 2211 graui-

303 2212 378 2236 runt‚
399 2206 444 2240 qui
460 2206 557 2231 Fronte
568 2206 657 2238 graui,
674 2212 699 2231 et
716 2206 785 2232 tristi
804 2206 945 2241 supercilio
959 2206 1117 2233 vtilitatibus
1135 2206 1189 2232 fisci
1208 2212 1341 2232 contuma-
1399 2214 1452 2234 tate
1464 2216 1582 2234 mouere.
1654 2208 1753 2235 'lsarda
1765 2210 1893 2243 grauitate
1908 2210 2019 2236 iacentes
2050 2211 2125 2237 Idem
2137 2211 2202 2238 ibid.
2218 2221 2256 2244 ιι,
2269 2214 2322 2242 618.
2392 2212 2439 2238 Re-

302 2241 370 2268 citer
384 2241 508 2271 adessent,
521 2247 566 2267 etc.
636 2242 738 2272 Varro,
756 2241 812 2267 Vbi
830 2250 921 2275 graues
939 2243 1075 2276 pascantur
1088 2247 1166 2276 atque
1183 2242 1285 2268 alantur
1298 2250 1340 2276 pa·
1399 2252 1459 2270 rum
1474 2243 1604 2277 grauitas,
1622 2243 1754 2279 ni‘torque
1788 2244 1826 2270 Id.
1840 2253 1871 2270 ex
1886 2245 1961 2271 Pont.
1973 2254 2005 2277 2,
2023 2252 2054 2278 5,
2067 2253 2109 2276 29.
2200 2247 2295 2274 Serena
2316 2247 2438 2281 grauitate
2462 2236 2464 2255 l

303 2285 404 2303 vonum
419 2277 523 2309 Greges.
562 2275 669 2301 Nonius
682 2285 703 2302 c.
718 2276 735 2302 l.
753 2279 771 2302 i.
793 2280 888 2312 magni.
958 2277 1090 2304 Colmnel.
1107 2285 1152 2310 1,5
1181 2277 1251 2304 Nam
1270 2286 1340 2312 prae·
1399 2279 1490 2313 plenus
1504 2278 1592 2304 vultus
1619 2279 1720 2306 L‘ucan.
1736 2278 1769 2306 ad
1783 2279 1867 2306 Pison.
1882 2284 1920 2309 88.
2075 2278 2096 2316 ff
2118 2289 2131 2305 2
2167 2281 2303 2315 Grauitas‚
2324 2284 2439 2309 Firmius
2462 2280 2463 2288 ¹

303 2312 350 2339 stat
364 2315 379 2338 Δ
391 2312 457 2338 mari
471 2312 550 2345 longo
567 2311 654 2345 potius
672 2311 812 2338 interuallo
831 2321 910 2346 quam
923 2312 1001 2338 breui
1019 2312 1153 2347 refugisse:
1179 2313 1241 2347 quia
1253 2312 1340 2339 media
1398 2323 1428 2341 ac
1440 2312 1579 2346 constantia
1591 2316 1692 2346 animi,
1712 2322 1736 2341 et
1752 2318 1780 2341 in
1798 2316 1882 2346 vultu,
1909 2314 2031 2343 moribus,
2055 2315 2152 2346 verbis,
2171 2317 2242 2343 rebus
2259 2318 2362 2354 agendi:
2372 2324 2441 2353 quae-
2461 2312 2463 2346 l
2477 2331 2479 2345 ι

303 2349 362 2374 sunt
381 2347 462 2382 spatia
480 2346 612 2380 grauioris
632 2345 751 2378 Halitus,
775 2350 792 2373 i.
818 2350 895 2373 noxii.
968 2347 1096 2374 Historici
1116 2354 1168 2374 tres
1197 2348 1339 2383 grauissimi
1348 2353 1382 2378 60
1399 2350 1455 2376 dam
1462 2351 1595 2385 seueritas.
1655 2350 1694 2376 De
1706 2350 1834 2384 grauitate
1849 2348 2118 2376 Lacedaemoniorum
2144 2350 2212 2384 Nep.
2225 2361 2294 2390 4,·4,
2307 2360 2329 2382 3.
2383 2352 2438 2378 Cic.
2460 2348 2479 2385 l']

303 2383 374 2416 Nep.
388 2390 413 2418 7,
428 2390 461 2413 11,
477 2391 496 2407 1.
516 2391 575 2417 quos
588 2381 654 2407 nihil
664 2381 739 2416 afide
754 2382 866 2408 dimouet.
937 2383 1020 2409 Graui
1034 2383 1146 2409 Homini
1165 2389 1191 2409 et
1210 2392 1255 2416 ea,
1273 2392 1340 2418 quae
1399 2385 1430 2411 de
1445 2384 1543 2411 Sene&
1557 2392 1582 2416 33
1611 2384 1650 2411 Vt
1665 2393 1735 2411 enim
1750 2385 1889 2411 infirmitas
1903 2392 2061 2419 puerorum,
2079 2389 2105 2410 et
2117 2383 2238 2411 ferocitas
2253 2394 2393 2416 iuuenum,
2411 2392 2438 2412 et
2460 2411 2461 2416 ,
2478 2402 2479 2410 .

304 2417 386 2449 fiunt,
410 2417 512 2443 iudicio
532 2422 605 2443 certo
625 2417 782 2451 ponderanti
806 2418 861 2444 Cic.
876 2417 928 2444 Off.
947 2426 959 2443 2
979 2427 1000 2444 c.
1017 2420 1053 2444 16.
1125 2420 1216 2445 Homo
1241 2420 1340 2454 grauis,
1400 2421 1512 2454 grauitas
1526 2420 1577 2446 iani
1593 2420 1737 2447 constantis
1752 2420 1859 2452 aetatis,
1878 2426 1923 2446 etc.
1995 2419 2069 2446 Idem
2082 2418 2114 2445 de
2127 2419 2231 2446 Amicit.
2245 2429 2264 2452 4
2292 2421 2379 2447 Genus
2391 2429 2437 2447 au-
2460 2423 2461 2430 ¹

303 2450 473 2479 Grandaeuus
485 2458 511 2478 et
524 2452 579 2484 Qli
599 2452 687 2478 omnia
710 2452 854 2478 deliberate
875 2453 937 2486 agit.
993 2454 1066 2487 Virg.
1082 2455 1146 2480 Aen.
1168 2463 1191 2487 5,
1204 2460 1250 2489 387
1287 2453 1339 2480 Hic
1400 2462 1452 2482 tem
1467 2455 1518 2481 hoc
1531 2456 1685 2482 sermonum
1699 2455 1811 2490 positum
1832 2456 1860 2482 in
1873 2454 2013 2481 hominum
2027 2460 2145 2481 veterum
2159 2454 2328 2488 auctoritate,
2350 2461 2376 2482 et
2393 2464 2437 2483 eo·
2478 2480 2479 2484 ,

303 2489 391 2524 grauis
405 2487 536 2514 Entellum
550 2486 629 2513 dietis
642 2487 748 2521 castigat
763 2488 872 2513 Acestes.
897 2488 1003 2514 Nonius
1016 2497 1036 2514 c.
1051 2488 1068 2515 l.
1125 2490 1251 2516 Honestas
1265 2491 1340 2516 omni
1399 2500 1459 2518 rum
1483 2490 1644 2521 illustrium,
1683 2491 1739 2525 plus
1763 2491 1851 2517 nescio
1872 2499 1926 2525 quo
1950 2490 2026 2524 padio
2048 2490 2154 2517 videtur
2181 2489 2278 2523 habere
2298 2491 2439 2524 grauitatis.
2466 2517 2470 2525 ,

303 2523 419 2559 pondere
439 2523 548 2557 grauior
566 2522 601 2548 est
621 2522 753 2553 habenda,
779 2532 859 2557 quam
876 2529 979 2550 caetera
996 2525 1086 2551 onmia
1114 2525 1170 2551 Cic.
1192 2525 1244 2551 Off.
1263 2534 1285 2557 3,
1306 2533 1341 2557 35.
1354 2525 1385 2557 65
1401 2527 1523 2553 Grauitas
1538 2526 1663 2559 sapientis
1688 2526 1727 2552 Id.
1740 2525 1817 2552 Acad.
1833 2534 1860 2558 4,
1875 2533 1911 2557 57.
1979 2526 2097 2552 Comitas
2109 2534 2163 2551 non
2176 2525 2228 2551 fine
2236 2525 2440 2557 seueritateerat,

304 2560 374 2586 letus
388 2567 478 2593 graues
490 2558 608 2592 excipere
625 2559 692 2584 Hor.
706 2559 792 2585 Carm.
806 2567 833 2591 4,
848 2566 873 2590 9,
886 2565 922 2588 23.
993 2559 1061 2586 Ter.
1076 2560 1151 2587 Adel.
1166 2569 1186 2591 1,
1200 2569 1220 2592 1,
1234 2569 1262 2592 41
1296 2561 1341 2586 Er-
1401 2570 1485 2596 neque
1499 2563 1616 2595 grauitas
1630 2561 1682 2587 fine
1694 2561 1820 2588 facilitate
1845 2561 1913 2594 Nep.
1927 2567 1973 2593 25,
1990 2568 2031 2592 15,
2047 2569 2066 2586 1.
2137 2561 2258 2587 Grauitas
2271 2565 2296 2586 et
2308 2560 2391 2588 virtus
2402 2560 2442 2587 iu·

305 2600 345 2621 rat
364 2595 441 2628 longe
460 2603 518 2619 mea
536 2593 643 2628 quidem
662 2594 803 2625 sententia,
829 2595 876 2628 qui
897 2593 1040 2628 Imperium
1062 2596 1150 2621 credat
1169 2595 1274 2628 grauius
1293 2596 1341 2621 else
1400 2597 1466 2623 dicis
1493 2597 1549 2623 Cic.
1569 2605 1617 2631 pro
1629 2597 1723 2630 Quint.
1739 2599 1775 2622 16.
1847 2595 1981 2622 Grauitati
1995 2595 2099 2622 deditus
2110 2595 2192 2621 homo
2221 2595 2294 2622 Idem
2307 2604 2355 2630 pro
2369 2596 2441 2623 Cael.

305 2636 350 2656 aut
363 2629 480 2656 stabilius
493 2629 521 2654 vi
537 2628 608 2662 quod
622 2628 665 2661 fit,
674 2638 752 2663 quam
767 2628 844 2661 illud,
857 2629 928 2664 quod
940 2629 1057 2656 amicitia
1071 2630 1233 2663 adiungitur.
1290 2631 1341 2656 Im-
1402 2634 1442 2663 63.
1514 2632 1649 2658 Comitate
1663 2631 1778 2658 Condita
1792 2632 1907 2665 grauitas
1938 2630 1977 2657 ld.
1991 2630 2023 2657 de
2036 2631 2092 2657 Sen.
2107 2640 2128 2657 c.
2143 2640 2170 2664 4.
2242 2630 2376 2658 Adhibere
2388 2631 2442 2666 gri-

305 2671 378 2700 petus
392 2665 479 2698 grauis
500 2664 584 2689 hastae
598 2664 658 2690 Stat.
672 2663 763 2690 Theb.
776 2673 813 2695 10,
828 2672 878 2697 539.
948 2666 1051 2699 incepta
1067 2666 1134 2692 Hor.
1148 2666 1180 2691 de
1193 2666 1256 2692 Arte
1269 2666 1341 2692 Po'e't.
1401 2666 1531 2699 vitatem,
1555 2667 1608 2693 uid.
1628 2674 1649 2693 A
1659 2673 1677 2692 D
1687 2674 1707 2693 H
1717 2673 1726 2691 1
1736 2673 1751 2693 Β
1760 2673 1776 2693 Ε
1786 2674 1814 2693 ο.
1903 2666 1968 2693 Cels.
1985 2675 2010 2698 1,
2029 2675 2041 2698 3
2075 2667 2131 2700 Qu
2141 2675 2251 2693 vomere
2264 2667 2304 2694 bis
2317 2667 2346 2693 in
2358 2675 2441 2704 meme

307 2710 345 2732 14.
415 2699 516 2725 Iniuria
529 2699 674 2732 grauissima
690 2700 755 2725 Plin.
770 2700 861 2732 Paneg.
876 2709 897 2725 c.
912 2707 951 2734 37.
1023 2702 1064 2726 Ira
1076 2701 1180 2733 grauis,
1194 2708 1219 2727 et
1232 2701 1341 2735 inexpu-
1349 2709 1386 2736 70
1405 2701 1583 2733 vult,rnelius
1597 2701 1723 2734 consulet,
1737 2701 1755 2728 fi
1768 2701 1852 2728 biduo
1863 2702 2040 2734 continuarit,
2067 2710 2145 2737 quam
2159 2702 2177 2728 si
2190 2702 2249 2737 post
2264 2702 2387 2737 quintum
2401 2701 2429 2737 ds

307 2734 412 2769 gnabile
432 2734 520 2768 pee‘tus
535 2735 608 2767 Virg.
624 2735 687 2760 Aen.
704 2743 726 2766 5,
741 2739 793 2769 781.
865 2734 968 2760 Labore
981 2735 1057 2768 graui
1072 2736 1147 2762 fessos
1162 2736 1218 2762 Sen.
1231 2737 1340 2770 Hippol.
1401 2738 1502 2764 cirnurn
1517 2737 1586 2764 diem
1599 2738 1747 2764 vomuerit:
1782 2737 1830 2763 nisi
1852 2736 1915 2764 haec
1937 2745 2014 2764 mora
2036 2738 2191 2771 grauitatem
2212 2737 2314 2772 pectori
2336 2737 2404 2764 facie
2450 2748 2453 2764 i

307 2780 335 2803 4.
406 2770 518 2796 Lacerto
530 2769 604 2802 graui
617 2769 720 2795 vibrata
732 2769 850 2795 fraxinus
864 2769 944 2795 Ouid.
958 2771 1021 2796 Met.
1037 2778 1059 2803 5,
1074 2779 1127 2803 142.
1193 2773 1230 2798 Ex
1245 2772 1342 2799 salubri
1402 2773 1457 2799 Cic.
1474 2773 1510 2806 de
1521 2774 1592 2800 Clar.
1607 2774 1681 2799 Orat.
1695 2774 1743 2805 326
1768 2774 1839 2799 Haec
1852 2779 1938 2800 autem
1960 2776 2006 2804 (vt
2022 2773 2096 2805 dixi)
2116 2782 2211 2808 genera
2225 2773 2331 2800 dicendi
2341 2774 2413 2808 aptio
2448 2781 2450 2799 r

307 2807 379 2832 Loco
392 2805 420 2830 in
431 2813 538 2839 grauem
550 2805 568 2830 s.
581 2813 611 2830 ex
626 2806 701 2838 graui
714 2805 741 2830 in
755 2804 884 2830 salubrem
897 2805 1015 2831 transitus
1036 2805 1103 2832 Cels.
1118 2814 1137 2838 1,
1149 2814 1171 2838 3.
1239 2808 1342 2840 Manus,
1401 2808 1461 2834 sunt
1475 2808 1698 2840 adolescentibus,
1726 2808 1755 2836 in
1773 2808 1879 2835 senibus
1900 2809 2054 2843 grauitatem
2073 2817 2127 2834 non
2145 2808 2249 2835 habent.
2321 2809 2415 2836 Grauit
2429 2811 2452 2841 J«

307 2842 436 2872 Pecuniis,
450 2841 491 2866 vel
507 2849 533 2866 re
549 2840 632 2875 aliqua
643 2838 728 2872 onusta
746 2840 826 2865 Plaut.
842 2839 931 2866 Pseud.
945 2849 967 2872 3,
983 2849 1003 2873 ι,
1018 2850 1054 2873 19.
1124 2843 1200 2877 Virg.
1215 2843 1266 2869 Ecl.
1282 2852 1301 2875 1,
1313 2846 1344 2875 36
1402 2842 1567 2870 humanitate
1580 2844 1743 2878 Temperata
1772 2843 1841 2870 Vell.
1855 2853 1887 2878 2,
1901 2846 1950 2874 116,
1963 2852 1986 2876 3.
2074 2844 2182 2870 Seruare
2197 2843 2353 2877 grauitatem
2385 2845 2442 2871 Cic.

308 2877 373 2902 Non
397 2884 512 2910 vnquam
534 2876 620 2908 grauis
641 2884 701 2902 aere
727 2874 834 2901 domum
854 2875 921 2902 mihi
944 2875 1034 2903 dextra
1049 2877 1161 2904 redibat.
1233 2879 1344 2905 Moeror
1356 2881 1387 2910 75
1404 2880 1458 2905 Att.
1473 2888 1516 2909 10,
1531 2888 1551 2905 1.
1624 2879 1732 2905 Seruare
1744 2879 1853 2905 eandem
1866 2879 2021 2914 grauitatem
2054 2880 2126 2905 Idem
2139 2878 2205 2904 ibid.
2221 2888 2264 2910 10,
2279 2887 2299 2906 1.
2369 2880 2442 2907 Ten.

307 2912 375 2938 Hor.
390 2911 421 2938 de
436 2913 497 2937 Arte
511 2912 581 2937 Poet.
598 2920 646 2936 110.
713 2910 823 2937 Morbus
844 2911 926 2937 Ouid.
940 2912 1004 2938 Met.
1024 2917 1046 2943 8,
1064 2917 1121 2947 876.
1176 2914 1207 2939 Et
1221 2913 1289 2948 Nep.
1304 2923 1343 2946 23,
1402 2913 1479 2940 debat
1492 2914 1605 2948 grauitas
1619 2921 1724 2941 vteruin
1740 2914 1807 2941 mihi
1829 2915 1955 2949 quodque
1975 2914 2092 2941 ferebam
2129 2913 2210 2939 Ouid.
2230 2915 2294 2941 Met.
2317 2924 2345 2941 10
2356 2936 2365 2948 ,
2384 2920 2442 2951 287.

308 2956 336 2978 4,
348 2955 370 2978 3.
446 2947 518 2973 Mors
542 2946 622 2972 Ouid.
638 2947 700 2972 Met.
722 2955 743 2978 3,
762 2954 818 2980 471.
890 2948 962 2981 Virg.
977 2948 1073 2982 Georg.
1086 2957 1109 2981 3,
1123 2956 1169 2981 415
1198 2949 1345 2976 Galbaneo-
1404 2949 1460 2976 Cic.
1475 2950 1528 2975 Att.
1543 2958 1569 2982 9,
1584 2958 1610 2975 22
1640 2951 1694 2984 Ego
1709 2950 1760 2976 tuis
1774 2950 1888 2976 consiliis
1903 2952 1959 2976 sum
1971 2950 2046 2979 vsus,
2064 2948 2232 2983 maximeque
2245 2950 2316 2984 quod
2329 2951 2444 2984 grauita-

309 2991 361 3017 que
395 2981 494 3016 agitare
520 2982 595 3014 graui
620 2981 724 3008 Nidore
750 2981 895 3013 chelydros.
920 2984 1089 3015 exsomnes,
1111 2984 1168 3020 scil.
1190 2984 1344 3017 Chelydros.
1404 2991 1456 3012 tem
1472 2986 1499 3011 in
1513 2986 1644 3019 congressu
1658 2986 1748 3012 nostro
1761 2986 1834 3012 tenui
1847 2994 1925 3020 quam
1939 2984 2026 3010 debui.
2097 2984 2216 3011 Tuenda
2234 2985 2271 3011 est
2291 2985 2343 3011 tibi
2356 2981 2443 3020 graui}

308 3017 367 3044 Liu.
384 3022 423 3049 28,
440 3025 462 3050 15
493 3016 550 3043 Nisi
570 3025 600 3043 ex
614 3017 764 3044 vehementi
780 3017 846 3048 sole,
866 3018 950 3051 qualis
968 3019 1038 3045 inter
1052 3028 1144 3053 graues
1159 3020 1244 3046 imbre
1258 3021 1344 3047 Niues
1405 3026 1442 3047 tas
1470 3021 1508 3046 Id.
1523 3021 1594 3046 Fam.
1608 3029 1630 3053 5,
1645 3023 1681 3047 16.
1746 3022 1936 3047 Sententiarum
1949 3019 2092 3053 grauitate,
2116 3019 2261 3046 verborum
2280 3021 2448 3054 ponderibus.

308 3052 430 3086 effulget,
449 3059 520 3079 tanta
540 3052 580 3078 vis
601 3061 682 3086 aquae
699 3052 800 3079 deic&a
817 3053 891 3083 esset,
906 3059 949 3085 vt,
964 3061 1008 3080 etc.
1091 3055 1223 3086 Nuntius,
1240 3054 1345 3088 Tristis.
1358 3060 1390 3086 80
1404 3056 1440 3082 est
1456 3055 1581 3082 Vtendum
1614 3056 1651 3081 Id.
1666 3056 1698 3082 de
1714 3057 1788 3082 Orat.
1802 3065 1833 3088 2,
1847 3063 1879 3090 37
1896 3064 1918 3082 c.
1931 3062 1968 3089 17.
2039 3054 2188 3081 Verborum
2220 3055 2351 3089 Qiinffll.
2372 3065 2400 3090 x,
2419 3062 2456 3087 8--

307 3088 381 3122 Virg.
398 3089 462 3114 Aen.
477 3093 499 3119 8,
511 3093 553 3120 582
583 3089 698 3114 Grauior
711 3097 744 3114 ne
753 3087 870 3114 Nuntius
883 3096 958 3114 aures
992 3090 1128 3116 Vulneret.
1198 3092 1346 3125 Opsonium
1405 3094 1436 3119 In
1450 3090 1574 3117 Versibus
1588 3091 1665 3116 Ennii
1678 3091 1800 3117 interdum
1814 3091 1968 3126 grauitatem
1984 3088 2133 3123 defiderabar
2147 3092 2264 3118 Luciliur.
2326 3093 2369 3119 Ita
2379 3090 2441 3128 sani
2453 3103 2455 3112 ⁴

309 3132 388 3158 graue
409 3124 481 3150 Non.
496 3133 523 3156 4,
538 3128 578 3153 2¹8
598 3124 711 3149 multum
729 3124 844 3158 explicat.
918 3124 973 3150 Cic.
995 3125 1051 3158 post
1078 3125 1132 3151 red.
1155 3125 1183 3151 in
1206 3127 1290 3153 Senat.
1318 3135 1345 3154 η
1405 3128 1473 3153 Hor.
1487 3127 1568 3153 Serm.
1583 3134 1602 3158 1,
1617 3134 1645 3151 10
1655 3145 1663 3158 ,
1679 3134 1711 3160 54
1744 3127 1809 3153 Non
1828 3126 1897 3153 ridet
1910 3125 2019 3152 Lucilius
2031 3125 2120 3151 versus
2135 3126 2202 3152 Enni
2216 3126 2345 3161 grauitate
2356 3128 2455 3155 mino-1

309 3158 462 3193 Compofito
474 3158 587 3192 capillo,
601 3159 724 3193 grauibus
737 3159 839 3190 Oculis,
855 3158 995 3184 fluentibus
1009 3160 1106 3192 buccis,
1120 3161 1198 3194 pressa
1211 3171 1286 3196 voce,
1301 3169 1347 3189 etc.
1405 3163 1463 3189 res?
1499 3165 1517 3188 i.
1534 3161 1620 3187 minus
1633 3170 1737 3195 graues,
1754 3171 1832 3196 quam
1845 3166 1958 3195 oportet,
1970 3167 1999 3186 vt
2011 3163 2192 3195 interpretatur
2206 3163 2264 3188 Vet.
2281 3162 2366 3189 Schol.
2381 3170 2440 3199 quae

309 3194 375 3221 Plin.
389 3203 422 3225 11,
436 3203 447 3225 7
474 3194 571 3220 Omnes
591 3194 699 3228 frigoris
717 3200 761 3220 aut
780 3194 895 3220 iniuriae
914 3194 999 3220 aditus
1016 3194 1201 3228 obstruuntur,
1217 3198 1307 3224 Odore
1320 3204 1346 3224 ct
1399 3198 1461 3234 fimt
1467 3199 1594 3233 planiora,
1608 3205 1678 3231 quam
1690 3197 1760 3229 illud,
1773 3197 1837 3232 quod
1847 3198 1901 3223 vult
1915 3197 1978 3222 Hein
1991 3204 2027 3221 ius
2036 3215 2044 3227 ‚
2062 3195 2105 3229 effi
2114 3198 2309 3232 περιαυτολογίαν
2319 3198 2344 3233 s
2358 3199 2440 3233 quuqa

309 3229 362 3263 ipsa
376 3230 520 3256 etiamnum
536 3229 619 3261 graui.
697 3230 773 3256 Odor
784 3229 873 3264 grauis
886 3231 940 3256 oris
955 3230 1035 3256 Ouid.
1052 3229 1084 3256 dc
1099 3232 1162 3257 Arte
1175 3233 1232 3258 Am.
1248 3242 1269 3265 3,
1284 3241 1344 3267 277.
1361 3233 1390 3262 85
1404 3236 1504 3260 citatem
1518 3231 1580 3268 dese
1592 3231 1660 3267 ἱρῇ),
1679 3241 1749 3267 quam
1762 3240 1868 3266 grauem
1881 3230 1922 3264 ‘ff’
1934 3240 1999 3257 nemo
2013 3230 2126 3258 dubitat:
2153 3232 2203 3268 sed
2212 3232 2254 3259 hic
2267 3236 2359 3264 notari,
2366 3241 2440 3274 graue

309 3264 384 3291 Odor
400 3266 487 3298 grauis
506 3265 609 3290 narium
628 3264 747 3291 Scribon.
768 3273 806 3297 5ο.
828 3267 845 3290 ι’.
865 3264 975 3298 molestus
990 3275 1019 3292 ac
1033 3275 1128 3292 nocens.
1205 3269 1347 3295 Grauioris
1404 3269 1499 3295 creditu
1512 3266 1553 3301 est.
1625 3267 1718 3293 Vultus
1731 3273 1756 3293 et
1769 3275 1874 3293 morum
1902 3266 1956 3292 Cic.
1972 3267 2022 3292 Att.
2036 3275 2065 3298 9,
2080 3275 2105 3299 9.
2197 3268 2312 3294 Iucunda
2325 3274 2447 3303 grauna*

310 3300 408 3326 Odoris
424 3309 480 3331 270.
522 3299 579 3325 isid.
596 3299 678 3334 paullo
695 3306 751 3326 ante
769 3300 935 3327 Ablinthimn
953 3309 1042 3334 graue.
1115 3301 1179 3327 Plin.
1193 3303 1270 3337 Epist.
1291 3311 1311 3335 5,
1329 3306 1346 3329 6
1405 3310 1509 3331 remoto
1524 3303 1589 3330 fastu
1615 3302 1706 3328 Claud.
1723 3304 1798 3329 Cons.
1815 3301 1888 3328 Mall.
1904 3301 2013 3328 Theod.
2029 3309 2090 3336 247.
2163 3302 2218 3328 Cic.
2233 3304 2285 3329 Att.
2295 3312 2321 3336 9,
2334 3313 2350 3337 9
2370 3300 2449 3330 Illud:

310 3335 350 3360 Est
363 3336 420 3361 sane
434 3335 520 3368 grauis
533 3341 558 3361 et
572 3334 691 3368 pestilens
705 3337 758 3361 Ora
767 3336 930 3362 Tuscorum.
1001 3337 1146 3370 Paupertas,
1160 3339 1230 3363 Dura
1244 3345 1267 3364 ct
1279 3338 1345 3372 ‹hffi-
1404 3349 1446 3366 me
1459 3339 1588 3374 praeclare
1600 3337 1723 3364 admones
1735 3357 1743 3369 ‚
1762 3346 1843 3372 quum
1858 3337 1934 3363 illum
1946 3337 2054 3368 videro,
2075 3346 2108 3363 ne
2121 3337 2201 3364 nimis
2214 3338 2396 3372 indulgenter,
2413 3342 2447 3370 etl

310 3372 375 3396 cilis.
432 3371 499 3396 Ter.
520 3370 592 3396 Adel.
610 3379 632 3402 3,
652 3379 679 3403 4,
700 3379 730 3402 50
759 3371 937 3404 Paupertatem
968 3380 1019 3398 vna
1044 3372 1200 3406 pertulimus
1227 3382 1344 3406 grauem.
1403 3382 1432 3401 vt
1446 3384 1504 3402 cum
1521 3373 1646 3408 grauitate
1658 3373 1746 3407 potius
1759 3373 1859 3407 loquar.
1930 3374 1978 3399 Pro
1992 3372 2158 3399 Grauiditate
2183 3373 2265 3400 Ouid.
2278 3375 2342 3401 Met.
2354 3382 2381 3407 9,
2395 3379 2452 3407 2873

310 3406 395 3431 Poena
408 3406 532 3440 grauiore
547 3405 639 3440 dignus
654 3405 735 3432 Ouid.
750 3414 781 3431 ex
796 3407 868 3432 Pont.
883 3415 902 3438 1,
918 3415 943 3439 2,
958 3415 990 3439 13.
1069 3407 1170 3433 Pondus
1185 3409 1251 3434 Hor.
1262 3409 1386 3443 Fpod.90
1404 3410 1544 3437 Tendebat
1557 3409 1668 3442 grauitas
1682 3415 1785 3435 vterum
1797 3407 1874 3433 mihi.
1934 3408 1975 3435 Sic
1987 3408 2108 3434 Grauedo
2122 3417 2180 3434 v.v.
2428 3433 2431 3438 ,
2450 3413 2452 3440 l

312 3448 339 3470 4,
353 3449 385 3470 17.
455 3441 556 3467 Pondus
571 3450 667 3475 graue,
684 3449 707 3467 et
721 3441 800 3472 Leue,
817 3445 945 3468 contraria
964 3442 1029 3468 Plin.
1051 3451 1087 3474 12,
1109 3451 1133 3474 9.
1214 3444 1345 3470 Praclium
1441 3452 1461 3473 G
1471 3451 1549 3474 RAV
1559 3444 1598 3471 Ῐτ
1608 3450 1661 3470 ER.
1699 3443 1766 3469 Adu.
1802 3443 1924 3477 [βαρέως,
1943 3441 2068 3479 δυχιρῶς]
2112 3443 2202 3470 Itidem
2215 3450 2245 3469 vt
2259 3443 2355 3471 Graui-
2368 3446 2451 3482 varieJ

313 3474 379 3499 Hor.
395 3476 479 3502 Carni.
496 3486 523 3508 4,
537 3485 573 3509 14,
587 3486 624 3509 ¹4·
694 3483 735 3511 ap.
751 3477 822 3502 Non.
836 3486 857 3502 c.
871 3478 887 3502 l.
903 3477 1033 3508 Pretium,
1053 3481 1070 3503 i.
1091 3479 1207 3504 Multum.
1243 3479 1343 3506 Sallust.
1398 3484 1519 3516 ponitur,
1544 3489 1569 3506 υ.
1583 3487 1608 3505 υ.
1678 3479 1803 3511 Accipere
1818 3478 1917 3513 aliquid
1932 3479 2065 3513 grauiter,
2097 3481 2115 3504 i.
2131 3480 2218 3514 Inique
2230 3481 2311 3506 animo
2338 3480 2394 3506 Cic.
2406 3478 2438 3505 de

315 3508 408 3547 Coepit
427 3519 471 3542 per
490 3520 594 3538 omnem
610 3511 775 3546 prouinciam
794 3520 874 3545 graue
886 3513 1001 3538 Pretium
1018 3512 1150 3539 fruffibus
1169 3514 1226 3539 else.
1296 3516 1344 3542 Ra·
1404 3517 1478 3543 Orat.
1493 3525 1518 3549 2,
1532 3523 1570 3542 211
1585 3520 1649 3545 052.
1719 3513 1756 3540 Id.
1770 3514 1838 3540 Fam.
1853 3522 1875 3547 5,
1889 3523 1913 3548 15
1938 3516 1997 3548 Me,
2016 3514 2148 3540 lenissimis
2159 3521 2184 3541 et
2198 3514 2373 3541 amantissimis
2380 3522 2437 3542 ver-

315 3542 371 3568 dice
386 3545 458 3575 graui
474 3552 497 3571 ct
511 3548 586 3573 crassa
601 3548 687 3573 frutex
703 3546 767 3573 Plin.
785 3556 820 3576 12,
836 3556 866 3573 12.
936 3548 1040 3574 Luci-et.
1055 3557 1073 3583 1,
1087 3551 1122 3581 64
1146 3550 1267 3576 Humana
1286 3557 1345 3577 ante
1404 3551 1445 3577 bis
1458 3558 1544 3582 vteris,
1564 3558 1593 3575 re
1604 3549 1722 3583 grauiter
1735 3551 1842 3575 accusas.
1915 3550 2028 3576 Grauius
2043 3555 2178 3584 aegrotant
2191 3549 2366 3577 adolescentes
2397 3548 2452 3579 Id..

315 3577 404 3616 oculos
419 3579 495 3604 foede
507 3590 565 3607 cum
580 3583 634 3609 vita
650 3584 746 3609 iaceret
758 3583 788 3608 In
801 3582 878 3608 terris
892 3584 1017 3617 oppressa,
1037 3584 1112 3618 graui
1125 3584 1171 3610 sub
1186 3585 1343 3619 Relligione.
1357 3591 1388 3616 95
1404 3587 1436 3613 de
1450 3588 1507 3614 Sen.
1522 3593 1587 3616 c.19.
1681 3584 1833 3611 Grauissime
1847 3590 1998 3619 aegrotare,
2012 3592 2061 3620 pro
2081 3585 2235 3611 Vehementer
2263 3585 2319 3612 Cic.
2334 3585 2365 3611 de
2379 3585 2449 3612 Fin-

315 3613 408 3642 Remi,
429 3614 511 3652 F⁰’'.“'¹
524 3622 544 3639 et
558 3617 656 3649 robusti.
691 3618 764 3652 Virg.
778 3619 842 3643 Aen.
855 3625 878 3650 5,
893 3626 935 3650 114
963 3618 1049 3644 Prima
1064 3628 1136 3653 pares
1154 3620 1244 3647 ineunt
1259 3622 1345 3656 graui·
1405 3631 1429 3654 2,
1444 3632 1486 3655 43.
1553 3620 1678 3647 Accusare
1690 3620 1795 3653 grauius
1819 3621 1887 3647 Ter.
1902 3622 1966 3647 Hcc.
1977 3629 2010 3654 4,
2024 3630 2052 3653 4,
2066 3628 2105 3653 95.
2192 3620 2282 3654 Affligi
2292 3620 2436 3654 grauissime
2450 3647 2451 3650 ,

314 3647 363 3674 bus
376 3653 517 3674 certamina
532 3650 625 3677 Remis.
679 3653 774 3679 Grauis
787 3653 823 3679 est
835 3653 903 3679 mihi
917 3662 945 3679 ea
961 3654 1010 3679 Res
1028 3655 1100 3681 Curt.
1114 3659 1137 3686 8,
1152 3663 1174 3687 5,
1189 3665 1227 3682 2¹0.
1292 3658 1344 3684 Ro.
1405 3658 1477 3684 Caes.
1491 3659 1519 3684 B.
1532 3657 1563 3683 G.
1576 3663 1604 3688 4,
1618 3663 1652 3686 31.
1718 3655 1785 3682 Ter.
1802 3656 1897 3682 Heaut.
1912 3665 1930 3686 1,
1943 3664 1962 3687 1,
1975 3658 2005 3681 62
2033 3655 2248 3681 Adulescentulus
2261 3656 2333 3689 saepe
2346 3654 2436 3682 eadem

315 3683 367 3723 bur
393 3683 576 3722 Virg3chrg.
591 3695 610 3716 1,
626 3689 676 3712 162.
746 3688 998 3715 Senatusconsultum
1016 3689 1155 3715 vehemens
1174 3696 1199 3717 et
1218 3700 1298 3725 graue
1317 3694 1345 3719 in
1405 3699 1430 3719 et
1444 3693 1558 3727 grauiter
1571 3689 1700 3716 audiendo
1714 3690 1798 3717 vicius
1811 3691 1854 3717 est.
1923 3690 2048 3717 Concidit
2061 3690 2092 3716 ad
2107 3696 2203 3716 terram
2218 3691 2335 3724 grauiter
2360 3691 2434 3724 Virg.
2448 3692 2450 3703 '

315 3719 431 3752 aliquem
446 3719 541 3758 C1‘c31n
549 3720 625 3745 Catil.
640 3730 659 3752 1,
673 3730 684 3752 3
699 3732 719 3748 c.
736 3732 753 3748 1.
810 3724 881 3750 Idem
896 3724 928 3751 de
941 3724 1038 3750 Sene&
1053 3734 1070 3758 4
1089 3725 1167 3759 Qiod
1181 3727 1345 3755 Sene&utem
1405 3730 1468 3755 Aen.
1485 3737 1513 3761 5,
1526 3733 1588 3760 447.
1675 3726 1741 3752 Ter.
1756 3728 1851 3753 Heaut.
1864 3735 1891 3758 3,
1904 3735 1931 3758 3,
1957 3733 1983 3758 53
2015 3727 2108 3757 Mane,
2128 3734 2221 3757 mane,
2239 3726 2302 3760 quid
2315 3725 2350 3752 est
2364 3722 2435 3760 quod
2448 3750 2449 3756 ,

314 3762 447 3793 nunquam
466 3752 517 3779 tibi
530 3762 634 3786 grauem
653 3757 699 3782 esse
720 3758 851 3785 senserim.
920 3760 1055 3786 Sermones
1069 3760 1106 3787 Id.
1122 3763 1155 3794 Q
1168 3763 1235 3789 Frat.
1251 3772 1269 3795 1,
1284 3773 1306 3796 2,
1320 3772 1399 3791 2.100
1406 3770 1458 3790 tam
1471 3772 1486 3789 a
1498 3762 1575 3788 nobis
1587 3760 1702 3794 grauiter
1716 3770 1838 3796 crepuere
1851 3762 1939 3788 fores?
2009 3760 2081 3786 Idem
2097 3761 2170 3787 Adel.
2188 3768 2210 3793 5,
2225 3769 2249 3793 3,
2264 3770 2277 3786 2
2309 3762 2436 3794 Qiisnam
2456 3788 2458 3790 ,

316 3789 463 3815 Sententiae
481 3789 553 3815 Caes.
570 3789 597 3814 B·
613 3790 642 3815 C.
664 3799 683 3821 1,
705 3800 728 3817 2.
800 3794 873 3820 Sidus
899 3795 1002 3822 Saturni
1027 3805 1106 3830 graue
1125 3797 1152 3823 in
1171 3807 1250 3824 omne
1270 3806 1346 3833 caput
1403 3807 1418 3825 a
1433 3807 1475 3824 me
1487 3796 1587 3831 pepulit
1599 3801 1651 3821 tam
1665 3797 1781 3830 grauiter
1793 3797 1880 3823 fores?
1951 3796 2075 3823 Cruciare
2089 3797 2215 3829 grauiter,
2234 3797 2340 3822 Multum
2354 3803 2378 3822 et
2387 3802 2435 3821 ma·-

315 3825 431 3858 Proper‘·
450 3835 478 3857 4’
492 3832 510 3854 ¹²
525 3829 566 3856 34·
636 3824 724 3851 3⁰¹¹¹¹¹¹
742 3827 832 3854 Tacit.
850 3830 914 3856 ΗΜ
936 3839 958 3864 5,
977 3839 1003 3866 7,
1024 3840 1044 3863 3.
1114 3833 1256 3859 Seruitium
1285 3836 1346 3861 Pro-
1402 3836 1466 3859 xime
1479 3842 1508 3858 ac
1522 3832 1678 3858 vehementer.
1730 3833 1798 3860 Ter.
1812 3833 1907 3858 Heaut.
1922 3839 1949 3864 5,
1969 3839 1996 3863 5,
2020 3839 2028 3856 1
2062 3831 2205 3857 Enimuero
2219 3831 2344 3857 Chremes
2357 3829 2447 3857 nimis.

315 3866 380 3894 pert.
397 3869 415 3891 Ι,
429 3867 450 3892 5,
463 3867 498 3891 19.
569 3858 612 3884 5οῙ
640 3860 705 3886 Hor·
718 3861 799 3888 Serm.
819 3872 841 3895 2,
861 3874 888 3897 4,
902 3874 937 3899 273.
1008 3867 1090 3893 Sonus
1109 3869 1195 3901 grauis
1216 3875 1241 3894 et
1257 3875 1346 3896 acutus
1404 3867 1520 3901 grauiter
1532 3866 1630 3892 cruciat
1644 3867 1879 3897 adolescentulum,
1906 3867 2038 3900 nimisque
2052 3866 2203 3892 inhumane.
2275 3865 2347 3892 Idem
2362 3864 2434 3892 Adel.

315 3895 385 3920 1de¹¹¹
407 3894 439 3920 de
459 3895 522 3934 Arte
542 3894 612 3920 Ρῡὲΐ-
632 3902 689 3927 349·
758 3897 838 3924 Sonus
856 3901 1015 3933 grauiflimus
1039 3902 1093 3928 Cic.
1114 3903 1145 3929 de
1163 3905 1235 3930 Orat.
1252 3913 1273 3936 1,
1292 3912 1344 3936 251.
1403 3911 1423 3934 1,
1437 3910 1462 3933 2,
1475 3904 1509 3928 60
1533 3901 1646 3928 memus
1661 3903 1714 3936 ipse
1728 3904 1820 3929 sentiet
1834 3902 1974 3937 posterius:
2009 3901 2073 3927 nolo
2088 3902 2114 3926 in
2129 3901 2205 3927 illum
2218 3901 2434 3935 grauiterdicere.

315 3931 397 3963 Sopor
411 3929 571 3963 gs³¹¹¹ffi¹¹¹¹¹⁵
591 3930 692 3955 Lucre&
706 3939 733 3962 49
746 3939 798 3964 953-
869 3936 1020 3964 Stomachus
1038 3939 1125 3973 grauis
1147 3939 1266 3971 Pelidae,
1291 3942 1340 3966 ira·
1356 3936 1480 3968 tosNihil
1495 3937 1545 3968 cst,
1570 3938 1642 3971 quod
1663 3939 1768 3972 grauius
1779 3937 2041 3972 magnificentiusque
2055 3936 2156 3963 dicatur
2184 3937 2240 3963 Cic.
2256 3936 2433 3996 Tuscgiffinh
