2479 4225
263 185 310 228 33
634 159 915 206 DEN
1726 148 1997 190 DEN
2317 153 2368 198 84

301 270 342 290 ni:
351 264 518 289 Δι101ν11111),
536 257 589 282 516.
624 249 815 287 [παρονυμάζω]
851 246 915 272 Idem
926 242 990 279 quod
1005 243 1137 268 Nomi-zare
1146 260 1154 272 ,
1162 238 1214 273 fine
1228 238 1280 265 No·
1342 245 1384 272 37.
1452 237 1550 264 Ieiunis
1571 237 1690 264 dentibus
1707 245 1766 263 acer
1784 237 1852 263 Hor.
1866 238 1944 273 Epist.
1960 247 1980 268 2,
1994 246 2020 268 z,
2033 245 2062 268 29
2080 235 2108 262 dc
2121 237 2220 272 Milite,
2235 245 2300 273 quem
2314 237 2370 270 lupo

267 309 318 325 mm
331 301 455 330 ,mpfflffm
491 292 530 318 Ab
544 300 575 317 ρο
588 288 658 323 qnod
671 286 801 315 continet,
813 282 839 308 id
857 279 929 314 quod
948 277 1113 308 continetur,
1131 274 1282 301 1160011ιί113-
1343 278 1477 312 comparat.
1548 275 1677 300 Immanes
1705 271 1796 299 Claud.
1818 273 1906 308 Paneg.
1924 282 1946 306 3,
1966 278 2015 306 346
2036 274 2063 298 116
2083 272 2232 307 Ehphantis.
2304 272 2370 302 Indi.

269 334 340 360 bitur
352 329 425 356 Anci.
440 327 471 354 ad
484 328 580 353 Heren.
593 335 611 358 4
630 333 650 349 c.
665 331 703 354 32.
772 316 899 351 Qiinetil.
917 322 937 344 1,
952 321 980 338 10
1002 312 1110 346 Propria
1122 311 1179 337 sunt
1192 309 1282 341 verba,
1344 310 1363 333 i.
1387 308 1557 347 Elephanton,
1574 309 1630 335 ebur
1649 307 1730 335 Ouid.
1752 309 1815 334 Met.
1835 312 1857 337 8,
1877 314 1925 338 288.
1949 316 1972 334 st
1992 316 2024 339 ῃ,
2043 310 2097 341 ,57,
2168 307 2294 334 Indomiti
2313 307 2371 333 sunt

285 374 347 392 uum
366 364 391 390 id
406 362 546 398 significant
569 361 597 386 in
610 356 679 393 quod
699 354 812 389 primum
830 349 995 375 denominata
1013 348 1079 374 sunt.
1134 345 1205 371 Idem
1223 349 1246 376 8,
1265 352 1282 370 2
1346 343 1462 382 flammis·
1472 343 1559 369 dentes
1572 344 1637 370 Plin.
1658 351 1690 378 7,
1706 346 1743 369 16.
1810 342 1904 369 insecti
1922 344 2038 378 peeiine,
2062 342 2115 368 vid.
2136 343 2238 370 Fecien.
2308 343 2373 368 Inti-

266 377 349 429 iiluna
361 400 418 425 sunt
435 404 460 424 et
474 381 570 423 Graec'e
589 400 614 419 et
627 391 717 418 Latine
737 397 789 414 non
808 384 982 410 denominata.
1037 384 1106 409 Hor.
1120 380 1169 407 Od.
1184 388 1206 411 3,
1220 386 1256 414 17,
1269 388 1282 411 3
1307 384 1321 411 5
1346 385 1401 417 ini,
1418 386 1464 410 qui
1484 384 1509 404 et
1527 379 1643 405 Genuini
1661 383 1788 405 vocantur
1813 378 1869 403 Cic.
1890 377 1921 402 de
1935 379 1970 405 Ν,
1985 380 2017 405 D,
2030 387 2055 410 2,
2071 387 2123 411 134,
2192 377 2290 404 lmfflffi
2313 378 2371 402 sum

267 434 378 467 Quando
392 439 417 460 et
430 433 529 467 priores
542 431 601 456 hinc
612 426 712 453 Lamias
726 424 812 449 ferunt
824 419 1013 445 denominatos.
1346 411 1451 446 ignibus
1464 412 1550 440 dentes
1572 414 1638 441 Plin.
1651 421 1679 449 7,
1695 421 1732 448 17.
1801 413 1875 439 Lasso
1894 412 1969 439 dente
1986 415 2060 448 piger
2079 413 2134 438 Sen.
2149 414 2178 438 in
2188 413 2299 445 Thyest.
2312 418 2325 442 8
2343 411 2374 438 de

303 468 602 495 DENOMiNfiTm,
624 462 687 486 [mis.
707 459 729 485 f.
765 455 953 482 Denominatio
965 453 1011 484 est,
1024 461 1090 486 quae
1103 460 1117 476 a
1129 449 1284 484 propinquis
1346 449 1432 474 Leone.
1503 449 1562 475 Lati
1580 450 1647 476 Plin.
1671 458 1703 481 11,
1721 457 1762 483 37.
1814 447 1926 475 Liuidus
1951 448 2016 476 Hor.
2037 449 2117 482 lipod.
2137 456 2160 481 5,
2178 456 2223 483 47.
2278 447 2375 473 Luridi

268 510 292 532 tt
309 504 429 529 finitimis
441 502 516 529 rebus
529 498 608 526 trahit
620 495 778 522 orationem,
795 499 846 524 qua
861 490 933 524 possit
952 487 1065 521 intelligi
1083 494 1139 517 res,
1154 492 1218 519 quae
1231 493 1285 510 non
1348 483 1419 509 Idem
1433 481 1482 521 Od·
1495 492 1522 515 4,
1537 492 1571 517 13,
1586 493 1622 511 10.
1676 485 1778 518 Magnis
1791 484 1900 517 inlignia
1912 482 2031 509 dentibus
2045 493 2090 510 ora
2107 484 2187 510 Ouid.
2198 484 2261 509 Met.
2280 488 2304 515 8,
2311 491 2373 516 429.

268 541 314 566 suo
325 538 453 565 vocabulo
465 537 493 563 fit
505 533 629 569 appellata
644 530 716 556 Auel.
730 525 761 553 ad
775 526 872 551 Heren.
886 534 914 558 4,
928 533 959 557 43
980 533 1000 549 c.
1013 531 1049 554 32.
1085 521 1200 555 Exempla
1211 518 1286 552 osten-
1347 517 1477 557 Maledico
1491 518 1565 544 dente
1578 528 1682 554 carpere
1696 520 1812 554 aliquem
1829 520 1885 546 Cic.
1899 526 1947 553 pro
1959 518 2038 544 Corn.
2050 519 2120 545 Balb.
2136 527 2165 554 37
2182 528 2203 544 6.
2218 521 2257 545 26.
2319 519 2376 543 Μ3-

267 575 344 606 dunt,
357 575 424 599 illum
442 579 507 599 omne
524 577 599 605 genus
617 571 741 600 troporum
754 570 779 587 eo
796 564 890 588 nornine
907 556 1049 594 ςοηφίεέΐίτ
1071 556 1287 592 praesertim-Me-
1303 563 1332 583 10
1348 553 1448 580 xlllarls
1473 552 1549 583 dens,
1571 555 1624 581 vid.
1657 561 1781 582 MAXIL
1794 562 1808 580 1.
1818 563 1848 581 Α.
1918 552 2033 580 Mobilcs
2051 554 2148 580 stabilit
2175 553 2281 586 myrrha
2306 561 2377 580 com.

267 609 410 641 tonymian.
1349 587 1501 628 manducata
1526 588 1592 615 Plin.
1606 598 1648 621 20,
1661 598 1702 616 20.
1776 589 1905 621 ,Mobiles
1923 589 2010 615 dentes
2030 587 2091 616 sistit
2109 592 2195 616 fiacus
2214 587 2378 620 colocynthi-

303 639 669 671 DENoMlNATl'VVM,
687 633 705 658 i·
724 641 750 658 n·
793 630 977 666 [παρῶνυμον]
1018 626 1095 663 Apud
1112 627 1290 653 Grammaticos·
1349 624 1387 663 dis
1407 632 1466 649 cum
1484 630 1556 650 aceto
1573 625 1712 651 calefactus
1736 624 1801 651 Plin.
1820 634 1870 658 20,
1889 633 1911 658 3.
1978 623 2081 656 Niger,
2105 625 2157 651 vul.
2186 626 2254 651 Dens
2280 623 2377 649 scaber.

268 679 360 706 dicitur
395 676 456 712 quod
472 685 487 701 a
501 676 602 700 Nomine
615 669 739 696 deducitur
749 677 756 691 .·
774 674 829 693 vta
841 668 916 702 lapis,
927 664 1034 699 lapillus.
1270 695 1276 700 ·
1350 659 1438 699 Nigro
1453 658 1528 684 dente
1541 659 1626 693 turpis
1646 661 1712 686 Hor.
1727 659 1777 686 Od.
1790 669 1815 693 2,
1831 666 1854 692 8,
1869 669 1890 692 3.
1963 659 2142 692 Nigresccntcs
2155 660 2242 686 dentes
2257 658 2378 685 dentifri-

303 698 433 740 DEN⁷OM
444 715 542 737 INAT
553 716 561 733 ι
571 715 588 733 V
600 714 625 732 L.
649 703 716 730 Adu,
737 701 812 729 Idem.
847 701 969 727 Martian.
981 698 1087 732 Capella
1099 705 1117 730 4
1136 706 1161 731 p.
1176 705 1226 735 114·
1251 695 1289 721 Si·
1350 703 1393 721 cio
1404 694 1437 720 ad
1451 694 1566 721 colorem
1581 694 1705 721 reducere
1739 696 1803 722 Plin.
1819 705 1854 728 31,
1869 705 1905 722 10.
1986 695 2089 720 Niucus
2112 694 2190 721 Oii'id.
2205 695 2282 729 Epist.
2295 699 2329 726 18,
2343 699 2379 723 18.

269 755 309 775 1115
321 747 404 774 01111115
418 743 612 772 denominatiue
625 739 737 769 dicitur3
762 743 790 764 vt
810 737 896 763 sedere
909 745 924 762 a
937 734 1056 764 sessione,
1068 733 1133 759 stare
1145 741 1159 758 a
1172 732 1289 770 statione.
1307 738 1333 765 15
1350 729 1471 763 Obliquo
1485 730 1560 756 dente
1574 730 1703 756 timendus
1715 739 1776 764 aper
1796 730 1867 756 Idem
1881 730 1960 764 Epist.
1974 739 2000 762 4,
2014 739 2070 762 104.
2135 729 2244 757 Obscuri
2262 728 2379 756 quenal.

267 786 297 811 Et
308 782 425 816 quamuis
445 789 496 806 non
514 784 647 809 nunquam
661 775 770 800 nomina
782 772 919 804 deficiant,
936 779 968 798 ex
982 768 1079 805 quibus
1098 768 1159 795 fitus
1171 766 1289 793 denomi-
1343 766 1379 803 ¹6,
1393 773 1451 797 144.
1505 765 1575 791 Picci
1599 765 1714 791 Martial.
1729 774 1753 795 2,
1767 773 1806 798 41.
1861 766 1932 792 Plani
1958 765 2024 792 Plin.
2040 774 2073 797 11,
2088 771 2128 799 37.
2178 766 2306 792 Primores
2318 764 2381 790 den-

266 824 356 850 namr,
376 817 442 843 ratio
457 821 541 840 tamen
557 820 612 837 non
626 809 721 836 deficit.
1351 806 1389 826 tes
1403 800 1513 834 septimo
1528 802 1614 827 mense
1629 800 1771 835 gignuntur
1786 800 1858 827 Idem
1871 809 1898 835 7,
1906 803 1942 827 16.
2002 800 2146 827 Fuci-ilium
2161 799 2277 827 dentium
2297 800 2381 834 lapsus

301 859 374 879 DEN
385 855 484 877 omiN
495 853 617 879 ATOR,
635 845 698 872 oris.
716 854 752 871 m.
787 844 819 870 Et
1352 836 1453 875 Sem-de·
1466 836 1554 862 Benes.
1571 845 1599 870 4,
1612 838 1637 862 6.
1705 834 1820 861 Pullinos
1838 837 1926 862 dentes
1946 836 2031 862 iacere
2063 836 2129 862 Pliu.
2153 840 2175 867 8,
2194 844 2240 868 44.
2262 836 2289 861 de
2305 835 2382 869 asina.

302 894 343 913 DE
353 893 373 912 N
385 891 402 910 0
412 891 434 910 M
446 891 454 909 i
464 889 545 909 NAT
554 889 572 908 R
582 889 591 908 1
601 890 618 909 x
627 901 636 913 ‚
653 881 710 907 ῐςὶς,
726 880 746 906 f,
769 877 845 914 Apud
856 876 1004 904 Boethium.
1040 895 1047 902 .
1084 894 1093 902 ,
1129 894 1139 901 .
1351 871 1454 897 Putridi
1474 871 1529 897 Cic.
1545 872 1572 897 in
1585 871 1669 897 Pison.
1684 879 1702 897 1.
1775 871 1839 897 Rari
1856 872 1960 897 Sueton.
1975 872 2003 897 in
2018 870 2123 905 August.
2135 879 2156 896 c.
2169 876 2212 904 79.
2276 870 2384 902 Reeius,

301 927 372 947 DEN
383 926 401 945 0
412 925 506 950 ΚΜΟ,
530 921 581 944 gre,
618 916 826 952 [παραγνωμονῶ]
862 913 929 939 Hor.
950 912 999 938 Sat.
1015 919 1041 942 2,
1054 912 1081 942 6,
1094 918 1111 942 9
1139 908 1157 936 ὀ
1176 907 1193 934 si
1213 914 1334 941 angu-zo
1351 906 1405 932 vid.
1433 907 1560 933 Duriores
1577 907 1627 932 osse
1648 906 1736 932 dentes
1755 906 1820 932 sunt.
1891 906 1985 932 5631161-
1998 906 2073 939 dens,
2095 915 2146 941 qua
2158 912 2231 941 parte
2249 905 2324 940 niger
2336 905 2384 937 est,

263 957 301 982 1115
315 955 361 981 iste
384 954 521 980 Proximus
540 952 659 984 accedat,
677 951 724 986 qui
747 959 816 976 nunc
842 948 978 974 denormat
996 946 1125 980 agellum,
1145 947 1162 970 i.
1180 942 1291 979 figuram
1352 941 1480 968 radendus
1494 942 1546 975 cst,
1564 942 1759 975 illinendusque
1771 942 1844 967 rosae
1856 943 1971 968 contrito
1989 942 2055 968 Cels.
2068 950 2085 976 7
2100 951 2121 967 c.
2139 950 2175 967 12.
2227 940 2301 976 Conf.
2316 940 2384 966 Suet.

262 991 328 1017 illius
342 992 493 1024 corrumpit,
512 998 558 1024 quo
572 991 652 1014 minus
671 987 757 1014 habeat
770 995 801 1011 an
836 985 871 1010 Ios
888 981 979 1011 resto-r.
1013 982 1117 1008 Norma
1129 983 1192 1007 enim
1204 978 1236 1004 ad
1249 987 1292 1005 an-
1354 978 1420 1011 Aug.
1437 986 1457 1003 c.
1474 980 1514 1010 69.
1584 977 1673 1004 Scabri
1687 977 1809 1011 rubigine
1822 976 1910 1002 dentes
1930 976 2009 1003 Ouid.
2022 978 2085 1003 Met.
2098 982 2119 1007 8,
2132 982 2187 1007 802.
2212 975 2283 1002 hodie
2295 977 2387 1012 legitur

262 1027 345 1062 gulum
359 1024 451 1051 rebium
464 1024 636 1059 explorandum
649 1025 776 1058 inprimis
803 1018 869 1046 αξῖα.
1353 1012 1456 1039 scabrae
1475 1014 1578 1039 Fauces.
1661 1012 1774 1045 Serrati,
1803 1017 1828 1038 et
1853 1012 2005 1046 pectinatim
2036 1015 2158 1038 6061111165
2195 1011 2260 1038 ΡΙ111.
2287 1020 2325 1043 11,
2345 1018 2386 1044 37.

299 1066 585 1092 DENORMATVS,
604 1067 632 1089 a,
652 1067 705 1084 um.
738 1058 806 1083 Part.
835 1054 879 1085 Ad
894 1062 1003 1080 normam
1014 1051 1164 1089 formatum
1186 1050 1221 1077 Vt
1241 1049 1292 1076 De·
1354 1048 1548 1082 Sesquipedales
1576 1048 1662 1075 031111.
1683 1055 1724 1080 95,
1744 1056 1765 1080 5.
1837 1047 1904 1073 Sicci
1935 1048 1996 1074 Stat.
2010 1047 2100 1073 Theb.
2120 1057 2157 1080 10,
2194 1068 2200 1073 .
2239 1067 2245 1073 .
2280 1046 2388 1080 (161111111-

263 1102 382 1123 normata
394 1095 462 1121 linea
476 1094 551 1121 Aufr.
565 1094 596 1120 de
607 1093 697 1120 Limit.
711 1092 776 1119 Edit.
792 1091 869 1117 Goes.
882 1099 906 1124 p.
915 1097 970 1121 252.
1304 1090 1336 1117 25
1354 1084 1521 1123 esurientibus.
1586 1083 1669 1110 Solidi
1678 1103 1686 1115 ,
1706 1084 1791 1119 quibus
1811 1089 1965 1118 opponuntur
1981 1083 2099 1109 Concaui
2119 1083 2185 1109 Plin.
2209 1090 2243 1115 11,
2257 1090 2282 1116 7.
2342 1082 2389 1107 Su·

297 1138 317 1158 D
326 1137 371 1158 ΕΝ
380 1138 398 1157 o
407 1138 426 1157 R
436 1137 459 1156 M
470 1137 492 1156 A
501 1137 537 1156 '1¹1
547 1136 582 1162 o,
601 1129 668 1155 onis.
689 1128 708 1154 f.
745 1125 823 1162 Apud
839 1125 976 1159 Augustin.
1013 1143 1020 1150 .
1057 1142 1064 1149 .
1102 1141 1109 1149 .
1355 1127 1486 1153 116110165,
1506 1119 1558 1146 vid.
1585 1120 1654 1145 Dens
1668 1125 1758 1145 mouet
1771 1119 1884 1145 dolores.
1953 1117 2129 1150 Theofflnus,
2154 1117 2207 1145 vid.
2239 1125 2261 1144 T
2270 1123 2341 1145 11Εο
2352 1122 2388 1142 N.

299 1173 342 1193 DE
352 1173 373 1192 Ν
382 1164 430 1192 ὄΤ
439 1172 458 1191 0
467 1185 474 1196 ‚
494 1169 546 1190 are.
582 1164 594 1197 [
606 1163 703 1195 σημειᾶω
717 1163 731 1196 ]
767 1162 834 1189 Idem
855 1160 918 1196 quod
935 1161 1030 1186 Notare
1039 1178 1047 1190 ,
1069 1155 1202 1193 difignare.
1236 1154 1292 1181 Cic.
1355 1154 1486 1182 Timendi
1495 1174 1504 1188 ,
1522 1154 1574 1181 vid.
1583 1164 1638 1180 mox
1653 1155 1754 1180 Acuere
1766 1153 1863 1180 dentes.
1917 1153 2045 1184 Tomici,
2059 1154 2112 1179 vid.
2126 1154 2252 1180 Duriores
2265 1152 2316 1179 offe
2328 1151 2390 1178 den-

263 1210 312 1237 pro
325 1202 394 1235 Lege
408 1200 498 1227 Manil.
512 1207 529 1234 7
543 1209 564 1226 c.
578 1207 591 1231 3
622 1198 701 1232 Quod
715 1197 802 1233 is,qui
817 1205 871 1223 vno
884 1195 927 1221 die
945 1199 999 1220 tota
1013 1193 1086 1225 Asia,
1106 1198 1145 1219 tot
1160 1192 1187 1217 111
1201 1190 1293 1217 6111113-
1356 1195 1393 1216 ten
1408 1191 1474 1216 [11111.
1528 1190 1607 1217 Triti
1621 1189 1709 1216 dentes
1723 1190 1751 1215 in
1765 1198 1866 1223 querno
1879 1188 1965 1223 stipite
1986 1188 2066 1215 Ouid.
2080 1189 2144 1215 Met.
2159 1194 2182 1223 8,
2193 1191 2249 1222 369.
2304 1186 2390 1214 vacui

263 1237 349 1268 tibus,
368 1245 421 1262 vno
440 1236 535 1261 nuntio
555 1240 633 1268 atque
651 1243 701 1261 vna
716 1233 851 1260 literarum
869 1230 1058 1265 significatione
1078 1227 1148 1254 ciues
1162 1228 1294 1253 Romanos
1356 1225 1445 1252 dentes
1458 1225 1575 1252 dicuntur
1596 1225 1680 1258 illius,
1698 1228 1800 1261 quinon
1820 1225 1890 1252 habet
1919 1223 1966 1250 uod
1977 1223 2033 1250 edat
2062 1224 2148 1249 Valer.
2163 1226 2262 1258 Argon.
2276 1232 2300 1256 3,
2337 1242 2343 1250 .

263 1272 407 1303 necandos,
426 1270 644 1304 trucidandosque
667 1268 811 1295 denotauit.
881 1267 1013 1293 Denotare
1033 1270 1103 1291 creta
1121 1262 1197 1297 pedes
1217 1269 1294 1287 vena·
1310 1267 1341 1291 30
1357 1261 1469 1295 Viperei
1500 1261 1580 1287 Ouid.
1594 1261 1658 1287 Met.
1672 1269 1694 1293 3,
1710 1269 1760 1293 103.
1796 1261 1876 1286 Vncis
1912 1259 2017 1286 entibus
2037 1258 2183 1285 horrendus
2204 1259 2282 1285 draco
2314 1257 2388 1284 Idem

262 1308 328 1334 lium
348 1306 553 1340 mancipiorum,
579 1312 622 1331 aut
641 1304 792 1331 vinclorum
817 1301 883 1328 Plin.
901 1308 939 1334 35,
960 1308 998 1334 17.
1076 1299 1208 1325 Denotare
1226 1297 1296 1322 linea
1357 1298 1420 1323 Met.
1435 1304 1460 1331 7,
1476 1303 1522 1329 151.
1558 1296 1703 1323 Vulnificos
1717 1296 1786 1322 acuit
1800 1295 1888 1322 dentes
1902 1304 1963 1329 aper
1981 1295 2037 1322 sen.
2054 1295 2081 1320 in
2093 1294 2202 1329 Hippol.
2215 1302 2237 1326 3.
2331 1290 2352 1330 ᾖ
2375 1300 2389 1324 3

263 1343 353 1376 aliquo
365 1342 503 1375 conspicuo
523 1340 612 1367 colore
639 1339 768 1367 Columel.
782 1347 803 1371 3,
816 1344 850 1369 15.
921 1337 1061 1362 Denotatas
1079 1333 1176 1361 habere
1195 1341 1236 1358 res
1250 1332 1298 1358 ali·
1362 1332 1458 1358 Verba.-
1494 1333 1593 1358 Acuere
1609 1332 1697 1358 dentes
1711 1330 1842 1357 timendos
1871 1332 1938 1357 Hor.
1952 1331 2003 1356 Od.
2015 1339 2039 1362 3,
2050 1339 2089 1361 20,
2105 1339 2140 1355 10.
2163 1329 2191 1355 de
2200 1328 2299 1364 puella,
2319 1336 2391 1364 quam

262 1386 325 1412 quas
346 1378 401 1403 Cic.
422 1376 499 1403 Acad.
519 1385 538 1409 4
557 1385 578 1402 c.
598 1380 631 1405 18.
821 1371 842 1410 ff
862 1381 878 1398 2
912 1373 1061 1402 Denotare,
1082 1376 1130 1404 pro
1158 1368 1297 1403 Infamore,
1356 1368 1450 1395 leaenae
1467 1374 1601 1402 comparat.
1646 1367 1780 1403 *Intelligit
1796 1374 1874 1393 autem
1888 1366 1976 1392 dentes
1989 1374 2098 1396 acuere,
2116 1372 2167 1400 pro
2179 1366 2280 1391 Minari
2292 1366 2392 1395 malum,

260 1415 396 1448 ignominia
409 1418 501 1438 notare.
537 1411 663 1443 Pompon.
679 1410 707 1436 in
726 1410 744 1436 l.
758 1409 865 1442 Turpia
886 1407 919 1433 D.
934 1407 966 1433 de
982 1406 1031 1440 leg.
1047 1413 1056 1431 1
1077 1404 1185 1438 Turpia
1202 1403 1296 1437 legata,
1357 1409 1401 1429 aut
1419 1404 1553 1435 auxilium,
1584 1402 1637 1429 vid.
1660 1409 1775 1429 Acvo.
1846 1401 2017 1436 Adurgendus
2038 1400 2100 1427 dens
2121 1400 2222 1434 digito,
2241 1398 2295 1426 vid.
2321 1400 2393 1425 Dens

261 1457 285 1481 q·
298 1456 327 1472 ae
342 1446 483 1472 denotandi
495 1446 577 1478 magis
596 1444 715 1478 legatarii
735 1444 818 1477 gratia
831 1442 994 1473 scribuntur,
1013 1440 1077 1466 odio
1090 1439 1226 1466 scribentis
1246 1446 1295 1472 pro
1310 1445 1339 1472 35
1358 1438 1479 1465 nascitur.
1550 1438 1650 1465 Afferre
1664 1437 1752 1464 dentes
1769 1437 1797 1463 in
1810 1437 1950 1469 damnum,
1970 1437 2022 1463 vid.
2042 1443 2088 1463 AF
2098 1442 2139 1462 1³12·
2149 1443 2206 1463 Ro.
2260 1434 2393 1460 Amittun-

260 1491 314 1508 non
344 1481 445 1515 [61111111
477 1479 615 1506 habentur.
651 1478 725 1513 Cous.
746 1477 884 1511 Bynkersh.
904 1475 968 1509 Obſjl
985 1478 1038 1502 [αν.
1056 1477 1125 1502 Rom.
1147 1483 1167 1506 1,
1180 1483 1193 1499 2
1212 1483 1237 1508 p.
1257 1474 1294 1498 16.
1356 1479 1400 1501 tur
1419 1473 1506 1499 dentes
1541 1474 1605 1499 Plin.
1627 1482 1648 1500 11
1671 1482 1692 1499 6.
1711 1481 1750 1507 37.
1842 1474 1997 1499 Atteruntur
2020 1472 2108 1498 dentes
2134 1472 2181 1498 vsu
2212 1468 2288 1498 Idem
2308 1477 2335 1504 7,
2355 1470 2394 1495 16.

260 1517 361 1551 Salmas.
380 1517 411 1542 ad
423 1514 542 1543 Tertull.
556 1513 588 1540 de
607 1512 666 1540 Pall.
681 1521 703 1538 c.
717 1521 726 1538 1
746 1521 770 1545 p.
780 1519 823 1545 93.
840 1517 863 1536 et
884 1520 905 1536 c.
920 1519 936 1536 2
953 1520 977 1543 p.
995 1517 1050 1548 173..
1355 1508 1508 1535 Auxiliatui·
1524 1507 1646 1534 dentibus
1662 1510 1749 1535 succus
1768 1507 1863 1534 radicis
1884 1507 1982 1542 lapathi
2009 1507 2047 1533 Id.
2063 1516 2110 1537 20,
2129 1515 2165 1533 21.
2232 1505 2298 1532 Plin.
2317 1513 2358 1537 30,
2379 1512 2393 1536 3

299 1558 317 1577 D
326 1558 343 1577 E
352 1555 372 1575 N
384 1557 431 1577 OT
440 1557 491 1576 AT
500 1556 520 1575 v
531 1556 543 1575 S
553 1568 561 1580 ,
582 1557 595 1574 3
604 1568 612 1579 ,
631 1557 684 1573 11111.
721 1548 787 1573 Part.
824 1545 917 1572 Tanto
936 1543 1086 1570 denotatior
1105 1542 1137 1568 ad
1159 1547 1294 1568 6011111106-
1355 1544 1495 1569 Vermium
1509 1548 1675 1570 terrenorum
1687 1544 1753 1570 cinis
1769 1544 1847 1569 exesis
1861 1543 1983 1570 dentibus
1997 1542 2130 1569 coniectus
2139 1562 2146 1574 ,
2166 1550 2197 1568 ex
2209 1541 2282 1568 facili
2292 1539 2394 1567 Cadere

262 1587 313 1613 liae
330 1587 447 1611 morsum
459 1583 576 1611 Tertull.
591 1583 650 1609 adu.
663 1583 725 1609 Nat.
741 1591 760 1614 1,
774 1590 811 1608 10.
1197 1610 1202 1614 -
1357 1586 1402 1603 605
1416 1579 1495 1616 cogit.
1566 1579 1623 1604 Sen.
1635 1578 1712 1611 Epist.
1729 1587 1757 1605 12
1766 1586 1808 1612 pr.
1830 1583 1856 1604 in
1869 1581 2016 1613 mancipium
2024 1579 2114 1614 ftizcx,
2134 1581 2176 1613 qui
2189 1576 2290 1612 collusor
2307 1574 2394 1610 ipsius,

297 1628 341 1652 'DE
350 1628 371 1647 N
380 1628 398 1648 O
407 1621 459 1647 ΤᾹ
469 1627 490 1646 Τ
499 1627 519 1646 v
528 1626 541 1645 s
549 1638 558 1652 ,
584 1617 622 1644 1‘15.
642 1626 677 1644 ni.
702 1619 750 1644 Pro
764 1618 936 1643 Denotatione.
966 1611 1126 1640 Tertull.de
1140 1609 1223 1637 Pallio
1243 1618 1264 1636 6.
1278 1618 1297 1642 4
1312 1617 1380 1645 4021
1394 1611 1549 1638 deliciolum
1558 1612 1657 1646 fuerat,
1670 1614 1785 1646 Pupulus
1796 1614 1874 1638 etiam
1887 1613 2038 1640 deliciolum
2045 1622 2134 1639 meum
2146 1611 2230 1638 fanus
2237 1611 2281 1637 est.
2318 1612 2396 1637 Pror-

261 1656 365 1684 Salmas,
1242 1680 1248 1685 ι
1357 1647 1399 1673 sus
1413 1646 1496 1681 potest
1510 1646 1582 1673 fieri:
1603 1646 1691 1673 dentes
1705 1647 1747 1673 illi
1761 1656 1818 1672 cum
1832 1648 1945 1673 maxime
1959 1649 2061 1674 cadunt.
2133 1649 2163 1673 Et
2177 1646 2255 1680 Epist.
2269 1651 2297 1676 83
2319 1644 2396 1676 ΙῐνηίΙί

299 1698 317 1718 D
326 1698 372 1718 EN
382 1697 429 1717 OT
440 1697 460 1717 A
469 1696 508 1717 TI
518 1696 546 1720 0,
556 1689 623 1716 61115-
638 1688 657 1715 f·
678 1687 753 1715 Idem·
788 1685 906 1713 Tertull.
921 1684 953 1710 de
966 1684 1038 1710 Fem.
1052 1691 1073 1708 c.
1084 1682 1227 1722 13·Bonum
1240 1680 1296 1714 ipsa
1356 1682 1412 1708 ludo
1421 1701 1430 1713 ,
1450 1682 1558 1708 Earinus
1570 1690 1636 1715 puer
1651 1683 1702 1714 ait,
1729 1690 1776 1708 nos
1792 1682 1900 1708 eandem
1911 1682 1988 1709 crisin
2005 1682 2117 1708 habere:
2136 1681 2198 1714 quia
2211 1680 2318 1714 vtrique
2332 1678 2396 1704 den-

264 1727 433 1755 denotatione
440 1726 479 1751 sui
487 1725 593 1751 exultat.
607 1724 734 1750 Omnium
747 1722 915 1749 denotatione
922 1720 1057 1746 damnatus
1065 1715 1294 1751 Qim&.Decl.19.
1356 1721 1395 1742 tes
1408 1717 1512 1742 cadunt.
1583 1717 1803 1751 Circumpurgare
1822 1717 1941 1750 dentem,
1965 1717 2018 1743 vid.
2039 1717 2107 1743 Dens
2128 1715 2260 1742 Nascitur.
2332 1714 2397 1740 Car-

299 1768 404 1788 DENO
415 1767 573 1792 TATOR,
594 1760 657 1785 oris.
684 1767 718 1785 m.
753 1757 829 1793 Apud
842 1757 998 1787 Hieronym.
1036 1773 1042 1780 .
1080 1773 1087 1779 .
1123 1772 1130 1778 .
1356 1760 1418 1786 pere
1438 1751 1515 1777 dente
1534 1751 1632 1777 iniusto
1657 1751 1738 1777 Ouid.
1757 1760 1788 1777 ex
1800 1752 1884 1778 Ponto
1904 1761 1926 1783 3,
1944 1760 1973 1784 4,
1991 1759 2037 1786 74.
2088 1751 2161 1786 Conf.
2179 1750 2234 1776 Cic.
2250 1757 2298 1782 pro
2311 1748 2395 1774 Balbo

298 1803 408 1827 DENS,
429 1794 522 1820 dentis.
544 1804 579 1820 m.
616 1792 717 1827 [ὁδούς]
754 1793 846 1827 Offeum
860 1792 921 1818 illud
932 1794 960 1817 in
972 1799 1012 1817 ore
1026 1788 1168 1815 animalium
1181 1785 1230 1811 cibi
1240 1794 1336 1825 far-45
1357 1794 1389 1821 57
1403 1795 1424 1812 c.
1440 1788 1481 1812 26.
1553 1788 1687 1812 Cauantur
1703 1786 1792 1812 dentes
1811 1786 1870 1812 tabe
1884 1787 1995 1820 pituitae
2020 1785 2086 1811 Plin.
2099 1793 2125 1819 7,
2141 1788 2177 1810 16.
2241 1782 2397 1810 circumda-

259 1831 350 1867 pendi,
365 1829 504 1859 incidendi,
517 1829 674 1854 commolendi
687 1826 881 1861 instrumentum.
917 1826 982 1852 Plin.
997 1833 1029 1857 11,
1045 1831 1076 1858 37
1091 1824 1109 1849 s.
1124 1825 1151 1848 61
1171 1822 1295 1860 Dentium
1357 1828 1414 1848 tum
1427 1820 1499 1847 denti
1515 1821 1634 1848 Scribon.
1648 1829 1690 1854 95.
1759 1821 1927 1848 Circumradi
1946 1821 2024 1848 debet
2044 1820 2123 1851 dens,
2142 1824 2171 1846 vt
2188 1819 2295 1853 gingiua
2312 1817 2345 1843 ab
2362 1826 2396 1844 60

262 1867 314 1893 tria
334 1873 442 1900 genera,
463 1863 569 1895 serrati,
588 1870 634 1888 3111
652 1864 790 1895 continui,
814 1869 859 1889 aut
876 1861 981 1888 exserti.
1026 1858 1123 1886 Serrati
1143 1856 1295 1891 pectinatim
1356 1857 1503 1883 resoluatur
1521 1857 1588 1882 Cels.
1603 1863 1630 1891 7,
1646 1865 1683 1882 12.
1753 1857 1926 1883 Circumrodi
1939 1856 2088 1883 Theonino
2103 1855 2179 1881 dente
2199 1855 2266 1880 Hor.
2282 1852 2360 1886 Epist.
2375 1860 2398 1884 1,

263 1904 400 1932 6061111165,
424 1900 475 1932 (vt
492 1900 565 1924 alteri
586 1901 613 1924 in
632 1899 763 1924 alterorum
780 1899 913 1923 interualla
930 1895 1097 1927 conueniant)
1114 1901 1146 1917 ne
1161 1891 1295 1917 contrario
1358 1897 1400 1923 18,
1419 1897 1459 1922 82.
1508 1891 1566 1917 Vid.
1594 1897 1700 1918 THEO
1712 1897 1747 1916 N.
1803 1892 2003 1926 Circumscalpti
2014 1891 2118 1922 dentes,
2139 1889 2232 1915 dolore
2250 1887 2398 1914 liberantur

264 1937 368 1964 recursu
387 1939 545 1964 atterantur,
563 1939 592 1959 vt
611 1932 788 1967 serpentibus,
802 1930 932 1965 piscibus,
954 1930 1070 1956 canibus.
1108 1926 1254 1964 Continui,
1266 1929 1296 1950 vt
1358 1926 1425 1952 Plin.
1439 1934 1482 1957 2ο,
1500 1932 1523 1958 ς.
1612 1925 1867 1953 Circumscarificare
1892 1926 1998 1952 dentem
2030 1925 2104 1951 Idem
2122 1932 2203 1956 30„3.
2293 1923 2398 1953 Citare.

264 1972 383 2001 homini,
395 1978 473 2004 equo.
491 1968 599 1998 Exserti,
611 1974 640 1994 vt
657 1976 730 2001 apro,
744 1967 949 2001 hippopotamo,
963 1963 1111 1998 elephanto.
1149 1962 1297 1987 Continuo·
1308 1968 1340 1994 50
1358 1960 1413 1987 vid.
1425 1961 1537 1987 Dentem
1551 1960 1676 1987 eximere.
1757 1960 1881 1986 Colluere
1902 1961 1968 1987 Plin.
1989 1969 2024 1994 21,
2043 1968 2075 1991 31.
2146 1958 2342 1986 Concutiendus
2360 1957 2398 1984 est

263 2016 325 2034 rum
338 2007 384 2041 qui
399 2006 519 2038 digerunt
533 2002 636 2034 cibum,
651 2003 696 2028 lati
716 2007 741 2028 et
761 2002 830 2027 acuti
844 2000 1002 2036 (incisores)
1020 1998 1067 2033 qui
1081 1996 1238 2027 conficiunt,
1250 1994 1298 2034 1111-
1359 1996 1438 2028 616115,
1455 1995 1537 2022 donec
1556 1995 1623 2022 bene
1643 2001 1783 2022 moueatur
1803 1996 1868 2023 Cels.
1883 2003 1909 2032 7,
1927 2005 1963 2024 12.
2032 1994 2183 2022 Conficiunt
2201 1994 2289 2021 dentes
2308 1993 2400 2021 cibum

265 2043 343 2077 plices
357 2042 375 2075 (
379 2040 517 2067 maxillares
519 2039 539 2099 ἐ
552 2038 598 2072 qui
610 2036 789 2063 discriminant
801 2044 860 2066 eos,
878 2036 964 2061 canini
981 2033 1151 2068 appellantur.
1181 2047 1227 2051 —
1259 2031 1298 2057 Si·
1360 2032 1416 2057 Cic.
1431 2031 1462 2057 de
1475 2031 1511 2057 N.
1526 2031 1558 2057 D.
1572 2040 1598 2065 2,
1613 2040 1666 2066 134.
1737 2030 1883 2058 Confirmat
1896 2032 1985 2060 dente·
1997 2031 2071 2057 inula
2090 2039 2105 2057 a
2118 2030 2215 2057 ieiunis
2228 2029 2400 2057 commandu-

266 2078 335 2105 miae
355 2077 459 2107 dentes,
472 2080 500 2101 vt
537 2073 632 2099 omini.
670 2072 813 2106 Elephanto
833 2071 902 2097 intus
923 2071 955 2095 ad
975 2068 1151 2106 mandendum
1171 2072 1298 2105 quatuor:
1360 2072 1415 2093 cata
1430 2066 1496 2092 Plin.
1510 2075 1553 2098 20,
1564 2074 1586 2099 5.
1658 2065 1855 2094 Confirmantur
1874 2066 1962 2095 dentes
1983 2066 2077 2093 offibus
2097 2074 2238 2101 pernarum
2255 2064 2400 2092 combustis

266 2118 420 2148 praeterque
441 2119 500 2142 eos,
520 2109 567 2143 qui
580 2107 747 2143 prominent,
759 2106 879 2133 masculis
895 2104 1003 2136 reflexi,
1018 2103 1126 2129 feminis
1140 2102 1207 2128 reeh
1220 2106 1299 2134 atque
1360 2102 1433 2128 Idem
1453 2107 1493 2133 28,
1516 2110 1548 2129 11.
1620 2102 1808 2137 confringitur
1825 2104 1887 2130 dem
1906 2103 1952 2130 sub
1971 2103 2072 2138 forcipe
2106 2101 2173 2128 Cels,
2188 2109 2215 2135 7,
2236 2110 2258 2127 2.
2327 2101 2399 2127 Deng

266 2149 344 2183 proni
380 2161 426 2167 ——
460 2144 609 2172 Maxillares
623 2163 631 2176 ,
647 2143 703 2178 *qui
722 2144 779 2169 sunt
799 2151 813 2168 a
829 2141 944 2172 caninis,
962 2139 1065 2165 nullum
1084 2137 1183 2163 animal
1205 2141 1298 2175 mutat.
1314 2137 1342 2164 55
1360 2143 1517 2171 corruptus,
1539 2142 1584 2164 aut
1603 2137 1701 2166 stadius
1729 2139 1804 2166 Idem
1822 2141 1848 2172 6,
1864 2148 1898 2171 13.
1967 2138 2063 2165 Dentes
2077 2145 2201 2171 crepuere
2215 2135 2310 2164 1616611
2329 2136 2399 2163 Pers.

265 2183 380 2211 Homini
397 2180 542 2213 nouiss‘imi,
556 2180 602 2214 qui
616 2179 723 2213 genuini
735 2184 879 2209 vocantur,
896 2176 964 2202 circa
984 2173 1137 2201 vicesimum
1149 2180 1246 2198 annum
1261 2179 1299 2205 gl·
1361 2181 1385 2205 3,
1399 2181 1448 2198 101.
1470 2175 1489 2199 i.
1503 2174 1592 2199 Labris
1611 2174 1723 2201 diduffis
1741 2177 1837 2210 aperti,
1866 2184 1919 2200 cum
1928 2172 2040 2207 stridore
2052 2173 2198 2210 sonmrunt.
2268 2170 2401 2198 Decidunt:

266 2225 395 2254 gnuntur:
417 2216 506 2243 multis
524 2222 549 2242 et
567 2214 726 2249 octogesimo
749 2229 794 2234 —
814 2211 942 2239 Dec-idere
963 2211 992 2236 in
1012 2208 1128 2239 senff-la.
1141 2212 1166 2233 et
1184 2215 1246 2232 mox
1259 2215 1300 2232 re·
1362 2207 1451 2234 dentes
1463 2217 1532 2236 anno
1546 2209 1666 2243 septimo,
1674 2210 1774 2245 aliique
1789 2208 2183 2244 [1111161υ111111-Ρ1111.7,166130.
2196 2213 2221 2234 ee
2229 2216 2262 2240 11,
2271 2215 2312 2242 37.
2348 2207 2400 2233 De·

267 2255 352 2286 nasci,
365 2259 465 2279 certum
480 2251 528 2278 est:
543 2257 587 2276 etc.
620 2256 663 2276 unt
677 2253 740 2276 enim
754 2250 838 2284 plura.
873 2246 947 2282 Conf.
964 2247 1030 2272 Iocus
1043 2243 1118 2274 Celfi,
1134 2252 1201 2278 quem
1215 2242 1300 2268 damus
1361 2243 1476 2278 fricare,
1505 2244 1557 2271 vid.
1590 2246 1725 2272 Pumicare
1743 2246 1856 2272 dentem.
1946 2245 2092 2279 Denigrare
2113 2243 2201 2270 dentes
2230 2243 2296 2271 Piin.
2315 2250 2355 2275 32,
2372 2250 2401 2277 7.

267 2299 293 2316 n·
306 2299 321 2316 2
336 2290 471 2316 Duriores·
513 2287 595 2313 Plaut-
632 2285 714 2311 urcul.
729 2293 754 2317 2,
768 2293 791 2316 32
804 2292 833 2316 39
853 2284 889 2309 0⁹
903 2290 1021 2321 amarum
1035 2279 1131 2311 habeo,
1146 2278 1234 2304 dentes
1248 2276 1300 2317 ΡῙῗ·
1363 2279 1497 2306 Deficiunt
1508 2281 1593 2307 multo
1604 2281 1720 2315 primum
1737 2281 1765 2308 in
1779 2280 1912 2316 aliquibus
1926 2280 2014 2307 dentes
2039 2279 2115 2307 Idem
2126 2287 2153 2313 7,
2167 2278 2203 2305 16.
2275 2278 2402 2305 Defluunt

267 2334 324 2351 1105.
395 2324 461 2350 Ρ1111.
476 2332 514 2355 30,
528 2331 540 2355 3
560 2321 638 2348 031115
653 2320 771 2347 dentium
791 2318 890 2346 inditus
906 2326 974 2343 mire
989 2315 1101 2350 prodest.
1172 2314 1301 2353 cauernis
1317 2314 1352 2340 60
1363 2315 1452 2342 dentes
1481 2315 1519 2342 Id.
1533 2324 1559 2350 7,
1575 2318 1612 2342 16.
1685 2317 1780 2343 Dentes
1799 2317 1922 2351 digerunt
1939 2316 2029 2343 cibum
2060 2315 2126 2341 Plin.
2140 2323 2172 2345 11,
2183 2322 2224 2349 37.
2294 2313 2402 2340 Direxit

268 2360 386 2386 dentium
399 2360 427 2385 in
441 2358 534 2385 dolore
548 2357 662 2383 inditum
678 2364 736 2382 cera
749 2354 848 2382 includi
868 2353 934 2379 Plin.
948 2361 990 2384 22,
1003 2361 1024 2377 c.
1037 2359 1074 2382 23.
1146 2350 1301 2376 Commissu—
1363 2351 1395 2378 ad
1409 2352 1516 2385 inguina
1529 2352 1618 2377 dentes
1647 2352 1729 2378 Ouid.
1744 2353 1808 2379 Met.
1817 2358 1840 2384 ε,
1848 2361 1910 2386 400.
1936 2351 1965 2378 de
1976 2359 2037 2387 apro
2050 2350 2224 2382 Calidonio‚ec
2237 2350 2351 2380 Anemo,
2374 2351 2403 2375 ui

266 2404 310 2422 rac
323 2394 442 2420 dentium
456 2393 574 2419 Scribon.
590 2397 642 2426 184.
657 2393 712 2424 196.
782 2389 904 2430 Crepitus
918 2388 1036 2414 dentium
1055 2386 1110 2412 Cic.
1126 2385 1209 2411 Tusc.
1224 2395 1252 2419 4,
1264 2393 1301 2417 19.
1361 2396 1416 2412 cum
1433 2387 1485 2422 ipso
1501 2386 1711 2422 congrediebatur.
1784 2389 1880 2414 Dentes
1893 2387 2017 2414 diuidunt
2040 2387 2107 2412 escas
2126 2386 2216 2412 morsu
2246 2385 2303 2411 Cic.
2317 2383 2350 2410 de
2393 2403 2401 2411 .

268 2431 333 2458 Plin.
348 2435 388 2461 28,
400 2438 417 2462 4
451 2428 559 2462 Frigida
571 2436 637 2462 aqua
650 2426 786 2454 matutinis
805 2433 900 2459 impari
914 2431 1025 2449 numero
1038 2421 1070 2448 ad
1084 2421 1227 2449 cauendum
1242 2421 1302 2446 den.
1363 2422 1396 2448 D.
1418 2430 1441 2454 2,
1461 2431 1511 2455 ¹34-
1582 2422 1707 2449 Dolentes
1725 2423 1814 2449 dentes
1841 2419 1961 2449 Scribon.
1982 2425 2007 2450 6.
2078 2421 2158 2448 Dolet
2173 2421 2235 2447 dens
2253 2420 2322 2447 Cels.
2336 2421 2362 2452 6,
2375 2427 2403 2452 9.

269 2467 336 2492 tium
349 2465 461 2490 dolores·
531 2462 604 2488 Idem
617 2471 659 2496 242
673 2470 689 2496 7
710 2462 804 2488 Tedae
814 2459 952 2492 ‚demetat
966 2459 994 2484 in
1007 2463 1096 2490 acere,
1115 2456 1234 2483 dentium
1249 2456 1302 2482 Do·
1363 2457 1423 2483 Edit
1436 2457 1589 2484 breuiorem
1600 2457 1706 2484 dentem
1718 2458 1826 2493 longior
1839 2458 1931 2489 radix,
1947 2458 2000 2485 vid.
2019 2457 2147 2484 Duriores
2159 2456 2228 2488 offe,
2247 2462 2292 2482 etc.
2327 2455 2402 2482 Ema-

267 2502 335 2527 Iores
357 2498 494 2526 efficaciter
514 2498 640 2523 colluunt.
711 2496 838 2522 Dolorem
867 2494 985 2522 dentium
1004 2493 1128 2529 prohibet
1153 2492 1191 2518 Id.
1211 2499 1255 2531 20,
1275 2499 1300 2525 7.
1314 2491 1344 2523 65
1364 2493 1451 2518 culare
1471 2493 1577 2519 exotico
1595 2493 1705 2526 puluere
1737 2493 1814 2527 Apul.
1827 2493 1903 2527 Apol.
1924 2502 1949 2526 p.
1968 2498 2028 2527 278,
2046 2501 2073 2524 4.
2145 2491 2296 2517 Eroduntur
2311 2490 2402 2516 dentes

268 2536 365 2562 Dolori
384 2534 500 2560 dentium
519 2533 625 2566 prosunt
636 2531 723 2558 laricis
735 2532 802 2558 solia
818 2530 883 2557 Plin.
898 2539 942 2564 24,
957 2532 983 2556 6.
1052 2529 1164 2555 Dolores
1182 2527 1301 2553 dentium
1363 2528 1429 2554 Plin.
1443 2537 1478 2560 31,
1490 2536 1515 2561 9.
1584 2527 1655 2554 Erofi
1670 2528 1761 2554 dentes
1787 2528 1859 2554 Ideni
1873 2536 1919 2560 24,
1934 2536 1970 2554 io.
2042 2528 2139 2552 Eruere
2153 2525 2244 2551 dentes
2273 2524 2314 2551 Id.
2327 2529 2365 2555 28,
2379 2528 2403 2554 8.

269 2570 338 2597 scdat
357 2570 441 2595 succus
461 2568 542 2593 illitus
563 2567 634 2592 Idem
652 2575 692 2598 20,
708 2572 730 2596 8.
800 2565 911 2592 Dolores
932 2564 1050 2591 dentium
1070 2563 1192 2590 sedantur
1206 2561 1300 2588 offibus
1362 2563 1494 2591 Euellitur
1512 2563 1589 2595 dens,
1611 2563 1665 2589 vid.
1689 2564 1758 2590 Dens
1771 2569 1862 2589 mouet
1882 2562 2004 2595 doloreS,
2023 2568 2047 2588 et
2059 2562 2129 2587 Dens
2141 2561 2264 2587 nascitur.
2334 2559 2403 2585 Plin.

270 2605 390 2632 draconis
408 2602 505 2629 marini
530 2600 680 2639 scarificatis*
698 2601 812 2634 gingiuis
833 2601 870 2627 Id.
887 2609 925 2633 32,
938 2608 964 2634 7.
1035 2599 1162 2625 Dolorem
1181 2597 1301 2624 dentium
1363 2607 1403 2632 30,
1416 2608 1428 2631 3
1457 2600 1530 2626 Hanc
1543 2604 1631 2624 autem
1642 2598 1684 2625 vel
1699 2599 1873 2625 inueteratam
1885 2607 1943 2624 cum
1959 2606 2018 2624 cera
2031 2597 2168 2623 celerrime
2181 2595 2270 2622 dentes
2282 2593 2403 2620 Euellere

268 2641 365 2668 tollunt
379 2648 465 2665 carnes
479 2636 628 2663 cucurbitae
645 2635 709 2661 Plin.
724 2638 766 2666 26,
780 2643 802 2666 3.
872 2636 928 2673 Cic.
942 2635 974 2673 fle
987 2635 1024 2661 N.
1038 2635 1070 2660 D.
1085 2643 1108 2666 3,
1121 2642 1152 2668 57
1172 2633 1199 2659 de
1211 2633 1301 2668 Aescu-
1363 2635 1478 2661 tradunt.
1548 2634 1656 2661 Exacuit
1671 2634 1759 2661 dentes
1774 2635 1814 2660 sus
1842 2634 1917 2667 Virg.
1931 2634 2028 2666 Georg.
2047 2641 2070 2664 3,
2089 2639 2143 2665 255.
2205 2628 2309 2656 Excidit
2328 2629 2406 2661 dens,

269 2678 351 2711 Iapio,
375 2674 488 2701 Tertius
506 2672 608 2706 Arlippi
628 2676 652 2696 et
666 2670 813 2710 stranea-e,
839 2677 887 2708 qui
910 2677 1009 2702 primus
1031 2670 1215 2708 purgationem
1236 2668 1300 2700 alui,
1312 2683 1348 2711 70
1361 2670 1417 2696 vid.
1444 2670 1554 2696 Dentem
1569 2670 1700 2702 eximere,
1727 2677 1750 2696 et
1769 2670 1838 2695 Dens
1859 2668 1982 2695 nascitur.
2053 2667 2179 2701 Excipere
2196 2665 2300 2692 dentem
2322 2672 2403 2690 manu

268 2712 404 2745 dentisque
420 2708 583 2735 Euulsionem
597 2709 645 2737 (vt
660 2706 765 2736 terunt)
779 2709 892 2739 inuenit.
962 2703 1091 2741 Foramen
1103 2703 1237 2733 dentium,
1246 2704 1301 2741 yid.
1362 2705 1407 2732 vel
1420 2705 1522 2739 forcipe
1540 2705 1608 2732 Cels.
1621 2713 1648 2739 7,
1666 2714 1703 2732 12.
1774 2704 1900 2737 Excipere
1913 2703 2018 2730 dentem
2029 2711 2108 2728 manu
2128 2702 2202 2728 Idem
2217 2708 2244 2735 7,
2258 2708 2294 2726 12.
2352 2699 2402 2724 Ex-

269 2748 378 2774 Dentem
392 2745 520 2771 Eximere.
592 2741 654 2767 Plin.
669 2749 705 2772 23,
717 2749 735 2772 4
765 2740 801 2765 Os
815 2746 920 2773 quoque
935 2737 1059 2763 colluitur
1074 2736 1122 2761 illo
1135 2736 1166 2775 ad
1181 2736 1300 2761 dentium
1363 2739 1421 2764 cum
1435 2740 1522 2765 demes
1540 2741 1655 2764 quenal.
1672 2742 1710 2770 16,
1727 2748 1762 2764 10,
1833 2738 1899 2764 Cels,
1914 2740 1940 2770 6,
1955 2746 1972 2770 9
2004 2738 2031 2763 Si
2042 2745 2109 2764 vero
2122 2737 2215 2764 Exest„
2229 2734 2265 2760 est
2277 2732 2350 2766 dens,
2364 2733 2402 2759 fe-

269 2782 462 2810 Infirmitatcm.
533 2776 687 2803 Labefaclio
703 2775 821 2801 dentium
836 2773 907 2799 Idem
921 2781 956 2804 23,
974 2780 992 2798 1.
1064 2769 1227 2796 Mobilitates
1241 2769 1302 2794 den·
1363 2772 1458 2797 stinare
1473 2772 1505 2797 ad
1517 2773 1687 2797 eximendum
1699 2781 1776 2803 eum,
1796 2772 1844 2797 nisi
1866 2780 1906 2798 res
1924 2772 2027 2806 coegit,
2052 2781 2106 2799 non
2123 2772 2158 2798 est
2171 2769 2276 2796 necesse.
2331 2767 2403 2795 Adii.

269 2819 339 2845 tium
353 2816 392 2843 Id.
405 2824 449 2847 20,
462 2823 495 2840 21.
565 2812 631 2839 Plin.
646 2821 689 2843 20,
703 2819 714 2842 3
740 2810 769 2836 de
783 2809 932 2840 Cucurbita,
957 2805 1084 2833 Decoftae
1096 2811 1183 2831 autem
1198 2804 1302 2843 Vfff'lssst'rj
1364 2813 1391 2839 7,
1406 2814 1441 2831 12.
1498 2806 1619 2832 Eximere
1633 2806 1736 2832 dentem
1765 2807 1831 2833 Cels.
1846 2808 1872 2838 6,
1887 2815 1912 2839 9.
1926 2810 1956 2833 ie.
1969 2814 1997 2842 7,
2012 2816 2048 2834 12.
2115 2804 2235 2832 Extrahit
2249 2804 2338 2831 dentes
2350 2803 2404 2830 fine

271 2854 311 2880 sae
326 2853 428 2883 succus,
444 2849 562 2875 dentium
579 2849 668 2873 Motus
681 2845 795 2877 stabilit,
812 2851 837 2871 et
858 2844 962 2870 dolores
979 2841 1090 2868 inhibet.
1112 2875 1116 2880 Ι
1160 2838 1303 2878 stabilitati
1315 2850 1347 2878 75
1363 2840 1504 2866 vexatione
1524 2840 1613 2867 radius
1631 2840 1774 2875 pastinacae
1809 2842 1875 2868 Plin.
1895 2851 1935 2873 32,
1955 2851 1981 2877 7.
2051 2841 2170 2868 Extrahit
2189 2840 2277 2866 dentes
2298 2840 2403 2866 casuros

269 2889 387 2915 dentium
404 2883 571 2912 efficacillime
585 2882 705 2910 subuenit
719 2889 823 2907 amurca
838 2879 910 2906 Idem
924 2887 961 2910 23,
974 2886 996 2910 3·
1068 2874 1171 2916 50·ὶᾶοΓ
1184 2873 1303 2899 defluum
1364 2883 1469 2901 amurca
1501 2875 1573 2902 Idem
1593 2885 1631 2908 23,
1649 2884 1671 2907 3.
1693 2876 1727 2902 ad
1744 2876 1788 2910 fin.
1871 2877 1943 2904 Facit
1961 2877 2100 2911 origanum
2118 2875 2240 2902 dentibus
2261 2874 2404 2902 candorem

270 2924 336 2950 Cels.
352 2931 377 2952 2,
390 2929 416 2956 7.
590 2916 611 2955 ff
632 2926 648 2944 2
684 2916 812 2951 Epitheta:
849 2915 926 2940 Acuti
939 2914 1027 2939 dentes
1040 2912 1105 2938 le-
1119 2919 1151 2942 11,
1166 2917 1205 2943 37·
1251 2908 1303 2948 ᾼᾶ-
1363 2909 1437 2950 Ideni
1457 2919 1497 2942 20,
1522 2918 1559 2945 17.
1628 2911 1701 2938 Facit
1718 2911 1808 2938 dentes
1828 2912 1952 2939 candidos
1972 2912 2091 2939 Scribon.
2105 2914 2148 2938 60.
2204 2911 2324 2946 Fatigare
2341 2910 2404 2937 den-

270 2959 337 2986 verli
350 2958 406 2985 Cic.
420 2956 452 2983 de
466 2956 503 2983 N.
518 2954 549 2981 D.
564 2961 585 2985 2,
600 2962 652 2986 134.
691 2954 742 2978 Hos
755 2951 819 2977 Plin.
835 2957 907 2976 vocat
920 2949 1050 2975 Primores
1062 2956 1093 2979 11,
1107 2954 1146 2980 37.
1182 2946 1304 2983 11111611οῗ
1363 2950 1417 2972 tem
1429 2954 1459 2971 in
1472 2945 1563 2978 dente,
1582 2945 1614 2979 est
1627 2947 1808 2982 Comprimendo
1821 2947 1904 2974 dentes
1916 2954 2022 2974 atterere
2032 2947 2112 2974 Ouid.
2127 2948 2191 2974 Met.
2204 2952 2228 2978 8,
2240 2951 2293 2979 825.
2328 2945 2404 2972 idem

270 3004 311 3021 res
331 2995 404 3028 vulgo
423 2996 573 3025 nuncupant.
645 2987 706 3015 Albi
726 2986 815 3013 dentes
829 2985 885 3020 lupi
903 2985 977 3018 Virg.
994 2985 1059 3010 Aen.
1073 2991 1104 3013 11,
1119 2984 1172 3010 681.
1244 2980 1303 3006 Arri
1365 2981 1430 3007 Met.
1444 2990 1467 3013 3,
1481 2986 1514 3014 84
1547 2982 1662 3008 Vulnera
1680 2983 1723 3009 dat
1742 2983 1830 3015 ferro,
1846 2983 1956 3018 figitque
1974 2983 2002 3009 in
2015 2983 2135 3009 acumine
2149 2982 2247 3009 dentes.
2289 2980 2404 3008 Findere

270 3031 337 3057 Hor.
357 3026 438 3062 Epod.
459 3029 484 3053 6.
505 3032 528 3051 ct
547 3024 624 3058 Epist.
646 3033 666 3055 1,
687 3028 722 3054 18,
742 3029 768 3057 7·
804 3021 921 3048 quenal·
942 3022 968 3060 ᾇ,
990 3027 1048 3052 144-
1118 3015 1206 3043 Anido
1227 3015 1303 3041 dente
1321 3025 1353 3051 80
1364 3015 1486 3056 dentem,
1503 3017 1566 3056 ¹vid.
1594 3018 1704 3044 Dentem
1722 3020 1846 3044 eximere.
1917 3018 2016 3045 Firmat
2036 3018 2123 3045 dentes
2141 3016 2358 3044 commanducata
2368 3016 2407 3047 la,

270 3064 419 3092 conuellere
438 3062 513 3096 dapes
534 3059 614 3087 Ouid.
634 3060 698 3085 Met.
714 3066 744 3090 11,
768 3065 816 3089 123.
887 3056 970 3087 Boni,
996 3054 1049 3080 vid.
1071 3057 1183 3092 BotNDVS.
1254 3050 1303 3075 Bu·
1366 3052 1438 3091 pathi
1452 3051 1527 3078 radix
1546 3052 1611 3078 Plin.
1626 3061 1669 3085 20,
1683 3062 1719 3079 21.
1741 3054 1830 3090 odfin.
1887 3054 1988 3081 Fouere
2002 3053 2107 3081 dentem
2126 3053 2193 3080 Cels.
2207 3055 2234 3085 6,
2242 3061 2267 3085 9.
2323 3052 2404 3078 Fran-

270 3102 313 3127 xei
326 3101 403 3127 Mart.
425 3106 447 3130 2,
462 3106 500 3130 41·
572 3095 700 3126 Calceati,
718 3092 771 3118 vid.
794 3097 892 3119 CALC
902 3097 917 3117 Ε
927 3098 955 3117 0.
1027 3087 1141 3115 Candidi
1157 3085 1302 3125 03111137.
1365 3093 1403 3121 git
1416 3087 1504 3113 dentes
1517 3093 1542 3113 et
1556 3087 1670 3114 extrahit
1683 3089 1770 3116 cedria
1789 3089 1855 3116 Plin.
1871 3098 1916 3122 24,
1930 3099 1951 3123 5.
2008 3090 2112 3116 Fricare
2125 3089 2212 3115 dentes
2225 3087 2303 3114 melle
2329 3086 2404 3114 Idem

271 3136 336 3162 Plin.
350 3144 382 3167 11,
394 3141 434 3168 37.
468 3130 587 3159 Scribon.
601 3132 644 3156 60.
715 3127 856 3155 Candiduli
875 3126 930 3153 Cic.
944 3125 1026 3152 Tusc.
1042 3132 1064 3156 5,
1079 3125 1123 3163 46.
1196 3121 1302 3160 Canini,
1365 3129 1406 3154 30,
1425 3131 1452 3155 4.
1522 3123 1603 3150 Ouid.
1623 3123 1654 3150 de
1674 3125 1736 3150 Arte
1756 3126 1812 3150 Ain.
1832 3133 1853 3159 3,
1873 3133 1919 3160 197
1956 3124 2029 3158 Qid
2048 3125 2066 3151 fi
2084 3123 2242 3159 praecipiam
2260 3131 2293 3148 ne
2310 3122 2404 3149 Fuscet

271 3171 324 3197 vid.
340 3171 419 3205 sup-ra
438 3177 467 3194 ex
489 3168 571 3193 Plinio
591 3173 613 3192 et
628 3174 682 3191 mox
701 3163 828 3190 Duriores
846 3172 874 3188 ex
893 3161 978 3188 Celso.
1018 3195 1023 3199 Ι
1047 3157 1146 3198 0311οᾒ
1165 3163 1190 3197 et
1208 3155 1303 3195 foetidi
1366 3157 1461 3186 inertia
1473 3157 1577 3186 dentes?
1650 3160 1802 3194 Gignuntur
1818 3160 1906 3186 dentes
1937 3160 2002 3187 Plin.
2020 3168 2068 3194 37,
2080 3168 2134 3197 39..
2196 3159 2312 3184 Haerent
2335 3157 2402 3184 bene

273 3206 360 3232 dentes
378 3205 442 3231 Plin.
456 3212 496 3236 32,
508 3209 534 3236 7.
603 3202 689 3227 Canus
709 3200 771 3225 dens
790 3199 907 3224 inuritur
926 3202 1059 3231 putamine
1079 3202 1151 3220 nucis
1171 3191 1302 3231 ψει-3114113
1319 3204 1347 3233 35
1368 3193 1455 3219 dentes
1478 3194 1545 3220 Cels.
1561 3202 1636 3228 7,12.
1698 3195 1829 3222 Hebetare
1850 3196 1956 3222 dentem
1976 3196 2022 3222 Sil.
2036 3200 2059 3228 8,
2098 3214 2104 3220 .
2142 3214 2147 3220 .
2219 3193 2328 3219 illidere
2342 3193 2404 3219 den-

274 3240 337 3266 Plin.
357 3249 394 3272 23,
414 3245 436 3269 8.
509 3238 661 3268 Concauus,
696 3234 825 3262 Continui
845 3233 949 3265 dentes,
966 3231 1018 3257 vid.
1032 3230 1073 3257 hh.
1087 3230 1115 3256 II.
1185 3226 1302 3254 Crinales
1365 3234 1402 3254 tes
1416 3228 1517 3255 labellis
1538 3230 1681 3264 L11ci·et.4,
1696 3238 1766 3265 1073.
1822 3232 1970 3257 Increscunt
1989 3230 2077 3257 dentes
2095 3229 2162 3256 Cels.
2177 3233 2200 3261 8,
2218 3237 2236 3255 1.
2274 3229 2402 3257 Infricare

275 3274 360 3300 dentes
370 3295 377 3307 ,
395 3272 543 3309 periphrasis
552 3271 661 3306 pefflnis
673 3270 739 3305 apud
759 3268 850 3297 Claud.
871 3268 901 3294 dc
915 3269 942 3294 B.
955 3266 1026 3292 Gild.
1099 3265 1221 3295 Curuus,
1250 3261 1302 3288 vid.
1365 3263 1453 3290 dentes
1467 3265 1554 3291 cinere
1567 3274 1660 3291 cornus
1675 3267 1776 3292 ceruini
1796 3266 1862 3292 Plin.
1876 3272 1913 3298 28,
1929 3275 1959 3292 11.
2032 3265 2098 3291 Cels.
2110 3267 2136 3297 6,
2149 3272 2165 3296 9
2196 3263 2226 3290 de
2242 3263 2334 3290 doloris
2346 3264 2403 3290 den-

268 3308 356 3342 statim
375 3310 499 3335 Duriores
520 3309 570 3334 offe
591 3307 678 3333 dentes
701 3307 768 3332 sunt.
839 3304 988 3331 Defricatus
1000 3301 1078 3328 vrina
1096 3299 1190 3326 Catull.
1206 3305 1245 3332 37,
1260 3306 1302 3324 20·
1364 3302 1426 3325 tium
1438 3304 1580 3332 cta-atione,
1602 3300 1671 3327 Cibo
1687 3310 1793 3336 quoque
1813 3302 1900 3335 primo
1917 3301 2114 3332 abstinendum,
2141 3299 2235 3325 deinde
2249 3308 2282 3325 eo
2295 3298 2401 3327 modico

277 3345 393 3378 Degener
412 3344 505 3370 {mosis
530 3343 587 3369 sen,
602 3342 712 3376 Hippffl,
731 3342 747 3366 s,
766 3349 792 3373 4,
863 3340 973 3366 Domino
993 3337 1069 3363 dente
1089 3335 1161 3361 frena
1182 3338 1304 3368 premunt
1365 3335 1494 3369 mollique
1508 3335 1651 3369 vteuduin,
1670 3346 1702 3362 ne
1717 3337 1864 3363 mandentis
1880 3337 1968 3362 dentes
1987 3336 2085 3362 Irritet.
2156 3336 2233 3361 quat
2255 3335 2341 3361 dentes
2361 3333 2401 3359 in-

276 3379 363 3404 Ieones
383 3379 462 3404 Ouid.
482 3380 544 3405 Met.
561 3387 596 3408 10,
611 3386 674 3412 704.
711 3377 838 3402 Duriores
851 3375 902 3400 offe
916 3375 1005 3400 dentes
1017 3373 1088 3398 sunt:
1119 3378 1231 3409 quorum
1245 3377 1302 3408 pars
1319 3382 1354 3406 90
1366 3376 1452 3403 tegros
1468 3371 1549 3396 illitus
1567 3372 1632 3397 cinis
1646 3373 1776 3398 vermium
1790 3378 1956 3399 terrenorum
1973 3371 2036 3397 Plin.
2052 3380 2092 3402 30,
2105 3379 2126 3402 3.
2198 3371 2296 3397 Omnes
2311 3368 2400 3395 dentes

278 3414 406 3443 maxillae,
419 3421 474 3445 pars
489 3414 617 3447 superiori
633 3412 676 3439 ossi
689 3412 817 3438 malarum
838 3410 935 3436 haeret.
971 3409 1007 3435 Ex
1022 3407 1062 3434 his
1082 3411 1203 3441 quaterni
1223 3412 1303 3438 primi
1366 3405 1502 3432 Labefecit
1516 3406 1583 3432 mihi
1609 3407 1677 3434 Ter.
1692 3407 1802 3442 Adelph.
1817 3417 1842 3440 2,
1855 3416 1880 3440 2,
1894 3414 1934 3441 37.
2005 3405 2106 3432 Labant
2127 3405 2215 3432 dentes
2245 3404 2308 3432 Cels.
2323 3411 2347 3438 7,
2362 3413 2399 3431 12.

278 3449 339 3482 quia
357 3449 455 3479 secant,
474 3448 585 3475 Tomici
597 3458 612 3474 a
629 3448 735 3474 Graecis
749 3447 929 3473 nominantur.
967 3444 1003 3470 iii
1018 3442 1112 3469 deinde
1126 3446 1240 3475 quatuor
1254 3439 1303 3465 Ca-
1366 3440 1499 3467 Laceffitus
1518 3448 1626 3468 cruento
1644 3442 1734 3474 dente,
1757 3447 1774 3469 i.
1794 3444 1934 3473 Conuiciis,
1953 3448 1976 3467 et
1996 3441 2163 3476 ignominiosts
2179 3441 2260 3467 verbi}
2279 3439 2400 3474 laccfftus

280 3483 348 3508 ninis
356 3482 473 3508 dentibus
487 3491 516 3507 cx
530 3484 602 3509 omni
614 3489 685 3517 parte
694 3483 841 3517 cinguntur.
878 3481 951 3507 Vltra
965 3488 1030 3514 quos
1043 3477 1168 3511 vtrinque
1182 3476 1237 3501 sere
1247 3475 1302 3500 Ma·
1367 3477 1434 3502 Hor.
1451 3476 1527 3510 Epist.
1544 3486 1565 3509 2,
1581 3486 1600 3508 1,
1617 3486 1667 3509 150.
1737 3478 1848 3504 Laniare
1862 3476 1983 3503 dentibus
1998 3476 2099 3510 aliquid
2120 3477 2193 3511 Virg.
2206 3476 2300 3507 Georg.
2314 3483 2398 3508 3„·14.

280 3517 382 3556 xillares
399 3516 517 3550 quaterni
537 3518 606 3549 sunt,
621 3525 801 3553 praeterquam
817 3517 845 3543 in
858 3517 909 3548 his,
922 3516 950 3541 in
962 3513 1057 3549 quibus
1070 3511 1173 3542 111111111,
1186 3510 1233 3545 qui
1246 3511 1303 3536 sero
1366 3511 1465 3538 Lauare
1478 3511 1566 3538 dentes
1588 3513 1671 3539 Catul.
1684 3522 1724 3546 39,
1739 3522 1776 3547 ¹4·
1847 3513 1952 3538 Limare
1970 3512 2035 3538 Cels.
2050 3515 2076 3544 6,
2091 3521 2127 3538 12.
2183 3509 2324 3537 Limandus
2337 3510 2400 3536 dens

279 3552 353 3591 gigni
366 3552 462 3590 solent,
478 3560 530 3577 non
543 3552 715 3580 iucreuerunt.
752 3554 788 3579 Ex
801 3553 842 3579 his
855 3552 956 3587 priores
971 3549 1075 3583 singulis
1090 3547 1236 3577 radicibus,
1249 3554 1303 3571 ma-
1319 3557 1351 3583 95
1366 3546 1417 3578 est,
1437 3547 1454 3573 si
1470 3547 1499 3573 lit
1513 3548 1614 3573 acutior
1634 3548 1705 3574 Idem
1721 3551 1748 3581 6,
1764 3557 1798 3575 12.
1870 3547 1966 3573 Liuent
1981 3547 2105 3581 rubigine
2118 3547 2204 3574 dentes
2236 3545 2318 3571 Ouid.
2332 3547 2398 3572 Met.

280 3586 382 3612 xillares
397 3592 486 3619 vtique
505 3586 589 3618 binis,
609 3589 714 3621 quidam
734 3589 813 3616 etiam
832 3588 913 3614 ternis
927 3585 1093 3621 quaternisue
1108 3583 1239 3608 nituntur.
1265 3581 1303 3606 fe·
1367 3590 1389 3613 2,
1403 3585 1464 3616 776.
1536 3583 1661 3609 Mandere
1679 3583 1780 3618 aliquid
1802 3584 1878 3609 saeuo
1899 3581 1976 3608 dente
2008 3582 2080 3609 Idem
2092 3584 2155 3609 Met.
2175 3588 2209 3611 ις,
2226 3587 2269 3613 72.
2341 3582 2398 3607 Me-

281 3629 360 3660 reque
374 3621 477 3660 longior
489 3621 560 3660 radix
575 3622 724 3649 breuiorem
743 3624 847 3650 dentem
859 3623 927 3649 edit:
952 3620 1071 3654 rediique
1085 3618 1169 3644 dentis
1183 3617 1254 3643 reela
1268 3622 1303 3642 et·
1365 3617 1423 3643 deri
1438 3617 1558 3644 dentibus
1578 3618 1642 3644 Plin.
1661 3627 1700 3650 23,
1714 3622 1739 3644 6.
1775 3620 1815 3646 Sic
1827 3627 1866 3650 30,
1878 3626 1900 3649 3.
1972 3618 2092 3644 Morderi
2112 3615 2205 3643 inuido
2223 3615 2300 3642 dente
2331 3617 2399 3642 Hor.

282 3664 337 3694 13111
354 3655 427 3694 radix
447 3664 519 3680 curui
536 3657 598 3682 flexa
618 3658 665 3683 est:
690 3667 773 3692 exque
787 3659 877 3685 cadem
890 3656 978 3684 radice
994 3657 1021 3682 in
1036 3654 1123 3689 pueris
1136 3661 1221 3679 nouus
1241 3651 1303 3691 dens
1367 3652 1417 3679 Od.
1432 3664 1459 3687 4,
1474 3662 1496 3685 3,
1512 3656 1548 3679 16.
1618 3654 1763 3680 Mouentur
1779 3654 1868 3679 dentes
1883 3653 1963 3679 modo
1977 3660 2084 3687 propter
2100 3650 2216 3678 radicum
2231 3651 2398 3677 imbecillita-

281 3691 365 3722 subit,
381 3698 426 3723 qui
445 3689 526 3715 multo
541 3692 638 3730 saepius
658 3692 772 3724 priorem
789 3694 909 3728 expellit:
929 3691 1059 3719 interdum
1073 3695 1158 3715 tamen
1173 3688 1248 3721 supra
1266 3695 1304 3726 111-
1368 3693 1437 3720 16111,
1465 3688 1545 3714 inodo
1566 3695 1672 3723 propter
1686 3689 1851 3722 gingiuarum
1870 3690 2082 3715 marcescentium
2100 3685 2197 3712 vitium
2229 3686 2294 3712 Cels.
2316 3694 2344 3720 7,
2363 3695 2399 3712 12.

281 3726 355 3751 sraue
375 3733 434 3750 cum
450 3725 474 3749 se
488 3725 605 3763 ostendit.
642 3727 707 3751 Haec
720 3728 785 3753 Cels.
803 3734 826 3759 g,
845 3738 863 3755 ι,
933 3727 1055 3762 Duplices
1066 3724 1214 3751 maxillares
1239 3722 1359 3750 Plin.100
1368 3724 1461 3750 Mouet
1474 3723 1578 3749 dolores
1593 3724 1653 3749 dens
1674 3724 1745 3750 Idem
1759 3731 1785 3757 7,
1802 3732 1834 3749 12.
1904 3724 1973 3750 Μο11
1989 3724 2076 3750 dentes
2095 3720 2213 3747 Scribon.
2227 3726 2263 3753 58.
2330 3721 2397 3747 Plin.

282 3769 313 3801 11.
328 3767 366 3793 37.
420 3761 456 3784 De
470 3758 588 3800 dentibus
606 3759 707 3785 eboreis
720 3760 797 3793 eistat
809 3766 958 3798 epigramma
970 3761 1034 3798 apud
1047 3759 1162 3788 Martial.
1177 3767 1216 3790 14,
1251 3777 1258 3783 .
1298 3775 1304 3783 .
1370 3766 1401 3789 11,
1419 3766 1450 3792 37
1466 3758 1628 3784 Timarchus
1642 3759 1760 3784 Nicoclis
1775 3758 1843 3784 filius
1852 3759 1953 3793 Paphii,
1973 3759 2038 3785 duos
2050 3755 2153 3783 ordines
2174 3756 2266 3782 habuit
2281 3756 2399 3782 maxilla‘

282 3795 416 3827 hburnus,
432 3801 478 3833 pro
497 3792 593 3832 Pct‘ime
611 3794 697 3833 eburno
716 3796 804 3822 Claud.
825 3798 914 3830 Paneg.
934 3806 959 3829 2,
994 3817 1001 3824 .
1038 3817 1045 3823 .
1116 3794 1215 3822 Exserti
1239 3792 1305 3819 Plin.
1368 3801 1437 3819 rum.
1473 3794 1562 3819 Frater
1575 3794 1631 3818 eius
1645 3802 1698 3819 non
1713 3794 1828 3820 Mutauit
1841 3795 1986 3828 primores,
2005 3793 2115 3825 ideoque
2129 3792 2276 3825 praetriuit.
2340 3793 2398 3818 Mu·

285 3839 317 3861 11,
335 3837 376 3869 37.
434 3830 527 3861 ingui
556 3829 661 3854 baie-ton.
680 3837 708 3854 111
726 3831 828 3865 August.
852 3841 872 3857 c.
893 3835 935 3863 69.
1005 3831 1141 3866 Expolitus
1161 3828 1246 3855 Catul.
1267 3835 1297 3861 37
1369 3833 1457 3854 tantur
1470 3828 1556 3854 dentes
1571 3828 1674 3854 homini
1694 3828 1765 3854 Idem
1782 3838 1812 3861 11,
1828 3838 1865 3863 37.
1910 3830 2032 3857 Nascitur
2045 3826 2106 3852 dens
2125 3827 2192 3853 Cels.
2205 3835 2232 3861 7,
2246 3835 2281 3852 12.
2333 3827 2398 3853 Plin.

284 3865 340 3903 Feri
367 3865 468 3904 lueret.
489 3870 510 3895 5,
548 3882 554 3889 ,
592 3883 598 3888 .
634 3863 662 3888 dc
682 3865 768 3903 Api-ir.
838 3866 943 3892 Foetidi
964 3873 989 3893 et
1007 3867 1098 3894 cariofi
1129 3865 1196 3892 Plin.
1217 3872 1261 3895 32,
1281 3870 1306 3896 7-
1369 3872 1401 3894 11,
1422 3871 1460 3896 37.
1514 3863 1644 3889 Nituntur
1663 3863 1750 3890 dentes
1770 3865 1902 3891 radi-cibus
1933 3864 1997 3892 Cels.
2010 3868 2033 3893 8,
2049 3870 2067 3887 1·
2141 3862 2226 3888 Nocet
2238 3861 2359 3888 dentibus
2374 3869 2400 3888 et

282 3899 382 3924 Firmus
397 3898 440 3924 bil.
456 3906 493 3929 16,
529 3917 537 3924 .
572 3916 579 3921 .
648 3898 763 3925 Genuini
781 3901 836 3927 Cic.
851 3900 883 3927 de
896 3901 957 3927 Nat.
970 3902 1050 3929 Deor.
1063 3910 1086 3937 2,
1098 3910 1151 3935 134.
1187 3899 1253 3927 Plin.
1269 3905 1359 3932 11,.105
1368 3896 1483 3934 gingiuis
1497 3897 1599 3926 braffica
1615 3898 1682 3925 Plin.
1696 3907 1739 3931 20,
1755 3908 1781 3932 9.
1853 3901 1919 3928 Cels.
1934 3908 1958 3932 2,
1971 3906 1983 3926 1
2006 3897 2175 3932 Maximeque
2197 3897 2296 3924 caninis
2313 3897 2398 3924 denti-

2351 3932 2400 3958 bus
