<?xml version="1.0" encoding="UTF-8"?>
<!DOCTYPE html PUBLIC "-//W3C//DTD XHTML 1.0 Transitional//EN"
    "http://www.w3.org/TR/xhtml1/DTD/xhtml1-transitional.dtd">
<html xmlns="http://www.w3.org/1999/xhtml" xml:lang="en" lang="en">
 <head>
  <title>
</title>
<meta http-equiv="Content-Type" content="text/html;charset=utf-8" />
  <meta name='ocr-system' content='tesseract 3.04.00' />
  <meta name='ocr-capabilities' content='ocr_page ocr_carea ocr_par ocr_line ocrx_word'/>
</head>
<body>
  <div class='ocr_page' id='page_1' title='image "./novuslinguaeeter02gesn_0101.png"; bbox 0 0 2479 4225; ppageno 0'>
   <div class='ocr_carea' id='block_1_1' title="bbox 61 130 712 274">
    <p class='ocr_par' dir='ltr' id='par_1_1' title="bbox 61 130 712 274">
     <span class='ocr_line' id='line_1_1' title="bbox 646 130 672 168; baseline 0 0"><span class='ocrx_word' id='word_1_1' title='bbox 646 130 672 168; x_wconf 66' lang='lat'>0</span> 
     </span>
     <span class='ocr_line' id='line_1_2' title="bbox 61 216 712 274; baseline -0.002 -14"><span class='ocrx_word' id='word_1_2' title='bbox 61 216 128 274; x_wconf 73' lang='grc'>177</span> <span class='ocrx_word' id='word_1_3' title='bbox 447 218 484 260; x_wconf 91' lang='lat' dir='ltr'>D</span> <span class='ocrx_word' id='word_1_4' title='bbox 571 218 588 259; x_wconf 90' lang='lat' dir='ltr'>I</span> <span class='ocrx_word' id='word_1_5' title='bbox 675 216 712 259; x_wconf 90' lang='lat' dir='ltr'>L</span> 
     </span>
    </p>
   </div>
   <div class='ocr_carea' id='block_1_2' title="bbox 16 301 1093 1332">
    <p class='ocr_par' dir='ltr' id='par_1_2' title="bbox 16 301 1093 1332">
     <span class='ocr_line' id='line_1_3' title="bbox 58 301 1093 344; baseline -0.007 -7"><span class='ocrx_word' id='word_1_6' title='bbox 58 305 140 337; x_wconf 87' lang='lat' dir='ltr'>Ouid.</span> <span class='ocrx_word' id='word_1_7' title='bbox 155 302 278 337; x_wconf 81' lang='lat' dir='ltr'>exPouto</span> <span class='ocrx_word' id='word_1_8' title='bbox 290 318 318 343; x_wconf 89' lang='lat'>4,</span> <span class='ocrx_word' id='word_1_9' title='bbox 332 317 370 340; x_wconf 90' lang='lat'>10,</span> <span class='ocrx_word' id='word_1_10' title='bbox 383 309 414 336; x_wconf 66' lang='lat'>60</span> <span class='ocrx_word' id='word_1_11' title='bbox 435 308 510 342; x_wconf 85' lang='lat' dir='ltr'>Qiin</span> <span class='ocrx_word' id='word_1_12' title='bbox 523 307 602 334; x_wconf 83' lang='lat' dir='ltr'>etiam</span> <span class='ocrx_word' id='word_1_13' title='bbox 615 306 702 340; x_wconf 82' lang='lat' dir='ltr'>stagno</span> <span class='ocrx_word' id='word_1_14' title='bbox 715 303 816 344; x_wconf 79' lang='lat' dir='ltr'>fimilis,</span> <span class='ocrx_word' id='word_1_15' title='bbox 835 301 978 344; x_wconf 36' lang='lat' dir='ltr'>pigrae—que</span> <span class='ocrx_word' id='word_1_16' title='bbox 993 303 1093 338; x_wconf 83' lang='lat' dir='ltr'>paludi,</span> 
     </span>
     <span class='ocr_line' id='line_1_4' title="bbox 59 338 1092 381; baseline -0.005 -10"><span class='ocrx_word' id='word_1_17' title='bbox 59 345 199 372; x_wconf 82' lang='lat' dir='ltr'>Caeruleus</span> <span class='ocrx_word' id='word_1_18' title='bbox 211 346 257 372; x_wconf 87' lang='lat' dir='ltr'>vix</span> <span class='ocrx_word' id='word_1_19' title='bbox 272 346 324 377; x_wconf 86' lang='lat' dir='ltr'>est,</span> <span class='ocrx_word' id='word_1_20' title='bbox 349 344 515 378; x_wconf 85' lang='lat' dir='ltr'>diluiturque</span> <span class='ocrx_word' id='word_1_21' title='bbox 529 344 619 370; x_wconf 91' lang='lat' dir='ltr'>Color.</span> <span class='ocrx_word' id='word_1_22' title='bbox 647 357 659 381; x_wconf 64' lang='lat'>.‘</span> <span class='ocrx_word' id='word_1_23' title='bbox 689 340 796 366; x_wconf 79' lang='lat' dir='ltr'>Conmu</span> <span class='ocrx_word' id='word_1_24' title='bbox 813 345 888 365; x_wconf 65' lang='lat' dir='ltr'>aceto</span> <span class='ocrx_word' id='word_1_25' title='bbox 904 338 1019 380; x_wconf 78' lang='lat' dir='ltr'>dilutum</span> <span class='ocrx_word' id='word_1_26' title='bbox 1040 348 1092 372; x_wconf 74' lang='lat'>23²·</span> 
     </span>
     <span class='ocr_line' id='line_1_5' title="bbox 58 375 1091 414; baseline -0.006 -6"><span class='ocrx_word' id='word_1_27' title='bbox 58 380 176 408; x_wconf 83' lang='lat' dir='ltr'>Labores</span> <span class='ocrx_word' id='word_1_28' title='bbox 189 381 270 408; x_wconf 89' lang='lat' dir='ltr'>boum</span> <span class='ocrx_word' id='word_1_29' title='bbox 284 380 386 407; x_wconf 88' lang='lat' dir='ltr'>diluere</span> <span class='ocrx_word' id='word_1_30' title='bbox 400 380 501 414; x_wconf 84' lang='lat' dir='ltr'>ingenti</span> <span class='ocrx_word' id='word_1_31' title='bbox 514 379 603 414; x_wconf 82' lang='lat' dir='ltr'>pluuia</span> <span class='ocrx_word' id='word_1_32' title='bbox 620 377 693 409; x_wconf 88' lang='lat' dir='ltr'>Virg.</span> <span class='ocrx_word' id='word_1_33' title='bbox 709 375 806 408; x_wconf 78' lang='lat' dir='ltr'>Georg.</span> <span class='ocrx_word' id='word_1_34' title='bbox 824 383 844 407; x_wconf 89' lang='lat'>1,</span> <span class='ocrx_word' id='word_1_35' title='bbox 857 376 911 414; x_wconf 42' lang='lat'>3:¹6.</span> <span class='ocrx_word' id='word_1_36' title='bbox 981 375 1091 402; x_wconf 86' lang='lat' dir='ltr'>Nitrum</span> 
     </span>
     <span class='ocr_line' id='line_1_6' title="bbox 60 409 1090 448; baseline -0.007 -5"><span class='ocrx_word' id='word_1_37' title='bbox 60 421 132 443; x_wconf 86' lang='lat' dir='ltr'>aceto</span> <span class='ocrx_word' id='word_1_38' title='bbox 140 416 253 443; x_wconf 82' lang='lat' dir='ltr'>dilutum</span> <span class='ocrx_word' id='word_1_39' title='bbox 264 416 442 448; x_wconf 83' lang='lat' dir='ltr'>Scribon.198.</span> <span class='ocrx_word' id='word_1_40' title='bbox 479 415 532 442; x_wconf 87' lang='lat' dir='ltr'>Mel</span> <span class='ocrx_word' id='word_1_41' title='bbox 545 418 617 441; x_wconf 83' lang='lat' dir='ltr'>aceto</span> <span class='ocrx_word' id='word_1_42' title='bbox 629 410 743 436; x_wconf 80' lang='lat' dir='ltr'>dilutum</span> <span class='ocrx_word' id='word_1_43' title='bbox 758 412 817 435; x_wconf 87' lang='lat'>260.</span> <span class='ocrx_word' id='word_1_44' title='bbox 856 409 965 436; x_wconf 83' lang='lat' dir='ltr'>Diluere</span> <span class='ocrx_word' id='word_1_45' title='bbox 986 411 1090 437; x_wconf 87' lang='lat' dir='ltr'>lauacro</span> 
     </span>
     <span class='ocr_line' id='line_1_7' title="bbox 58 443 1090 486; baseline -0.006 -7"><span class='ocrx_word' id='word_1_46' title='bbox 58 451 241 486; x_wconf 79' lang='lat' dir='ltr'>fatigationem</span> <span class='ocrx_word' id='word_1_47' title='bbox 262 452 412 486; x_wconf 87' lang='lat' dir='ltr'>Apul.Met.</span> <span class='ocrx_word' id='word_1_48' title='bbox 430 459 442 483; x_wconf 77' lang='grc' dir='ltr'><em>ς</em></span> <span class='ocrx_word' id='word_1_49' title='bbox 457 460 480 485; x_wconf 86' lang='lat' dir='ltr'>p.</span> <span class='ocrx_word' id='word_1_50' title='bbox 491 453 545 482; x_wconf 84' lang='lat'>160,</span> <span class='ocrx_word' id='word_1_51' title='bbox 557 450 575 475; x_wconf 88' lang='lat'>6</span> <span class='ocrx_word' id='word_1_52' title='bbox 586 448 652 485; x_wconf 59' lang='lat' dir='ltr'>Hm:</span> <span class='ocrx_word' id='word_1_53' title='bbox 695 444 803 471; x_wconf 64' lang='lat' dir='ltr'>Pthora</span> <span class='ocrx_word' id='word_1_54' title='bbox 816 443 895 471; x_wconf 85' lang='lat' dir='ltr'>sudor</span> <span class='ocrx_word' id='word_1_55' title='bbox 907 445 1020 473; x_wconf 80' lang='lat' dir='ltr'>diluerat</span> <span class='ocrx_word' id='word_1_56' title='bbox 1041 447 1090 472; x_wconf 84' lang='lat' dir='ltr'>Va—</span> 
     </span>
     <span class='ocr_line' id='line_1_8' title="bbox 56 479 1090 522; baseline -0.004 -10"><span class='ocrx_word' id='word_1_57' title='bbox 56 486 105 513; x_wconf 80' lang='lat' dir='ltr'>ler.</span> <span class='ocrx_word' id='word_1_58' title='bbox 119 487 217 522; x_wconf 85' lang='lat' dir='ltr'>Argon.</span> <span class='ocrx_word' id='word_1_59' title='bbox 233 497 255 520; x_wconf 79' lang='grc'>3,</span> <span class='ocrx_word' id='word_1_60' title='bbox 269 495 323 522; x_wconf 77' lang='lat'>537.</span> <span class='ocrx_word' id='word_1_61' title='bbox 380 486 458 512; x_wconf 88' lang='lat' dir='ltr'>Vlcus</span> <span class='ocrx_word' id='word_1_62' title='bbox 471 486 580 515; x_wconf 79' lang='lat' dir='ltr'>diluitur</span> <span class='ocrx_word' id='word_1_63' title='bbox 599 479 719 507; x_wconf 85' lang='lat' dir='ltr'>Scribon.</span> <span class='ocrx_word' id='word_1_64' title='bbox 733 489 770 512; x_wconf 84' lang='lat'>23.</span> <span class='ocrx_word' id='word_1_65' title='bbox 829 481 863 506; x_wconf 89' lang='lat' dir='ltr'>Vt</span> <span class='ocrx_word' id='word_1_66' title='bbox 882 481 967 507; x_wconf 67' lang='lat' dir='ltr'>fiii-cns</span> <span class='ocrx_word' id='word_1_67' title='bbox 987 481 1090 508; x_wconf 85' lang='lat' dir='ltr'>diluun-</span> 
     </span>
     <span class='ocr_line' id='line_1_9' title="bbox 56 515 1089 556; baseline -0.004 -9"><span class='ocrx_word' id='word_1_68' title='bbox 56 527 101 548; x_wconf 78' lang='lat' dir='ltr'>tur</span> <span class='ocrx_word' id='word_1_69' title='bbox 120 530 156 549; x_wconf 89' lang='lat'>21.</span> <span class='ocrx_word' id='word_1_70' title='bbox 228 523 354 554; x_wconf 86' lang='lat' dir='ltr'>Diluere,</span> <span class='ocrx_word' id='word_1_71' title='bbox 382 522 417 548; x_wconf 87' lang='lat' dir='ltr'>est</span> <span class='ocrx_word' id='word_1_72' title='bbox 436 523 535 556; x_wconf 83' lang='lat' dir='ltr'>Aquam</span> <span class='ocrx_word' id='word_1_73' title='bbox 553 517 595 544; x_wconf 90' lang='lat' dir='ltr'>vel</span> <span class='ocrx_word' id='word_1_74' title='bbox 618 516 700 542; x_wconf 87' lang='lat' dir='ltr'>alium</span> <span class='ocrx_word' id='word_1_75' title='bbox 714 515 846 550; x_wconf 80' lang='lat' dir='ltr'><strong>liquorem</strong></span> <span class='ocrx_word' id='word_1_76' title='bbox 866 518 987 543; x_wconf 82' lang='lat' dir='ltr'>miscere:</span> <span class='ocrx_word' id='word_1_77' title='bbox 1015 518 1089 552; x_wconf 86' lang='lat' dir='ltr'>Virg.</span> 
     </span>
     <span class='ocr_line' id='line_1_10' title="bbox 56 550 1090 592; baseline -0.002 -11"><span class='ocrx_word' id='word_1_78' title='bbox 56 556 154 591; x_wconf 82' lang='lat' dir='ltr'>Georg.</span> <span class='ocrx_word' id='word_1_79' title='bbox 175 566 195 592; x_wconf 75' lang='lat'>1,</span> <span class='ocrx_word' id='word_1_80' title='bbox 214 567 265 592; x_wconf 82' lang='lat'>344</span> <span class='ocrx_word' id='word_1_81' title='bbox 301 558 400 584; x_wconf 61' lang='lat' dir='ltr'>Cunfh:</span> <span class='ocrx_word' id='word_1_82' title='bbox 420 558 470 584; x_wconf 79' lang='lat' dir='ltr'>tibi</span> <span class='ocrx_word' id='word_1_83' title='bbox 488 556 609 583; x_wconf 85' lang='lat' dir='ltr'>Cererem</span> <span class='ocrx_word' id='word_1_84' title='bbox 630 550 711 585; x_wconf 78' lang='lat' dir='ltr'>pubes</span> <span class='ocrx_word' id='word_1_85' title='bbox 730 551 836 585; x_wconf 82' lang='lat' dir='ltr'>agrestis</span> <span class='ocrx_word' id='word_1_86' title='bbox 855 551 961 579; x_wconf 86' lang='lat' dir='ltr'>adoret:</span> <span class='ocrx_word' id='word_1_87' title='bbox 997 553 1049 579; x_wconf 89' lang='lat' dir='ltr'>Cui</span> <span class='ocrx_word' id='word_1_88' title='bbox 1063 559 1090 579; x_wconf 93' lang='lat' dir='ltr'>tu</span> 
     </span>
     <span class='ocr_line' id='line_1_11' title="bbox 57 586 1090 626; baseline -0.004 -7"><span class='ocrx_word' id='word_1_89' title='bbox 57 591 125 619; x_wconf 68' lang='lat' dir='ltr'>lacte</span> <span class='ocrx_word' id='word_1_90' title='bbox 138 593 228 626; x_wconf 78' lang='lat' dir='ltr'>fauos,</span> <span class='ocrx_word' id='word_1_91' title='bbox 247 598 273 620; x_wconf 91' lang='lat' dir='ltr'>et</span> <span class='ocrx_word' id='word_1_92' title='bbox 286 593 347 619; x_wconf 90' lang='lat' dir='ltr'>miti</span> <span class='ocrx_word' id='word_1_93' title='bbox 368 593 438 619; x_wconf 84' lang='lat' dir='ltr'>dilue</span> <span class='ocrx_word' id='word_1_94' title='bbox 460 589 566 618; x_wconf 83' lang='lat' dir='ltr'>Baccho.</span> <span class='ocrx_word' id='word_1_95' title='bbox 603 589 620 613; x_wconf 86' lang='lat' dir='ltr'>i.</span> <span class='ocrx_word' id='word_1_96' title='bbox 640 587 691 626; x_wconf 76' lang='lat' dir='ltr'>Cui</span> <span class='ocrx_word' id='word_1_97' title='bbox 704 592 732 613; x_wconf 90' lang='lat' dir='ltr'>tu</span> <span class='ocrx_word' id='word_1_98' title='bbox 745 586 799 612; x_wconf 88' lang='lat' dir='ltr'>liba</span> <span class='ocrx_word' id='word_1_99' title='bbox 812 586 844 612; x_wconf 85' lang='lat' dir='ltr'>de</span> <span class='ocrx_word' id='word_1_100' title='bbox 855 587 936 620; x_wconf 70' lang='lat' dir='ltr'>lacte,</span> <span class='ocrx_word' id='word_1_101' title='bbox 953 588 1045 620; x_wconf 84' lang='lat' dir='ltr'>melle,</span> <span class='ocrx_word' id='word_1_102' title='bbox 1065 595 1090 615; x_wconf 90' lang='lat' dir='ltr'>et</span> 
     </span>
     <span class='ocr_line' id='line_1_12' title="bbox 25 621 1088 659; baseline 0.003 -12"><span class='ocrx_word' id='word_1_103' title='bbox 25 652 26 657; x_wconf 15' lang='grc' dir='ltr'><strong>Ἰ</strong></span> <span class='ocrx_word' id='word_1_104' title='bbox 57 627 132 654; x_wconf 72' lang='lat' dir='ltr'>vino,</span> <span class='ocrx_word' id='word_1_105' title='bbox 170 629 283 656; x_wconf 67' lang='lat' dir='ltr'>Seruius,</span> <span class='ocrx_word' id='word_1_106' title='bbox 341 630 370 655; x_wconf 73' lang='lat' dir='ltr'>Et</span> <span class='ocrx_word' id='word_1_107' title='bbox 388 628 454 655; x_wconf 80' lang='lat' dir='ltr'>pers.</span> <span class='ocrx_word' id='word_1_108' title='bbox 472 633 494 659; x_wconf 81' lang='grc' dir='ltr'>ς,</span> <span class='ocrx_word' id='word_1_109' title='bbox 517 633 563 650; x_wconf 94' lang='lat'>100</span> <span class='ocrx_word' id='word_1_110' title='bbox 596 622 683 648; x_wconf 85' lang='lat' dir='ltr'>Diluis</span> <span class='ocrx_word' id='word_1_111' title='bbox 704 621 885 655; x_wconf 79' lang='lat' dir='ltr'>helleborum,</span> <span class='ocrx_word' id='word_1_112' title='bbox 906 623 987 653; x_wconf 78' lang='lat' dir='ltr'>dixit,</span> <span class='ocrx_word' id='word_1_113' title='bbox 1001 630 1050 659; x_wconf 80' lang='lat' dir='ltr'>pro</span> <span class='ocrx_word' id='word_1_114' title='bbox 1065 633 1088 650; x_wconf 80' lang='lat' dir='ltr'>eo</span> 
     </span>
     <span class='ocr_line' id='line_1_13' title="bbox 73 658 1090 697; baseline -0.012 0"><span class='ocrx_word' id='word_1_115' title='bbox 73 663 120 689; x_wconf 60' lang='lat'>“⁰11</span> <span class='ocrx_word' id='word_1_116' title='bbox 132 661 178 696; x_wconf 57' lang='lat' dir='ltr'>(ft,</span> <span class='ocrx_word' id='word_1_117' title='bbox 196 664 385 692; x_wconf 74' lang='lat' dir='ltr'>Medicamentis</span> <span class='ocrx_word' id='word_1_118' title='bbox 397 669 522 696; x_wconf 69' lang='lat' dir='ltr'>temperas.</span> <span class='ocrx_word' id='word_1_119' title='bbox 568 658 634 684; x_wconf 88' lang='lat' dir='ltr'>Plin.</span> <span class='ocrx_word' id='word_1_120' title='bbox 647 666 694 692; x_wconf 82' lang='lat'>34,</span> <span class='ocrx_word' id='word_1_121' title='bbox 708 666 744 683; x_wconf 74' lang='lat'>12.</span> <span class='ocrx_word' id='word_1_122' title='bbox 800 659 875 692; x_wconf 90' lang='lat' dir='ltr'>Aqua</span> <span class='ocrx_word' id='word_1_123' title='bbox 888 658 1003 697; x_wconf 82' lang='lat' dir='ltr'>dilutum</span> <span class='ocrx_word' id='word_1_124' title='bbox 1024 660 1090 685; x_wconf 84' lang='lat' dir='ltr'>Scri-</span> 
     </span>
     <span class='ocr_line' id='line_1_14' title="bbox 54 671 1088 729; baseline -0.004 -4"><span class='ocrx_word' id='word_1_125' title='bbox 54 671 119 725; x_wconf 55' lang='lat' dir='ltr'>bon.</span> <span class='ocrx_word' id='word_1_126' title='bbox 139 701 156 725; x_wconf 87' lang='lat'>6</span> <span class='ocrx_word' id='word_1_127' title='bbox 176 719 182 725; x_wconf 92' lang='lat'>.</span> <span class='ocrx_word' id='word_1_128' title='bbox 253 699 351 726; x_wconf 84' lang='lat' dir='ltr'>Pastilli</span> <span class='ocrx_word' id='word_1_129' title='bbox 366 698 500 724; x_wconf 88' lang='lat' dir='ltr'>diluuntur</span> <span class='ocrx_word' id='word_1_130' title='bbox 519 703 587 729; x_wconf 84' lang='lat' dir='ltr'>aqua</span> <span class='ocrx_word' id='word_1_131' title='bbox 608 698 664 726; x_wconf 79' lang='lat'>248.</span> <span class='ocrx_word' id='word_1_132' title='bbox 734 693 812 720; x_wconf 85' lang='lat' dir='ltr'>Laser</span> <span class='ocrx_word' id='word_1_133' title='bbox 826 702 893 728; x_wconf 82' lang='lat' dir='ltr'>aqua</span> <span class='ocrx_word' id='word_1_134' title='bbox 911 693 1025 720; x_wconf 87' lang='lat' dir='ltr'>dilutum</span> <span class='ocrx_word' id='word_1_135' title='bbox 1046 697 1088 729; x_wconf 82' lang='lat'>67.</span> 
     </span>
     <span class='ocr_line' id='line_1_15' title="bbox 55 728 1088 769; baseline -0.001 -9"><span class='ocrx_word' id='word_1_136' title='bbox 55 734 136 761; x_wconf 67' lang='lat' dir='ltr'>Lacte</span> <span class='ocrx_word' id='word_1_137' title='bbox 170 734 264 761; x_wconf 89' lang='lat' dir='ltr'>ilutum</span> <span class='ocrx_word' id='word_1_138' title='bbox 278 736 368 769; x_wconf 88' lang='lat' dir='ltr'>opium</span> <span class='ocrx_word' id='word_1_139' title='bbox 383 737 429 765; x_wconf 78' lang='lat'>158.</span> <span class='ocrx_word' id='word_1_140' title='bbox 501 730 570 756; x_wconf 61' lang='lat'>0¹20</span> <span class='ocrx_word' id='word_1_141' title='bbox 583 728 685 755; x_wconf 67' lang='lat' dir='ltr'>diluere</span> <span class='ocrx_word' id='word_1_142' title='bbox 698 730 757 755; x_wconf 80' lang='lat'>262·</span> <span class='ocrx_word' id='word_1_143' title='bbox 828 730 1012 764; x_wconf 68' lang='grc' dir='ltr'>ΟΡΟΡῦΠᾶΕΕΗῐ</span> <span class='ocrx_word' id='word_1_144' title='bbox 1027 730 1088 756; x_wconf 77' lang='lat' dir='ltr'>oleo</span> 
     </span>
     <span class='ocr_line' id='line_1_16' title="bbox 49 763 1089 805; baseline -0.007 -7"><span class='ocrx_word' id='word_1_145' title='bbox 49 768 159 796; x_wconf 60' lang='lat' dir='ltr'>rdiluere</span> <span class='ocrx_word' id='word_1_146' title='bbox 180 778 241 805; x_wconf 83' lang='lat'>207.</span> <span class='ocrx_word' id='word_1_147' title='bbox 255 773 312 803; x_wconf 85' lang='lat'>263.</span> <span class='ocrx_word' id='word_1_148' title='bbox 381 765 553 801; x_wconf 86' lang='lat' dir='ltr'>Emplastrum</span> <span class='ocrx_word' id='word_1_149' title='bbox 572 764 632 790; x_wconf 89' lang='lat' dir='ltr'>oleo</span> <span class='ocrx_word' id='word_1_150' title='bbox 652 763 767 791; x_wconf 75' lang='lat' dir='ltr'>dilutum</span> <span class='ocrx_word' id='word_1_151' title='bbox 786 766 847 790; x_wconf 84' lang='lat'>206.</span> <span class='ocrx_word' id='word_1_152' title='bbox 920 763 987 791; x_wconf 82' lang='lat' dir='ltr'>Rosa</span> <span class='ocrx_word' id='word_1_153' title='bbox 1007 765 1089 792; x_wconf 85' lang='lat' dir='ltr'>diluta</span> 
     </span>
     <span class='ocr_line' id='line_1_17' title="bbox 55 800 1091 838; baseline -0.004 -7"><span class='ocrx_word' id='word_1_154' title='bbox 55 803 161 831; x_wconf 82' lang='lat' dir='ltr'>basilice</span> <span class='ocrx_word' id='word_1_155' title='bbox 181 811 230 838; x_wconf 74' lang='lat'>238,</span> <span class='ocrx_word' id='word_1_156' title='bbox 301 802 469 837; x_wconf 83' lang='lat' dir='ltr'>Emplastrum</span> <span class='ocrx_word' id='word_1_157' title='bbox 489 801 548 827; x_wconf 87' lang='lat' dir='ltr'>rosa</span> <span class='ocrx_word' id='word_1_158' title='bbox 560 800 673 827; x_wconf 88' lang='lat' dir='ltr'>dilutum</span> <span class='ocrx_word' id='word_1_159' title='bbox 688 802 744 825; x_wconf 87' lang='lat'>206.</span> <span class='ocrx_word' id='word_1_160' title='bbox 759 808 814 825; x_wconf 86' lang='lat'>210.</span> <span class='ocrx_word' id='word_1_161' title='bbox 829 807 884 825; x_wconf 81' lang='lat'>220.</span> <span class='ocrx_word' id='word_1_162' title='bbox 958 800 1039 827; x_wconf 87' lang='lat' dir='ltr'>Succo</span> <span class='ocrx_word' id='word_1_163' title='bbox 1053 800 1091 827; x_wconf 92' lang='lat' dir='ltr'>di-</span> 
     </span>
     <span class='ocr_line' id='line_1_18' title="bbox 54 833 1092 874; baseline -0.002 -9"><span class='ocrx_word' id='word_1_164' title='bbox 54 839 110 866; x_wconf 89' lang='lat' dir='ltr'>luta</span> <span class='ocrx_word' id='word_1_165' title='bbox 124 846 193 867; x_wconf 84' lang='lat' dir='ltr'>creta</span> <span class='ocrx_word' id='word_1_166' title='bbox 208 848 266 874; x_wconf 75' lang='lat'>245.</span> <span class='ocrx_word' id='word_1_167' title='bbox 321 839 388 865; x_wconf 87' lang='lat' dir='ltr'>Vino</span> <span class='ocrx_word' id='word_1_168' title='bbox 406 836 473 863; x_wconf 90' lang='lat' dir='ltr'>dilui</span> <span class='ocrx_word' id='word_1_169' title='bbox 486 839 547 869; x_wconf 84' lang='lat'>246.</span> <span class='ocrx_word' id='word_1_170' title='bbox 618 836 685 862; x_wconf 89' lang='lat' dir='ltr'>Cum</span> <span class='ocrx_word' id='word_1_171' title='bbox 699 840 773 861; x_wconf 86' lang='lat' dir='ltr'>aceto</span> <span class='ocrx_word' id='word_1_172' title='bbox 787 833 902 861; x_wconf 87' lang='lat' dir='ltr'>dilutum</span> <span class='ocrx_word' id='word_1_173' title='bbox 917 840 968 868; x_wconf 80' lang='lat'>198.</span> <span class='ocrx_word' id='word_1_174' title='bbox 1023 837 1092 863; x_wconf 88' lang='lat' dir='ltr'>Cum</span> 
     </span>
     <span class='ocr_line' id='line_1_19' title="bbox 52 869 1092 906; baseline -0.003 -5"><span class='ocrx_word' id='word_1_175' title='bbox 52 881 127 901; x_wconf 83' lang='lat' dir='ltr'>aceto</span> <span class='ocrx_word' id='word_1_176' title='bbox 146 876 197 902; x_wconf 90' lang='lat' dir='ltr'>mel</span> <span class='ocrx_word' id='word_1_177' title='bbox 217 876 329 902; x_wconf 85' lang='lat' dir='ltr'>dilutum</span> <span class='ocrx_word' id='word_1_178' title='bbox 350 877 400 906; x_wconf 84' lang='lat'>198.</span> <span class='ocrx_word' id='word_1_179' title='bbox 456 873 524 898; x_wconf 85' lang='lat' dir='ltr'>Cum</span> <span class='ocrx_word' id='word_1_180' title='bbox 541 871 590 898; x_wconf 89' lang='lat' dir='ltr'>oui</span> <span class='ocrx_word' id='word_1_181' title='bbox 609 871 672 897; x_wconf 89' lang='lat' dir='ltr'>albo</span> <span class='ocrx_word' id='word_1_182' title='bbox 694 869 809 896; x_wconf 88' lang='lat' dir='ltr'>dilutum</span> <span class='ocrx_word' id='word_1_183' title='bbox 831 872 874 896; x_wconf 87' lang='lat'>26.</span> <span class='ocrx_word' id='word_1_184' title='bbox 928 872 996 897; x_wconf 90' lang='lat' dir='ltr'>Cum</span> <span class='ocrx_word' id='word_1_185' title='bbox 1015 872 1092 898; x_wconf 82' lang='lat' dir='ltr'>melle</span> 
     </span>
     <span class='ocr_line' id='line_1_20' title="bbox 16 905 1091 942; baseline -0.002 -7"><span class='ocrx_word' id='word_1_186' title='bbox 16 913 23 921; x_wconf 90' lang='grc'><em>·</em></span> <span class='ocrx_word' id='word_1_187' title='bbox 55 917 159 937; x_wconf 73' lang='lat' dir='ltr'>accrum</span> <span class='ocrx_word' id='word_1_188' title='bbox 172 912 282 938; x_wconf 76' lang='lat' dir='ltr'>dilutum</span> <span class='ocrx_word' id='word_1_189' title='bbox 295 913 342 942; x_wconf 77' lang='lat'>158.</span> <span class='ocrx_word' id='word_1_190' title='bbox 413 908 449 933; x_wconf 86' lang='lat' dir='ltr'>Ex</span> <span class='ocrx_word' id='word_1_191' title='bbox 462 913 536 933; x_wconf 88' lang='lat' dir='ltr'>aceto</span> <span class='ocrx_word' id='word_1_192' title='bbox 555 905 670 933; x_wconf 89' lang='lat' dir='ltr'>dilutum</span> <span class='ocrx_word' id='word_1_193' title='bbox 688 905 827 933; x_wconf 82' lang='lat' dir='ltr'>elaterium</span> <span class='ocrx_word' id='word_1_194' title='bbox 847 913 905 940; x_wconf 81' lang='lat'>224.</span> <span class='ocrx_word' id='word_1_195' title='bbox 976 908 1013 933; x_wconf 87' lang='lat' dir='ltr'>Ex</span> <span class='ocrx_word' id='word_1_196' title='bbox 1025 916 1091 942; x_wconf 89' lang='lat' dir='ltr'>aqua</span> 
     </span>
     <span class='ocr_line' id='line_1_21' title="bbox 53 940 1090 982; baseline -0.004 -10"><span class='ocrx_word' id='word_1_197' title='bbox 53 946 123 972; x_wconf 89' lang='lat' dir='ltr'>dilui</span> <span class='ocrx_word' id='word_1_198' title='bbox 140 955 202 982; x_wconf 85' lang='lat'>247.</span> <span class='ocrx_word' id='word_1_199' title='bbox 270 944 389 971; x_wconf 87' lang='lat' dir='ltr'>Dilutum</span> <span class='ocrx_word' id='word_1_200' title='bbox 404 942 497 969; x_wconf 83' lang='lat' dir='ltr'>bibere</span> <span class='ocrx_word' id='word_1_201' title='bbox 512 942 630 969; x_wconf 85' lang='lat' dir='ltr'>Scribon.</span> <span class='ocrx_word' id='word_1_202' title='bbox 646 950 679 975; x_wconf 80' lang='grc' dir='ltr'>ις.</span> <span class='ocrx_word' id='word_1_203' title='bbox 748 940 829 967; x_wconf 80' lang='lat' dir='ltr'>Ouid.</span> <span class='ocrx_word' id='word_1_204' title='bbox 847 950 878 967; x_wconf 81' lang='lat' dir='ltr'>ex</span> <span class='ocrx_word' id='word_1_205' title='bbox 889 942 973 968; x_wconf 85' lang='lat' dir='ltr'>Ponto</span> <span class='ocrx_word' id='word_1_206' title='bbox 982 951 999 973; x_wconf 86' lang='lat' dir='ltr'>i,</span> <span class='ocrx_word' id='word_1_207' title='bbox 1014 952 1050 977; x_wconf 67' lang='grc' dir='ltr'>ιω,</span> <span class='ocrx_word' id='word_1_208' title='bbox 1063 952 1090 975; x_wconf 79' lang='lat'>53</span> 
     </span>
     <span class='ocr_line' id='line_1_22' title="bbox 54 976 739 1012; baseline -0.007 -4"><span class='ocrx_word' id='word_1_209' title='bbox 54 982 141 1008; x_wconf 85' lang='lat' dir='ltr'>Diluit</span> <span class='ocrx_word' id='word_1_210' title='bbox 155 988 180 1010; x_wconf 87' lang='lat' dir='ltr'>et</span> <span class='ocrx_word' id='word_1_211' title='bbox 198 979 310 1008; x_wconf 76' lang='lat' dir='ltr'><strong>lacrimis</strong></span> <span class='ocrx_word' id='word_1_212' title='bbox 327 986 447 1007; x_wconf 88' lang='lat' dir='ltr'>moerens</span> <span class='ocrx_word' id='word_1_213' title='bbox 462 980 599 1012; x_wconf 86' lang='lat' dir='ltr'>Vnguenta</span> <span class='ocrx_word' id='word_1_214' title='bbox 619 976 739 1012; x_wconf 80' lang='lat' dir='ltr'>profufis.</span> 
     </span>
     <span class='ocr_line' id='line_1_23' title="bbox 55 1009 1091 1052; baseline -0.003 -9"><span class='ocrx_word' id='word_1_215' title='bbox 55 1017 171 1052; x_wconf 78' lang='lat' dir='ltr'>pastillos</span> <span class='ocrx_word' id='word_1_216' title='bbox 186 1013 251 1044; x_wconf 75' lang='lat' dir='ltr'>Pliri.</span> <span class='ocrx_word' id='word_1_217' title='bbox 263 1022 303 1048; x_wconf 62' lang='grc' dir='ltr'>ις,</span> <span class='ocrx_word' id='word_1_218' title='bbox 317 1022 352 1041; x_wconf 84' lang='lat'>12.</span> <span class='ocrx_word' id='word_1_219' title='bbox 372 1013 497 1049; x_wconf 79' lang='lat' dir='ltr'>adfinem.</span> <span class='ocrx_word' id='word_1_220' title='bbox 693 1009 714 1048; x_wconf 56' lang='lat' dir='ltr'>fl</span> <span class='ocrx_word' id='word_1_221' title='bbox 736 1020 752 1037; x_wconf 78' lang='lat'>2</span> <span class='ocrx_word' id='word_1_222' title='bbox 772 1012 829 1038; x_wconf 90' lang='lat' dir='ltr'>Cum</span> <span class='ocrx_word' id='word_1_223' title='bbox 843 1012 955 1039; x_wconf 75' lang='lat' dir='ltr'>diluendo</span> <span class='ocrx_word' id='word_1_224' title='bbox 961 1014 1091 1050; x_wconf 66' lang='lat' dir='ltr'>frangam</span> 
     </span>
     <span class='ocr_line' id='line_1_24' title="bbox 51 1048 1093 1088; baseline -0.004 -9"><span class='ocrx_word' id='word_1_225' title='bbox 51 1059 96 1079; x_wconf 80' lang='lat' dir='ltr'>tur</span> <span class='ocrx_word' id='word_1_226' title='bbox 108 1059 132 1079; x_wconf 81' lang='lat' dir='ltr'>ct</span> <span class='ocrx_word' id='word_1_227' title='bbox 155 1059 238 1088; x_wconf 79' lang='lat' dir='ltr'>apores</span> <span class='ocrx_word' id='word_1_228' title='bbox 249 1050 453 1081; x_wconf 72' lang='lat' dir='ltr'>vehementiores,</span> <span class='ocrx_word' id='word_1_229' title='bbox 473 1055 497 1075; x_wconf 82' lang='lat' dir='ltr'>et</span> <span class='ocrx_word' id='word_1_230' title='bbox 509 1048 658 1084; x_wconf 72' lang='lat' dir='ltr'>auferantur</span> <span class='ocrx_word' id='word_1_231' title='bbox 679 1048 803 1079; x_wconf 77' lang='lat' dir='ltr'>maculae,</span> <span class='ocrx_word' id='word_1_232' title='bbox 823 1049 959 1084; x_wconf 78' lang='lat' dir='ltr'>coloresque</span> <span class='ocrx_word' id='word_1_233' title='bbox 976 1059 1003 1075; x_wconf 72' lang='lat' dir='ltr'>ex</span> <span class='ocrx_word' id='word_1_234' title='bbox 1017 1048 1093 1082; x_wconf 48' lang='grc' dir='ltr'><em>,ιιι-[ἰε-</em></span> 
     </span>
     <span class='ocr_line' id='line_1_25' title="bbox 51 1081 1093 1123; baseline -0.004 -8"><span class='ocrx_word' id='word_1_235' title='bbox 51 1087 165 1123; x_wconf 81' lang='lat' dir='ltr'>risfiant</span> <span class='ocrx_word' id='word_1_236' title='bbox 177 1089 301 1118; x_wconf 84' lang='lat' dir='ltr'>mitiores,</span> <span class='ocrx_word' id='word_1_237' title='bbox 317 1085 375 1112; x_wconf 81' lang='lat' dir='ltr'>hinc</span> <span class='ocrx_word' id='word_1_238' title='bbox 387 1087 473 1111; x_wconf 74' lang='lat' dir='ltr'>variae</span> <span class='ocrx_word' id='word_1_239' title='bbox 487 1084 666 1110; x_wconf 73' lang='lat' dir='ltr'>translationes</span> <span class='ocrx_word' id='word_1_240' title='bbox 677 1081 826 1117; x_wconf 79' lang='lat' dir='ltr'>ortaesimt,</span> <span class='ocrx_word' id='word_1_241' title='bbox 844 1083 887 1109; x_wconf 84' lang='lat' dir='ltr'>vbi</span> <span class='ocrx_word' id='word_1_242' title='bbox 899 1084 928 1110; x_wconf 86' lang='lat' dir='ltr'>de</span> <span class='ocrx_word' id='word_1_243' title='bbox 939 1084 1093 1120; x_wconf 66' lang='lat' dir='ltr'>refellendis,</span> 
     </span>
     <span class='ocr_line' id='line_1_26' title="bbox 52 1116 1090 1159; baseline -0.002 -11"><span class='ocrx_word' id='word_1_244' title='bbox 52 1131 118 1150; x_wconf 72' lang='lat' dir='ltr'>certe</span> <span class='ocrx_word' id='word_1_245' title='bbox 128 1120 284 1159; x_wconf 79' lang='lat' dir='ltr'>infirmandis</span> <span class='ocrx_word' id='word_1_246' title='bbox 295 1120 440 1147; x_wconf 78' lang='lat' dir='ltr'>criminibus</span> <span class='ocrx_word' id='word_1_247' title='bbox 456 1120 497 1146; x_wconf 81' lang='lat' dir='ltr'>vel</span> <span class='ocrx_word' id='word_1_248' title='bbox 514 1116 688 1145; x_wconf 68' lang='lat' dir='ltr'>obieftionibus</span> <span class='ocrx_word' id='word_1_249' title='bbox 705 1119 765 1144; x_wconf 84' lang='lat' dir='ltr'>aliis</span> <span class='ocrx_word' id='word_1_250' title='bbox 777 1118 860 1154; x_wconf 72' lang='lat' dir='ltr'>firmo</span> <span class='ocrx_word' id='word_1_251' title='bbox 873 1117 915 1152; x_wconf 75' lang='lat' dir='ltr'>est.</span> <span class='ocrx_word' id='word_1_252' title='bbox 968 1120 1025 1147; x_wconf 88' lang='lat' dir='ltr'>Cic.</span> <span class='ocrx_word' id='word_1_253' title='bbox 1040 1129 1090 1156; x_wconf 88' lang='lat' dir='ltr'>pro</span> 
     </span>
     <span class='ocr_line' id='line_1_27' title="bbox 52 1152 935 1190; baseline -0.005 -5"><span class='ocrx_word' id='word_1_254' title='bbox 52 1159 154 1185; x_wconf 89' lang='lat' dir='ltr'>Cluent.</span> <span class='ocrx_word' id='word_1_255' title='bbox 167 1159 184 1184; x_wconf 91' lang='lat'><em>6</em></span> <span class='ocrx_word' id='word_1_256' title='bbox 213 1158 303 1190; x_wconf 79' lang='lat' dir='ltr'>Quini</span> <span class='ocrx_word' id='word_1_257' title='bbox 323 1164 373 1190; x_wconf 84' lang='lat' dir='ltr'>ego</span> <span class='ocrx_word' id='word_1_258' title='bbox 388 1162 545 1190; x_wconf 88' lang='lat' dir='ltr'>vnaquaque</span> <span class='ocrx_word' id='word_1_259' title='bbox 565 1153 598 1179; x_wconf 89' lang='lat' dir='ltr'>de</span> <span class='ocrx_word' id='word_1_260' title='bbox 616 1161 644 1179; x_wconf 87' lang='lat' dir='ltr'>re</span> <span class='ocrx_word' id='word_1_261' title='bbox 665 1152 766 1186; x_wconf 86' lang='lat' dir='ltr'>dicam,</span> <span class='ocrx_word' id='word_1_262' title='bbox 787 1160 813 1180; x_wconf 86' lang='lat' dir='ltr'>et</span> <span class='ocrx_word' id='word_1_263' title='bbox 825 1153 935 1181; x_wconf 87' lang='lat' dir='ltr'>diluam.</span> 
     </span>
     <span class='ocr_line' id='line_1_28' title="bbox 53 1187 1089 1227; baseline -0.002 -7"><span class='ocrx_word' id='word_1_264' title='bbox 53 1193 86 1220; x_wconf 85' lang='lat' dir='ltr'>de</span> <span class='ocrx_word' id='word_1_265' title='bbox 97 1193 158 1221; x_wconf 81' lang='lat' dir='ltr'>Arte</span> <span class='ocrx_word' id='word_1_266' title='bbox 166 1193 223 1219; x_wconf 78' lang='lat' dir='ltr'>Am.</span> <span class='ocrx_word' id='word_1_267' title='bbox 236 1201 256 1224; x_wconf 89' lang='lat'>1,</span> <span class='ocrx_word' id='word_1_268' title='bbox 269 1196 314 1224; x_wconf 80' lang='lat'>238</span> <span class='ocrx_word' id='word_1_269' title='bbox 338 1192 409 1218; x_wconf 89' lang='lat' dir='ltr'>Cura</span> <span class='ocrx_word' id='word_1_270' title='bbox 422 1189 506 1225; x_wconf 83' lang='lat' dir='ltr'>fugit,</span> <span class='ocrx_word' id='word_1_271' title='bbox 526 1189 610 1215; x_wconf 92' lang='lat' dir='ltr'>multo</span> <span class='ocrx_word' id='word_1_272' title='bbox 624 1187 791 1224; x_wconf 80' lang='lat' dir='ltr'>diluiturque</span> <span class='ocrx_word' id='word_1_273' title='bbox 810 1199 894 1216; x_wconf 88' lang='lat' dir='ltr'>mero.</span> <span class='ocrx_word' id='word_1_274' title='bbox 929 1193 948 1217; x_wconf 84' lang='lat' dir='ltr'>i.</span> <span class='ocrx_word' id='word_1_275' title='bbox 962 1192 1089 1227; x_wconf 81' lang='lat' dir='ltr'>Aufertur</span> 
     </span>
     <span class='ocr_line' id='line_1_29' title="bbox 50 1224 1088 1260; baseline -0.001 -5"><span class='ocrx_word' id='word_1_276' title='bbox 50 1235 75 1256; x_wconf 84' lang='lat' dir='ltr'>et</span> <span class='ocrx_word' id='word_1_277' title='bbox 90 1230 154 1255; x_wconf 77' lang='lat' dir='ltr'>velut</span> <span class='ocrx_word' id='word_1_278' title='bbox 165 1226 243 1260; x_wconf 79' lang='lat' dir='ltr'>abster</span> <span class='ocrx_word' id='word_1_279' title='bbox 261 1230 322 1253; x_wconf 79' lang='lat' dir='ltr'>itur.</span> <span class='ocrx_word' id='word_1_280' title='bbox 394 1226 468 1253; x_wconf 82' lang='lat' dir='ltr'>Idem</span> <span class='ocrx_word' id='word_1_281' title='bbox 480 1234 529 1260; x_wconf 84' lang='lat' dir='ltr'>pro</span> <span class='ocrx_word' id='word_1_282' title='bbox 542 1224 634 1251; x_wconf 89' lang='lat' dir='ltr'>Caelio</span> <span class='ocrx_word' id='word_1_283' title='bbox 650 1232 677 1257; x_wconf 73' lang='lat'>33</span> <span class='ocrx_word' id='word_1_284' title='bbox 709 1226 785 1258; x_wconf 85' lang='lat' dir='ltr'>Qiae</span> <span class='ocrx_word' id='word_1_285' title='bbox 802 1230 845 1255; x_wconf 89' lang='lat' dir='ltr'>tu,</span> <span class='ocrx_word' id='word_1_286' title='bbox 861 1227 988 1260; x_wconf 84' lang='lat' dir='ltr'>quoniam</span> <span class='ocrx_word' id='word_1_287' title='bbox 1001 1234 1088 1254; x_wconf 87' lang='lat' dir='ltr'>mente</span> 
     </span>
     <span class='ocr_line' id='line_1_30' title="bbox 47 1260 1088 1298; baseline -0.001 -7"><span class='ocrx_word' id='word_1_288' title='bbox 47 1264 134 1291; x_wconf 86' lang='lat' dir='ltr'>nescio</span> <span class='ocrx_word' id='word_1_289' title='bbox 153 1272 203 1298; x_wconf 90' lang='lat' dir='ltr'>qua</span> <span class='ocrx_word' id='word_1_290' title='bbox 223 1271 236 1288; x_wconf 83' lang='lat' dir='ltr'>e</span> <span class='ocrx_word' id='word_1_291' title='bbox 257 1268 346 1289; x_wconf 88' lang='lat' dir='ltr'>renata</span> <span class='ocrx_word' id='word_1_292' title='bbox 364 1267 444 1297; x_wconf 89' lang='lat' dir='ltr'>atque</span> <span class='ocrx_word' id='word_1_293' title='bbox 469 1260 608 1296; x_wconf 77' lang='lat' dir='ltr'>praecipiti</span> <span class='ocrx_word' id='word_1_294' title='bbox 628 1260 655 1286; x_wconf 90' lang='lat' dir='ltr'>in</span> <span class='ocrx_word' id='word_1_295' title='bbox 673 1260 764 1287; x_wconf 84' lang='lat' dir='ltr'>forum</span> <span class='ocrx_word' id='word_1_296' title='bbox 784 1260 884 1287; x_wconf 82' lang='lat' dir='ltr'>deferri</span> <span class='ocrx_word' id='word_1_297' title='bbox 905 1261 1088 1298; x_wconf 87' lang='lat' dir='ltr'>indiciumque</span> 
     </span>
     <span class='ocr_line' id='line_1_31' title="bbox 48 1295 1088 1332; baseline -0.001 -6"><span class='ocrx_word' id='word_1_298' title='bbox 48 1298 173 1332; x_wconf 84' lang='lat' dir='ltr'>voluisti,</span> <span class='ocrx_word' id='word_1_299' title='bbox 191 1303 235 1324; x_wconf 88' lang='lat' dir='ltr'>aut</span> <span class='ocrx_word' id='word_1_300' title='bbox 249 1298 333 1324; x_wconf 84' lang='lat' dir='ltr'>diluas</span> <span class='ocrx_word' id='word_1_301' title='bbox 346 1303 468 1332; x_wconf 84' lang='lat' dir='ltr'>oportet,</span> <span class='ocrx_word' id='word_1_302' title='bbox 487 1303 513 1323; x_wconf 91' lang='lat' dir='ltr'>et</span> <span class='ocrx_word' id='word_1_303' title='bbox 527 1296 590 1322; x_wconf 85' lang='lat' dir='ltr'>falsa</span> <span class='ocrx_word' id='word_1_304' title='bbox 602 1297 650 1323; x_wconf 81' lang='lat' dir='ltr'>esse</span> <span class='ocrx_word' id='word_1_305' title='bbox 665 1295 765 1322; x_wconf 70' lang='lat' dir='ltr'>doceas.</span> <span class='ocrx_word' id='word_1_306' title='bbox 802 1298 834 1323; x_wconf 81' lang='lat' dir='ltr'>Et</span> <span class='ocrx_word' id='word_1_307' title='bbox 847 1304 896 1331; x_wconf 88' lang='lat' dir='ltr'>pro</span> <span class='ocrx_word' id='word_1_308' title='bbox 909 1297 984 1324; x_wconf 84' lang='lat' dir='ltr'>Rosc.</span> <span class='ocrx_word' id='word_1_309' title='bbox 998 1300 1088 1326; x_wconf 85' lang='lat' dir='ltr'>Amer.</span> 
     </span>
    </p>
   </div>
   <div class='ocr_carea' id='block_1_3' title="bbox 1109 801 1206 835">
    <p class='ocr_par' dir='ltr' id='par_1_3' title="bbox 1109 801 1206 835">
     <span class='ocr_line' id='line_1_32' title="bbox 1109 801 1206 835; baseline 0.01 -9"><span class='ocrx_word' id='word_1_310' title='bbox 1109 806 1134 833; x_wconf 72' lang='grc' dir='ltr'>ις</span> <span class='ocrx_word' id='word_1_311' title='bbox 1151 801 1206 835; x_wconf 84' lang='lat' dir='ltr'>pio.</span> 
     </span>
    </p>
   </div>
   <div class='ocr_carea' id='block_1_4' title="bbox 811 974 1140 1012">
    <p class='ocr_par' dir='ltr' id='par_1_4' title="bbox 811 974 1140 1012">
     <span class='ocr_line' id='line_1_33' title="bbox 811 974 1140 1012; baseline 0.012 -11"><span class='ocrx_word' id='word_1_312' title='bbox 811 974 921 1003; x_wconf 77' lang='lat' dir='ltr'>Diluere</span> <span class='ocrx_word' id='word_1_313' title='bbox 941 978 1041 1012; x_wconf 87' lang='lat' dir='ltr'>aliquid</span> <span class='ocrx_word' id='word_1_314' title='bbox 1062 979 1091 1005; x_wconf 90' lang='lat' dir='ltr'>in</span> <span class='ocrx_word' id='word_1_315' title='bbox 1106 985 1140 1005; x_wconf 64' lang='grc' dir='ltr'>ιο</span> 
     </span>
    </p>
   </div>
   <div class='ocr_carea' id='block_1_5' title="bbox 1006 1156 1136 1189">
    <p class='ocr_par' dir='ltr' id='par_1_5' title="bbox 1006 1156 1136 1189">
     <span class='ocr_line' id='line_1_34' title="bbox 1006 1156 1136 1189; baseline 0.008 -7"><span class='ocrx_word' id='word_1_316' title='bbox 1006 1156 1089 1183; x_wconf 86' lang='lat' dir='ltr'>Ouid.</span> <span class='ocrx_word' id='word_1_317' title='bbox 1105 1160 1136 1189; x_wconf 62' lang='grc' dir='ltr'>ὓς</span> 
     </span>
    </p>
   </div>
   <div class='ocr_carea' id='block_1_6' title="bbox 1555 217 1835 264">
    <p class='ocr_par' dir='ltr' id='par_1_6' title="bbox 1555 217 1835 264">
     <span class='ocr_line' id='line_1_35' title="bbox 1555 217 1835 264; baseline 0.021 -6"><span class='ocrx_word' id='word_1_318' title='bbox 1555 217 1835 264; x_wconf 63' lang='grc' dir='ltr'>Ῐ),ΙΜ</span> 
     </span>
    </p>
   </div>
   <div class='ocr_carea' id='block_1_7' title="bbox 1152 304 2192 458">
    <p class='ocr_par' dir='ltr' id='par_1_7' title="bbox 1192 304 1967 346">
     <span class='ocr_line' id='line_1_36' title="bbox 1192 304 1967 346; baseline 0.005 -13"><span class='ocrx_word' id='word_1_319' title='bbox 1192 308 1447 346; x_wconf 53' lang='grc' dir='ltr'>ΒιΜρΝΑΤῐο,</span> <span class='ocrx_word' id='word_1_320' title='bbox 1471 304 1538 335; x_wconf 80' lang='lat' dir='ltr'>onis.</span> <span class='ocrx_word' id='word_1_321' title='bbox 1559 305 1578 335; x_wconf 84' lang='lat' dir='ltr'>f.</span> <span class='ocrx_word' id='word_1_322' title='bbox 1614 307 1682 343; x_wconf 77' lang='lat' dir='ltr'>apud</span> <span class='ocrx_word' id='word_1_323' title='bbox 1700 307 1833 343; x_wconf 71' lang='lat' dir='ltr'>Augustini.</span> <span class='ocrx_word' id='word_1_324' title='bbox 1872 331 1878 338; x_wconf 92' lang='lat'>.</span> <span class='ocrx_word' id='word_1_325' title='bbox 1914 333 1921 339; x_wconf 95' lang='lat'>.</span> <span class='ocrx_word' id='word_1_326' title='bbox 1959 332 1967 342; x_wconf 74' lang='grc'>,</span> 
     </span>
    </p>

    <p class='ocr_par' dir='ltr' id='par_1_8' title="bbox 1152 342 2192 458">
     <span class='ocr_line' id='line_1_37' title="bbox 1191 342 2191 389; baseline 0.013 -22"><span class='ocrx_word' id='word_1_327' title='bbox 1191 347 1383 373; x_wconf 80' lang='lat' dir='ltr'>D1METER,</span> <span class='ocrx_word' id='word_1_328' title='bbox 1403 347 1451 374; x_wconf 81' lang='lat' dir='ltr'>tra,</span> <span class='ocrx_word' id='word_1_329' title='bbox 1472 350 1550 370; x_wconf 81' lang='lat' dir='ltr'>trum.</span> <span class='ocrx_word' id='word_1_330' title='bbox 1571 342 1631 370; x_wconf 78' lang='lat' dir='ltr'>Adi.</span> <span class='ocrx_word' id='word_1_331' title='bbox 1675 344 1718 377; x_wconf 86' lang='lat' dir='ltr'>Vt,</span> <span class='ocrx_word' id='word_1_332' title='bbox 1731 345 1826 371; x_wconf 83' lang='lat' dir='ltr'>Versus</span> <span class='ocrx_word' id='word_1_333' title='bbox 1841 345 2032 382; x_wconf 74' lang='lat' dir='ltr'>dimeter‚Duo</span> <span class='ocrx_word' id='word_1_334' title='bbox 2044 353 2191 389; x_wconf 73' lang='lat' dir='ltr'>metroe,seu</span> 
     </span>
     <span class='ocr_line' id='line_1_38' title="bbox 1153 376 2191 422; baseline 0.013 -20"><span class='ocrx_word' id='word_1_335' title='bbox 1153 376 1213 403; x_wconf 67' lang='lat' dir='ltr'>duas</span> <span class='ocrx_word' id='word_1_336' title='bbox 1226 377 1350 412; x_wconf 72' lang='lat' dir='ltr'>mensuras</span> <span class='ocrx_word' id='word_1_337' title='bbox 1370 378 1472 416; x_wconf 57' lang='lat' dir='ltr'>habens,</span> <span class='ocrx_word' id='word_1_338' title='bbox 1492 378 1556 415; x_wconf 76' lang='lat' dir='ltr'>quod</span> <span class='ocrx_word' id='word_1_339' title='bbox 1575 378 1670 415; x_wconf 80' lang='lat' dir='ltr'>duplici</span> <span class='ocrx_word' id='word_1_340' title='bbox 1683 383 1780 406; x_wconf 78' lang='lat' dir='ltr'>ratione</span> <span class='ocrx_word' id='word_1_341' title='bbox 1791 381 1946 417; x_wconf 77' lang='lat' dir='ltr'>intelligunt,</span> <span class='ocrx_word' id='word_1_342' title='bbox 1967 395 2019 411; x_wconf 84' lang='lat' dir='ltr'>cum</span> <span class='ocrx_word' id='word_1_343' title='bbox 2040 388 2127 422; x_wconf 73' lang='grc' dir='ltr'><em>μέτρον</em></span> <span class='ocrx_word' id='word_1_344' title='bbox 2147 396 2191 415; x_wconf 80' lang='lat' dir='ltr'>aue</span> 
     </span>
     <span class='ocr_line' id='line_1_39' title="bbox 1152 411 2192 458; baseline 0.013 -21"><span class='ocrx_word' id='word_1_345' title='bbox 1152 421 1227 438; x_wconf 82' lang='lat' dir='ltr'>vnum</span> <span class='ocrx_word' id='word_1_346' title='bbox 1245 411 1326 447; x_wconf 72' lang='lat' dir='ltr'>pedem</span> <span class='ocrx_word' id='word_1_347' title='bbox 1350 412 1391 438; x_wconf 84' lang='lat' dir='ltr'>hic</span> <span class='ocrx_word' id='word_1_348' title='bbox 1403 413 1546 448; x_wconf 76' lang='lat' dir='ltr'>thnificct,</span> <span class='ocrx_word' id='word_1_349' title='bbox 1572 422 1601 441; x_wconf 81' lang='lat' dir='ltr'>vt</span> <span class='ocrx_word' id='word_1_350' title='bbox 1614 414 1733 442; x_wconf 80' lang='lat' dir='ltr'>Dimeter</span> <span class='ocrx_word' id='word_1_351' title='bbox 1745 415 1783 450; x_wconf 77' lang='lat' dir='ltr'>fit</span> <span class='ocrx_word' id='word_1_352' title='bbox 1796 416 1897 442; x_wconf 79' lang='lat' dir='ltr'>duorum</span> <span class='ocrx_word' id='word_1_353' title='bbox 1914 419 2009 452; x_wconf 83' lang='lat' dir='ltr'>pedum.</span> <span class='ocrx_word' id='word_1_354' title='bbox 2065 423 2192 458; x_wconf 71' lang='lat' dir='ltr'>Itafiumr</span> 
     </span>
    </p>
   </div>
   <div class='ocr_carea' id='block_1_8' title="bbox 2126 237 2191 282">
    <p class='ocr_par' dir='ltr' id='par_1_9' title="bbox 2126 237 2191 282">
     <span class='ocr_line' id='line_1_40' title="bbox 2126 237 2191 282; baseline 0 -14"><span class='ocrx_word' id='word_1_355' title='bbox 2126 237 2191 282; x_wconf 78' lang='lat'>178</span> 
     </span>
    </p>
   </div>
   <div class='ocr_carea' id='block_1_9' title="bbox 1114 445 2191 492">
    <p class='ocr_par' dir='ltr' id='par_1_10' title="bbox 1114 445 2191 492">
     <span class='ocr_line' id='line_1_41' title="bbox 1114 445 2191 492; baseline 0.013 -20"><span class='ocrx_word' id='word_1_356' title='bbox 1114 450 1127 478; x_wconf 74' lang='grc'><em>5</em></span> <span class='ocrx_word' id='word_1_357' title='bbox 1153 456 1178 473; x_wconf 80' lang='grc' dir='ltr'>υ.</span> <span class='ocrx_word' id='word_1_358' title='bbox 1192 458 1217 483; x_wconf 75' lang='lat' dir='ltr'>g.</span> <span class='ocrx_word' id='word_1_359' title='bbox 1238 445 1380 474; x_wconf 77' lang='lat' dir='ltr'>Diomedes</span> <span class='ocrx_word' id='word_1_360' title='bbox 1394 456 1491 482; x_wconf 78' lang='lat' dir='ltr'>3p.514</span> <span class='ocrx_word' id='word_1_361' title='bbox 1506 448 1541 484; x_wconf 76' lang='lat' dir='ltr'>sq.</span> <span class='ocrx_word' id='word_1_362' title='bbox 1561 457 1604 476; x_wconf 79' lang='lat' dir='ltr'>aut</span> <span class='ocrx_word' id='word_1_363' title='bbox 1617 454 1702 486; x_wconf 75' lang='grc' dir='ltr'><strong><em>μέτρον</em></strong></span> <span class='ocrx_word' id='word_1_364' title='bbox 1709 450 1746 484; x_wconf 75' lang='lat' dir='ltr'>Jr&#39;t</span> <span class='ocrx_word' id='word_1_365' title='bbox 1760 449 1851 477; x_wconf 67' lang='grc' dir='ltr'>διποδὶόι</span> <span class='ocrx_word' id='word_1_366' title='bbox 1872 454 1978 480; x_wconf 67' lang='lat' dir='ltr'>iambica</span> <span class='ocrx_word' id='word_1_367' title='bbox 1992 458 2031 482; x_wconf 66' lang='lat' dir='ltr'>uel</span> <span class='ocrx_word' id='word_1_368' title='bbox 2041 458 2191 492; x_wconf 62' lang='lat' dir='ltr'>Trai-haten,</span> 
     </span>
    </p>
   </div>
   <div class='ocr_carea' id='block_1_10' title="bbox 1151 481 2192 635">
    <p class='ocr_par' dir='ltr' id='par_1_11' title="bbox 1151 481 2192 559">
     <span class='ocr_line' id='line_1_42' title="bbox 1151 481 2192 531; baseline 0.012 -24"><span class='ocrx_word' id='word_1_369' title='bbox 1151 483 1202 509; x_wconf 80' lang='lat' dir='ltr'>him</span> <span class='ocrx_word' id='word_1_370' title='bbox 1211 484 1286 518; x_wconf 76' lang='lat' dir='ltr'>pedes</span> <span class='ocrx_word' id='word_1_371' title='bbox 1299 481 1396 514; x_wconf 69' lang='lat' dir='ltr'>iunflt,</span> <span class='ocrx_word' id='word_1_372' title='bbox 1426 493 1473 518; x_wconf 82' lang='lat' dir='ltr'>qua</span> <span class='ocrx_word' id='word_1_373' title='bbox 1491 490 1585 511; x_wconf 75' lang='lat' dir='ltr'>rarione</span> <span class='ocrx_word' id='word_1_374' title='bbox 1606 485 1720 513; x_wconf 84' lang='lat' dir='ltr'>Dimctrl</span> <span class='ocrx_word' id='word_1_375' title='bbox 1741 486 1863 519; x_wconf 75' lang='lat' dir='ltr'>iambici,</span> <span class='ocrx_word' id='word_1_376' title='bbox 1882 495 1911 514; x_wconf 83' lang='lat' dir='ltr'>vt</span> <span class='ocrx_word' id='word_1_377' title='bbox 1928 489 1972 515; x_wconf 76' lang='lat' dir='ltr'>hnc</span> <span class='ocrx_word' id='word_1_378' title='bbox 1985 496 2060 523; x_wconf 61' lang='lat' dir='ltr'>viar,</span> <span class='ocrx_word' id='word_1_379' title='bbox 2075 494 2136 528; x_wconf 78' lang='lat' dir='ltr'>fimi</span> <span class='ocrx_word' id='word_1_380' title='bbox 2149 498 2192 531; x_wconf 77' lang='lat' dir='ltr'>qui</span> 
     </span>
     <span class='ocr_line' id='line_1_43' title="bbox 1151 518 2134 559; baseline 0.01 -14"><span class='ocrx_word' id='word_1_381' title='bbox 1151 520 1216 545; x_wconf 78' lang='lat' dir='ltr'>alias</span> <span class='ocrx_word' id='word_1_382' title='bbox 1230 529 1244 544; x_wconf 79' lang='lat' dir='ltr'>a</span> <span class='ocrx_word' id='word_1_383' title='bbox 1259 527 1356 544; x_wconf 79' lang='lat' dir='ltr'>numero</span> <span class='ocrx_word' id='word_1_384' title='bbox 1364 518 1452 553; x_wconf 76' lang='lat' dir='ltr'>pedum</span> <span class='ocrx_word' id='word_1_385' title='bbox 1466 525 1628 554; x_wconf 67' lang='lat' dir='ltr'>quaternarii.</span> <span class='ocrx_word' id='word_1_386' title='bbox 1668 523 1733 548; x_wconf 65' lang='lat' dir='ltr'>Haec</span> <span class='ocrx_word' id='word_1_387' title='bbox 1745 522 1878 558; x_wconf 80' lang='lat' dir='ltr'>disciplina</span> <span class='ocrx_word' id='word_1_388' title='bbox 1890 524 2077 559; x_wconf 60' lang='lat' dir='ltr'>Hephaestionis</span> <span class='ocrx_word' id='word_1_389' title='bbox 2089 537 2134 556; x_wconf 70' lang='lat' dir='ltr'>etc.</span> 
     </span>
    </p>

    <p class='ocr_par' dir='ltr' id='par_1_12' title="bbox 1151 555 2191 635">
     <span class='ocr_line' id='line_1_44' title="bbox 1189 555 2190 596; baseline 0.012 -17"><span class='ocrx_word' id='word_1_390' title='bbox 1189 560 1206 579; x_wconf 88' lang='lat' dir='ltr'>D</span> <span class='ocrx_word' id='word_1_391' title='bbox 1217 558 1258 580; x_wconf 86' lang='lat' dir='ltr'>lM</span> <span class='ocrx_word' id='word_1_392' title='bbox 1268 561 1284 581; x_wconf 85' lang='lat' dir='ltr'>E</span> <span class='ocrx_word' id='word_1_393' title='bbox 1294 561 1314 580; x_wconf 91' lang='grc' dir='ltr'><strong><em>Τ</em></strong></span> <span class='ocrx_word' id='word_1_394' title='bbox 1323 561 1342 580; x_wconf 86' lang='lat' dir='ltr'>R</span> <span class='ocrx_word' id='word_1_395' title='bbox 1353 562 1361 580; x_wconf 95' lang='lat'>1</span> <span class='ocrx_word' id='word_1_396' title='bbox 1371 561 1392 580; x_wconf 90' lang='grc' dir='ltr'>Λ</span> <span class='ocrx_word' id='word_1_397' title='bbox 1401 574 1415 593; x_wconf 43' lang='grc' dir='ltr'>,Ι</span> <span class='ocrx_word' id='word_1_398' title='bbox 1434 562 1472 580; x_wconf 67' lang='lat' dir='ltr'>ae·</span> <span class='ocrx_word' id='word_1_399' title='bbox 1500 555 1519 580; x_wconf 79' lang='lat' dir='ltr'>f.</span> <span class='ocrx_word' id='word_1_400' title='bbox 1556 558 1664 583; x_wconf 70' lang='lat' dir='ltr'>Huiusce*</span> <span class='ocrx_word' id='word_1_401' title='bbox 1678 557 1762 593; x_wconf 68' lang='lat' dir='ltr'>versin-</span> <span class='ocrx_word' id='word_1_402' title='bbox 1775 559 1900 594; x_wconf 73' lang='lat' dir='ltr'>mcnsura,</span> <span class='ocrx_word' id='word_1_403' title='bbox 1925 560 2003 596; x_wconf 76' lang='lat' dir='ltr'>ipsimi</span> <span class='ocrx_word' id='word_1_404' title='bbox 2021 571 2048 587; x_wconf 80' lang='lat' dir='ltr'>ue</span> <span class='ocrx_word' id='word_1_405' title='bbox 2060 564 2117 590; x_wconf 69' lang='lat' dir='ltr'>adeo</span> <span class='ocrx_word' id='word_1_406' title='bbox 2136 575 2190 592; x_wconf 78' lang='lat' dir='ltr'>mr-</span> 
     </span>
     <span class='ocr_line' id='line_1_45' title="bbox 1151 587 2191 635; baseline 0.011 -22"><span class='ocrx_word' id='word_1_407' title='bbox 1151 599 1212 615; x_wconf 72' lang='lat' dir='ltr'>men.</span> <span class='ocrx_word' id='word_1_408' title='bbox 1261 587 1356 615; x_wconf 69' lang='lat' dir='ltr'>Aaron.</span> <span class='ocrx_word' id='word_1_409' title='bbox 1371 589 1448 623; x_wconf 73' lang='lat' dir='ltr'>Epist.</span> <span class='ocrx_word' id='word_1_410' title='bbox 1464 591 1501 622; x_wconf 83' lang='lat'>16,</span> <span class='ocrx_word' id='word_1_411' title='bbox 1516 598 1562 623; x_wconf 87' lang='lat'>104</span> <span class='ocrx_word' id='word_1_412' title='bbox 1586 593 1739 627; x_wconf 85' lang='lat' dir='ltr'>Volucripes</span> <span class='ocrx_word' id='word_1_413' title='bbox 1755 593 1894 627; x_wconf 83' lang='lat' dir='ltr'>dimetria,</span> <span class='ocrx_word' id='word_1_414' title='bbox 1915 602 1944 621; x_wconf 74' lang='lat' dir='ltr'>vt</span> <span class='ocrx_word' id='word_1_415' title='bbox 1957 597 1997 622; x_wconf 73' lang='lat' dir='ltr'>vel</span> <span class='ocrx_word' id='word_1_416' title='bbox 2012 600 2047 623; x_wconf 67' lang='lat' dir='ltr'>›ic</span> <span class='ocrx_word' id='word_1_417' title='bbox 2057 600 2106 633; x_wconf 82' lang='lat' dir='ltr'>lpse</span> <span class='ocrx_word' id='word_1_418' title='bbox 2118 600 2191 635; x_wconf 64' lang='lat' dir='ltr'>verst-</span> 
     </span>
    </p>
   </div>
   <div class='ocr_carea' id='block_1_11' title="bbox 1107 623 1849 664">
    <p class='ocr_par' dir='ltr' id='par_1_13' title="bbox 1107 623 1849 664">
     <span class='ocr_line' id='line_1_46' title="bbox 1107 623 1849 664; baseline 0.005 -14"><span class='ocrx_word' id='word_1_419' title='bbox 1107 630 1135 650; x_wconf 87' lang='lat'>10</span> <span class='ocrx_word' id='word_1_420' title='bbox 1151 626 1220 650; x_wconf 78' lang='lat' dir='ltr'>culus</span> <span class='ocrx_word' id='word_1_421' title='bbox 1233 624 1318 656; x_wconf 74' lang='lat' dir='ltr'>docet,</span> <span class='ocrx_word' id='word_1_422' title='bbox 1345 623 1378 657; x_wconf 71' lang='lat' dir='ltr'>est</span> <span class='ocrx_word' id='word_1_423' title='bbox 1389 634 1486 651; x_wconf 70' lang='lat' dir='ltr'>carmen</span> <span class='ocrx_word' id='word_1_424' title='bbox 1498 627 1625 652; x_wconf 71' lang='lat' dir='ltr'>iambicum</span> <span class='ocrx_word' id='word_1_425' title='bbox 1642 636 1745 662; x_wconf 76' lang='lat' dir='ltr'>quatuor</span> <span class='ocrx_word' id='word_1_426' title='bbox 1751 629 1849 664; x_wconf 78' lang='lat' dir='ltr'>pedum.</span> 
     </span>
    </p>
   </div>
   <div class='ocr_carea' id='block_1_12' title="bbox 1143 661 2196 1339">
    <p class='ocr_par' dir='ltr' id='par_1_14' title="bbox 1143 661 2192 934">
     <span class='ocr_line' id='line_1_47' title="bbox 1189 661 2191 701; baseline 0.009 -15"><span class='ocrx_word' id='word_1_427' title='bbox 1189 667 1207 686; x_wconf 85' lang='lat'>1)</span> <span class='ocrx_word' id='word_1_428' title='bbox 1217 667 1226 686; x_wconf 91' lang='lat'>1</span> <span class='ocrx_word' id='word_1_429' title='bbox 1235 667 1258 685; x_wconf 87' lang='grc' dir='ltr'><strong>Μ</strong></span> <span class='ocrx_word' id='word_1_430' title='bbox 1267 667 1283 686; x_wconf 71' lang='grc' dir='ltr'>Ε</span> <span class='ocrx_word' id='word_1_431' title='bbox 1292 667 1313 686; x_wconf 86' lang='grc' dir='ltr'><strong>Τ</strong></span> <span class='ocrx_word' id='word_1_432' title='bbox 1322 667 1332 686; x_wconf 88' lang='grc'>1</span> <span class='ocrx_word' id='word_1_433' title='bbox 1343 666 1363 686; x_wconf 91' lang='lat'>0</span> <span class='ocrx_word' id='word_1_434' title='bbox 1374 666 1391 686; x_wconf 89' lang='lat' dir='ltr'><strong>R</strong></span> <span class='ocrx_word' id='word_1_435' title='bbox 1401 677 1408 691; x_wconf 88' lang='lat'>,</span> <span class='ocrx_word' id='word_1_436' title='bbox 1429 662 1532 687; x_wconf 83' lang='lat' dir='ltr'>mensus</span> <span class='ocrx_word' id='word_1_437' title='bbox 1546 661 1610 694; x_wconf 77' lang='lat' dir='ltr'>siim,</span> <span class='ocrx_word' id='word_1_438' title='bbox 1629 666 1672 688; x_wconf 78' lang='lat' dir='ltr'>iri.</span> <span class='ocrx_word' id='word_1_439' title='bbox 1694 665 1759 699; x_wconf 86' lang='lat' dir='ltr'>Dep.</span> <span class='ocrx_word' id='word_1_440' title='bbox 1790 663 1940 700; x_wconf 51' lang='grc' dir='ltr'>[δικμετςὲω</span> <span class='ocrx_word' id='word_1_441' title='bbox 1949 686 1956 698; x_wconf 88' lang='grc'>,</span> <span class='ocrx_word' id='word_1_442' title='bbox 1969 664 2107 701; x_wconf 55' lang='lat' dir='ltr'>{ipen-fleo]</span> <span class='ocrx_word' id='word_1_443' title='bbox 2126 670 2191 695; x_wconf 75' lang='lat' dir='ltr'>Idem</span> 
     </span>
     <span class='ocr_line' id='line_1_48' title="bbox 1151 694 2191 735; baseline 0.01 -14"><span class='ocrx_word' id='word_1_444' title='bbox 1151 694 1216 731; x_wconf 78' lang='lat' dir='ltr'>quod</span> <span class='ocrx_word' id='word_1_445' title='bbox 1221 697 1380 726; x_wconf 46' lang='lat' dir='ltr'>Mamaeum</span> <span class='ocrx_word' id='word_1_446' title='bbox 1392 699 1518 735; x_wconf 64' lang='lat' dir='ltr'>notatione</span> <span class='ocrx_word' id='word_1_447' title='bbox 1531 696 1712 729; x_wconf 55' lang='lat' dir='ltr'>infirmationis</span> <span class='ocrx_word' id='word_1_448' title='bbox 1726 700 1849 726; x_wconf 78' lang='lat' dir='ltr'>cm&#39;usdam</span> <span class='ocrx_word' id='word_1_449' title='bbox 1862 710 1891 726; x_wconf 78' lang='lat' dir='ltr'>iii:</span> <span class='ocrx_word' id='word_1_450' title='bbox 1904 700 2039 735; x_wconf 71' lang='lat' dir='ltr'>dimfionis.</span> <span class='ocrx_word' id='word_1_451' title='bbox 2066 703 2123 729; x_wconf 64' lang='lat' dir='ltr'>isid.</span> <span class='ocrx_word' id='word_1_452' title='bbox 2144 712 2191 731; x_wconf 77' lang='lat' dir='ltr'>DE-</span> 
     </span>
     <span class='ocr_line' id='line_1_49' title="bbox 1152 730 2192 771; baseline 0.008 -14"><span class='ocrx_word' id='word_1_453' title='bbox 1152 737 1177 757; x_wconf 87' lang='lat' dir='ltr'><strong>M</strong></span> <span class='ocrx_word' id='word_1_454' title='bbox 1187 736 1234 770; x_wconf 60' lang='lat' dir='ltr'>Esr</span> <span class='ocrx_word' id='word_1_455' title='bbox 1246 738 1254 755; x_wconf 95' lang='lat'>1</span> <span class='ocrx_word' id='word_1_456' title='bbox 1268 737 1324 770; x_wconf 60' lang='lat'>91³..</span> <span class='ocrx_word' id='word_1_457' title='bbox 1379 732 1435 757; x_wconf 80' lang='lat' dir='ltr'>Cic.</span> <span class='ocrx_word' id='word_1_458' title='bbox 1448 730 1482 771; x_wconf 69' lang='lat' dir='ltr'>cle</span> <span class='ocrx_word' id='word_1_459' title='bbox 1495 732 1593 758; x_wconf 66' lang='lat' dir='ltr'>Seneci.</span> <span class='ocrx_word' id='word_1_460' title='bbox 1607 742 1643 767; x_wconf 77' lang='lat'>49</span> <span class='ocrx_word' id='word_1_461' title='bbox 1657 740 1678 759; x_wconf 80' lang='lat' dir='ltr'>c.</span> <span class='ocrx_word' id='word_1_462' title='bbox 1695 740 1724 767; x_wconf 83' lang='lat'>14</span> <span class='ocrx_word' id='word_1_463' title='bbox 1757 736 1830 762; x_wconf 90' lang='lat' dir='ltr'>Mori</span> <span class='ocrx_word' id='word_1_464' title='bbox 1842 736 1997 762; x_wconf 85' lang='lat' dir='ltr'>videbamus</span> <span class='ocrx_word' id='word_1_465' title='bbox 2013 737 2039 763; x_wconf 90' lang='lat' dir='ltr'>in</span> <span class='ocrx_word' id='word_1_466' title='bbox 2054 738 2140 765; x_wconf 82' lang='lat' dir='ltr'>studio</span> <span class='ocrx_word' id='word_1_467' title='bbox 2154 741 2192 766; x_wconf 86' lang='lat' dir='ltr'>di-</span> 
     </span>
     <span class='ocr_line' id='line_1_50' title="bbox 1151 766 2192 807; baseline 0.011 -16"><span class='ocrx_word' id='word_1_468' title='bbox 1151 766 1281 792; x_wconf 83' lang='lat' dir='ltr'>metiendi</span> <span class='ocrx_word' id='word_1_469' title='bbox 1297 771 1377 800; x_wconf 86' lang='lat' dir='ltr'>paene</span> <span class='ocrx_word' id='word_1_470' title='bbox 1390 766 1455 807; x_wconf 60' lang='lat' dir='ltr'>caeli</span> <span class='ocrx_word' id='word_1_471' title='bbox 1469 773 1546 802; x_wconf 90' lang='lat' dir='ltr'>atque</span> <span class='ocrx_word' id='word_1_472' title='bbox 1561 774 1645 795; x_wconf 85' lang='lat' dir='ltr'>terrae</span> <span class='ocrx_word' id='word_1_473' title='bbox 1658 770 1686 796; x_wconf 91' lang='lat' dir='ltr'>C.</span> <span class='ocrx_word' id='word_1_474' title='bbox 1696 770 1800 797; x_wconf 87' lang='lat' dir='ltr'>Gallum</span> <span class='ocrx_word' id='word_1_475' title='bbox 1815 772 1975 798; x_wconf 80' lang='lat' dir='ltr'>familiarem</span> <span class='ocrx_word' id='word_1_476' title='bbox 1996 774 2076 806; x_wconf 81' lang='lat' dir='ltr'>patris</span> <span class='ocrx_word' id='word_1_477' title='bbox 2089 775 2127 801; x_wconf 91' lang='lat' dir='ltr'>tui</span> <span class='ocrx_word' id='word_1_478' title='bbox 2142 776 2192 802; x_wconf 88' lang='lat' dir='ltr'>Sci·</span> 
     </span>
     <span class='ocr_line' id='line_1_51' title="bbox 1183 799 2191 843; baseline 0.012 -18"><span class='ocrx_word' id='word_1_479' title='bbox 1183 837 1187 841; x_wconf 39' lang='lat'>·</span> <span class='ocrx_word' id='word_1_480' title='bbox 1261 799 1336 840; x_wconf 73' lang='lat' dir='ltr'>Ideni</span> <span class='ocrx_word' id='word_1_481' title='bbox 1348 799 1379 827; x_wconf 85' lang='lat' dir='ltr'>de</span> <span class='ocrx_word' id='word_1_482' title='bbox 1394 801 1494 841; x_wconf 61' lang='lat' dir='ltr'>benc&amp;</span> <span class='ocrx_word' id='word_1_483' title='bbox 1508 810 1538 836; x_wconf 73' lang='lat'>39</span> <span class='ocrx_word' id='word_1_484' title='bbox 1552 810 1572 829; x_wconf 85' lang='lat' dir='ltr'>c.</span> <span class='ocrx_word' id='word_1_485' title='bbox 1586 809 1614 838; x_wconf 89' lang='lat'>17</span> <span class='ocrx_word' id='word_1_486' title='bbox 1640 805 1735 830; x_wconf 88' lang='lat' dir='ltr'>Mirari</span> <span class='ocrx_word' id='word_1_487' title='bbox 1749 807 1773 831; x_wconf 83' lang='lat' dir='ltr'>se</span> <span class='ocrx_word' id='word_1_488' title='bbox 1786 814 1841 833; x_wconf 87' lang='lat' dir='ltr'>non</span> <span class='ocrx_word' id='word_1_489' title='bbox 1853 808 1934 834; x_wconf 85' lang='lat' dir='ltr'>modo</span> <span class='ocrx_word' id='word_1_490' title='bbox 1947 807 2129 843; x_wconf 74' lang='lat' dir='ltr'>diligentiam,</span> <span class='ocrx_word' id='word_1_491' title='bbox 2149 810 2191 838; x_wconf 75' lang='lat' dir='ltr'>scd</span> 
     </span>
     <span class='ocr_line' id='line_1_52' title="bbox 1153 835 2191 878; baseline 0.009 -15"><span class='ocrx_word' id='word_1_492' title='bbox 1153 842 1233 863; x_wconf 85' lang='lat' dir='ltr'>etiam</span> <span class='ocrx_word' id='word_1_493' title='bbox 1248 835 1382 862; x_wconf 78' lang='lat' dir='ltr'>solertiam</span> <span class='ocrx_word' id='word_1_494' title='bbox 1394 846 1461 870; x_wconf 82' lang='lat' dir='ltr'>eius,</span> <span class='ocrx_word' id='word_1_495' title='bbox 1477 847 1491 863; x_wconf 86' lang='lat' dir='ltr'>a</span> <span class='ocrx_word' id='word_1_496' title='bbox 1504 848 1558 872; x_wconf 89' lang='lat' dir='ltr'>quo</span> <span class='ocrx_word' id='word_1_497' title='bbox 1571 841 1648 866; x_wconf 75' lang='lat' dir='ltr'>essent</span> <span class='ocrx_word' id='word_1_498' title='bbox 1666 838 1712 866; x_wconf 89' lang='lat' dir='ltr'>illa</span> <span class='ocrx_word' id='word_1_499' title='bbox 1726 838 1841 868; x_wconf 85' lang='lat' dir='ltr'>dimensa</span> <span class='ocrx_word' id='word_1_500' title='bbox 1855 848 1879 868; x_wconf 84' lang='lat' dir='ltr'>et</span> <span class='ocrx_word' id='word_1_501' title='bbox 1893 842 2029 878; x_wconf 77' lang='lat' dir='ltr'>descripta.</span> <span class='ocrx_word' id='word_1_502' title='bbox 2084 845 2191 874; x_wconf 84' lang='lat' dir='ltr'>Dimen-</span> 
     </span>
     <span class='ocr_line' id='line_1_53' title="bbox 1143 872 2192 934; baseline 0.011 -38"><span class='ocrx_word' id='word_1_503' title='bbox 1143 872 1205 934; x_wconf 45' lang='grc' dir='ltr'>ἔξω</span> <span class='ocrx_word' id='word_1_504' title='bbox 1224 877 1251 911; x_wconf 74' lang='lat' dir='ltr'>et</span> <span class='ocrx_word' id='word_1_505' title='bbox 1268 872 1463 912; x_wconf 66' lang='lat' dir='ltr'>exaedificatam</span> <span class='ocrx_word' id='word_1_506' title='bbox 1482 875 1572 900; x_wconf 89' lang='lat' dir='ltr'>animo</span> <span class='ocrx_word' id='word_1_507' title='bbox 1592 875 1688 901; x_wconf 83' lang='lat' dir='ltr'>habere</span> <span class='ocrx_word' id='word_1_508' title='bbox 1709 873 1818 902; x_wconf 88' lang='lat' dir='ltr'>domum</span> <span class='ocrx_word' id='word_1_509' title='bbox 1840 878 1950 904; x_wconf 86' lang='lat' dir='ltr'>alicuius</span> <span class='ocrx_word' id='word_1_510' title='bbox 1982 880 2037 906; x_wconf 86' lang='lat' dir='ltr'>Cic.</span> <span class='ocrx_word' id='word_1_511' title='bbox 2058 880 2110 907; x_wconf 80' lang='lat' dir='ltr'>Att.</span> <span class='ocrx_word' id='word_1_512' title='bbox 2132 891 2152 915; x_wconf 87' lang='grc' dir='ltr'>ι,</span> <span class='ocrx_word' id='word_1_513' title='bbox 2165 892 2192 916; x_wconf 83' lang='lat'>4.</span> 
     </span>
    </p>

    <p class='ocr_par' dir='ltr' id='par_1_15' title="bbox 1154 907 2193 985">
     <span class='ocr_line' id='line_1_54' title="bbox 1179 907 2193 945; baseline 0.013 -13"><span class='ocrx_word' id='word_1_514' title='bbox 1179 908 1278 933; x_wconf 83' lang='lat' dir='ltr'>imetiri</span> <span class='ocrx_word' id='word_1_515' title='bbox 1294 907 1385 941; x_wconf 78' lang='lat' dir='ltr'>digitis</span> <span class='ocrx_word' id='word_1_516' title='bbox 1401 914 1502 942; x_wconf 85' lang='lat' dir='ltr'>peccata</span> <span class='ocrx_word' id='word_1_517' title='bbox 1529 910 1601 936; x_wconf 84' lang='lat' dir='ltr'>Ideni</span> <span class='ocrx_word' id='word_1_518' title='bbox 1620 911 1649 936; x_wconf 89' lang='lat' dir='ltr'>in</span> <span class='ocrx_word' id='word_1_519' title='bbox 1661 910 1750 936; x_wconf 84' lang='lat' dir='ltr'>Parad.</span> <span class='ocrx_word' id='word_1_520' title='bbox 1765 919 1786 942; x_wconf 85' lang='lat'>3.</span> <span class='ocrx_word' id='word_1_521' title='bbox 1843 912 1968 940; x_wconf 82' lang='lat' dir='ltr'>Dimetiri</span> <span class='ocrx_word' id='word_1_522' title='bbox 1987 920 2013 941; x_wconf 88' lang='lat' dir='ltr'>et</span> <span class='ocrx_word' id='word_1_523' title='bbox 2025 915 2193 945; x_wconf 85' lang='lat' dir='ltr'>dinumerare</span> 
     </span>
     <span class='ocr_line' id='line_1_55' title="bbox 1154 941 2076 985; baseline 0.01 -18"><span class='ocrx_word' id='word_1_524' title='bbox 1154 942 1264 975; x_wconf 82' lang='lat' dir='ltr'>syllabas</span> <span class='ocrx_word' id='word_1_525' title='bbox 1283 941 1322 968; x_wconf 87' lang='lat' dir='ltr'>Id.</span> <span class='ocrx_word' id='word_1_526' title='bbox 1336 944 1364 968; x_wconf 87' lang='lat' dir='ltr'>in</span> <span class='ocrx_word' id='word_1_527' title='bbox 1376 943 1450 970; x_wconf 84' lang='lat' dir='ltr'>Orat.</span> <span class='ocrx_word' id='word_1_528' title='bbox 1465 951 1512 979; x_wconf 76' lang='lat'>147</span> <span class='ocrx_word' id='word_1_529' title='bbox 1524 954 1545 972; x_wconf 90' lang='lat' dir='ltr'>c.</span> <span class='ocrx_word' id='word_1_530' title='bbox 1558 954 1599 978; x_wconf 77' lang='lat'>43.</span> <span class='ocrx_word' id='word_1_531' title='bbox 1616 977 1621 985; x_wconf 74' lang='lat'>.</span> <span class='ocrx_word' id='word_1_532' title='bbox 1670 945 1778 979; x_wconf 69' lang='lat' dir='ltr'>Pqffiuc,</span> <span class='ocrx_word' id='word_1_533' title='bbox 1797 947 1902 973; x_wconf 89' lang='lat' dir='ltr'>Vitruu.</span> <span class='ocrx_word' id='word_1_534' title='bbox 1917 958 1939 981; x_wconf 86' lang='grc'>3,</span> <span class='ocrx_word' id='word_1_535' title='bbox 1954 959 1964 981; x_wconf 75' lang='lat'>3</span> <span class='ocrx_word' id='word_1_536' title='bbox 1977 958 2000 975; x_wconf 78' lang='lat' dir='ltr'>et</span> <span class='ocrx_word' id='word_1_537' title='bbox 2015 959 2036 983; x_wconf 85' lang='grc' dir='ltr'>ς,</span> <span class='ocrx_word' id='word_1_538' title='bbox 2052 960 2076 983; x_wconf 89' lang='lat'>9.</span> 
     </span>
    </p>

    <p class='ocr_par' dir='ltr' id='par_1_16' title="bbox 1153 977 2195 1047">
     <span class='ocr_line' id='line_1_56' title="bbox 1188 977 2182 1016; baseline 0.012 -12"><span class='ocrx_word' id='word_1_539' title='bbox 1188 985 1206 1004; x_wconf 83' lang='lat'>1)</span> <span class='ocrx_word' id='word_1_540' title='bbox 1217 984 1428 1010; x_wconf 77' lang='lat' dir='ltr'>IMETIENS,</span> <span class='ocrx_word' id='word_1_541' title='bbox 1445 981 1521 1007; x_wconf 85' lang='lat' dir='ltr'>entis.</span> <span class='ocrx_word' id='word_1_542' title='bbox 1554 981 1646 1007; x_wconf 83' lang='lat' dir='ltr'>Partic.</span> <span class='ocrx_word' id='word_1_543' title='bbox 1683 977 1847 1016; x_wconf 68' lang='grc' dir='ltr'>[διάμετρος]</span> <span class='ocrx_word' id='word_1_544' title='bbox 1889 984 1936 1014; x_wconf 82' lang='lat' dir='ltr'>Vt,</span> <span class='ocrx_word' id='word_1_545' title='bbox 1955 985 2100 1014; x_wconf 77' lang='lat' dir='ltr'>Dinietiens</span> <span class='ocrx_word' id='word_1_546' title='bbox 2114 988 2182 1016; x_wconf 85' lang='lat' dir='ltr'>linea</span> 
     </span>
     <span class='ocr_line' id='line_1_57' title="bbox 1153 1009 2195 1047; baseline 0.009 -8"><span class='ocrx_word' id='word_1_547' title='bbox 1153 1015 1172 1039; x_wconf 86' lang='lat' dir='ltr'>i.</span> <span class='ocrx_word' id='word_1_548' title='bbox 1186 1014 1313 1040; x_wconf 69' lang='lat' dir='ltr'>Diameter</span> <span class='ocrx_word' id='word_1_549' title='bbox 1331 1013 1398 1040; x_wconf 88' lang='lat' dir='ltr'>Plin.</span> <span class='ocrx_word' id='word_1_550' title='bbox 1412 1023 1437 1047; x_wconf 85' lang='lat'>2,</span> <span class='ocrx_word' id='word_1_551' title='bbox 1454 1022 1491 1047; x_wconf 69' lang='lat'>23.</span> <span class='ocrx_word' id='word_1_552' title='bbox 2184 1009 2195 1023; x_wconf 65' lang='lat'>’</span> 
     </span>
    </p>

    <p class='ocr_par' dir='ltr' id='par_1_17' title="bbox 1150 1046 2196 1339">
     <span class='ocr_line' id='line_1_58' title="bbox 1188 1046 2193 1086; baseline 0.008 -12"><span class='ocrx_word' id='word_1_553' title='bbox 1188 1055 1207 1074; x_wconf 88' lang='lat' dir='ltr'>D</span> <span class='ocrx_word' id='word_1_554' title='bbox 1218 1057 1226 1075; x_wconf 96' lang='lat'>1</span> <span class='ocrx_word' id='word_1_555' title='bbox 1236 1055 1286 1076; x_wconf 78' lang='lat' dir='ltr'>ME</span> <span class='ocrx_word' id='word_1_556' title='bbox 1296 1056 1339 1075; x_wconf 81' lang='lat' dir='ltr'>Ns</span> <span class='ocrx_word' id='word_1_557' title='bbox 1349 1056 1369 1074; x_wconf 78' lang='lat' dir='ltr'>v</span> <span class='ocrx_word' id='word_1_558' title='bbox 1380 1057 1408 1082; x_wconf 86' lang='lat' dir='ltr'>s,</span> <span class='ocrx_word' id='word_1_559' title='bbox 1430 1059 1452 1081; x_wconf 82' lang='lat' dir='ltr'>a,</span> <span class='ocrx_word' id='word_1_560' title='bbox 1474 1060 1526 1076; x_wconf 86' lang='lat' dir='ltr'>um.</span> <span class='ocrx_word' id='word_1_561' title='bbox 1548 1047 1642 1077; x_wconf 82' lang='lat' dir='ltr'>Partic.</span> <span class='ocrx_word' id='word_1_562' title='bbox 1677 1046 1937 1085; x_wconf 64' lang='grc' dir='ltr'>[διαμεμετρημέυος]</span> <span class='ocrx_word' id='word_1_563' title='bbox 1972 1053 2028 1079; x_wconf 86' lang='lat' dir='ltr'>Cic.</span> <span class='ocrx_word' id='word_1_564' title='bbox 2044 1055 2075 1081; x_wconf 86' lang='lat' dir='ltr'>de</span> <span class='ocrx_word' id='word_1_565' title='bbox 2092 1058 2193 1086; x_wconf 58' lang='lat' dir='ltr'>Sene&amp;</span> 
     </span>
     <span class='ocr_line' id='line_1_59' title="bbox 1153 1084 2194 1121; baseline 0.01 -11"><span class='ocrx_word' id='word_1_566' title='bbox 1153 1091 1184 1117; x_wconf 79' lang='lat'>59</span> <span class='ocrx_word' id='word_1_567' title='bbox 1199 1093 1223 1110; x_wconf 89' lang='lat' dir='ltr'>c.·</span> <span class='ocrx_word' id='word_1_568' title='bbox 1236 1090 1264 1119; x_wconf 91' lang='lat'>17</span> <span class='ocrx_word' id='word_1_569' title='bbox 1296 1085 1327 1110; x_wconf 88' lang='lat' dir='ltr'>Et</span> <span class='ocrx_word' id='word_1_570' title='bbox 1341 1084 1366 1110; x_wconf 85' lang='lat' dir='ltr'>ei</span> <span class='ocrx_word' id='word_1_571' title='bbox 1380 1086 1478 1117; x_wconf 87' lang='lat' dir='ltr'>Cyrum</span> <span class='ocrx_word' id='word_1_572' title='bbox 1491 1086 1664 1120; x_wconf 64' lang='lat' dir='ltr'>respondisse,</span> <span class='ocrx_word' id='word_1_573' title='bbox 1693 1087 1777 1121; x_wconf 81' lang='lat' dir='ltr'>Atqui</span> <span class='ocrx_word' id='word_1_574' title='bbox 1790 1095 1839 1120; x_wconf 79' lang='lat' dir='ltr'>ego</span> <span class='ocrx_word' id='word_1_575' title='bbox 1856 1086 1903 1112; x_wconf 86' lang='lat' dir='ltr'>ista</span> <span class='ocrx_word' id='word_1_576' title='bbox 1919 1088 1975 1113; x_wconf 88' lang='lat' dir='ltr'>sum</span> <span class='ocrx_word' id='word_1_577' title='bbox 1990 1091 2080 1117; x_wconf 84' lang='lat' dir='ltr'>omnia</span> <span class='ocrx_word' id='word_1_578' title='bbox 2093 1092 2194 1120; x_wconf 85' lang='lat' dir='ltr'>dimen-</span> 
     </span>
     <span class='ocr_line' id='line_1_60' title="bbox 1152 1118 2194 1163; baseline 0.009 -18"><span class='ocrx_word' id='word_1_579' title='bbox 1152 1120 1202 1146; x_wconf 81' lang='lat' dir='ltr'>sus.</span> <span class='ocrx_word' id='word_1_580' title='bbox 1240 1121 1294 1155; x_wconf 72' lang='lat' dir='ltr'>Qo</span> <span class='ocrx_word' id='word_1_581' title='bbox 1306 1123 1334 1145; x_wconf 82' lang='lat' dir='ltr'>in</span> <span class='ocrx_word' id='word_1_582' title='bbox 1347 1121 1398 1147; x_wconf 87' lang='lat' dir='ltr'>Ioco</span> <span class='ocrx_word' id='word_1_583' title='bbox 1405 1121 1515 1156; x_wconf 81' lang='lat' dir='ltr'>Jimiitur</span> <span class='ocrx_word' id='word_1_584' title='bbox 1528 1118 1619 1147; x_wconf 54' lang='lat' dir='ltr'>assiae.</span> <span class='ocrx_word' id='word_1_585' title='bbox 1656 1120 1784 1156; x_wconf 89' lang='lat' dir='ltr'>Campum</span> <span class='ocrx_word' id='word_1_586' title='bbox 1798 1122 1831 1147; x_wconf 88' lang='lat' dir='ltr'>ad</span> <span class='ocrx_word' id='word_1_587' title='bbox 1845 1128 1976 1149; x_wconf 82' lang='lat' dir='ltr'>certamen</span> <span class='ocrx_word' id='word_1_588' title='bbox 1990 1123 2097 1152; x_wconf 84' lang='lat' dir='ltr'>dimensi</span> <span class='ocrx_word' id='word_1_589' title='bbox 2120 1130 2194 1163; x_wconf 88' lang='lat' dir='ltr'>Virg.</span> 
     </span>
     <span class='ocr_line' id='line_1_61' title="bbox 1153 1155 2195 1191; baseline 0.01 -10"><span class='ocrx_word' id='word_1_590' title='bbox 1153 1156 1218 1181; x_wconf 88' lang='lat' dir='ltr'>Aen.</span> <span class='ocrx_word' id='word_1_591' title='bbox 1234 1164 1268 1188; x_wconf 78' lang='lat'>12,</span> <span class='ocrx_word' id='word_1_592' title='bbox 1284 1157 1334 1181; x_wconf 85' lang='lat'>116.</span> <span class='ocrx_word' id='word_1_593' title='bbox 1390 1157 1435 1183; x_wconf 69' lang='lat' dir='ltr'>Sed</span> <span class='ocrx_word' id='word_1_594' title='bbox 1450 1155 1514 1190; x_wconf 79' lang='lat' dir='ltr'>Paffi</span> <span class='ocrx_word' id='word_1_595' title='bbox 1533 1157 1632 1183; x_wconf 85' lang='lat' dir='ltr'>Omnia</span> <span class='ocrx_word' id='word_1_596' title='bbox 1646 1156 1693 1182; x_wconf 87' lang='lat' dir='ltr'>sint</span> <span class='ocrx_word' id='word_1_597' title='bbox 1707 1157 1815 1191; x_wconf 87' lang='lat' dir='ltr'>paribus</span> <span class='ocrx_word' id='word_1_598' title='bbox 1828 1158 1946 1184; x_wconf 85' lang='lat' dir='ltr'>numeris</span> <span class='ocrx_word' id='word_1_599' title='bbox 1960 1157 2076 1187; x_wconf 87' lang='lat' dir='ltr'>dimensa</span> <span class='ocrx_word' id='word_1_600' title='bbox 2088 1162 2195 1191; x_wconf 86' lang='lat' dir='ltr'>viarum</span> 
     </span>
     <span class='ocr_line' id='line_1_62' title="bbox 1153 1190 2195 1233; baseline 0.009 -17"><span class='ocrx_word' id='word_1_601' title='bbox 1153 1190 1225 1217; x_wconf 84' lang='lat' dir='ltr'>Idem</span> <span class='ocrx_word' id='word_1_602' title='bbox 1247 1191 1319 1216; x_wconf 88' lang='lat' dir='ltr'>Geor</span> <span class='ocrx_word' id='word_1_603' title='bbox 1338 1208 1345 1216; x_wconf 78' lang='lat'>.</span> <span class='ocrx_word' id='word_1_604' title='bbox 1365 1199 1389 1222; x_wconf 84' lang='lat'>2,</span> <span class='ocrx_word' id='word_1_605' title='bbox 1402 1197 1459 1224; x_wconf 79' lang='lat'>284.</span> <span class='ocrx_word' id='word_1_606' title='bbox 1530 1191 1611 1218; x_wconf 84' lang='lat' dir='ltr'>Orbis</span> <span class='ocrx_word' id='word_1_607' title='bbox 1624 1191 1701 1218; x_wconf 85' lang='lat' dir='ltr'>certis</span> <span class='ocrx_word' id='word_1_608' title='bbox 1715 1193 1831 1227; x_wconf 86' lang='lat' dir='ltr'>partibus</span> <span class='ocrx_word' id='word_1_609' title='bbox 1846 1193 1977 1220; x_wconf 86' lang='lat' dir='ltr'>dimensus</span> <span class='ocrx_word' id='word_1_610' title='bbox 2010 1196 2048 1222; x_wconf 86' lang='lat' dir='ltr'>Id.</span> <span class='ocrx_word' id='word_1_611' title='bbox 2063 1197 2160 1233; x_wconf 84' lang='lat' dir='ltr'>Georg.</span> <span class='ocrx_word' id='word_1_612' title='bbox 2176 1209 2195 1231; x_wconf 93' lang='lat'>1,</span> 
     </span>
     <span class='ocr_line' id='line_1_63' title="bbox 1151 1226 2195 1265; baseline 0.009 -13"><span class='ocrx_word' id='word_1_613' title='bbox 1151 1233 1201 1258; x_wconf 81' lang='lat'>231.</span> <span class='ocrx_word' id='word_1_614' title='bbox 1230 1229 1248 1252; x_wconf 91' lang='lat' dir='ltr'>i.</span> <span class='ocrx_word' id='word_1_615' title='bbox 1274 1235 1304 1252; x_wconf 86' lang='lat' dir='ltr'>au</span> <span class='ocrx_word' id='word_1_616' title='bbox 1334 1235 1374 1252; x_wconf 80' lang='lat' dir='ltr'>ore</span> <span class='ocrx_word' id='word_1_617' title='bbox 1392 1226 1503 1259; x_wconf 81' lang='lat' dir='ltr'>Seruio,</span> <span class='ocrx_word' id='word_1_618' title='bbox 1528 1228 1618 1253; x_wconf 86' lang='lat' dir='ltr'>Annus</span> <span class='ocrx_word' id='word_1_619' title='bbox 1639 1226 1739 1254; x_wconf 81' lang='lat' dir='ltr'>diuisus</span> <span class='ocrx_word' id='word_1_620' title='bbox 1760 1229 1788 1254; x_wconf 93' lang='lat' dir='ltr'>in</span> <span class='ocrx_word' id='word_1_621' title='bbox 1813 1235 1928 1263; x_wconf 86' lang='lat' dir='ltr'>quatuor</span> <span class='ocrx_word' id='word_1_622' title='bbox 1959 1236 2086 1265; x_wconf 83' lang='lat' dir='ltr'>tempora.</span> <span class='ocrx_word' id='word_1_623' title='bbox 2142 1235 2195 1261; x_wconf 80' lang='lat' dir='ltr'>Hic</span> 
     </span>
     <span class='ocr_line' id='line_1_64' title="bbox 1150 1259 2196 1299; baseline 0.01 -12"><span class='ocrx_word' id='word_1_624' title='bbox 1150 1261 1243 1296; x_wconf 82' lang='lat' dir='ltr'>palliue</span> <span class='ocrx_word' id='word_1_625' title='bbox 1256 1259 1378 1288; x_wconf 85' lang='lat' dir='ltr'>sumitur.</span> <span class='ocrx_word' id='word_1_626' title='bbox 1435 1263 1491 1289; x_wconf 84' lang='lat' dir='ltr'>Cic.</span> <span class='ocrx_word' id='word_1_627' title='bbox 1505 1263 1534 1288; x_wconf 91' lang='lat' dir='ltr'>in</span> <span class='ocrx_word' id='word_1_628' title='bbox 1543 1264 1617 1290; x_wconf 87' lang='lat' dir='ltr'>Orat.</span> <span class='ocrx_word' id='word_1_629' title='bbox 1632 1268 1671 1295; x_wconf 84' lang='grc'>183</span> <span class='ocrx_word' id='word_1_630' title='bbox 1706 1261 1801 1298; x_wconf 86' lang='lat' dir='ltr'>Neque</span> <span class='ocrx_word' id='word_1_631' title='bbox 1821 1264 1892 1290; x_wconf 86' lang='lat' dir='ltr'>enim</span> <span class='ocrx_word' id='word_1_632' title='bbox 1911 1265 1965 1299; x_wconf 89' lang='lat' dir='ltr'>ipse</span> <span class='ocrx_word' id='word_1_633' title='bbox 1986 1268 2075 1294; x_wconf 90' lang='lat' dir='ltr'>versus</span> <span class='ocrx_word' id='word_1_634' title='bbox 2091 1270 2196 1297; x_wconf 84' lang='lat' dir='ltr'>ratione</span> 
     </span>
     <span class='ocr_line' id='line_1_65' title="bbox 1151 1296 2195 1339; baseline 0.01 -16"><span class='ocrx_word' id='word_1_635' title='bbox 1151 1297 1187 1323; x_wconf 88' lang='lat' dir='ltr'>est</span> <span class='ocrx_word' id='word_1_636' title='bbox 1205 1297 1342 1331; x_wconf 79' lang='lat' dir='ltr'>cognitus,</span> <span class='ocrx_word' id='word_1_637' title='bbox 1376 1296 1420 1323; x_wconf 87' lang='lat' dir='ltr'>sed</span> <span class='ocrx_word' id='word_1_638' title='bbox 1440 1304 1533 1325; x_wconf 83' lang='lat' dir='ltr'>natura</span> <span class='ocrx_word' id='word_1_639' title='bbox 1551 1304 1629 1333; x_wconf 87' lang='lat' dir='ltr'>atque</span> <span class='ocrx_word' id='word_1_640' title='bbox 1648 1296 1739 1332; x_wconf 80' lang='lat' dir='ltr'>sensu,</span> <span class='ocrx_word' id='word_1_641' title='bbox 1765 1308 1845 1334; x_wconf 86' lang='lat' dir='ltr'>quem</span> <span class='ocrx_word' id='word_1_642' title='bbox 1859 1300 1984 1339; x_wconf 84' lang='lat' dir='ltr'>¹dimensa</span> <span class='ocrx_word' id='word_1_643' title='bbox 2003 1302 2082 1330; x_wconf 84' lang='lat' dir='ltr'>Ratio</span> <span class='ocrx_word' id='word_1_644' title='bbox 2103 1304 2195 1334; x_wconf 84' lang='lat' dir='ltr'>docuit</span> 
     </span>
    </p>
   </div>
   <div class='ocr_carea' id='block_1_13' title="bbox 48 1330 1372 1368">
    <p class='ocr_par' dir='ltr' id='par_1_18' title="bbox 48 1330 1372 1368">
     <span class='ocr_line' id='line_1_66' title="bbox 48 1330 1372 1368; baseline -0.002 -7"><span class='ocrx_word' id='word_1_645' title='bbox 48 1343 85 1368; x_wconf 78' lang='lat'>42</span> <span class='ocrx_word' id='word_1_646' title='bbox 98 1343 119 1361; x_wconf 88' lang='lat' dir='ltr'>c.</span> <span class='ocrx_word' id='word_1_647' title='bbox 136 1342 160 1367; x_wconf 78' lang='grc' dir='ltr'>ις</span> <span class='ocrx_word' id='word_1_648' title='bbox 185 1334 240 1368; x_wconf 80' lang='lat' dir='ltr'>Ego</span> <span class='ocrx_word' id='word_1_649' title='bbox 251 1343 293 1360; x_wconf 88' lang='lat' dir='ltr'>res</span> <span class='ocrx_word' id='word_1_650' title='bbox 307 1340 359 1360; x_wconf 87' lang='lat' dir='ltr'>tam</span> <span class='ocrx_word' id='word_1_651' title='bbox 372 1333 441 1359; x_wconf 88' lang='lat' dir='ltr'>leues</span> <span class='ocrx_word' id='word_1_652' title='bbox 455 1341 506 1368; x_wconf 90' lang='lat' dir='ltr'>qua</span> <span class='ocrx_word' id='word_1_653' title='bbox 524 1330 628 1358; x_wconf 87' lang='lat' dir='ltr'>ratione</span> <span class='ocrx_word' id='word_1_654' title='bbox 643 1331 776 1362; x_wconf 81' lang='lat' dir='ltr'>infirmem</span> <span class='ocrx_word' id='word_1_655' title='bbox 790 1339 819 1358; x_wconf 81' lang='lat' dir='ltr'>ac</span> <span class='ocrx_word' id='word_1_656' title='bbox 831 1332 946 1364; x_wconf 83' lang='lat' dir='ltr'>diluam,</span> <span class='ocrx_word' id='word_1_657' title='bbox 969 1335 1088 1368; x_wconf 87' lang='lat' dir='ltr'>reperire</span> <span class='ocrx_word' id='word_1_658' title='bbox 1101 1337 1133 1364; x_wconf 84' lang='grc' dir='ltr'>3ο</span> <span class='ocrx_word' id='word_1_659' title='bbox 1151 1333 1216 1368; x_wconf 89' lang='lat' dir='ltr'>quid</span> <span class='ocrx_word' id='word_1_660' title='bbox 1236 1332 1372 1359; x_wconf 77' lang='lat' dir='ltr'>acciderit.</span> 
     </span>
    </p>
   </div>
   <div class='ocr_carea' id='block_1_14' title="bbox 44 1359 1089 1511">
    <p class='ocr_par' dir='ltr' id='par_1_19' title="bbox 44 1359 1089 1511">
     <span class='ocr_line' id='line_1_67' title="bbox 46 1359 1088 1405; baseline 0 -9"><span class='ocrx_word' id='word_1_661' title='bbox 46 1378 102 1397; x_wconf 89' lang='lat' dir='ltr'>non</span> <span class='ocrx_word' id='word_1_662' title='bbox 116 1369 223 1405; x_wconf 78' lang='lat' dir='ltr'>possum.</span> <span class='ocrx_word' id='word_1_663' title='bbox 294 1369 351 1396; x_wconf 87' lang='lat' dir='ltr'>Seu.</span> <span class='ocrx_word' id='word_1_664' title='bbox 365 1368 443 1403; x_wconf 83' lang='lat' dir='ltr'>Epist.</span> <span class='ocrx_word' id='word_1_665' title='bbox 459 1376 492 1401; x_wconf 84' lang='lat'>29</span> <span class='ocrx_word' id='word_1_666' title='bbox 527 1368 586 1393; x_wconf 87' lang='lat' dir='ltr'>Hoc</span> <span class='ocrx_word' id='word_1_667' title='bbox 603 1376 657 1393; x_wconf 90' lang='lat' dir='ltr'>non</span> <span class='ocrx_word' id='word_1_668' title='bbox 670 1359 793 1394; x_wconf 71' lang='lat' dir='ltr'>existimo</span> <span class='ocrx_word' id='word_1_669' title='bbox 806 1376 903 1402; x_wconf 85' lang='lat' dir='ltr'>magno</span> <span class='ocrx_word' id='word_1_670' title='bbox 916 1369 978 1395; x_wconf 91' lang='lat' dir='ltr'>viro</span> <span class='ocrx_word' id='word_1_671' title='bbox 991 1369 1088 1396; x_wconf 80' lang='lat' dir='ltr'>facien-</span> 
     </span>
     <span class='ocr_line' id='line_1_68' title="bbox 49 1402 1089 1439; baseline 0 -8"><span class='ocrx_word' id='word_1_672' title='bbox 49 1405 128 1438; x_wconf 90' lang='lat' dir='ltr'>dum,</span> <span class='ocrx_word' id='word_1_673' title='bbox 153 1404 265 1431; x_wconf 86' lang='lat' dir='ltr'>diluitur</span> <span class='ocrx_word' id='word_1_674' title='bbox 287 1405 345 1431; x_wconf 82' lang='lat' dir='ltr'>eius</span> <span class='ocrx_word' id='word_1_675' title='bbox 364 1404 531 1436; x_wconf 63' lang='lat' dir='ltr'>Auctoritas,</span> <span class='ocrx_word' id='word_1_676' title='bbox 556 1409 603 1429; x_wconf 80' lang='lat' dir='ltr'>nec</span> <span class='ocrx_word' id='word_1_677' title='bbox 623 1402 702 1429; x_wconf 84' lang='lat' dir='ltr'>habet</span> <span class='ocrx_word' id='word_1_678' title='bbox 722 1403 791 1437; x_wconf 75' lang='lat' dir='ltr'>apud</span> <span class='ocrx_word' id='word_1_679' title='bbox 809 1413 854 1430; x_wconf 87' lang='lat' dir='ltr'>eos</span> <span class='ocrx_word' id='word_1_680' title='bbox 874 1405 933 1430; x_wconf 80' lang='lat' dir='ltr'>satis</span> <span class='ocrx_word' id='word_1_681' title='bbox 949 1405 1089 1439; x_wconf 86' lang='lat' dir='ltr'>ponderis,</span> 
     </span>
     <span class='ocr_line' id='line_1_69' title="bbox 47 1439 1088 1476; baseline 0.001 -10"><span class='ocrx_word' id='word_1_682' title='bbox 47 1449 115 1474; x_wconf 85' lang='lat' dir='ltr'>quos</span> <span class='ocrx_word' id='word_1_683' title='bbox 135 1441 214 1474; x_wconf 87' lang='lat' dir='ltr'>posset</span> <span class='ocrx_word' id='word_1_684' title='bbox 233 1440 318 1467; x_wconf 90' lang='lat' dir='ltr'>minus</span> <span class='ocrx_word' id='word_1_685' title='bbox 336 1439 499 1466; x_wconf 68' lang='lat' dir='ltr'>obsolet&#39;aifiia</span> <span class='ocrx_word' id='word_1_686' title='bbox 518 1439 662 1473; x_wconf 77' lang='lat' dir='ltr'>corrigere.</span> <span class='ocrx_word' id='word_1_687' title='bbox 734 1440 783 1465; x_wconf 80' lang='lat' dir='ltr'>Pro</span> <span class='ocrx_word' id='word_1_688' title='bbox 798 1441 909 1476; x_wconf 80' lang='lat' dir='ltr'>Purgare</span> <span class='ocrx_word' id='word_1_689' title='bbox 929 1447 951 1466; x_wconf 76' lang='lat' dir='ltr'>et</span> <span class='ocrx_word' id='word_1_690' title='bbox 969 1441 1088 1476; x_wconf 64' lang='lat' dir='ltr'>refellere.</span> 
     </span>
     <span class='ocr_line' id='line_1_70' title="bbox 44 1472 1088 1511; baseline 0.001 -9"><span class='ocrx_word' id='word_1_691' title='bbox 44 1476 101 1502; x_wconf 84' lang='lat' dir='ltr'>cic.</span> <span class='ocrx_word' id='word_1_692' title='bbox 120 1476 199 1502; x_wconf 88' lang='lat' dir='ltr'>Verr.</span> <span class='ocrx_word' id='word_1_693' title='bbox 221 1484 249 1508; x_wconf 83' lang='lat'>3,</span> <span class='ocrx_word' id='word_1_694' title='bbox 269 1478 305 1510; x_wconf 87' lang='lat'>76</span> <span class='ocrx_word' id='word_1_695' title='bbox 334 1477 398 1509; x_wconf 82' lang='lat' dir='ltr'>Qio</span> <span class='ocrx_word' id='word_1_696' title='bbox 418 1475 525 1502; x_wconf 82' lang='lat' dir='ltr'>facilius</span> <span class='ocrx_word' id='word_1_697' title='bbox 543 1475 652 1501; x_wconf 90' lang='lat' dir='ltr'>Crimen</span> <span class='ocrx_word' id='word_1_698' title='bbox 671 1472 846 1501; x_wconf 85' lang='lat' dir='ltr'>inimicorum</span> <span class='ocrx_word' id='word_1_699' title='bbox 867 1475 970 1502; x_wconf 88' lang='lat' dir='ltr'>diluere</span> <span class='ocrx_word' id='word_1_700' title='bbox 989 1476 1088 1511; x_wconf 84' lang='lat' dir='ltr'>pollim.</span> 
     </span>
    </p>
   </div>
   <div class='ocr_carea' id='block_1_15' title="bbox 14 1508 1832 1545">
    <p class='ocr_par' dir='ltr' id='par_1_20' title="bbox 14 1508 1832 1545">
     <span class='ocr_line' id='line_1_71' title="bbox 14 1508 1832 1545; baseline 0.001 -8"><span class='ocrx_word' id='word_1_701' title='bbox 14 1533 17 1534; x_wconf 59' lang='lat'>.</span> <span class='ocrx_word' id='word_1_702' title='bbox 44 1510 119 1537; x_wconf 89' lang='lat' dir='ltr'>Idem</span> <span class='ocrx_word' id='word_1_703' title='bbox 134 1510 165 1537; x_wconf 87' lang='lat' dir='ltr'>de</span> <span class='ocrx_word' id='word_1_704' title='bbox 175 1511 209 1538; x_wconf 91' lang='lat' dir='ltr'>N.</span> <span class='ocrx_word' id='word_1_705' title='bbox 219 1512 250 1537; x_wconf 89' lang='lat' dir='ltr'>D.</span> <span class='ocrx_word' id='word_1_706' title='bbox 259 1520 326 1544; x_wconf 67' lang='lat'><em>2220</em></span> <span class='ocrx_word' id='word_1_707' title='bbox 352 1512 422 1538; x_wconf 87' lang='lat' dir='ltr'>Nam</span> <span class='ocrx_word' id='word_1_708' title='bbox 434 1517 463 1537; x_wconf 90' lang='lat' dir='ltr'>vt</span> <span class='ocrx_word' id='word_1_709' title='bbox 475 1511 608 1545; x_wconf 89' lang='lat' dir='ltr'>profluens</span> <span class='ocrx_word' id='word_1_710' title='bbox 622 1508 773 1542; x_wconf 66' lang='lat' dir='ltr'>amni33aut</span> <span class='ocrx_word' id='word_1_711' title='bbox 787 1510 894 1543; x_wconf 84' lang='lat' dir='ltr'>vix‚aut</span> <span class='ocrx_word' id='word_1_712' title='bbox 907 1511 982 1538; x_wconf 90' lang='lat' dir='ltr'>nullo</span> <span class='ocrx_word' id='word_1_713' title='bbox 995 1511 1087 1545; x_wconf 90' lang='lat' dir='ltr'>modo,</span> <span class='ocrx_word' id='word_1_714' title='bbox 1103 1513 1132 1541; x_wconf 75' lang='grc'>35</span> <span class='ocrx_word' id='word_1_715' title='bbox 1148 1511 1220 1537; x_wconf 86' lang='lat' dir='ltr'>vitae</span> <span class='ocrx_word' id='word_1_716' title='bbox 1235 1509 1457 1537; x_wconf 80' lang='lat' dir='ltr'>suae.dimensum</span> <span class='ocrx_word' id='word_1_717' title='bbox 1470 1510 1522 1536; x_wconf 87' lang='lat' dir='ltr'>line</span> <span class='ocrx_word' id='word_1_718' title='bbox 1535 1510 1665 1537; x_wconf 86' lang='lat' dir='ltr'>dilatione</span> <span class='ocrx_word' id='word_1_719' title='bbox 1679 1511 1832 1538; x_wconf 86' lang='lat' dir='ltr'>restituerit.</span> 
     </span>
    </p>
   </div>
   <div class='ocr_carea' id='block_1_16' title="bbox 41 1545 1089 1858">
    <p class='ocr_par' dir='ltr' id='par_1_21' title="bbox 41 1545 1089 1821">
     <span class='ocr_line' id='line_1_72' title="bbox 44 1545 1088 1582; baseline 0.002 -10"><span class='ocrx_word' id='word_1_720' title='bbox 44 1546 164 1573; x_wconf 83' lang='lat' dir='ltr'>conclusa</span> <span class='ocrx_word' id='word_1_721' title='bbox 182 1552 271 1573; x_wconf 82' lang='lat' dir='ltr'>autem</span> <span class='ocrx_word' id='word_1_722' title='bbox 289 1555 356 1581; x_wconf 91' lang='lat' dir='ltr'>aqua</span> <span class='ocrx_word' id='word_1_723' title='bbox 371 1547 449 1573; x_wconf 87' lang='lat' dir='ltr'>facile</span> <span class='ocrx_word' id='word_1_724' title='bbox 472 1545 666 1580; x_wconf 85' lang='lat' dir='ltr'>corrumpitur:</span> <span class='ocrx_word' id='word_1_725' title='bbox 684 1545 717 1571; x_wconf 81' lang='lat' dir='ltr'>sic</span> <span class='ocrx_word' id='word_1_726' title='bbox 729 1545 859 1572; x_wconf 89' lang='lat' dir='ltr'>orationis</span> <span class='ocrx_word' id='word_1_727' title='bbox 878 1547 988 1573; x_wconf 81' lang='lat' dir='ltr'>flumine</span> <span class='ocrx_word' id='word_1_728' title='bbox 1001 1556 1088 1582; x_wconf 83' lang='lat' dir='ltr'>repre-</span> 
     </span>
     <span class='ocr_line' id='line_1_73' title="bbox 43 1581 1089 1615; baseline 0.002 -7"><span class='ocrx_word' id='word_1_729' title='bbox 43 1581 164 1608; x_wconf 87' lang='lat' dir='ltr'>hensoris</span> <span class='ocrx_word' id='word_1_730' title='bbox 177 1583 244 1609; x_wconf 87' lang='lat' dir='ltr'>vitia</span> <span class='ocrx_word' id='word_1_731' title='bbox 257 1581 404 1609; x_wconf 86' lang='lat' dir='ltr'>diluuntur.</span> <span class='ocrx_word' id='word_1_732' title='bbox 440 1581 508 1609; x_wconf 83' lang='lat' dir='ltr'>Add.</span> <span class='ocrx_word' id='word_1_733' title='bbox 525 1589 573 1615; x_wconf 88' lang='lat' dir='ltr'>pro</span> <span class='ocrx_word' id='word_1_734' title='bbox 586 1581 644 1607; x_wconf 88' lang='lat' dir='ltr'>Mil.</span> <span class='ocrx_word' id='word_1_735' title='bbox 659 1590 680 1607; x_wconf 91' lang='lat' dir='ltr'>c.</span> <span class='ocrx_word' id='word_1_736' title='bbox 696 1587 737 1615; x_wconf 86' lang='lat'>27.</span> <span class='ocrx_word' id='word_1_737' title='bbox 808 1581 966 1608; x_wconf 79' lang='lat' dir='ltr'>Contraria.&#39;</span> <span class='ocrx_word' id='word_1_738' title='bbox 985 1583 1089 1610; x_wconf 74' lang='grc' dir='ltr'>Αυὲὶοι·</span> 
     </span>
     <span class='ocr_line' id='line_1_74' title="bbox 43 1614 1087 1651; baseline 0 -8"><span class='ocrx_word' id='word_1_739' title='bbox 43 1616 78 1643; x_wconf 84' lang='lat' dir='ltr'>ad</span> <span class='ocrx_word' id='word_1_740' title='bbox 90 1618 190 1644; x_wconf 86' lang='lat' dir='ltr'>Heren.</span> <span class='ocrx_word' id='word_1_741' title='bbox 204 1627 232 1650; x_wconf 83' lang='lat'>4,</span> <span class='ocrx_word' id='word_1_742' title='bbox 246 1623 279 1651; x_wconf 79' lang='lat'>48</span> <span class='ocrx_word' id='word_1_743' title='bbox 311 1617 476 1645; x_wconf 81' lang='lat' dir='ltr'>Accusatoris</span> <span class='ocrx_word' id='word_1_744' title='bbox 495 1615 613 1643; x_wconf 84' lang='lat' dir='ltr'>officium</span> <span class='ocrx_word' id='word_1_745' title='bbox 633 1616 686 1648; x_wconf 85' lang='lat' dir='ltr'>est,</span> <span class='ocrx_word' id='word_1_746' title='bbox 706 1615 809 1642; x_wconf 89' lang='lat' dir='ltr'>inferre</span> <span class='ocrx_word' id='word_1_747' title='bbox 831 1614 966 1643; x_wconf 79' lang='lat' dir='ltr'>Crimina:</span> <span class='ocrx_word' id='word_1_748' title='bbox 998 1618 1087 1644; x_wconf 88' lang='lat' dir='ltr'>defen-</span> 
     </span>
     <span class='ocr_line' id='line_1_75' title="bbox 43 1651 1088 1688; baseline 0.001 -10"><span class='ocrx_word' id='word_1_749' title='bbox 43 1653 129 1686; x_wconf 87' lang='lat' dir='ltr'>soris,</span> <span class='ocrx_word' id='word_1_750' title='bbox 159 1653 263 1680; x_wconf 85' lang='lat' dir='ltr'>diluere</span> <span class='ocrx_word' id='word_1_751' title='bbox 283 1659 309 1679; x_wconf 90' lang='lat' dir='ltr'>et</span> <span class='ocrx_word' id='word_1_752' title='bbox 329 1653 491 1688; x_wconf 82' lang='lat' dir='ltr'>propulsare.</span> <span class='ocrx_word' id='word_1_753' title='bbox 562 1651 673 1678; x_wconf 86' lang='lat' dir='ltr'>Facinus</span> <span class='ocrx_word' id='word_1_754' title='bbox 691 1656 793 1677; x_wconf 88' lang='lat' dir='ltr'>tantum</span> <span class='ocrx_word' id='word_1_755' title='bbox 811 1659 879 1686; x_wconf 84' lang='lat' dir='ltr'>quae</span> <span class='ocrx_word' id='word_1_756' title='bbox 899 1652 984 1678; x_wconf 92' lang='lat' dir='ltr'>diluet</span> <span class='ocrx_word' id='word_1_757' title='bbox 1002 1654 1088 1679; x_wconf 72' lang='lat' dir='ltr'>aetas?</span> 
     </span>
     <span class='ocr_line' id='line_1_76' title="bbox 41 1688 369 1722; baseline 0.003 -9"><span class='ocrx_word' id='word_1_758' title='bbox 41 1688 137 1714; x_wconf 81' lang='lat' dir='ltr'>Claud.</span> <span class='ocrx_word' id='word_1_759' title='bbox 147 1689 175 1715; x_wconf 88' lang='lat' dir='ltr'>in</span> <span class='ocrx_word' id='word_1_760' title='bbox 182 1689 292 1722; x_wconf 81' lang='lat' dir='ltr'>Eutrop.</span> <span class='ocrx_word' id='word_1_761' title='bbox 302 1697 325 1721; x_wconf 80' lang='lat'>2,</span> <span class='ocrx_word' id='word_1_762' title='bbox 334 1697 369 1721; x_wconf 78' lang='lat'>²3-</span> 
     </span>
     <span class='ocr_line' id='line_1_77' title="bbox 44 1721 807 1755; baseline -0.003 -6"><span class='ocrx_word' id='word_1_763' title='bbox 44 1723 142 1755; x_wconf 66' lang='lat' dir='ltr'>odyss:</span> <span class='ocrx_word' id='word_1_764' title='bbox 153 1726 178 1750; x_wconf 92' lang='lat'>6.</span> <span class='ocrx_word' id='word_1_765' title='bbox 250 1724 325 1750; x_wconf 86' lang='lat' dir='ltr'>Hora</span> <span class='ocrx_word' id='word_1_766' title='bbox 343 1725 399 1750; x_wconf 88' lang='lat' dir='ltr'>sera</span> <span class='ocrx_word' id='word_1_767' title='bbox 419 1722 533 1750; x_wconf 86' lang='lat' dir='ltr'>diluitur</span> <span class='ocrx_word' id='word_1_768' title='bbox 552 1731 627 1748; x_wconf 82' lang='lat' dir='ltr'>mero</span> <span class='ocrx_word' id='word_1_769' title='bbox 657 1721 738 1748; x_wconf 86' lang='lat' dir='ltr'>Ouid.</span> <span class='ocrx_word' id='word_1_770' title='bbox 759 1722 807 1755; x_wconf 84' lang='lat' dir='ltr'>Epi</span> 
     </span>
     <span class='ocr_line' id='line_1_78' title="bbox 44 1756 820 1793; baseline -0.004 -9"><span class='ocrx_word' id='word_1_771' title='bbox 44 1757 129 1784; x_wconf 87' lang='lat' dir='ltr'>Tusc.</span> <span class='ocrx_word' id='word_1_772' title='bbox 142 1767 166 1791; x_wconf 91' lang='grc'>3,</span> <span class='ocrx_word' id='word_1_773' title='bbox 179 1767 211 1792; x_wconf 84' lang='grc'>34</span> <span class='ocrx_word' id='word_1_774' title='bbox 225 1767 247 1785; x_wconf 86' lang='lat' dir='ltr'>c.</span> <span class='ocrx_word' id='word_1_775' title='bbox 263 1761 292 1784; x_wconf 89' lang='lat'>16</span> <span class='ocrx_word' id='word_1_776' title='bbox 325 1759 400 1792; x_wconf 86' lang='lat' dir='ltr'>Qiae</span> <span class='ocrx_word' id='word_1_777' title='bbox 413 1758 541 1793; x_wconf 78' lang='lat' dir='ltr'>cogitatio</span> <span class='ocrx_word' id='word_1_778' title='bbox 553 1765 605 1782; x_wconf 90' lang='lat' dir='ltr'>vna</span> <span class='ocrx_word' id='word_1_779' title='bbox 623 1765 714 1782; x_wconf 86' lang='lat' dir='ltr'>ornnes</span> <span class='ocrx_word' id='word_1_780' title='bbox 725 1756 820 1782; x_wconf 80' lang='lat' dir='ltr'>Molest</span> 
     </span>
     <span class='ocr_line' id='line_1_79' title="bbox 42 1791 793 1821; baseline -0.004 -3"><span class='ocrx_word' id='word_1_781' title='bbox 42 1792 104 1818; x_wconf 86' lang='lat' dir='ltr'>luit.</span> <span class='ocrx_word' id='word_1_782' title='bbox 159 1794 263 1819; x_wconf 76' lang='lat' dir='ltr'>Peccata</span> <span class='ocrx_word' id='word_1_783' title='bbox 278 1793 382 1819; x_wconf 81' lang='lat' dir='ltr'>diluere</span> <span class='ocrx_word' id='word_1_784' title='bbox 402 1793 483 1819; x_wconf 90' lang='lat' dir='ltr'>Ouid.</span> <span class='ocrx_word' id='word_1_785' title='bbox 499 1792 531 1817; x_wconf 87' lang='lat' dir='ltr'>de</span> <span class='ocrx_word' id='word_1_786' title='bbox 538 1792 614 1816; x_wconf 87' lang='lat' dir='ltr'>Rem.</span> <span class='ocrx_word' id='word_1_787' title='bbox 629 1791 721 1816; x_wconf 88' lang='lat' dir='ltr'>Amor.</span> <span class='ocrx_word' id='word_1_788' title='bbox 734 1792 793 1821; x_wconf 76' lang='lat'>695.</span> 
     </span>
    </p>

    <p class='ocr_par' dir='ltr' id='par_1_22' title="bbox 41 1823 881 1858">
     <span class='ocr_line' id='line_1_80' title="bbox 41 1823 881 1858; baseline -0.002 -6"><span class='ocrx_word' id='word_1_789' title='bbox 41 1826 78 1852; x_wconf 80' lang='lat' dir='ltr'>ad</span> <span class='ocrx_word' id='word_1_790' title='bbox 87 1827 225 1858; x_wconf 78' lang='lat' dir='ltr'>Bacchum,</span> <span class='ocrx_word' id='word_1_791' title='bbox 246 1827 295 1852; x_wconf 89' lang='lat' dir='ltr'>Tu</span> <span class='ocrx_word' id='word_1_792' title='bbox 324 1827 422 1852; x_wconf 81' lang='lat' dir='ltr'>vitium</span> <span class='ocrx_word' id='word_1_793' title='bbox 447 1834 479 1851; x_wconf 86' lang='lat' dir='ltr'>ex</span> <span class='ocrx_word' id='word_1_794' title='bbox 495 1826 587 1851; x_wconf 87' lang='lat' dir='ltr'>animo</span> <span class='ocrx_word' id='word_1_795' title='bbox 606 1824 678 1849; x_wconf 84' lang='lat' dir='ltr'>dilue</span> <span class='ocrx_word' id='word_1_796' title='bbox 692 1823 793 1849; x_wconf 85' lang='lat' dir='ltr'>Bacche</span> <span class='ocrx_word' id='word_1_797' title='bbox 811 1829 881 1850; x_wconf 88' lang='lat' dir='ltr'>meo.</span> 
     </span>
    </p>
   </div>
   <div class='ocr_carea' id='block_1_17' title="bbox 847 1724 1089 1857">
    <p class='ocr_par' dir='ltr' id='par_1_23' title="bbox 847 1724 1089 1857">
     <span class='ocr_line' id='line_1_81' title="bbox 873 1724 1086 1754; baseline 0 -6"><span class='ocrx_word' id='word_1_798' title='bbox 873 1727 896 1753; x_wconf 87' lang='lat'>8,</span> <span class='ocrx_word' id='word_1_799' title='bbox 918 1731 956 1754; x_wconf 90' lang='lat'>14.</span> <span class='ocrx_word' id='word_1_800' title='bbox 1029 1724 1086 1749; x_wconf 85' lang='lat' dir='ltr'>Cic.</span> 
     </span>
     <span class='ocr_line' id='line_1_82' title="bbox 873 1756 1089 1782; baseline 0.005 -1"><span class='ocrx_word' id='word_1_801' title='bbox 873 1761 997 1782; x_wconf 79' lang='lat' dir='ltr'>extenuat</span> <span class='ocrx_word' id='word_1_802' title='bbox 1009 1763 1035 1782; x_wconf 89' lang='lat' dir='ltr'>et</span> <span class='ocrx_word' id='word_1_803' title='bbox 1049 1756 1089 1782; x_wconf 83' lang='lat' dir='ltr'>di-</span> 
     </span>
     <span class='ocr_line' id='line_1_83' title="bbox 847 1791 1088 1824; baseline 0.004 -9"><span class='ocrx_word' id='word_1_804' title='bbox 847 1791 965 1823; x_wconf 85' lang='lat' dir='ltr'>Propert.</span> <span class='ocrx_word' id='word_1_805' title='bbox 981 1798 1002 1821; x_wconf 84' lang='lat'>3,</span> <span class='ocrx_word' id='word_1_806' title='bbox 1017 1797 1056 1824; x_wconf 88' lang='lat'>17,</span> <span class='ocrx_word' id='word_1_807' title='bbox 1071 1793 1088 1816; x_wconf 91' lang='lat'>6</span> 
     </span>
     <span class='ocr_line' id='line_1_84' title="bbox 953 1824 1087 1857; baseline 0.015 -8"><span class='ocrx_word' id='word_1_808' title='bbox 953 1824 1018 1857; x_wconf 79' lang='lat' dir='ltr'>Paffi</span> <span class='ocrx_word' id='word_1_809' title='bbox 1033 1826 1087 1851; x_wconf 78' lang='lat' dir='ltr'>Au—</span> 
     </span>
    </p>
   </div>
   <div class='ocr_carea' id='block_1_18' title="bbox 425 1686 1136 1722">
    <p class='ocr_par' dir='ltr' id='par_1_24' title="bbox 425 1686 1136 1722">
     <span class='ocr_line' id='line_1_85' title="bbox 425 1686 1136 1722; baseline 0.001 -8"><span class='ocrx_word' id='word_1_810' title='bbox 425 1687 619 1722; x_wconf 75' lang='lat' dir='ltr'>Fatigationem</span> <span class='ocrx_word' id='word_1_811' title='bbox 632 1688 726 1713; x_wconf 87' lang='lat' dir='ltr'>somno</span> <span class='ocrx_word' id='word_1_812' title='bbox 737 1686 842 1713; x_wconf 89' lang='lat' dir='ltr'>diluere</span> <span class='ocrx_word' id='word_1_813' title='bbox 860 1686 1086 1715; x_wconf 82' lang='lat' dir='ltr'>Auson.Perioeh.</span> <span class='ocrx_word' id='word_1_814' title='bbox 1099 1689 1136 1716; x_wconf 89' lang='lat'>40</span> 
     </span>
    </p>
   </div>
   <div class='ocr_carea' id='block_1_19' title="bbox 1147 1367 2197 1868">
    <p class='ocr_par' dir='ltr' id='par_1_25' title="bbox 1148 1367 2197 1573">
     <span class='ocr_line' id='line_1_86' title="bbox 1186 1367 2194 1406; baseline 0.008 -12"><span class='ocrx_word' id='word_1_815' title='bbox 1186 1372 1256 1395; x_wconf 72' lang='lat' dir='ltr'>Dim</span> <span class='ocrx_word' id='word_1_816' title='bbox 1267 1369 1337 1395; x_wconf 73' lang='lat' dir='ltr'>E&#39;ri&#39;</span> <span class='ocrx_word' id='word_1_817' title='bbox 1350 1372 1372 1394; x_wconf 79' lang='grc' dir='ltr'>Τ</span> <span class='ocrx_word' id='word_1_818' title='bbox 1384 1373 1441 1399; x_wconf 74' lang='lat' dir='ltr'>VS,</span> <span class='ocrx_word' id='word_1_819' title='bbox 1455 1377 1480 1401; x_wconf 87' lang='lat' dir='ltr'>a,</span> <span class='ocrx_word' id='word_1_820' title='bbox 1496 1374 1554 1395; x_wconf 68' lang='lat' dir='ltr'>urm</span> <span class='ocrx_word' id='word_1_821' title='bbox 1569 1369 1637 1395; x_wconf 81' lang='lat' dir='ltr'>Part.</span> <span class='ocrx_word' id='word_1_822' title='bbox 1664 1367 1713 1396; x_wconf 85' lang='lat' dir='ltr'>Pro</span> <span class='ocrx_word' id='word_1_823' title='bbox 1730 1370 1877 1406; x_wconf 60' lang='lat' dir='ltr'>Dimenfiis,</span> <span class='ocrx_word' id='word_1_824' title='bbox 1898 1371 1951 1398; x_wconf 83' lang='lat' dir='ltr'>vid.</span> <span class='ocrx_word' id='word_1_825' title='bbox 1969 1378 2154 1402; x_wconf 79' lang='grc' dir='ltr'><strong><em>υΕΜΕΤιο</em></strong></span> <span class='ocrx_word' id='word_1_826' title='bbox 2165 1384 2194 1404; x_wconf 74' lang='lat' dir='ltr'>R.</span> 
     </span>
     <span class='ocr_line' id='line_1_87' title="bbox 1150 1404 2195 1447; baseline 0.009 -18"><span class='ocrx_word' id='word_1_827' title='bbox 1150 1424 1153 1426; x_wconf 55' lang='grc'>,</span> <span class='ocrx_word' id='word_1_828' title='bbox 1186 1410 1204 1430; x_wconf 88' lang='lat' dir='ltr'>D</span> <span class='ocrx_word' id='word_1_829' title='bbox 1214 1410 1333 1430; x_wconf 78' lang='lat' dir='ltr'>IMENS</span> <span class='ocrx_word' id='word_1_830' title='bbox 1345 1406 1366 1429; x_wconf 84' lang='lat' dir='ltr'>V</span> <span class='ocrx_word' id='word_1_831' title='bbox 1377 1410 1418 1436; x_wconf 85' lang='lat' dir='ltr'>M,</span> <span class='ocrx_word' id='word_1_832' title='bbox 1439 1404 1457 1430; x_wconf 92' lang='lat' dir='ltr'>i.</span> <span class='ocrx_word' id='word_1_833' title='bbox 1477 1413 1502 1430; x_wconf 89' lang='lat' dir='ltr'>n.</span> <span class='ocrx_word' id='word_1_834' title='bbox 1541 1404 1608 1430; x_wconf 76' lang='lat' dir='ltr'>Idem</span> <span class='ocrx_word' id='word_1_835' title='bbox 1622 1405 1686 1440; x_wconf 81' lang='lat' dir='ltr'>quod</span> <span class='ocrx_word' id='word_1_836' title='bbox 1698 1406 1848 1441; x_wconf 68' lang='lat' dir='ltr'>Dcmeozsum.</span> <span class='ocrx_word' id='word_1_837' title='bbox 1878 1406 1959 1440; x_wconf 83' lang='lat' dir='ltr'>Spart.</span> <span class='ocrx_word' id='word_1_838' title='bbox 1975 1408 2003 1434; x_wconf 91' lang='lat' dir='ltr'>in</span> <span class='ocrx_word' id='word_1_839' title='bbox 2018 1409 2126 1438; x_wconf 87' lang='lat' dir='ltr'>Adrian.</span> <span class='ocrx_word' id='word_1_840' title='bbox 2143 1421 2164 1438; x_wconf 94' lang='lat' dir='ltr'>c.</span> <span class='ocrx_word' id='word_1_841' title='bbox 2178 1421 2195 1447; x_wconf 87' lang='lat'>7</span> 
     </span>
     <span class='ocr_line' id='line_1_88' title="bbox 1148 1439 2195 1479; baseline 0.009 -14"><span class='ocrx_word' id='word_1_842' title='bbox 1148 1439 1336 1472; x_wconf 88' lang='lat' dir='ltr'>Senatoribus‚</span> <span class='ocrx_word' id='word_1_843' title='bbox 1355 1439 1403 1473; x_wconf 91' lang='lat' dir='ltr'>qui</span> <span class='ocrx_word' id='word_1_844' title='bbox 1418 1448 1471 1465; x_wconf 88' lang='lat' dir='ltr'>non</span> <span class='ocrx_word' id='word_1_845' title='bbox 1484 1439 1554 1466; x_wconf 86' lang='lat' dir='ltr'>vitio</span> <span class='ocrx_word' id='word_1_846' title='bbox 1568 1441 1615 1466; x_wconf 84' lang='lat' dir='ltr'>suo</span> <span class='ocrx_word' id='word_1_847' title='bbox 1628 1440 1801 1473; x_wconf 79' lang='lat' dir='ltr'>decoxerant,</span> <span class='ocrx_word' id='word_1_848' title='bbox 1823 1442 2014 1476; x_wconf 85' lang='lat' dir='ltr'>patrimonium</span> <span class='ocrx_word' id='word_1_849' title='bbox 2033 1453 2082 1479; x_wconf 86' lang='lat' dir='ltr'>pro</span> <span class='ocrx_word' id='word_1_850' title='bbox 2096 1447 2195 1474; x_wconf 85' lang='lat' dir='ltr'>libero-</span> 
     </span>
     <span class='ocr_line' id='line_1_89' title="bbox 1149 1474 2196 1514; baseline 0.01 -14"><span class='ocrx_word' id='word_1_851' title='bbox 1149 1484 1209 1501; x_wconf 85' lang='lat' dir='ltr'>rum</span> <span class='ocrx_word' id='word_1_852' title='bbox 1226 1474 1308 1501; x_wconf 87' lang='lat' dir='ltr'>modo</span> <span class='ocrx_word' id='word_1_853' title='bbox 1322 1475 1474 1501; x_wconf 79' lang='lat' dir='ltr'>Senatoriae</span> <span class='ocrx_word' id='word_1_854' title='bbox 1492 1475 1658 1509; x_wconf 67' lang='lat' dir='ltr'>professionis</span> <span class='ocrx_word' id='word_1_855' title='bbox 1676 1477 1809 1510; x_wconf 74' lang='lat' dir='ltr'>expleuit,</span> <span class='ocrx_word' id='word_1_856' title='bbox 1833 1477 1870 1503; x_wconf 88' lang='lat' dir='ltr'>ita</span> <span class='ocrx_word' id='word_1_857' title='bbox 1884 1484 1913 1504; x_wconf 94' lang='lat' dir='ltr'>vt</span> <span class='ocrx_word' id='word_1_858' title='bbox 1930 1479 2063 1514; x_wconf 82' lang='lat' dir='ltr'>plerisque</span> <span class='ocrx_word' id='word_1_859' title='bbox 2083 1481 2111 1507; x_wconf 90' lang='lat' dir='ltr'>in</span> <span class='ocrx_word' id='word_1_860' title='bbox 2124 1483 2196 1510; x_wconf 89' lang='lat' dir='ltr'>diem</span> 
     </span>
     <span class='ocr_line' id='line_1_90' title="bbox 1875 1513 2197 1554; baseline 0.022 -16"><span class='ocrx_word' id='word_1_861' title='bbox 1875 1513 1933 1539; x_wconf 73' lang='lat' dir='ltr'>Vid.</span> <span class='ocrx_word' id='word_1_862' title='bbox 1954 1514 2126 1549; x_wconf 88' lang='lat' dir='ltr'>Deniensum,</span> <span class='ocrx_word' id='word_1_863' title='bbox 2138 1517 2197 1554; x_wconf 79' lang='lat' dir='ltr'>post</span> 
     </span>
     <span class='ocr_line' id='line_1_91' title="bbox 1148 1552 1366 1573; baseline -0.009 0"><span class='ocrx_word' id='word_1_864' title='bbox 1148 1553 1167 1572; x_wconf 85' lang='lat' dir='ltr'>D</span> <span class='ocrx_word' id='word_1_865' title='bbox 1176 1553 1193 1573; x_wconf 83' lang='lat' dir='ltr'>E</span> <span class='ocrx_word' id='word_1_866' title='bbox 1201 1553 1226 1572; x_wconf 89' lang='grc' dir='ltr'><strong>Μ</strong></span> <span class='ocrx_word' id='word_1_867' title='bbox 1235 1554 1252 1573; x_wconf 87' lang='lat' dir='ltr'>E</span> <span class='ocrx_word' id='word_1_868' title='bbox 1261 1553 1282 1572; x_wconf 87' lang='grc' dir='ltr'><em>Τ</em></span> <span class='ocrx_word' id='word_1_869' title='bbox 1291 1553 1301 1572; x_wconf 90' lang='lat'>1</span> <span class='ocrx_word' id='word_1_870' title='bbox 1309 1552 1328 1572; x_wconf 90' lang='grc' dir='ltr'>ο</span> <span class='ocrx_word' id='word_1_871' title='bbox 1337 1553 1366 1572; x_wconf 78' lang='lat' dir='ltr'>R.</span> 
     </span>
    </p>

    <p class='ocr_par' dir='ltr' id='par_1_26' title="bbox 1148 1577 2196 1684">
     <span class='ocr_line' id='line_1_92' title="bbox 1185 1577 2196 1623; baseline 0.01 -19"><span class='ocrx_word' id='word_1_872' title='bbox 1185 1588 1223 1607; x_wconf 87' lang='lat' dir='ltr'>Di</span> <span class='ocrx_word' id='word_1_873' title='bbox 1238 1587 1262 1608; x_wconf 85' lang='lat' dir='ltr'><strong>M</strong></span> <span class='ocrx_word' id='word_1_874' title='bbox 1274 1586 1290 1607; x_wconf 80' lang='grc' dir='ltr'><strong>Ε</strong></span> <span class='ocrx_word' id='word_1_875' title='bbox 1301 1587 1322 1605; x_wconf 85' lang='grc' dir='ltr'>Ν</span> <span class='ocrx_word' id='word_1_876' title='bbox 1332 1587 1345 1607; x_wconf 86' lang='lat' dir='ltr'>s</span> <span class='ocrx_word' id='word_1_877' title='bbox 1355 1587 1364 1605; x_wconf 96' lang='lat'>1</span> <span class='ocrx_word' id='word_1_878' title='bbox 1374 1586 1411 1612; x_wconf 90' lang='grc' dir='ltr'>ο,</span> <span class='ocrx_word' id='word_1_879' title='bbox 1435 1580 1502 1606; x_wconf 77' lang='lat' dir='ltr'>onis.</span> <span class='ocrx_word' id='word_1_880' title='bbox 1529 1580 1548 1606; x_wconf 90' lang='lat' dir='ltr'>f.</span> <span class='ocrx_word' id='word_1_881' title='bbox 1586 1577 1728 1614; x_wconf 67' lang='grc' dir='ltr'>[διαίς-ικσις,</span> <span class='ocrx_word' id='word_1_882' title='bbox 1757 1578 1927 1616; x_wconf 60' lang='grc' dir='ltr'>δᾶαμέτρησις]</span> <span class='ocrx_word' id='word_1_883' title='bbox 1965 1584 2020 1610; x_wconf 87' lang='lat' dir='ltr'>Cic.</span> <span class='ocrx_word' id='word_1_884' title='bbox 2035 1583 2117 1619; x_wconf 50' lang='lat' dir='ltr'>Tne</span> <span class='ocrx_word' id='word_1_885' title='bbox 2131 1596 2150 1618; x_wconf 86' lang='lat'>1,</span> <span class='ocrx_word' id='word_1_886' title='bbox 2163 1596 2196 1623; x_wconf 81' lang='lat'>57</span> 
     </span>
     <span class='ocr_line' id='line_1_93' title="bbox 1148 1615 2196 1651; baseline 0.007 -9"><span class='ocrx_word' id='word_1_887' title='bbox 1148 1625 1170 1642; x_wconf 87' lang='lat' dir='ltr'>c.</span> <span class='ocrx_word' id='word_1_888' title='bbox 1190 1622 1225 1648; x_wconf 84' lang='lat'>24</span> <span class='ocrx_word' id='word_1_889' title='bbox 1257 1615 1393 1641; x_wconf 81' lang='lat' dir='ltr'>Pufionem</span> <span class='ocrx_word' id='word_1_890' title='bbox 1407 1615 1538 1649; x_wconf 87' lang='lat' dir='ltr'>quendam</span> <span class='ocrx_word' id='word_1_891' title='bbox 1551 1616 1669 1642; x_wconf 82' lang='lat' dir='ltr'>Socrates</span> <span class='ocrx_word' id='word_1_892' title='bbox 1688 1615 1867 1649; x_wconf 83' lang='lat' dir='ltr'>interrogabat</span> <span class='ocrx_word' id='word_1_893' title='bbox 1881 1617 2010 1651; x_wconf 85' lang='lat' dir='ltr'>quaedam</span> <span class='ocrx_word' id='word_1_894' title='bbox 2026 1620 2196 1650; x_wconf 85' lang='lat' dir='ltr'>Geometrica</span> 
     </span>
     <span class='ocr_line' id='line_1_94' title="bbox 1149 1650 1507 1684; baseline -0.003 -8"><span class='ocrx_word' id='word_1_895' title='bbox 1149 1651 1181 1677; x_wconf 89' lang='lat' dir='ltr'>de</span> <span class='ocrx_word' id='word_1_896' title='bbox 1195 1650 1358 1677; x_wconf 81' lang='lat' dir='ltr'>dimensione</span> <span class='ocrx_word' id='word_1_897' title='bbox 1375 1650 1507 1684; x_wconf 86' lang='lat' dir='ltr'>quadrati.</span> 
     </span>
    </p>

    <p class='ocr_par' dir='ltr' id='par_1_27' title="bbox 1186 1681 1918 1718">
     <span class='ocr_line' id='line_1_95' title="bbox 1186 1681 1918 1718; baseline -0.004 -6"><span class='ocrx_word' id='word_1_898' title='bbox 1186 1691 1405 1716; x_wconf 80' lang='lat' dir='ltr'>D1MENSOR‚</span> <span class='ocrx_word' id='word_1_899' title='bbox 1431 1686 1493 1710; x_wconf 81' lang='lat' dir='ltr'>oris.</span> <span class='ocrx_word' id='word_1_900' title='bbox 1520 1693 1556 1710; x_wconf 82' lang='lat' dir='ltr'>m.</span> <span class='ocrx_word' id='word_1_901' title='bbox 1578 1683 1646 1718; x_wconf 74' lang='lat' dir='ltr'>apud</span> <span class='ocrx_word' id='word_1_902' title='bbox 1664 1681 1784 1710; x_wconf 77' lang='lat' dir='ltr'>Liuium.</span> <span class='ocrx_word' id='word_1_903' title='bbox 1823 1702 1831 1710; x_wconf 87' lang='lat'>.</span> <span class='ocrx_word' id='word_1_904' title='bbox 1848 1704 1851 1706; x_wconf 73' lang='lat'>.</span> <span class='ocrx_word' id='word_1_905' title='bbox 1867 1704 1875 1710; x_wconf 93' lang='lat'>.</span> <span class='ocrx_word' id='word_1_906' title='bbox 1912 1705 1918 1712; x_wconf 92' lang='lat'>.</span> 
     </span>
    </p>

    <p class='ocr_par' dir='ltr' id='par_1_28' title="bbox 1147 1717 2194 1868">
     <span class='ocr_line' id='line_1_96' title="bbox 1170 1717 2194 1756; baseline 0.012 -13"><span class='ocrx_word' id='word_1_907' title='bbox 1170 1736 1172 1738; x_wconf 36' lang='lat' dir='ltr'>v</span> <span class='ocrx_word' id='word_1_908' title='bbox 1185 1727 1204 1746; x_wconf 87' lang='lat' dir='ltr'>D</span> <span class='ocrx_word' id='word_1_909' title='bbox 1214 1728 1224 1746; x_wconf 89' lang='lat'>1</span> <span class='ocrx_word' id='word_1_910' title='bbox 1233 1728 1258 1747; x_wconf 89' lang='lat' dir='ltr'>M</span> <span class='ocrx_word' id='word_1_911' title='bbox 1268 1723 1315 1748; x_wconf 64' lang='grc' dir='ltr'>ΕΤ</span> <span class='ocrx_word' id='word_1_912' title='bbox 1329 1727 1391 1753; x_wconf 77' lang='lat' dir='ltr'>OR,</span> <span class='ocrx_word' id='word_1_913' title='bbox 1412 1720 1460 1745; x_wconf 64' lang='lat' dir='ltr'>firi.</span> <span class='ocrx_word' id='word_1_914' title='bbox 1482 1717 1654 1754; x_wconf 65' lang='grc' dir='ltr'>[διαμετρέω]</span> <span class='ocrx_word' id='word_1_915' title='bbox 1690 1720 1791 1745; x_wconf 87' lang='lat' dir='ltr'>Locum</span> <span class='ocrx_word' id='word_1_916' title='bbox 1806 1719 1895 1746; x_wconf 86' lang='lat' dir='ltr'>castris</span> <span class='ocrx_word' id='word_1_917' title='bbox 1908 1721 2032 1750; x_wconf 87' lang='lat' dir='ltr'>dimetari</span> <span class='ocrx_word' id='word_1_918' title='bbox 2046 1724 2113 1752; x_wconf 86' lang='lat' dir='ltr'>iuffit</span> <span class='ocrx_word' id='word_1_919' title='bbox 2134 1727 2194 1756; x_wconf 82' lang='lat' dir='ltr'>Liu.</span> 
     </span>
     <span class='ocr_line' id='line_1_97' title="bbox 1149 1753 2194 1790; baseline 0.01 -10"><span class='ocrx_word' id='word_1_920' title='bbox 1149 1759 1172 1786; x_wconf 82' lang='lat'>8,</span> <span class='ocrx_word' id='word_1_921' title='bbox 1185 1759 1222 1786; x_wconf 81' lang='grc'>38.</span> <span class='ocrx_word' id='word_1_922' title='bbox 1276 1756 1332 1781; x_wconf 88' lang='lat' dir='ltr'>Cic.</span> <span class='ocrx_word' id='word_1_923' title='bbox 1347 1755 1379 1781; x_wconf 89' lang='lat' dir='ltr'>de</span> <span class='ocrx_word' id='word_1_924' title='bbox 1394 1755 1430 1781; x_wconf 83' lang='lat' dir='ltr'>N.</span> <span class='ocrx_word' id='word_1_925' title='bbox 1444 1756 1476 1782; x_wconf 91' lang='lat' dir='ltr'>D.</span> <span class='ocrx_word' id='word_1_926' title='bbox 1490 1763 1514 1785; x_wconf 80' lang='lat'>2,</span> <span class='ocrx_word' id='word_1_927' title='bbox 1529 1762 1567 1786; x_wconf 67' lang='grc'>13,-</span> <span class='ocrx_word' id='word_1_928' title='bbox 1580 1763 1602 1779; x_wconf 90' lang='lat' dir='ltr'>c.</span> <span class='ocrx_word' id='word_1_929' title='bbox 1617 1757 1648 1779; x_wconf 90' lang='lat'>62</span> <span class='ocrx_word' id='word_1_930' title='bbox 1680 1753 1718 1779; x_wconf 82' lang='lat' dir='ltr'>De</span> <span class='ocrx_word' id='word_1_931' title='bbox 1732 1754 1875 1788; x_wconf 83' lang='lat' dir='ltr'>sideribus,</span> <span class='ocrx_word' id='word_1_932' title='bbox 1896 1757 1995 1784; x_wconf 87' lang='lat' dir='ltr'>Eorum</span> <span class='ocrx_word' id='word_1_933' title='bbox 2015 1761 2086 1787; x_wconf 86' lang='lat' dir='ltr'>enim</span> <span class='ocrx_word' id='word_1_934' title='bbox 2107 1764 2194 1790; x_wconf 85' lang='lat' dir='ltr'>cursus</span> 
     </span>
     <span class='ocr_line' id='line_1_98' title="bbox 1148 1789 2194 1831; baseline 0.011 -17"><span class='ocrx_word' id='word_1_935' title='bbox 1148 1789 1286 1822; x_wconf 84' lang='lat' dir='ltr'>dimetati,</span> <span class='ocrx_word' id='word_1_936' title='bbox 1311 1791 1476 1816; x_wconf 78' lang='lat' dir='ltr'>maturitates</span> <span class='ocrx_word' id='word_1_937' title='bbox 1495 1795 1662 1823; x_wconf 82' lang='lat' dir='ltr'>temporum,</span> <span class='ocrx_word' id='word_1_938' title='bbox 1688 1796 1714 1816; x_wconf 89' lang='lat' dir='ltr'>et</span> <span class='ocrx_word' id='word_1_939' title='bbox 1732 1790 1889 1824; x_wconf 83' lang='lat' dir='ltr'>varietates,</span> <span class='ocrx_word' id='word_1_940' title='bbox 1915 1795 2129 1831; x_wconf 81' lang='lat' dir='ltr'>mutationesque</span> <span class='ocrx_word' id='word_1_941' title='bbox 2152 1808 2194 1825; x_wconf 93' lang='lat' dir='ltr'>co-</span> 
     </span>
     <span class='ocr_line' id='line_1_99' title="bbox 1147 1824 2194 1868; baseline 0.011 -20"><span class='ocrx_word' id='word_1_942' title='bbox 1147 1824 1299 1857; x_wconf 86' lang='lat' dir='ltr'>gnouimus.</span> <span class='ocrx_word' id='word_1_943' title='bbox 1354 1826 1412 1851; x_wconf 81' lang='lat' dir='ltr'>Alii</span> <span class='ocrx_word' id='word_1_944' title='bbox 1425 1827 1525 1861; x_wconf 74' lang='lat' dir='ltr'>legunt,</span> <span class='ocrx_word' id='word_1_945' title='bbox 1552 1824 1685 1851; x_wconf 87' lang='lat' dir='ltr'>Dimetiti.</span> <span class='ocrx_word' id='word_1_946' title='bbox 1747 1825 1805 1852; x_wconf 82' lang='lat' dir='ltr'>Vid.</span> <span class='ocrx_word' id='word_1_947' title='bbox 1827 1828 1921 1854; x_wconf 63' lang='lat' dir='ltr'>Parcus</span> <span class='ocrx_word' id='word_1_948' title='bbox 1940 1830 1998 1855; x_wconf 69' lang='lat' dir='ltr'>Lex.</span> <span class='ocrx_word' id='word_1_949' title='bbox 2017 1832 2080 1858; x_wconf 75' lang='lat' dir='ltr'>Crit.</span> <span class='ocrx_word' id='word_1_950' title='bbox 2093 1840 2124 1868; x_wconf 81' lang='lat' dir='ltr'>p.</span> <span class='ocrx_word' id='word_1_951' title='bbox 2137 1838 2194 1865; x_wconf 76' lang='lat'>362,</span> 
     </span>
    </p>
   </div>
   <div class='ocr_carea' id='block_1_20' title="bbox 40 1857 1499 1900">
    <p class='ocr_par' dir='ltr' id='par_1_29' title="bbox 40 1857 1499 1900">
     <span class='ocr_line' id='line_1_100' title="bbox 40 1857 1499 1900; baseline -0.001 -13"><span class='ocrx_word' id='word_1_952' title='bbox 40 1860 101 1887; x_wconf 62' lang='lat' dir='ltr'>&amp;or</span> <span class='ocrx_word' id='word_1_953' title='bbox 115 1860 146 1886; x_wconf 87' lang='lat' dir='ltr'>ad</span> <span class='ocrx_word' id='word_1_954' title='bbox 160 1861 259 1887; x_wconf 85' lang='lat' dir='ltr'>Heren.</span> <span class='ocrx_word' id='word_1_955' title='bbox 273 1868 299 1892; x_wconf 84' lang='lat' dir='ltr'>z,</span> <span class='ocrx_word' id='word_1_956' title='bbox 311 1865 339 1891; x_wconf 82' lang='lat'>38</span> <span class='ocrx_word' id='word_1_957' title='bbox 366 1860 404 1886; x_wconf 88' lang='lat' dir='ltr'>Ex</span> <span class='ocrx_word' id='word_1_958' title='bbox 417 1859 530 1893; x_wconf 83' lang='lat' dir='ltr'>simplici</span> <span class='ocrx_word' id='word_1_959' title='bbox 547 1864 621 1893; x_wconf 86' lang='lat' dir='ltr'>parte</span> <span class='ocrx_word' id='word_1_960' title='bbox 635 1857 879 1900; x_wconf 77' lang='lat' dir='ltr'>reprehendentur,</span> <span class='ocrx_word' id='word_1_961' title='bbox 897 1857 916 1885; x_wconf 86' lang='lat' dir='ltr'><strong>fi</strong></span> <span class='ocrx_word' id='word_1_962' title='bbox 937 1867 969 1885; x_wconf 87' lang='lat' dir='ltr'>ex</span> <span class='ocrx_word' id='word_1_963' title='bbox 985 1859 1087 1895; x_wconf 86' lang='lat' dir='ltr'>duplici</span> <span class='ocrx_word' id='word_1_964' title='bbox 1101 1862 1136 1889; x_wconf 73' lang='lat'>43</span> <span class='ocrx_word' id='word_1_965' title='bbox 1149 1859 1190 1885; x_wconf 89' lang='lat' dir='ltr'>Ol.</span> <span class='ocrx_word' id='word_1_966' title='bbox 1204 1859 1320 1885; x_wconf 74' lang='lat' dir='ltr'>Bor-rich.</span> <span class='ocrx_word' id='word_1_967' title='bbox 1333 1860 1391 1896; x_wconf 80' lang='lat' dir='ltr'>Cog.</span> <span class='ocrx_word' id='word_1_968' title='bbox 1405 1867 1431 1895; x_wconf 83' lang='lat' dir='ltr'>p.</span> <span class='ocrx_word' id='word_1_969' title='bbox 1444 1869 1499 1894; x_wconf 75' lang='lat'>273.</span> 
     </span>
    </p>
   </div>
   <div class='ocr_carea' id='block_1_21' title="bbox 31 1894 1087 2035">
    <p class='ocr_par' dir='ltr' id='par_1_30' title="bbox 40 1894 688 1929">
     <span class='ocr_line' id='line_1_101' title="bbox 40 1894 688 1929; baseline -0.003 -7"><span class='ocrx_word' id='word_1_970' title='bbox 40 1895 207 1923; x_wconf 79' lang='lat' dir='ltr'>conclusione</span> <span class='ocrx_word' id='word_1_971' title='bbox 219 1895 346 1922; x_wconf 84' lang='lat' dir='ltr'>alterutra</span> <span class='ocrx_word' id='word_1_972' title='bbox 359 1903 418 1929; x_wconf 87' lang='lat' dir='ltr'>pars</span> <span class='ocrx_word' id='word_1_973' title='bbox 432 1894 556 1921; x_wconf 87' lang='lat' dir='ltr'>diluitur.</span> <span class='ocrx_word' id='word_1_974' title='bbox 590 1912 593 1913; x_wconf 28' lang='grc' dir='ltr'><em>ν</em></span> <span class='ocrx_word' id='word_1_975' title='bbox 685 1918 688 1920; x_wconf 72' lang='grc'>,</span> 
     </span>
    </p>

    <p class='ocr_par' dir='ltr' id='par_1_31' title="bbox 31 1927 1087 2035">
     <span class='ocr_line' id='line_1_102' title="bbox 76 1927 1087 1968; baseline -0.001 -10"><span class='ocrx_word' id='word_1_976' title='bbox 76 1938 114 1958; x_wconf 87' lang='lat' dir='ltr'>Di</span> <span class='ocrx_word' id='word_1_977' title='bbox 125 1937 140 1957; x_wconf 82' lang='lat' dir='ltr'>L</span> <span class='ocrx_word' id='word_1_978' title='bbox 150 1932 231 1958; x_wconf 72' lang='grc' dir='ltr'>ῠΤν</span> <span class='ocrx_word' id='word_1_979' title='bbox 241 1938 271 1963; x_wconf 90' lang='lat' dir='ltr'>s,</span> <span class='ocrx_word' id='word_1_980' title='bbox 302 1939 326 1962; x_wconf 90' lang='lat' dir='ltr'>a,</span> <span class='ocrx_word' id='word_1_981' title='bbox 352 1939 406 1956; x_wconf 91' lang='lat' dir='ltr'>um.</span> <span class='ocrx_word' id='word_1_982' title='bbox 443 1930 537 1957; x_wconf 86' lang='lat' dir='ltr'>Partic.</span> <span class='ocrx_word' id='word_1_983' title='bbox 574 1927 754 1964; x_wconf 70' lang='grc' dir='ltr'>[κεκραμένος]</span> <span class='ocrx_word' id='word_1_984' title='bbox 767 1936 769 1941; x_wconf 77' lang='grc'>’</span> <span class='ocrx_word' id='word_1_985' title='bbox 790 1928 833 1968; x_wconf 71' lang='lat' dir='ltr'>Sic</span> <span class='ocrx_word' id='word_1_986' title='bbox 845 1927 946 1955; x_wconf 86' lang='lat' dir='ltr'>Vinum</span> <span class='ocrx_word' id='word_1_987' title='bbox 965 1938 1029 1966; x_wconf 79' lang='lat' dir='ltr'>aqua</span> <span class='ocrx_word' id='word_1_988' title='bbox 1041 1933 1087 1957; x_wconf 85' lang='lat' dir='ltr'>mi-</span> 
     </span>
     <span class='ocr_line' id='line_1_103' title="bbox 31 1963 1087 2001; baseline -0.001 -8"><span class='ocrx_word' id='word_1_989' title='bbox 31 1964 118 2001; x_wconf 76' lang='lat' dir='ltr'>stum,</span> <span class='ocrx_word' id='word_1_990' title='bbox 138 1966 232 1993; x_wconf 85' lang='lat' dir='ltr'>dicitur</span> <span class='ocrx_word' id='word_1_991' title='bbox 245 1965 375 1992; x_wconf 87' lang='lat' dir='ltr'>Dilutum.</span> <span class='ocrx_word' id='word_1_992' title='bbox 411 1965 528 1992; x_wconf 85' lang='lat' dir='ltr'>Martial.</span> <span class='ocrx_word' id='word_1_993' title='bbox 545 1973 566 1997; x_wconf 86' lang='lat'>1,</span> <span class='ocrx_word' id='word_1_994' title='bbox 579 1971 627 1998; x_wconf 89' lang='lat'>177</span> <span class='ocrx_word' id='word_1_995' title='bbox 662 1964 758 1990; x_wconf 87' lang='lat' dir='ltr'>Raram</span> <span class='ocrx_word' id='word_1_996' title='bbox 794 1963 880 1989; x_wconf 86' lang='lat' dir='ltr'>Diluti</span> <span class='ocrx_word' id='word_1_997' title='bbox 894 1964 964 1991; x_wconf 86' lang='lat' dir='ltr'>bibis</span> <span class='ocrx_word' id='word_1_998' title='bbox 981 1966 1087 1992; x_wconf 86' lang='lat' dir='ltr'>vnciam</span> 
     </span>
     <span class='ocr_line' id='line_1_104' title="bbox 39 2000 1087 2035; baseline -0.001 -7"><span class='ocrx_word' id='word_1_999' title='bbox 39 2002 156 2029; x_wconf 83' lang='lat' dir='ltr'>Falerni.</span> <span class='ocrx_word' id='word_1_1000' title='bbox 226 2001 332 2028; x_wconf 87' lang='lat' dir='ltr'>Dilutus</span> <span class='ocrx_word' id='word_1_1001' title='bbox 344 2001 420 2028; x_wconf 87' lang='lat' dir='ltr'>color</span> <span class='ocrx_word' id='word_1_1002' title='bbox 434 2001 546 2032; x_wconf 74' lang='lat' dir='ltr'>dicitur,</span> <span class='ocrx_word' id='word_1_1003' title='bbox 566 2000 679 2031; x_wconf 76' lang='lat' dir='ltr'>Drbilis,</span> <span class='ocrx_word' id='word_1_1004' title='bbox 702 2007 774 2034; x_wconf 83' lang='lat' dir='ltr'>quum</span> <span class='ocrx_word' id='word_1_1005' title='bbox 791 2001 871 2025; x_wconf 76' lang='lat' dir='ltr'>veluti</span> <span class='ocrx_word' id='word_1_1006' title='bbox 890 2009 954 2035; x_wconf 80' lang='lat' dir='ltr'>aqua</span> <span class='ocrx_word' id='word_1_1007' title='bbox 973 2001 1087 2028; x_wconf 81' lang='lat' dir='ltr'>adhibita</span> 
     </span>
    </p>
   </div>
   <div class='ocr_carea' id='block_1_22' title="bbox 1140 1893 2195 2041">
    <p class='ocr_par' dir='ltr' id='par_1_32' title="bbox 1140 1893 2195 2041">
     <span class='ocr_line' id='line_1_105' title="bbox 1185 1893 2193 1930; baseline 0.01 -10"><span class='ocrx_word' id='word_1_1008' title='bbox 1185 1901 1203 1920; x_wconf 87' lang='lat' dir='ltr'>D</span> <span class='ocrx_word' id='word_1_1009' title='bbox 1214 1899 1256 1920; x_wconf 89' lang='lat' dir='ltr'>1M</span> <span class='ocrx_word' id='word_1_1010' title='bbox 1266 1893 1280 1921; x_wconf 67' lang='lat'>1‘⁴</span> <span class='ocrx_word' id='word_1_1011' title='bbox 1287 1901 1304 1921; x_wconf 89' lang='lat' dir='ltr'>c</span> <span class='ocrx_word' id='word_1_1012' title='bbox 1313 1901 1332 1920; x_wconf 94' lang='lat' dir='ltr'>o</span> <span class='ocrx_word' id='word_1_1013' title='bbox 1341 1914 1349 1927; x_wconf 95' lang='lat'>,</span> <span class='ocrx_word' id='word_1_1014' title='bbox 1369 1895 1398 1921; x_wconf 90' lang='lat' dir='ltr'>ui</span> <span class='ocrx_word' id='word_1_1015' title='bbox 1411 1902 1434 1922; x_wconf 74' lang='lat' dir='ltr'>ct</span> <span class='ocrx_word' id='word_1_1016' title='bbox 1445 1896 1499 1928; x_wconf 64' lang='lat' dir='ltr'>aui,</span> <span class='ocrx_word' id='word_1_1017' title='bbox 1516 1898 1595 1925; x_wconf 72' lang='lat' dir='ltr'>atum,</span> <span class='ocrx_word' id='word_1_1018' title='bbox 1618 1899 1670 1922; x_wconf 72' lang='lat' dir='ltr'>are.</span> <span class='ocrx_word' id='word_1_1019' title='bbox 1707 1895 1893 1930; x_wconf 63' lang='grc' dir='ltr'>[ἀγωνίζομαι]</span> <span class='ocrx_word' id='word_1_1020' title='bbox 1929 1897 2045 1926; x_wconf 76' lang='lat' dir='ltr'>Celeriter</span> <span class='ocrx_word' id='word_1_1021' title='bbox 2057 1903 2084 1926; x_wconf 80' lang='lat' dir='ltr'>in</span> <span class='ocrx_word' id='word_1_1022' title='bbox 2098 1909 2193 1930; x_wconf 85' lang='lat' dir='ltr'>vtram-</span> 
     </span>
     <span class='ocr_line' id='line_1_106' title="bbox 1148 1931 2194 1968; baseline 0.005 -13"><span class='ocrx_word' id='word_1_1023' title='bbox 1148 1937 1192 1964; x_wconf 79' lang='lat' dir='ltr'>que</span> <span class='ocrx_word' id='word_1_1024' title='bbox 1204 1936 1304 1964; x_wconf 80' lang='lat' dir='ltr'>partem</span> <span class='ocrx_word' id='word_1_1025' title='bbox 1324 1939 1416 1957; x_wconf 77' lang='lat' dir='ltr'>mouere</span> <span class='ocrx_word' id='word_1_1026' title='bbox 1428 1932 1475 1967; x_wconf 82' lang='lat' dir='ltr'>se,</span> <span class='ocrx_word' id='word_1_1027' title='bbox 1487 1933 1588 1966; x_wconf 77' lang='lat' dir='ltr'>proprie</span> <span class='ocrx_word' id='word_1_1028' title='bbox 1601 1937 1625 1956; x_wconf 81' lang='lat' dir='ltr'>et</span> <span class='ocrx_word' id='word_1_1029' title='bbox 1641 1938 1670 1956; x_wconf 77' lang='lat' dir='ltr'>ex</span> <span class='ocrx_word' id='word_1_1030' title='bbox 1683 1934 1711 1955; x_wconf 81' lang='lat' dir='ltr'>vi</span> <span class='ocrx_word' id='word_1_1031' title='bbox 1722 1931 1898 1966; x_wconf 73' lang='lat' dir='ltr'>originis-suae</span> <span class='ocrx_word' id='word_1_1032' title='bbox 1906 1931 2045 1968; x_wconf 73' lang='lat' dir='ltr'>fignificat.</span> <span class='ocrx_word' id='word_1_1033' title='bbox 2097 1939 2194 1966; x_wconf 58' lang='lat' dir='ltr'>Deinde</span> 
     </span>
     <span class='ocr_line' id='line_1_107' title="bbox 1140 1965 2193 2006; baseline 0.001 -16"><span class='ocrx_word' id='word_1_1034' title='bbox 1140 1965 1273 2000; x_wconf 76' lang='lat' dir='ltr'>speciatim</span> <span class='ocrx_word' id='word_1_1035' title='bbox 1301 1965 1335 1991; x_wconf 83' lang='lat' dir='ltr'>ad</span> <span class='ocrx_word' id='word_1_1036' title='bbox 1359 1966 1427 1992; x_wconf 77' lang='lat' dir='ltr'>illam</span> <span class='ocrx_word' id='word_1_1037' title='bbox 1459 1975 1583 1991; x_wconf 79' lang='lat' dir='ltr'>armorum</span> <span class='ocrx_word' id='word_1_1038' title='bbox 1612 1966 1710 1991; x_wconf 72' lang='lat' dir='ltr'>celerem</span> <span class='ocrx_word' id='word_1_1039' title='bbox 1743 1967 1921 1998; x_wconf 66' lang='lat' dir='ltr'>mirationem,</span> <span class='ocrx_word' id='word_1_1040' title='bbox 1950 1976 2109 2006; x_wconf 68' lang='lat' dir='ltr'>pugnamque</span> <span class='ocrx_word' id='word_1_1041' title='bbox 2134 1975 2193 2001; x_wconf 60' lang='lat' dir='ltr'>:deo</span> 
     </span>
     <span class='ocr_line' id='line_1_108' title="bbox 1148 2000 2195 2041; baseline 0.009 -15"><span class='ocrx_word' id='word_1_1042' title='bbox 1148 2008 1256 2032; x_wconf 78' lang='lat' dir='ltr'>omnem,</span> <span class='ocrx_word' id='word_1_1043' title='bbox 1277 2000 1406 2035; x_wconf 61' lang='lat' dir='ltr'>refertum·</span> <span class='ocrx_word' id='word_1_1044' title='bbox 1426 2007 1498 2036; x_wconf 77' lang='lat' dir='ltr'>atque</span> <span class='ocrx_word' id='word_1_1045' title='bbox 1517 2001 1616 2035; x_wconf 63' lang='lat' dir='ltr'>insuper</span> <span class='ocrx_word' id='word_1_1046' title='bbox 1634 2000 1762 2027; x_wconf 85' lang='lat' dir='ltr'>dimicare</span> <span class='ocrx_word' id='word_1_1047' title='bbox 1780 2001 1912 2033; x_wconf 71' lang='lat' dir='ltr'>dicuntur,</span> <span class='ocrx_word' id='word_1_1048' title='bbox 1933 2006 1976 2037; x_wconf 68' lang='lat' dir='ltr'>qui</span> <span class='ocrx_word' id='word_1_1049' title='bbox 1993 2007 2020 2030; x_wconf 85' lang='lat' dir='ltr'>in</span> <span class='ocrx_word' id='word_1_1050' title='bbox 2037 2010 2150 2041; x_wconf 74' lang='lat' dir='ltr'>periculo</span> <span class='ocrx_word' id='word_1_1051' title='bbox 2171 2018 2195 2037; x_wconf 73' lang='lat' dir='ltr'>ee</span> 
     </span>
    </p>
   </div>
   <div class='ocr_carea' id='block_1_23' title="bbox 39 2034 2192 2079">
    <p class='ocr_par' dir='ltr' id='par_1_33' title="bbox 39 2034 2192 2079">
     <span class='ocr_line' id='line_1_109' title="bbox 39 2034 2192 2079; baseline 0.004 -16"><span class='ocrx_word' id='word_1_1052' title='bbox 39 2040 123 2064; x_wconf 83' lang='lat' dir='ltr'>minus</span> <span class='ocrx_word' id='word_1_1053' title='bbox 138 2036 172 2070; x_wconf 66' lang='lat' dir='ltr'>qli</span> <span class='ocrx_word' id='word_1_1054' title='bbox 185 2037 304 2072; x_wconf 57' lang='lat' dir='ltr'>intensus.</span> <span class='ocrx_word' id='word_1_1055' title='bbox 340 2036 408 2063; x_wconf 87' lang='lat' dir='ltr'>Gell.</span> <span class='ocrx_word' id='word_1_1056' title='bbox 422 2045 445 2069; x_wconf 88' lang='lat'>2,</span> <span class='ocrx_word' id='word_1_1057' title='bbox 462 2039 493 2063; x_wconf 85' lang='lat'>26</span> <span class='ocrx_word' id='word_1_1058' title='bbox 509 2037 624 2067; x_wconf 70' lang='lat' dir='ltr'>Lamus,</span> <span class='ocrx_word' id='word_1_1059' title='bbox 643 2034 719 2061; x_wconf 84' lang='lat' dir='ltr'>color</span> <span class='ocrx_word' id='word_1_1060' title='bbox 731 2035 806 2061; x_wconf 82' lang='lat' dir='ltr'>rufus</span> <span class='ocrx_word' id='word_1_1061' title='bbox 819 2034 855 2060; x_wconf 88' lang='lat' dir='ltr'>est</span> <span class='ocrx_word' id='word_1_1062' title='bbox 867 2034 989 2062; x_wconf 76' lang='lat' dir='ltr'>dilutior.</span> <span class='ocrx_word' id='word_1_1063' title='bbox 1024 2038 1088 2071; x_wconf 75' lang='lat' dir='ltr'>Qi-</span> <span class='ocrx_word' id='word_1_1064' title='bbox 1105 2040 1138 2067; x_wconf 75' lang='lat'>50</span> <span class='ocrx_word' id='word_1_1065' title='bbox 1147 2035 1320 2071; x_wconf 77' lang='lat' dir='ltr'>incertasorte</span> <span class='ocrx_word' id='word_1_1066' title='bbox 1332 2036 1473 2072; x_wconf 80' lang='lat' dir='ltr'>verfizntur.</span> <span class='ocrx_word' id='word_1_1067' title='bbox 1516 2035 1572 2061; x_wconf 79' lang='lat' dir='ltr'>Vid.</span> <span class='ocrx_word' id='word_1_1068' title='bbox 1591 2035 1750 2061; x_wconf 82' lang='lat' dir='ltr'>Turn.Ad11.</span> <span class='ocrx_word' id='word_1_1069' title='bbox 1765 2044 1808 2067; x_wconf 87' lang='lat'>20,</span> <span class='ocrx_word' id='word_1_1070' title='bbox 1821 2044 1849 2067; x_wconf 62' lang='lat'>‘¹3</span> <span class='ocrx_word' id='word_1_1071' title='bbox 1864 2045 1895 2062; x_wconf 90' lang='lat' dir='ltr'>ex</span> <span class='ocrx_word' id='word_1_1072' title='bbox 1907 2038 1963 2064; x_wconf 90' lang='lat' dir='ltr'>Cic.</span> <span class='ocrx_word' id='word_1_1073' title='bbox 1977 2040 2030 2066; x_wconf 81' lang='lat' dir='ltr'>Off.</span> <span class='ocrx_word' id='word_1_1074' title='bbox 2045 2049 2067 2074; x_wconf 85' lang='lat'>3,</span> <span class='ocrx_word' id='word_1_1075' title='bbox 2080 2051 2115 2075; x_wconf 88' lang='lat'>90</span> <span class='ocrx_word' id='word_1_1076' title='bbox 2130 2054 2150 2071; x_wconf 90' lang='lat' dir='ltr'>c.</span> <span class='ocrx_word' id='word_1_1077' title='bbox 2162 2054 2192 2079; x_wconf 85' lang='lat'>23</span> 
     </span>
    </p>
   </div>
   <div class='ocr_carea' id='block_1_24' title="bbox 32 2069 1087 2390">
    <p class='ocr_par' dir='ltr' id='par_1_34' title="bbox 32 2069 1087 2390">
     <span class='ocr_line' id='line_1_110' title="bbox 425 2069 1087 2098; baseline 0 0"><span class='ocrx_word' id='word_1_1078' title='bbox 425 2071 569 2098; x_wconf 87' lang='lat' dir='ltr'>Dilutioris</span> <span class='ocrx_word' id='word_1_1079' title='bbox 582 2069 731 2096; x_wconf 85' lang='lat' dir='ltr'>diuinitatis</span> <span class='ocrx_word' id='word_1_1080' title='bbox 744 2071 793 2096; x_wconf 86' lang='lat' dir='ltr'>esse</span> <span class='ocrx_word' id='word_1_1081' title='bbox 814 2071 932 2097; x_wconf 85' lang='lat' dir='ltr'>Tertull.</span> <span class='ocrx_word' id='word_1_1082' title='bbox 945 2070 977 2097; x_wconf 91' lang='lat' dir='ltr'>de</span> <span class='ocrx_word' id='word_1_1083' title='bbox 991 2072 1087 2098; x_wconf 87' lang='lat' dir='ltr'>Anima</span> 
     </span>
     <span class='ocr_line' id='line_1_111' title="bbox 40 2105 1087 2144; baseline -0.002 -9"><span class='ocrx_word' id='word_1_1084' title='bbox 40 2117 63 2135; x_wconf 85' lang='lat' dir='ltr'>c.</span> <span class='ocrx_word' id='word_1_1085' title='bbox 78 2117 121 2143; x_wconf 78' lang='lat'>24.</span> <span class='ocrx_word' id='word_1_1086' title='bbox 141 2111 159 2135; x_wconf 83' lang='lat' dir='ltr'>i.</span> <span class='ocrx_word' id='word_1_1087' title='bbox 171 2108 314 2144; x_wconf 79' lang='lat' dir='ltr'>inferioris.</span> <span class='ocrx_word' id='word_1_1088' title='bbox 385 2106 530 2139; x_wconf 82' lang='lat' dir='ltr'>Absynthia</span> <span class='ocrx_word' id='word_1_1089' title='bbox 544 2106 628 2132; x_wconf 84' lang='lat' dir='ltr'>diluta</span> <span class='ocrx_word' id='word_1_1090' title='bbox 647 2105 753 2132; x_wconf 86' lang='lat' dir='ltr'>Lucret.</span> <span class='ocrx_word' id='word_1_1091' title='bbox 768 2114 796 2139; x_wconf 86' lang='lat'>4,</span> <span class='ocrx_word' id='word_1_1092' title='bbox 805 2114 867 2139; x_wconf 81' lang='lat'>224.</span> <span class='ocrx_word' id='word_1_1093' title='bbox 939 2107 1006 2134; x_wconf 84' lang='lat' dir='ltr'>Pers.</span> <span class='ocrx_word' id='word_1_1094' title='bbox 1018 2115 1041 2139; x_wconf 89' lang='grc'>3,</span> <span class='ocrx_word' id='word_1_1095' title='bbox 1056 2116 1087 2140; x_wconf 90' lang='lat'>14</span> 
     </span>
     <span class='ocr_line' id='line_1_112' title="bbox 41 2139 1087 2179; baseline -0.002 -9"><span class='ocrx_word' id='word_1_1096' title='bbox 41 2143 145 2170; x_wconf 85' lang='lat' dir='ltr'>Dilutas</span> <span class='ocrx_word' id='word_1_1097' title='bbox 158 2143 296 2179; x_wconf 88' lang='lat' dir='ltr'>querimur</span> <span class='ocrx_word' id='word_1_1098' title='bbox 308 2142 424 2177; x_wconf 81' lang='lat' dir='ltr'>geminet</span> <span class='ocrx_word' id='word_1_1099' title='bbox 438 2141 510 2177; x_wconf 88' lang='lat' dir='ltr'>quod</span> <span class='ocrx_word' id='word_1_1100' title='bbox 530 2141 616 2167; x_wconf 86' lang='lat' dir='ltr'>fistula</span> <span class='ocrx_word' id='word_1_1101' title='bbox 630 2141 732 2167; x_wconf 88' lang='lat' dir='ltr'>Guttas.</span> <span class='ocrx_word' id='word_1_1102' title='bbox 802 2139 910 2167; x_wconf 87' lang='lat' dir='ltr'>Labella</span> <span class='ocrx_word' id='word_1_1103' title='bbox 923 2141 1006 2168; x_wconf 86' lang='lat' dir='ltr'>diluta</span> <span class='ocrx_word' id='word_1_1104' title='bbox 1019 2143 1087 2168; x_wconf 90' lang='lat' dir='ltr'>mul-</span> 
     </span>
     <span class='ocr_line' id='line_1_113' title="bbox 41 2176 1085 2213; baseline -0.001 -8"><span class='ocrx_word' id='word_1_1105' title='bbox 41 2179 77 2205; x_wconf 85' lang='lat' dir='ltr'>tis</span> <span class='ocrx_word' id='word_1_1106' title='bbox 89 2179 168 2213; x_wconf 83' lang='lat' dir='ltr'>guttis</span> <span class='ocrx_word' id='word_1_1107' title='bbox 189 2178 275 2206; x_wconf 86' lang='lat' dir='ltr'>Catul.</span> <span class='ocrx_word' id='word_1_1108' title='bbox 288 2178 320 2204; x_wconf 86' lang='lat' dir='ltr'>ad</span> <span class='ocrx_word' id='word_1_1109' title='bbox 333 2178 485 2205; x_wconf 88' lang='lat' dir='ltr'>quentium</span> <span class='ocrx_word' id='word_1_1110' title='bbox 497 2184 522 2212; x_wconf 92' lang='lat'>7.</span> <span class='ocrx_word' id='word_1_1111' title='bbox 594 2176 675 2203; x_wconf 89' lang='lat' dir='ltr'>Mella</span> <span class='ocrx_word' id='word_1_1112' title='bbox 688 2176 801 2203; x_wconf 84' lang='lat' dir='ltr'>Falerno</span> <span class='ocrx_word' id='word_1_1113' title='bbox 815 2176 899 2203; x_wconf 83' lang='lat' dir='ltr'>diluta</span> <span class='ocrx_word' id='word_1_1114' title='bbox 917 2178 985 2204; x_wconf 88' lang='lat' dir='ltr'>Hor.</span> <span class='ocrx_word' id='word_1_1115' title='bbox 1002 2178 1085 2204; x_wconf 85' lang='lat' dir='ltr'>Serui.</span> 
     </span>
     <span class='ocr_line' id='line_1_114' title="bbox 40 2217 159 2247; baseline 0 -6"><span class='ocrx_word' id='word_1_1116' title='bbox 40 2223 68 2247; x_wconf 83' lang='lat'>2,</span> <span class='ocrx_word' id='word_1_1117' title='bbox 82 2223 108 2246; x_wconf 80' lang='lat'>2,</span> <span class='ocrx_word' id='word_1_1118' title='bbox 123 2217 159 2241; x_wconf 90' lang='lat'>16.</span> 
     </span>
     <span class='ocr_line' id='line_1_115' title="bbox 41 2247 1086 2284; baseline 0 -9"><span class='ocrx_word' id='word_1_1119' title='bbox 41 2257 129 2276; x_wconf 88' lang='lat' dir='ltr'>mere:</span> <span class='ocrx_word' id='word_1_1120' title='bbox 154 2258 240 2284; x_wconf 90' lang='lat' dir='ltr'>eoque</span> <span class='ocrx_word' id='word_1_1121' title='bbox 255 2248 368 2276; x_wconf 87' lang='lat' dir='ltr'>humido</span> <span class='ocrx_word' id='word_1_1122' title='bbox 379 2249 432 2276; x_wconf 90' lang='lat' dir='ltr'>vti:</span> <span class='ocrx_word' id='word_1_1123' title='bbox 451 2257 466 2275; x_wconf 91' lang='lat' dir='ltr'>a</span> <span class='ocrx_word' id='word_1_1124' title='bbox 485 2257 534 2281; x_wconf 87' lang='lat' dir='ltr'>ua,</span> <span class='ocrx_word' id='word_1_1125' title='bbox 554 2248 597 2275; x_wconf 87' lang='lat' dir='ltr'>vel</span> <span class='ocrx_word' id='word_1_1126' title='bbox 611 2253 681 2274; x_wconf 86' lang='lat' dir='ltr'>certe</span> <span class='ocrx_word' id='word_1_1127' title='bbox 694 2247 778 2274; x_wconf 88' lang='lat' dir='ltr'>diluta</span> <span class='ocrx_word' id='word_1_1128' title='bbox 793 2248 906 2277; x_wconf 84' lang='lat' dir='ltr'>Potione</span> <span class='ocrx_word' id='word_1_1129' title='bbox 918 2249 966 2274; x_wconf 83' lang='lat' dir='ltr'>esse</span> <span class='ocrx_word' id='word_1_1130' title='bbox 980 2255 1086 2275; x_wconf 88' lang='lat' dir='ltr'>conten-</span> 
     </span>
     <span class='ocr_line' id='line_1_116' title="bbox 39 2282 1086 2320; baseline 0 -9"><span class='ocrx_word' id='word_1_1131' title='bbox 39 2289 90 2311; x_wconf 84' lang='lat' dir='ltr'>tos.</span> <span class='ocrx_word' id='word_1_1132' title='bbox 143 2284 237 2312; x_wconf 81' lang='lat' dir='ltr'>Rubor</span> <span class='ocrx_word' id='word_1_1133' title='bbox 249 2285 361 2316; x_wconf 87' lang='lat' dir='ltr'>dilutus,</span> <span class='ocrx_word' id='word_1_1134' title='bbox 377 2285 460 2311; x_wconf 88' lang='lat' dir='ltr'>Vrina</span> <span class='ocrx_word' id='word_1_1135' title='bbox 493 2285 575 2317; x_wconf 90' lang='lat' dir='ltr'>iluta,</span> <span class='ocrx_word' id='word_1_1136' title='bbox 591 2283 644 2310; x_wconf 82' lang='lat' dir='ltr'>vid.</span> <span class='ocrx_word' id='word_1_1137' title='bbox 653 2282 689 2317; x_wconf 79' lang='lat' dir='ltr'><em>ffl</em></span> <span class='ocrx_word' id='word_1_1138' title='bbox 701 2284 727 2309; x_wconf 85' lang='lat' dir='ltr'>Il.</span> <span class='ocrx_word' id='word_1_1139' title='bbox 784 2283 896 2318; x_wconf 85' lang='lat' dir='ltr'>Compar.</span> <span class='ocrx_word' id='word_1_1140' title='bbox 911 2284 968 2311; x_wconf 90' lang='lat' dir='ltr'>Cic.</span> <span class='ocrx_word' id='word_1_1141' title='bbox 982 2285 1086 2320; x_wconf 82' lang='lat' dir='ltr'>Fragm.</span> 
     </span>
     <span class='ocr_line' id='line_1_117' title="bbox 40 2318 1087 2356; baseline 0 -10"><span class='ocrx_word' id='word_1_1142' title='bbox 40 2319 108 2355; x_wconf 79' lang='lat' dir='ltr'>apud</span> <span class='ocrx_word' id='word_1_1143' title='bbox 119 2321 251 2347; x_wconf 88' lang='lat' dir='ltr'>Ammian.</span> <span class='ocrx_word' id='word_1_1144' title='bbox 266 2328 301 2353; x_wconf 74' lang='lat'>15,</span> <span class='ocrx_word' id='word_1_1145' title='bbox 317 2329 352 2353; x_wconf 87' lang='lat'>29</span> <span class='ocrx_word' id='word_1_1146' title='bbox 383 2320 474 2347; x_wconf 82' lang='lat' dir='ltr'>Gallos</span> <span class='ocrx_word' id='word_1_1147' title='bbox 487 2319 608 2356; x_wconf 79' lang='lat' dir='ltr'>posthaec</span> <span class='ocrx_word' id='word_1_1148' title='bbox 627 2319 738 2346; x_wconf 84' lang='lat' dir='ltr'>dilutius</span> <span class='ocrx_word' id='word_1_1149' title='bbox 752 2318 801 2345; x_wconf 81' lang='lat' dir='ltr'>esse</span> <span class='ocrx_word' id='word_1_1150' title='bbox 813 2324 939 2354; x_wconf 86' lang='lat' dir='ltr'>poturos,</span> <span class='ocrx_word' id='word_1_1151' title='bbox 958 2320 1030 2355; x_wconf 90' lang='lat' dir='ltr'>quod</span> <span class='ocrx_word' id='word_1_1152' title='bbox 1044 2321 1087 2346; x_wconf 92' lang='lat' dir='ltr'>illi</span> 
     </span>
     <span class='ocr_line' id='line_1_118' title="bbox 32 2353 1086 2390; baseline 0 -8"><span class='ocrx_word' id='word_1_1153' title='bbox 32 2358 171 2382; x_wconf 81' lang='lat' dir='ltr'>&#39;venenum</span> <span class='ocrx_word' id='word_1_1154' title='bbox 189 2357 238 2383; x_wconf 72' lang='lat' dir='ltr'>effe</span> <span class='ocrx_word' id='word_1_1155' title='bbox 251 2355 459 2383; x_wconf 70' lang='lat' dir='ltr'>arbitrabantur.¹</span> <span class='ocrx_word' id='word_1_1156' title='bbox 514 2362 517 2364; x_wconf 71' lang='grc'><strong><em>’</em></strong></span> <span class='ocrx_word' id='word_1_1157' title='bbox 530 2355 660 2390; x_wconf 84' lang='lat' dir='ltr'>Aquatius</span> <span class='ocrx_word' id='word_1_1158' title='bbox 674 2360 700 2381; x_wconf 89' lang='lat' dir='ltr'>et</span> <span class='ocrx_word' id='word_1_1159' title='bbox 712 2353 826 2381; x_wconf 88' lang='lat' dir='ltr'>dilutius</span> <span class='ocrx_word' id='word_1_1160' title='bbox 855 2355 968 2382; x_wconf 85' lang='lat' dir='ltr'>Hieron.</span> <span class='ocrx_word' id='word_1_1161' title='bbox 983 2356 1011 2382; x_wconf 91' lang='lat' dir='ltr'>in</span> <span class='ocrx_word' id='word_1_1162' title='bbox 1027 2356 1086 2382; x_wconf 90' lang='lat' dir='ltr'>Phi-</span> 
     </span>
    </p>
   </div>
   <div class='ocr_carea' id='block_1_25' title="bbox 38 2071 369 2109">
    <p class='ocr_par' dir='ltr' id='par_1_35' title="bbox 38 2071 369 2109">
     <span class='ocr_line' id='line_1_119' title="bbox 38 2071 369 2109; baseline -0.003 -10"><span class='ocrx_word' id='word_1_1163' title='bbox 38 2073 96 2100; x_wconf 82' lang='lat' dir='ltr'>dam</span> <span class='ocrx_word' id='word_1_1164' title='bbox 108 2075 193 2109; x_wconf 72' lang='lat' dir='ltr'>legunt</span> <span class='ocrx_word' id='word_1_1165' title='bbox 206 2071 369 2099; x_wconf 89' lang='lat' dir='ltr'>Dilucidior.</span> 
     </span>
    </p>
   </div>
   <div class='ocr_carea' id='block_1_26' title="bbox 39 2388 1916 2427">
    <p class='ocr_par' dir='ltr' id='par_1_36' title="bbox 39 2388 1916 2427">
     <span class='ocr_line' id='line_1_120' title="bbox 39 2388 1916 2427; baseline 0.001 -9"><span class='ocrx_word' id='word_1_1166' title='bbox 39 2391 102 2418; x_wconf 87' lang='lat' dir='ltr'>lem.</span> <span class='ocrx_word' id='word_1_1167' title='bbox 116 2401 143 2418; x_wconf 91' lang='lat' dir='ltr'>v.</span> <span class='ocrx_word' id='word_1_1168' title='bbox 155 2400 198 2418; x_wconf 86' lang='lat'>20.</span> <span class='ocrx_word' id='word_1_1169' title='bbox 234 2391 307 2427; x_wconf 83' lang='lat' dir='ltr'>Conf.</span> <span class='ocrx_word' id='word_1_1170' title='bbox 318 2392 384 2418; x_wconf 86' lang='lat' dir='ltr'>Cels.</span> <span class='ocrx_word' id='word_1_1171' title='bbox 398 2401 417 2424; x_wconf 83' lang='lat'>1,</span> <span class='ocrx_word' id='word_1_1172' title='bbox 425 2400 448 2424; x_wconf 88' lang='lat'>3.</span> <span class='ocrx_word' id='word_1_1173' title='bbox 485 2392 580 2427; x_wconf 75' lang='lat' dir='ltr'>Superl.</span> <span class='ocrx_word' id='word_1_1174' title='bbox 595 2390 663 2417; x_wconf 89' lang='lat' dir='ltr'>Cels.</span> <span class='ocrx_word' id='word_1_1175' title='bbox 677 2399 697 2423; x_wconf 91' lang='lat'>1,</span> <span class='ocrx_word' id='word_1_1176' title='bbox 710 2399 722 2422; x_wconf 83' lang='lat'><em>3</em></span> <span class='ocrx_word' id='word_1_1177' title='bbox 742 2390 820 2417; x_wconf 79' lang='lat' dir='ltr'>Potio</span> <span class='ocrx_word' id='word_1_1178' title='bbox 833 2399 912 2425; x_wconf 91' lang='lat' dir='ltr'>quam</span> <span class='ocrx_word' id='word_1_1179' title='bbox 926 2391 1085 2418; x_wconf 85' lang='lat' dir='ltr'>dilutiffima.</span> <span class='ocrx_word' id='word_1_1180' title='bbox 1095 2392 1130 2416; x_wconf 89' lang='lat'>60</span> <span class='ocrx_word' id='word_1_1181' title='bbox 1147 2389 1225 2416; x_wconf 89' lang='lat' dir='ltr'>Acies</span> <span class='ocrx_word' id='word_1_1182' title='bbox 1239 2388 1314 2415; x_wconf 89' lang='lat' dir='ltr'>mille</span> <span class='ocrx_word' id='word_1_1183' title='bbox 1324 2388 1410 2415; x_wconf 87' lang='lat' dir='ltr'>modis</span> <span class='ocrx_word' id='word_1_1184' title='bbox 1425 2394 1469 2414; x_wconf 90' lang='lat' dir='ltr'>tua</span> <span class='ocrx_word' id='word_1_1185' title='bbox 1482 2388 1591 2415; x_wconf 89' lang='lat' dir='ltr'>dimicat</span> <span class='ocrx_word' id='word_1_1186' title='bbox 1608 2389 1705 2417; x_wconf 85' lang='lat' dir='ltr'>Lucan.</span> <span class='ocrx_word' id='word_1_1187' title='bbox 1718 2391 1749 2417; x_wconf 88' lang='lat' dir='ltr'>ad</span> <span class='ocrx_word' id='word_1_1188' title='bbox 1765 2392 1848 2418; x_wconf 87' lang='lat' dir='ltr'>Pison.</span> <span class='ocrx_word' id='word_1_1189' title='bbox 1863 2398 1916 2425; x_wconf 81' lang='lat'>198.</span> 
     </span>
    </p>
   </div>
   <div class='ocr_carea' id='block_1_27' title="bbox 10 2425 1086 3489">
    <p class='ocr_par' dir='ltr' id='par_1_37' title="bbox 36 2425 1084 2496">
     <span class='ocr_line' id='line_1_121' title="bbox 76 2425 1084 2462; baseline 0.001 -9"><span class='ocrx_word' id='word_1_1190' title='bbox 76 2434 95 2454; x_wconf 84' lang='lat' dir='ltr'>D</span> <span class='ocrx_word' id='word_1_1191' title='bbox 106 2435 112 2452; x_wconf 87' lang='lat' dir='ltr'>i</span> <span class='ocrx_word' id='word_1_1192' title='bbox 123 2428 169 2453; x_wconf 63' lang='lat' dir='ltr'>Lx?</span> <span class='ocrx_word' id='word_1_1193' title='bbox 178 2433 235 2453; x_wconf 75' lang='lat' dir='ltr'>TE.</span> <span class='ocrx_word' id='word_1_1194' title='bbox 260 2426 329 2453; x_wconf 92' lang='lat' dir='ltr'>Adu.</span> <span class='ocrx_word' id='word_1_1195' title='bbox 364 2427 471 2462; x_wconf 75' lang='lat' dir='ltr'>Qa’dam</span> <span class='ocrx_word' id='word_1_1196' title='bbox 484 2427 589 2453; x_wconf 81' lang='lat' dir='ltr'>laudant</span> <span class='ocrx_word' id='word_1_1197' title='bbox 602 2435 631 2452; x_wconf 78' lang='lat' dir='ltr'>ex</span> <span class='ocrx_word' id='word_1_1198' title='bbox 643 2425 764 2452; x_wconf 80' lang='lat' dir='ltr'>Macrob.</span> <span class='ocrx_word' id='word_1_1199' title='bbox 773 2426 876 2452; x_wconf 88' lang='lat' dir='ltr'>Saturn.</span> <span class='ocrx_word' id='word_1_1200' title='bbox 885 2433 912 2460; x_wconf 90' lang='lat'>7,</span> <span class='ocrx_word' id='word_1_1201' title='bbox 921 2434 954 2458; x_wconf 85' lang='lat'>13.</span> <span class='ocrx_word' id='word_1_1202' title='bbox 991 2426 1040 2454; x_wconf 83' lang='lat' dir='ltr'>Sed</span> <span class='ocrx_word' id='word_1_1203' title='bbox 1049 2429 1084 2454; x_wconf 87' lang='lat' dir='ltr'>al.</span> 
     </span>
     <span class='ocr_line' id='line_1_122' title="bbox 36 2461 755 2496; baseline -0.003 -7"><span class='ocrx_word' id='word_1_1204' title='bbox 36 2461 207 2489; x_wconf 76' lang='lat' dir='ltr'>sordidatum</span> <span class='ocrx_word' id='word_1_1205' title='bbox 220 2461 332 2496; x_wconf 80' lang='lat' dir='ltr'>pallium</span> <span class='ocrx_word' id='word_1_1206' title='bbox 346 2470 435 2488; x_wconf 88' lang='lat' dir='ltr'>meum</span> <span class='ocrx_word' id='word_1_1207' title='bbox 449 2462 478 2487; x_wconf 74' lang='lat' dir='ltr'>i³ri</span> <span class='ocrx_word' id='word_1_1208' title='bbox 489 2462 559 2488; x_wconf 87' lang='lat' dir='ltr'>mari</span> <span class='ocrx_word' id='word_1_1209' title='bbox 574 2461 677 2488; x_wconf 87' lang='lat' dir='ltr'>diutule</span> <span class='ocrx_word' id='word_1_1210' title='bbox 691 2461 755 2487; x_wconf 82' lang='lat' dir='ltr'>lani.</span> 
     </span>
    </p>

    <p class='ocr_par' dir='ltr' id='par_1_38' title="bbox 36 2494 1086 2743">
     <span class='ocr_line' id='line_1_123' title="bbox 74 2494 1086 2533; baseline 0.001 -11"><span class='ocrx_word' id='word_1_1211' title='bbox 74 2503 111 2523; x_wconf 81' lang='lat' dir='ltr'>Di</span> <span class='ocrx_word' id='word_1_1212' title='bbox 120 2504 136 2522; x_wconf 80' lang='lat'>1.</span> <span class='ocrx_word' id='word_1_1213' title='bbox 145 2498 167 2523; x_wconf 64' lang='lat' dir='ltr'>xi</span> <span class='ocrx_word' id='word_1_1214' title='bbox 175 2504 197 2523; x_wconf 80' lang='lat' dir='ltr'>&#39;r</span> <span class='ocrx_word' id='word_1_1215' title='bbox 205 2504 226 2523; x_wconf 94' lang='lat' dir='ltr'>v</span> <span class='ocrx_word' id='word_1_1216' title='bbox 236 2503 260 2522; x_wconf 88' lang='grc' dir='ltr'><strong><em>Μ</em></strong></span> <span class='ocrx_word' id='word_1_1217' title='bbox 269 2516 278 2529; x_wconf 92' lang='grc'>,</span> <span class='ocrx_word' id='word_1_1218' title='bbox 307 2497 326 2523; x_wconf 92' lang='lat' dir='ltr'>i.</span> <span class='ocrx_word' id='word_1_1219' title='bbox 355 2506 381 2523; x_wconf 88' lang='lat' dir='ltr'>n.</span> <span class='ocrx_word' id='word_1_1220' title='bbox 416 2498 430 2532; x_wconf 95' lang='lat'>[</span> <span class='ocrx_word' id='word_1_1221' title='bbox 436 2496 605 2533; x_wconf 63' lang='lat' dir='ltr'>aino&#39;G’fnyaoe]</span> <span class='ocrx_word' id='word_1_1222' title='bbox 651 2496 684 2523; x_wconf 87' lang='lat' dir='ltr'>Id</span> <span class='ocrx_word' id='word_1_1223' title='bbox 694 2495 816 2532; x_wconf 83' lang='lat' dir='ltr'>liquidum</span> <span class='ocrx_word' id='word_1_1224' title='bbox 828 2494 872 2529; x_wconf 67' lang='lat' dir='ltr'>qli,</span> <span class='ocrx_word' id='word_1_1225' title='bbox 889 2499 917 2522; x_wconf 80' lang='lat' dir='ltr'>in</span> <span class='ocrx_word' id='word_1_1226' title='bbox 929 2504 975 2532; x_wconf 81' lang='lat' dir='ltr'>quo</span> <span class='ocrx_word' id='word_1_1227' title='bbox 987 2496 1086 2533; x_wconf 80' lang='lat' dir='ltr'>aliquid</span> 
     </span>
     <span class='ocr_line' id='line_1_124' title="bbox 37 2531 1086 2593; baseline 0.001 -35"><span class='ocrx_word' id='word_1_1228' title='bbox 37 2538 105 2558; x_wconf 79' lang='lat' dir='ltr'>certo</span> <span class='ocrx_word' id='word_1_1229' title='bbox 120 2539 226 2567; x_wconf 81' lang='lat' dir='ltr'>tempore</span> <span class='ocrx_word' id='word_1_1230' title='bbox 238 2531 348 2567; x_wconf 81' lang='lat' dir='ltr'>infusum</span> <span class='ocrx_word' id='word_1_1231' title='bbox 354 2532 422 2568; x_wconf 86' lang='lat' dir='ltr'>fuit.</span> <span class='ocrx_word' id='word_1_1232' title='bbox 442 2539 472 2558; x_wconf 84' lang='lat' dir='ltr'>vt</span> <span class='ocrx_word' id='word_1_1233' title='bbox 491 2541 500 2559; x_wconf 73' lang='grc' dir='ltr'><strong><em>τ</em></strong></span> <span class='ocrx_word' id='word_1_1234' title='bbox 513 2536 542 2559; x_wconf 81' lang='lat' dir='ltr'>in</span> <span class='ocrx_word' id='word_1_1235' title='bbox 553 2540 600 2559; x_wconf 83' lang='lat' dir='ltr'>vas</span> <span class='ocrx_word' id='word_1_1236' title='bbox 612 2535 668 2558; x_wconf 85' lang='lat' dir='ltr'>vini</span> <span class='ocrx_word' id='word_1_1237' title='bbox 679 2531 814 2593; x_wconf 60' lang='lat' dir='ltr'>appositum</span> <span class='ocrx_word' id='word_1_1238' title='bbox 825 2532 981 2567; x_wconf 84' lang='lat' dir='ltr'>absynthium</span> <span class='ocrx_word' id='word_1_1239' title='bbox 988 2532 1086 2567; x_wconf 77' lang='lat' dir='ltr'>fuerit,</span> 
     </span>
     <span class='ocr_line' id='line_1_125' title="bbox 39 2564 701 2603; baseline 0 -10"><span class='ocrx_word' id='word_1_1240' title='bbox 39 2566 125 2593; x_wconf 75' lang='lat' dir='ltr'>deinde</span> <span class='ocrx_word' id='word_1_1241' title='bbox 134 2566 191 2602; x_wconf 72' lang='lat' dir='ltr'>P‘fi&#39;</span> <span class='ocrx_word' id='word_1_1242' title='bbox 210 2566 368 2594; x_wconf 58' lang='lat' dir='ltr'>interiectum</span> <span class='ocrx_word' id='word_1_1243' title='bbox 387 2574 481 2603; x_wconf 81' lang='lat' dir='ltr'>tempus</span> <span class='ocrx_word' id='word_1_1244' title='bbox 499 2564 665 2600; x_wconf 57' lang='lat' dir='ltr'>abstractum,</span> <span class='ocrx_word' id='word_1_1245' title='bbox 691 2571 701 2593; x_wconf 84' lang='lat' dir='ltr'>i</span> 
     </span>
     <span class='ocr_line' id='line_1_126' title="bbox 38 2602 1085 2638; baseline 0 -9"><span class='ocrx_word' id='word_1_1246' title='bbox 38 2607 96 2629; x_wconf 86' lang='lat' dir='ltr'>tum</span> <span class='ocrx_word' id='word_1_1247' title='bbox 108 2602 213 2629; x_wconf 75' lang='lat' dir='ltr'>dicetur.</span> <span class='ocrx_word' id='word_1_1248' title='bbox 268 2602 336 2637; x_wconf 71' lang='lat' dir='ltr'>Plin.</span> <span class='ocrx_word' id='word_1_1249' title='bbox 348 2611 392 2638; x_wconf 85' lang='lat'>27,</span> <span class='ocrx_word' id='word_1_1250' title='bbox 405 2610 422 2638; x_wconf 97' lang='lat'><strong>7</strong></span> <span class='ocrx_word' id='word_1_1251' title='bbox 431 2605 447 2630; x_wconf 92' lang='lat' dir='ltr'>s.</span> <span class='ocrx_word' id='word_1_1252' title='bbox 458 2609 487 2634; x_wconf 85' lang='lat'>28</span> <span class='ocrx_word' id='word_1_1253' title='bbox 506 2603 614 2631; x_wconf 85' lang='lat' dir='ltr'>Bibitur</span> <span class='ocrx_word' id='word_1_1254' title='bbox 627 2609 654 2629; x_wconf 90' lang='lat' dir='ltr'>et</span> <span class='ocrx_word' id='word_1_1255' title='bbox 666 2602 808 2630; x_wconf 67' lang='lat' dir='ltr'>madefae&#39;ti</span> <span class='ocrx_word' id='word_1_1256' title='bbox 821 2602 946 2630; x_wconf 83' lang='lat' dir='ltr'>absinthii</span> <span class='ocrx_word' id='word_1_1257' title='bbox 960 2603 1085 2637; x_wconf 84' lang='lat' dir='ltr'>dilutum,</span> 
     </span>
     <span class='ocr_line' id='line_1_127' title="bbox 38 2637 1085 2673; baseline 0 -8"><span class='ocrx_word' id='word_1_1258' title='bbox 38 2638 79 2665; x_wconf 88' lang='lat' dir='ltr'>Ita</span> <span class='ocrx_word' id='word_1_1259' title='bbox 93 2637 164 2664; x_wconf 91' lang='lat' dir='ltr'>enim</span> <span class='ocrx_word' id='word_1_1260' title='bbox 175 2638 321 2673; x_wconf 87' lang='lat' dir='ltr'>appellatur</span> <span class='ocrx_word' id='word_1_1261' title='bbox 333 2638 383 2665; x_wconf 85' lang='lat' dir='ltr'>hoc</span> <span class='ocrx_word' id='word_1_1262' title='bbox 395 2648 484 2673; x_wconf 82' lang='lat' dir='ltr'>genus.</span> <span class='ocrx_word' id='word_1_1263' title='bbox 519 2659 525 2664; x_wconf 90' lang='lat'>.</span> <span class='ocrx_word' id='word_1_1264' title='bbox 537 2639 626 2667; x_wconf 85' lang='lat' dir='ltr'>Diluti</span> <span class='ocrx_word' id='word_1_1265' title='bbox 638 2639 722 2671; x_wconf 80' lang='lat' dir='ltr'>ratic,</span> <span class='ocrx_word' id='word_1_1266' title='bbox 742 2645 771 2664; x_wconf 94' lang='lat' dir='ltr'>vt</span> <span class='ocrx_word' id='word_1_1267' title='bbox 791 2639 914 2673; x_wconf 83' lang='lat' dir='ltr'>quisquis</span> <span class='ocrx_word' id='word_1_1268' title='bbox 934 2639 1017 2665; x_wconf 86' lang='lat' dir='ltr'>fuerit</span> <span class='ocrx_word' id='word_1_1269' title='bbox 1028 2648 1085 2665; x_wconf 88' lang='lat' dir='ltr'>nio-</span> 
     </span>
     <span class='ocr_line' id='line_1_128' title="bbox 41 2672 1084 2708; baseline 0.001 -10"><span class='ocrx_word' id='word_1_1270' title='bbox 41 2672 88 2699; x_wconf 83' lang='lat' dir='ltr'>dus</span> <span class='ocrx_word' id='word_1_1271' title='bbox 103 2681 183 2708; x_wconf 86' lang='lat' dir='ltr'>aquae</span> <span class='ocrx_word' id='word_1_1272' title='bbox 195 2679 298 2707; x_wconf 83' lang='lat' dir='ltr'>tegatur</span> <span class='ocrx_word' id='word_1_1273' title='bbox 310 2681 357 2707; x_wconf 86' lang='lat' dir='ltr'>per</span> <span class='ocrx_word' id='word_1_1274' title='bbox 369 2674 500 2700; x_wconf 85' lang='lat' dir='ltr'>triduum.</span> <span class='ocrx_word' id='word_1_1275' title='bbox 533 2688 582 2697; x_wconf 69' lang='lat'>—-</span> <span class='ocrx_word' id='word_1_1276' title='bbox 599 2675 784 2701; x_wconf 84' lang='lat' dir='ltr'>Atramentum</span> <span class='ocrx_word' id='word_1_1277' title='bbox 798 2682 831 2699; x_wconf 82' lang='lat' dir='ltr'>ex</span> <span class='ocrx_word' id='word_1_1278' title='bbox 842 2673 936 2700; x_wconf 89' lang='lat' dir='ltr'>Diluto</span> <span class='ocrx_word' id='word_1_1279' title='bbox 949 2674 1007 2699; x_wconf 81' lang='lat' dir='ltr'>eius</span> <span class='ocrx_word' id='word_1_1280' title='bbox 1019 2679 1084 2700; x_wconf 89' lang='lat' dir='ltr'>tein-</span> 
     </span>
     <span class='ocr_line' id='line_1_129' title="bbox 36 2715 166 2743; baseline 0 -9"><span class='ocrx_word' id='word_1_1281' title='bbox 36 2715 166 2743; x_wconf 86' lang='lat' dir='ltr'>peratum.</span> 
     </span>
    </p>

    <p class='ocr_par' dir='ltr' id='par_1_39' title="bbox 31 2745 1085 2848">
     <span class='ocr_line' id='line_1_130' title="bbox 75 2745 352 2776; baseline 0.007 -8"><span class='ocrx_word' id='word_1_1282' title='bbox 75 2748 269 2776; x_wconf 80' lang='lat' dir='ltr'>Divaio‚</span> <span class='ocrx_word' id='word_1_1283' title='bbox 299 2745 352 2770; x_wconf 69' lang='lat' dir='ltr'>are.</span> 
     </span>
     <span class='ocr_line' id='line_1_131' title="bbox 31 2777 1085 2816; baseline 0.001 -12"><span class='ocrx_word' id='word_1_1284' title='bbox 31 2778 102 2816; x_wconf 65' lang='lat' dir='ltr'>fiere</span> <span class='ocrx_word' id='word_1_1285' title='bbox 120 2785 144 2804; x_wconf 83' lang='lat' dir='ltr'>et</span> <span class='ocrx_word' id='word_1_1286' title='bbox 163 2779 323 2810; x_wconf 83' lang='lat' dir='ltr'>conturbare,</span> <span class='ocrx_word' id='word_1_1287' title='bbox 348 2777 478 2804; x_wconf 79' lang='lat' dir='ltr'>inundare.</span> <span class='ocrx_word' id='word_1_1288' title='bbox 550 2778 656 2803; x_wconf 86' lang='lat' dir='ltr'>Lucret.</span> <span class='ocrx_word' id='word_1_1289' title='bbox 669 2786 692 2809; x_wconf 84' lang='grc'>3,</span> <span class='ocrx_word' id='word_1_1290' title='bbox 707 2782 750 2809; x_wconf 80' lang='grc'>388</span> <span class='ocrx_word' id='word_1_1291' title='bbox 784 2777 905 2803; x_wconf 84' lang='lat' dir='ltr'>Tantum</span> <span class='ocrx_word' id='word_1_1292' title='bbox 918 2778 1085 2812; x_wconf 86' lang='lat' dir='ltr'>suppeditant</span> 
     </span>
     <span class='ocr_line' id='line_1_132' title="bbox 35 2812 1045 2848; baseline -0.001 -8"><span class='ocrx_word' id='word_1_1293' title='bbox 35 2823 145 2846; x_wconf 70' lang='lat' dir='ltr'>amnes,</span> <span class='ocrx_word' id='word_1_1294' title='bbox 163 2814 287 2848; x_wconf 82' lang='lat' dir='ltr'>vltraque</span> <span class='ocrx_word' id='word_1_1295' title='bbox 301 2813 436 2840; x_wconf 80' lang='lat' dir='ltr'>minantur</span> <span class='ocrx_word' id='word_1_1296' title='bbox 472 2813 571 2839; x_wconf 89' lang='lat' dir='ltr'>Omnia</span> <span class='ocrx_word' id='word_1_1297' title='bbox 585 2812 719 2839; x_wconf 86' lang='lat' dir='ltr'>diluuiare</span> <span class='ocrx_word' id='word_1_1298' title='bbox 732 2821 764 2838; x_wconf 83' lang='lat' dir='ltr'>ex</span> <span class='ocrx_word' id='word_1_1299' title='bbox 777 2812 831 2838; x_wconf 88' lang='lat' dir='ltr'>alto</span> <span class='ocrx_word' id='word_1_1300' title='bbox 844 2813 948 2846; x_wconf 83' lang='lat' dir='ltr'>gurgite</span> <span class='ocrx_word' id='word_1_1301' title='bbox 961 2813 1045 2846; x_wconf 89' lang='lat' dir='ltr'>ponti.</span> 
     </span>
    </p>

    <p class='ocr_par' dir='ltr' id='par_1_40' title="bbox 10 2846 1082 3489">
     <span class='ocr_line' id='line_1_133' title="bbox 34 2846 1082 2884; baseline 0 -9"><span class='ocrx_word' id='word_1_1302' title='bbox 34 2879 36 2882; x_wconf 62' lang='lat'>.</span> <span class='ocrx_word' id='word_1_1303' title='bbox 74 2856 93 2875; x_wconf 93' lang='lat' dir='ltr'>D</span> <span class='ocrx_word' id='word_1_1304' title='bbox 102 2856 112 2875; x_wconf 96' lang='lat'>1</span> <span class='ocrx_word' id='word_1_1305' title='bbox 123 2855 137 2874; x_wconf 76' lang='grc' dir='ltr'>Ι.</span> <span class='ocrx_word' id='word_1_1306' title='bbox 147 2856 168 2875; x_wconf 93' lang='lat' dir='ltr'>V</span> <span class='ocrx_word' id='word_1_1307' title='bbox 177 2856 198 2875; x_wconf 93' lang='lat' dir='ltr'>V</span> <span class='ocrx_word' id='word_1_1308' title='bbox 209 2855 247 2874; x_wconf 90' lang='lat' dir='ltr'>1V</span> <span class='ocrx_word' id='word_1_1309' title='bbox 257 2855 283 2875; x_wconf 88' lang='grc' dir='ltr'><strong>Μ</strong></span> <span class='ocrx_word' id='word_1_1310' title='bbox 294 2869 303 2881; x_wconf 88' lang='grc'>,</span> <span class='ocrx_word' id='word_1_1311' title='bbox 324 2849 342 2875; x_wconf 88' lang='lat' dir='ltr'>i.</span> <span class='ocrx_word' id='word_1_1312' title='bbox 361 2858 387 2875; x_wconf 88' lang='lat' dir='ltr'>n.</span> <span class='ocrx_word' id='word_1_1313' title='bbox 417 2846 633 2882; x_wconf 72' lang='grc' dir='ltr'>[κατακλυσμὸς]</span> <span class='ocrx_word' id='word_1_1314' title='bbox 669 2849 798 2882; x_wconf 83' lang='lat' dir='ltr'>Aquarum</span> <span class='ocrx_word' id='word_1_1315' title='bbox 812 2857 902 2882; x_wconf 66' lang='lat' dir='ltr'>mag-na</span> <span class='ocrx_word' id='word_1_1316' title='bbox 915 2851 956 2873; x_wconf 80' lang='lat' dir='ltr'>vis</span> <span class='ocrx_word' id='word_1_1317' title='bbox 969 2851 1082 2884; x_wconf 79' lang='lat' dir='ltr'>regiones</span> 
     </span>
     <span class='ocr_line' id='line_1_134' title="bbox 35 2882 1081 2920; baseline -0.001 -9"><span class='ocrx_word' id='word_1_1318' title='bbox 35 2886 149 2920; x_wconf 75' lang='lat' dir='ltr'>opplent,</span> <span class='ocrx_word' id='word_1_1319' title='bbox 177 2893 236 2920; x_wconf 77' lang='lat' dir='ltr'>quac</span> <span class='ocrx_word' id='word_1_1320' title='bbox 255 2891 280 2910; x_wconf 80' lang='lat' dir='ltr'>et</span> <span class='ocrx_word' id='word_1_1321' title='bbox 294 2884 428 2910; x_wconf 74' lang='lat' dir='ltr'>Inundatio</span> <span class='ocrx_word' id='word_1_1322' title='bbox 445 2883 555 2916; x_wconf 82' lang='lat' dir='ltr'>dicitur,</span> <span class='ocrx_word' id='word_1_1323' title='bbox 576 2884 617 2910; x_wconf 83' lang='lat' dir='ltr'>vel</span> <span class='ocrx_word' id='word_1_1324' title='bbox 627 2882 733 2910; x_wconf 88' lang='lat' dir='ltr'>Eluuio.</span> <span class='ocrx_word' id='word_1_1325' title='bbox 758 2882 823 2909; x_wconf 87' lang='lat' dir='ltr'>Pliu.</span> <span class='ocrx_word' id='word_1_1326' title='bbox 843 2882 922 2916; x_wconf 81' lang='lat' dir='ltr'>Epist.</span> <span class='ocrx_word' id='word_1_1327' title='bbox 940 2888 963 2916; x_wconf 84' lang='lat'>8,</span> <span class='ocrx_word' id='word_1_1328' title='bbox 979 2891 1008 2918; x_wconf 90' lang='lat'>17</span> <span class='ocrx_word' id='word_1_1329' title='bbox 1028 2884 1081 2910; x_wconf 89' lang='lat' dir='ltr'>Hic</span> 
     </span>
     <span class='ocr_line' id='line_1_135' title="bbox 37 2917 597 2954; baseline -0.004 -7"><span class='ocrx_word' id='word_1_1330' title='bbox 37 2920 148 2947; x_wconf 83' lang='lat' dir='ltr'>affiduae</span> <span class='ocrx_word' id='word_1_1331' title='bbox 165 2918 344 2954; x_wconf 81' lang='lat' dir='ltr'>tempestates,</span> <span class='ocrx_word' id='word_1_1332' title='bbox 375 2919 468 2946; x_wconf 82' lang='lat' dir='ltr'>crebra</span> <span class='ocrx_word' id='word_1_1333' title='bbox 487 2917 597 2945; x_wconf 85' lang='lat' dir='ltr'>diluuia.</span> 
     </span>
     <span class='ocr_line' id='line_1_136' title="bbox 37 2953 1081 2990; baseline 0 -8"><span class='ocrx_word' id='word_1_1334' title='bbox 37 2956 115 2990; x_wconf 81' lang='lat' dir='ltr'>Virg.</span> <span class='ocrx_word' id='word_1_1335' title='bbox 128 2957 192 2982; x_wconf 85' lang='lat' dir='ltr'>Aen.</span> <span class='ocrx_word' id='word_1_1336' title='bbox 203 2963 241 2988; x_wconf 84' lang='lat'>12,</span> <span class='ocrx_word' id='word_1_1337' title='bbox 254 2962 312 2987; x_wconf 77' lang='lat'>205.</span> <span class='ocrx_word' id='word_1_1338' title='bbox 342 2957 360 2980; x_wconf 90' lang='lat' dir='ltr'>i.</span> <span class='ocrx_word' id='word_1_1339' title='bbox 379 2956 471 2989; x_wconf 84' lang='lat' dir='ltr'>Aquae</span> <span class='ocrx_word' id='word_1_1340' title='bbox 491 2953 670 2989; x_wconf 81' lang='lat' dir='ltr'>superfusione</span> <span class='ocrx_word' id='word_1_1341' title='bbox 681 2954 804 2981; x_wconf 85' lang='lat' dir='ltr'>vniuersa</span> <span class='ocrx_word' id='word_1_1342' title='bbox 822 2953 987 2988; x_wconf 89' lang='lat' dir='ltr'>perturbare.</span> <span class='ocrx_word' id='word_1_1343' title='bbox 1024 2955 1081 2982; x_wconf 88' lang='lat' dir='ltr'>Ser-</span> 
     </span>
     <span class='ocr_line' id='line_1_137' title="bbox 37 2989 1081 3024; baseline 0 -6"><span class='ocrx_word' id='word_1_1344' title='bbox 37 2992 106 3018; x_wconf 88' lang='lat' dir='ltr'>vius.</span> <span class='ocrx_word' id='word_1_1345' title='bbox 175 2991 232 3019; x_wconf 81' lang='lat' dir='ltr'>Seii.</span> <span class='ocrx_word' id='word_1_1346' title='bbox 247 2990 354 3024; x_wconf 79' lang='lat' dir='ltr'>QNat.</span> <span class='ocrx_word' id='word_1_1347' title='bbox 370 2999 393 3023; x_wconf 83' lang='lat'>3,</span> <span class='ocrx_word' id='word_1_1348' title='bbox 407 2998 438 3023; x_wconf 88' lang='lat'>29</span> <span class='ocrx_word' id='word_1_1349' title='bbox 457 2990 569 3017; x_wconf 83' lang='lat' dir='ltr'>Berosus</span> <span class='ocrx_word' id='word_1_1350' title='bbox 582 2990 784 3024; x_wconf 86' lang='lat' dir='ltr'>conflagrationi</span> <span class='ocrx_word' id='word_1_1351' title='bbox 797 2995 875 3024; x_wconf 87' lang='lat' dir='ltr'>atque</span> <span class='ocrx_word' id='word_1_1352' title='bbox 894 2989 1002 3017; x_wconf 88' lang='lat' dir='ltr'>diluuio</span> <span class='ocrx_word' id='word_1_1353' title='bbox 1017 2997 1081 3018; x_wconf 88' lang='lat' dir='ltr'>tem-</span> 
     </span>
     <span class='ocr_line' id='line_1_138' title="bbox 36 3023 1080 3062; baseline 0.001 -9"><span class='ocrx_word' id='word_1_1354' title='bbox 36 3036 86 3062; x_wconf 82' lang='lat' dir='ltr'>pus</span> <span class='ocrx_word' id='word_1_1355' title='bbox 97 3026 207 3062; x_wconf 77' lang='lat' dir='ltr'>affignat.</span> <span class='ocrx_word' id='word_1_1356' title='bbox 279 3026 421 3053; x_wconf 89' lang='lat' dir='ltr'>Diluuium</span> <span class='ocrx_word' id='word_1_1357' title='bbox 440 3034 489 3060; x_wconf 87' lang='lat' dir='ltr'>pro</span> <span class='ocrx_word' id='word_1_1358' title='bbox 506 3025 648 3058; x_wconf 88' lang='lat' dir='ltr'>Vastitate‚</span> <span class='ocrx_word' id='word_1_1359' title='bbox 672 3023 773 3052; x_wconf 62' lang='lat' dir='ltr'>&lt;inflare</span> <span class='ocrx_word' id='word_1_1360' title='bbox 790 3025 901 3058; x_wconf 85' lang='lat' dir='ltr'>Seruio,</span> <span class='ocrx_word' id='word_1_1361' title='bbox 925 3026 992 3062; x_wconf 80' lang='lat' dir='ltr'>apud</span> <span class='ocrx_word' id='word_1_1362' title='bbox 1004 3027 1080 3061; x_wconf 84' lang='lat' dir='ltr'>Virg.</span> 
     </span>
     <span class='ocr_line' id='line_1_139' title="bbox 18 3060 1081 3097; baseline 0 -8"><span class='ocrx_word' id='word_1_1363' title='bbox 18 3075 27 3077; x_wconf 75' lang='grc'>-</span> <span class='ocrx_word' id='word_1_1364' title='bbox 37 3063 104 3090; x_wconf 78' lang='lat' dir='ltr'>Aen.</span> <span class='ocrx_word' id='word_1_1365' title='bbox 118 3070 145 3097; x_wconf 86' lang='lat'>7,</span> <span class='ocrx_word' id='word_1_1366' title='bbox 160 3067 201 3092; x_wconf 82' lang='lat'>228</span> <span class='ocrx_word' id='word_1_1367' title='bbox 220 3062 333 3088; x_wconf 81' lang='lat' dir='ltr'>Diluuio</span> <span class='ocrx_word' id='word_1_1368' title='bbox 346 3070 378 3088; x_wconf 91' lang='lat' dir='ltr'>ex</span> <span class='ocrx_word' id='word_1_1369' title='bbox 393 3062 442 3088; x_wconf 89' lang='lat' dir='ltr'>illo</span> <span class='ocrx_word' id='word_1_1370' title='bbox 455 3066 495 3088; x_wconf 84' lang='lat' dir='ltr'>tot</span> <span class='ocrx_word' id='word_1_1371' title='bbox 506 3061 576 3088; x_wconf 86' lang='lat' dir='ltr'>vasta</span> <span class='ocrx_word' id='word_1_1372' title='bbox 589 3070 636 3096; x_wconf 87' lang='lat' dir='ltr'>per</span> <span class='ocrx_word' id='word_1_1373' title='bbox 649 3069 764 3097; x_wconf 88' lang='lat' dir='ltr'>aequora</span> <span class='ocrx_word' id='word_1_1374' title='bbox 777 3060 864 3094; x_wconf 65' lang='lat' dir='ltr'>vecti,</span> <span class='ocrx_word' id='word_1_1375' title='bbox 882 3069 925 3088; x_wconf 83' lang='lat' dir='ltr'>etc.</span> <span class='ocrx_word' id='word_1_1376' title='bbox 962 3064 1001 3088; x_wconf 84' lang='lat' dir='ltr'>De</span> <span class='ocrx_word' id='word_1_1377' title='bbox 1017 3064 1081 3089; x_wconf 89' lang='lat' dir='ltr'>Tro-</span> 
     </span>
     <span class='ocr_line' id='line_1_140' title="bbox 36 3097 993 3133; baseline 0.004 -9"><span class='ocrx_word' id='word_1_1378' title='bbox 36 3100 75 3125; x_wconf 76' lang='lat' dir='ltr'>iae</span> <span class='ocrx_word' id='word_1_1379' title='bbox 84 3097 179 3124; x_wconf 83' lang='lat' dir='ltr'>excidio</span> <span class='ocrx_word' id='word_1_1380' title='bbox 198 3099 315 3133; x_wconf 85' lang='lat' dir='ltr'>loquitur.</span> <span class='ocrx_word' id='word_1_1381' title='bbox 671 3116 675 3118; x_wconf 62' lang='lat'><strong>&gt;</strong></span> <span class='ocrx_word' id='word_1_1382' title='bbox 990 3119 993 3122; x_wconf 69' lang='grc'><strong><em>»</em></strong></span> 
     </span>
     <span class='ocr_line' id='line_1_141' title="bbox 38 3131 1080 3166; baseline 0.002 -7"><span class='ocrx_word' id='word_1_1383' title='bbox 38 3148 41 3149; x_wconf 34' lang='lat'><em>⁷</em></span> <span class='ocrx_word' id='word_1_1384' title='bbox 74 3139 92 3159; x_wconf 80' lang='lat' dir='ltr'>n</span> <span class='ocrx_word' id='word_1_1385' title='bbox 102 3141 111 3159; x_wconf 91' lang='lat' dir='ltr'>i</span> <span class='ocrx_word' id='word_1_1386' title='bbox 121 3138 215 3160; x_wconf 82' lang='lat' dir='ltr'>L&#39;VVI</span> <span class='ocrx_word' id='word_1_1387' title='bbox 224 3140 277 3166; x_wconf 78' lang='lat' dir='ltr'>Es,</span> <span class='ocrx_word' id='word_1_1388' title='bbox 303 3133 338 3160; x_wconf 75' lang='lat' dir='ltr'>ei.</span> <span class='ocrx_word' id='word_1_1389' title='bbox 368 3133 388 3159; x_wconf 88' lang='lat' dir='ltr'>f.</span> <span class='ocrx_word' id='word_1_1390' title='bbox 433 3134 445 3165; x_wconf 86' lang='lat'>[</span> <span class='ocrx_word' id='word_1_1391' title='bbox 457 3132 633 3166; x_wconf 57' lang='grc' dir='ltr'>κατάκλισις]</span> <span class='ocrx_word' id='word_1_1392' title='bbox 668 3131 745 3159; x_wconf 80' lang='lat' dir='ltr'>Idem.</span> <span class='ocrx_word' id='word_1_1393' title='bbox 782 3132 887 3159; x_wconf 81' lang='lat' dir='ltr'>Lucret.</span> <span class='ocrx_word' id='word_1_1394' title='bbox 909 3139 930 3165; x_wconf 84' lang='grc' dir='ltr'>ς,</span> <span class='ocrx_word' id='word_1_1395' title='bbox 944 3134 993 3166; x_wconf 75' lang='lat'>256</span> <span class='ocrx_word' id='word_1_1396' title='bbox 1020 3134 1080 3161; x_wconf 80' lang='lat' dir='ltr'>Pars</span> 
     </span>
     <span class='ocr_line' id='line_1_142' title="bbox 40 3167 1081 3204; baseline 0.001 -10"><span class='ocrx_word' id='word_1_1397' title='bbox 40 3167 119 3195; x_wconf 80' lang='lat' dir='ltr'>etiam</span> <span class='ocrx_word' id='word_1_1398' title='bbox 134 3168 267 3202; x_wconf 83' lang='lat' dir='ltr'>glebarum</span> <span class='ocrx_word' id='word_1_1399' title='bbox 285 3169 317 3196; x_wconf 91' lang='lat' dir='ltr'>ad</span> <span class='ocrx_word' id='word_1_1400' title='bbox 330 3168 461 3196; x_wconf 87' lang='lat' dir='ltr'>diluuiem</span> <span class='ocrx_word' id='word_1_1401' title='bbox 473 3174 613 3195; x_wconf 87' lang='lat' dir='ltr'>reuocatur</span> <span class='ocrx_word' id='word_1_1402' title='bbox 647 3167 793 3195; x_wconf 88' lang='lat' dir='ltr'>Imbribus.</span> <span class='ocrx_word' id='word_1_1403' title='bbox 864 3169 931 3194; x_wconf 90' lang='lat' dir='ltr'>Hor.</span> <span class='ocrx_word' id='word_1_1404' title='bbox 946 3169 1032 3196; x_wconf 85' lang='lat' dir='ltr'>Carm.</span> <span class='ocrx_word' id='word_1_1405' title='bbox 1052 3180 1081 3204; x_wconf 81' lang='lat'>4,</span> 
     </span>
     <span class='ocr_line' id='line_1_143' title="bbox 10 3202 1081 3239; baseline 0.002 -10"><span class='ocrx_word' id='word_1_1406' title='bbox 10 3202 13 3206; x_wconf 65' lang='grc'><strong><em>’</em></strong></span> <span class='ocrx_word' id='word_1_1407' title='bbox 44 3210 84 3237; x_wconf 81' lang='lat'>14,</span> <span class='ocrx_word' id='word_1_1408' title='bbox 95 3209 124 3234; x_wconf 80' lang='lat'>28</span> <span class='ocrx_word' id='word_1_1409' title='bbox 144 3204 340 3239; x_wconf 86' lang='lat' dir='ltr'>Horridamque</span> <span class='ocrx_word' id='word_1_1410' title='bbox 353 3204 430 3231; x_wconf 87' lang='lat' dir='ltr'>cultis</span> <span class='ocrx_word' id='word_1_1411' title='bbox 466 3204 604 3231; x_wconf 89' lang='lat' dir='ltr'>Diluuiem</span> <span class='ocrx_word' id='word_1_1412' title='bbox 622 3203 762 3230; x_wconf 85' lang='lat' dir='ltr'>minitatur</span> <span class='ocrx_word' id='word_1_1413' title='bbox 780 3202 858 3237; x_wconf 80' lang='lat' dir='ltr'>agris.</span> <span class='ocrx_word' id='word_1_1414' title='bbox 896 3205 1081 3232; x_wconf 61' lang='lat' dir='ltr'>131nnndatio&#39;-</span> 
     </span>
     <span class='ocr_line' id='line_1_144' title="bbox 43 3239 1080 3275; baseline 0.004 -11"><span class='ocrx_word' id='word_1_1415' title='bbox 43 3246 112 3264; x_wconf 83' lang='lat' dir='ltr'>nem.</span> <span class='ocrx_word' id='word_1_1416' title='bbox 132 3240 225 3266; x_wconf 87' lang='lat' dir='ltr'>Acron.</span> <span class='ocrx_word' id='word_1_1417' title='bbox 261 3241 326 3267; x_wconf 86' lang='lat' dir='ltr'>Fera</span> <span class='ocrx_word' id='word_1_1418' title='bbox 340 3240 453 3268; x_wconf 86' lang='lat' dir='ltr'>diluuies</span> <span class='ocrx_word' id='word_1_1419' title='bbox 460 3240 566 3275; x_wconf 80' lang='lat' dir='ltr'>quietos</span> <span class='ocrx_word' id='word_1_1420' title='bbox 579 3239 669 3266; x_wconf 84' lang='lat' dir='ltr'>irritat</span> <span class='ocrx_word' id='word_1_1421' title='bbox 679 3247 767 3267; x_wconf 80' lang='lat' dir='ltr'>amnes</span> <span class='ocrx_word' id='word_1_1422' title='bbox 783 3240 850 3266; x_wconf 89' lang='lat' dir='ltr'>Hor.</span> <span class='ocrx_word' id='word_1_1423' title='bbox 858 3240 1028 3274; x_wconf 83' lang='lat' dir='ltr'>Carm.3,29‚</span> <span class='ocrx_word' id='word_1_1424' title='bbox 1035 3250 1080 3274; x_wconf 88' lang='lat'>40.</span> 
     </span>
     <span class='ocr_line' id='line_1_145' title="bbox 45 3273 685 3310; baseline 0.005 -10"><span class='ocrx_word' id='word_1_1425' title='bbox 45 3273 166 3300; x_wconf 62' lang='lat' dir='ltr'>Ennomus</span> <span class='ocrx_word' id='word_1_1426' title='bbox 177 3275 303 3302; x_wconf 87' lang='lat' dir='ltr'>diluuiem</span> <span class='ocrx_word' id='word_1_1427' title='bbox 324 3276 390 3302; x_wconf 89' lang='lat' dir='ltr'>Plin.</span> <span class='ocrx_word' id='word_1_1428' title='bbox 404 3284 431 3309; x_wconf 89' lang='lat'>9,</span> <span class='ocrx_word' id='word_1_1429' title='bbox 444 3286 471 3310; x_wconf 81' lang='lat'>4.</span> <span class='ocrx_word' id='word_1_1430' title='bbox 681 3283 685 3286; x_wconf 81' lang='grc'><strong>”</strong></span> 
     </span>
     <span class='ocr_line' id='line_1_146' title="bbox 81 3310 1080 3345; baseline 0.005 -12"><span class='ocrx_word' id='word_1_1431' title='bbox 81 3313 197 3335; x_wconf 72' lang='lat' dir='ltr'>1³1va</span> <span class='ocrx_word' id='word_1_1432' title='bbox 208 3318 218 3337; x_wconf 94' lang='lat'>1</span> <span class='ocrx_word' id='word_1_1433' title='bbox 228 3312 273 3338; x_wconf 77' lang='grc' dir='ltr'>Ᾱι</span> <span class='ocrx_word' id='word_1_1434' title='bbox 284 3319 331 3343; x_wconf 82' lang='lat' dir='ltr'>is,</span> <span class='ocrx_word' id='word_1_1435' title='bbox 350 3320 374 3338; x_wconf 85' lang='lat' dir='ltr'>c.</span> <span class='ocrx_word' id='word_1_1436' title='bbox 410 3310 471 3338; x_wconf 85' lang='lat' dir='ltr'>Adi.</span> <span class='ocrx_word' id='word_1_1437' title='bbox 508 3310 613 3337; x_wconf 88' lang='lat' dir='ltr'>Solinus</span> <span class='ocrx_word' id='word_1_1438' title='bbox 633 3319 654 3337; x_wconf 89' lang='lat' dir='ltr'>c.</span> <span class='ocrx_word' id='word_1_1439' title='bbox 673 3319 704 3344; x_wconf 91' lang='lat'>14</span> <span class='ocrx_word' id='word_1_1440' title='bbox 718 3313 771 3343; x_wconf 86' lang='lat'>(9)</span> <span class='ocrx_word' id='word_1_1441' title='bbox 803 3310 911 3345; x_wconf 82' lang='lat' dir='ltr'>Qiippe</span> <span class='ocrx_word' id='word_1_1442' title='bbox 931 3319 995 3345; x_wconf 85' lang='lat' dir='ltr'>quas</span> <span class='ocrx_word' id='word_1_1443' title='bbox 1013 3312 1080 3338; x_wconf 84' lang='lat' dir='ltr'>solas</span> 
     </span>
     <span class='ocr_line' id='line_1_147' title="bbox 44 3342 1080 3404; baseline 0.002 -32"><span class='ocrx_word' id='word_1_1444' title='bbox 44 3342 181 3404; x_wconf 56' lang='lat' dir='ltr'>diiuuigssis</span> <span class='ocrx_word' id='word_1_1445' title='bbox 200 3345 314 3381; x_wconf 88' lang='lat' dir='ltr'>irruptio</span> <span class='ocrx_word' id='word_1_1446' title='bbox 325 3356 407 3382; x_wconf 88' lang='lat' dir='ltr'>quum</span> <span class='ocrx_word' id='word_1_1447' title='bbox 425 3347 549 3374; x_wconf 86' lang='lat' dir='ltr'>vniucrsa</span> <span class='ocrx_word' id='word_1_1448' title='bbox 567 3345 710 3374; x_wconf 85' lang='lat' dir='ltr'>obduceret</span> <span class='ocrx_word' id='word_1_1449' title='bbox 730 3345 842 3373; x_wconf 88' lang='lat' dir='ltr'>humido</span> <span class='ocrx_word' id='word_1_1450' title='bbox 861 3346 910 3373; x_wconf 87' lang='lat' dir='ltr'>situ</span> <span class='ocrx_word' id='word_1_1451' title='bbox 920 3366 928 3379; x_wconf 94' lang='lat'>,</span> <span class='ocrx_word' id='word_1_1452' title='bbox 960 3347 1080 3374; x_wconf 84' lang='lat' dir='ltr'>inacessas</span> 
     </span>
     <span class='ocr_line' id='line_1_148' title="bbox 40 3383 163 3413; baseline -0.024 -7"><span class='ocrx_word' id='word_1_1453' title='bbox 40 3387 72 3406; x_wconf 78' lang='lat' dir='ltr'>re</span> <span class='ocrx_word' id='word_1_1454' title='bbox 85 3383 163 3413; x_wconf 87' lang='lat' dir='ltr'>iquit.</span> 
     </span>
     <span class='ocr_line' id='line_1_149' title="bbox 80 3416 1080 3453; baseline 0.004 -11"><span class='ocrx_word' id='word_1_1455' title='bbox 80 3418 262 3453; x_wconf 75' lang='lat' dir='ltr'>DILV·V19,</span> <span class='ocrx_word' id='word_1_1456' title='bbox 279 3417 344 3443; x_wconf 72' lang='lat' dir='ltr'>onis.</span> <span class='ocrx_word' id='word_1_1457' title='bbox 368 3417 388 3443; x_wconf 89' lang='lat' dir='ltr'>f.</span> <span class='ocrx_word' id='word_1_1458' title='bbox 425 3416 624 3449; x_wconf 72' lang='grc' dir='ltr'>Κατακλυσμδς,</span> <span class='ocrx_word' id='word_1_1459' title='bbox 642 3426 723 3451; x_wconf 89' lang='lat' dir='ltr'>quam</span> <span class='ocrx_word' id='word_1_1460' title='bbox 743 3417 828 3444; x_wconf 86' lang='lat' dir='ltr'>nostri</span> <span class='ocrx_word' id='word_1_1461' title='bbox 849 3417 1018 3445; x_wconf 84' lang='lat' dir='ltr'>diluuionem</span> <span class='ocrx_word' id='word_1_1462' title='bbox 1033 3427 1080 3446; x_wconf 92' lang='lat' dir='ltr'>vo-</span> 
     </span>
     <span class='ocr_line' id='line_1_150' title="bbox 43 3448 788 3489; baseline 0.001 -11"><span class='ocrx_word' id='word_1_1463' title='bbox 43 3455 104 3477; x_wconf 79' lang='lat' dir='ltr'>cant</span> <span class='ocrx_word' id='word_1_1464' title='bbox 124 3448 259 3476; x_wconf 72' lang='lat' dir='ltr'>Censotm-</span> <span class='ocrx_word' id='word_1_1465' title='bbox 271 3458 295 3482; x_wconf 62' lang='lat' dir='ltr'>c.</span> <span class='ocrx_word' id='word_1_1466' title='bbox 305 3456 339 3482; x_wconf 73' lang='lat'>18.</span> <span class='ocrx_word' id='word_1_1467' title='bbox 374 3452 449 3489; x_wconf 79' lang='lat' dir='ltr'>Conf.</span> <span class='ocrx_word' id='word_1_1468' title='bbox 462 3452 582 3480; x_wconf 89' lang='lat' dir='ltr'>Tertull.</span> <span class='ocrx_word' id='word_1_1469' title='bbox 596 3452 628 3479; x_wconf 85' lang='lat' dir='ltr'>de</span> <span class='ocrx_word' id='word_1_1470' title='bbox 643 3454 692 3479; x_wconf 88' lang='lat' dir='ltr'>An.</span> <span class='ocrx_word' id='word_1_1471' title='bbox 706 3462 729 3479; x_wconf 87' lang='lat' dir='ltr'>c.</span> <span class='ocrx_word' id='word_1_1472' title='bbox 742 3454 788 3486; x_wconf 87' lang='lat'>46.</span> 
     </span>
    </p>
   </div>
   <div class='ocr_carea' id='block_1_28' title="bbox 413 3514 698 3546">
    <p class='ocr_par' dir='ltr' id='par_1_41' title="bbox 413 3514 698 3546">
     <span class='ocr_line' id='line_1_151' title="bbox 413 3514 698 3546; baseline 0.004 -1"><span class='ocrx_word' id='word_1_1473' title='bbox 413 3514 443 3545; x_wconf 93' lang='lat' dir='ltr'>D</span> <span class='ocrx_word' id='word_1_1474' title='bbox 546 3515 559 3546; x_wconf 95' lang='lat' dir='ltr'>I</span> <span class='ocrx_word' id='word_1_1475' title='bbox 659 3515 698 3546; x_wconf 94' lang='lat' dir='ltr'>M</span> 
     </span>
    </p>
   </div>
   <div class='ocr_carea' id='block_1_29' title="bbox 43 3557 1081 3632">
    <p class='ocr_par' dir='ltr' id='par_1_42' title="bbox 43 3557 1081 3632">
     <span class='ocr_line' id='line_1_152' title="bbox 77 3557 1079 3597; baseline 0.004 -13"><span class='ocrx_word' id='word_1_1476' title='bbox 77 3561 306 3587; x_wconf 78' lang='lat' dir='ltr'>DiMAeHAE,</span> <span class='ocrx_word' id='word_1_1477' title='bbox 322 3564 402 3586; x_wconf 79' lang='lat' dir='ltr'>arum.</span> <span class='ocrx_word' id='word_1_1478' title='bbox 421 3569 457 3587; x_wconf 90' lang='lat' dir='ltr'>m.</span> <span class='ocrx_word' id='word_1_1479' title='bbox 470 3561 509 3596; x_wconf 78' lang='lat' dir='ltr'>pl.</span> <span class='ocrx_word' id='word_1_1480' title='bbox 547 3557 689 3596; x_wconf 68' lang='grc' dir='ltr'><strong><em>[διμάχαι]</em></strong></span> <span class='ocrx_word' id='word_1_1481' title='bbox 726 3561 898 3597; x_wconf 73' lang='lat' dir='ltr'>Qifuerint,</span> <span class='ocrx_word' id='word_1_1482' title='bbox 915 3561 984 3588; x_wconf 79' lang='lat' dir='ltr'>docet</span> <span class='ocrx_word' id='word_1_1483' title='bbox 1002 3562 1079 3589; x_wconf 87' lang='lat' dir='ltr'>Curt.</span> 
     </span>
     <span class='ocr_line' id='line_1_153' title="bbox 43 3590 1081 3632; baseline -0.001 -7"><span class='ocrx_word' id='word_1_1484' title='bbox 43 3600 69 3627; x_wconf 73' lang='lat'>55</span> <span class='ocrx_word' id='word_1_1485' title='bbox 81 3601 116 3625; x_wconf 71' lang='grc' dir='ltr'>ῐ3,</span> <span class='ocrx_word' id='word_1_1486' title='bbox 129 3597 142 3623; x_wconf 86' lang='grc'>8</span> <span class='ocrx_word' id='word_1_1487' title='bbox 168 3593 259 3625; x_wconf 55' lang='lat' dir='ltr'>Itaque</span> <span class='ocrx_word' id='word_1_1488' title='bbox 278 3590 382 3619; x_wconf 62' lang='lat' dir='ltr'>delectis</span> <span class='ocrx_word' id='word_1_1489' title='bbox 401 3595 519 3629; x_wconf 84' lang='lat' dir='ltr'>equitum</span> <span class='ocrx_word' id='word_1_1490' title='bbox 538 3597 581 3623; x_wconf 86' lang='lat' dir='ltr'>sex</span> <span class='ocrx_word' id='word_1_1491' title='bbox 599 3596 718 3623; x_wconf 88' lang='lat' dir='ltr'>millibus</span> <span class='ocrx_word' id='word_1_1492' title='bbox 737 3602 884 3629; x_wconf 85' lang='lat' dir='ltr'>trecentos,</span> <span class='ocrx_word' id='word_1_1493' title='bbox 905 3607 972 3632; x_wconf 92' lang='lat' dir='ltr'>quos</span> <span class='ocrx_word' id='word_1_1494' title='bbox 991 3598 1081 3624; x_wconf 89' lang='lat' dir='ltr'>Dima-</span> 
     </span>
    </p>
   </div>
   <div class='ocr_carea' id='block_1_30' title="bbox 230 2212 1275 2246">
    <p class='ocr_par' dir='ltr' id='par_1_43' title="bbox 230 2212 1275 2246">
     <span class='ocr_line' id='line_1_154' title="bbox 230 2212 1275 2246; baseline -0.005 -5"><span class='ocrx_word' id='word_1_1495' title='bbox 230 2214 300 2241; x_wconf 71' lang='lat' dir='ltr'>Cels.</span> <span class='ocrx_word' id='word_1_1496' title='bbox 307 2222 327 2246; x_wconf 91' lang='lat'>1,</span> <span class='ocrx_word' id='word_1_1497' title='bbox 340 2222 352 2246; x_wconf 91' lang='grc'><strong>3</strong></span> <span class='ocrx_word' id='word_1_1498' title='bbox 374 2213 432 2241; x_wconf 87' lang='lat' dir='ltr'>Post</span> <span class='ocrx_word' id='word_1_1499' title='bbox 443 2213 506 2240; x_wconf 83' lang='lat' dir='ltr'>haec</span> <span class='ocrx_word' id='word_1_1500' title='bbox 519 2212 644 2239; x_wconf 84' lang='lat' dir='ltr'>omnibus</span> <span class='ocrx_word' id='word_1_1501' title='bbox 658 2212 775 2246; x_wconf 78' lang='lat' dir='ltr'>Fatigatis</span> <span class='ocrx_word' id='word_1_1502' title='bbox 789 2217 879 2246; x_wconf 87' lang='lat' dir='ltr'>aptum</span> <span class='ocrx_word' id='word_1_1503' title='bbox 893 2212 930 2238; x_wconf 86' lang='lat' dir='ltr'>est</span> <span class='ocrx_word' id='word_1_1504' title='bbox 942 2212 1032 2239; x_wconf 89' lang='lat' dir='ltr'>cibum</span> <span class='ocrx_word' id='word_1_1505' title='bbox 1045 2214 1086 2239; x_wconf 85' lang='lat' dir='ltr'>su·</span> <span class='ocrx_word' id='word_1_1506' title='bbox 1102 2214 1131 2241; x_wconf 73' lang='lat'>55</span> <span class='ocrx_word' id='word_1_1507' title='bbox 1147 2220 1173 2244; x_wconf 91' lang='lat'>2,</span> <span class='ocrx_word' id='word_1_1508' title='bbox 1188 2219 1222 2243; x_wconf 82' lang='lat'>13,</span> <span class='ocrx_word' id='word_1_1509' title='bbox 1236 2216 1275 2242; x_wconf 84' lang='lat'>28.</span> 
     </span>
    </p>
   </div>
   <div class='ocr_carea' id='block_1_31' title="bbox 735 2565 1742 2600">
    <p class='ocr_par' dir='ltr' id='par_1_44' title="bbox 735 2565 1742 2600">
     <span class='ocr_line' id='line_1_155' title="bbox 735 2565 1742 2600; baseline -0.003 -7"><span class='ocrx_word' id='word_1_1510' title='bbox 735 2570 838 2598; x_wconf 87' lang='lat' dir='ltr'>vinum,</span> <span class='ocrx_word' id='word_1_1511' title='bbox 857 2566 1000 2600; x_wconf 82' lang='lat' dir='ltr'>Absynthii</span> <span class='ocrx_word' id='word_1_1512' title='bbox 1018 2568 1087 2595; x_wconf 85' lang='lat' dir='ltr'>dilu-</span> <span class='ocrx_word' id='word_1_1513' title='bbox 1099 2565 1131 2595; x_wconf 83' lang='lat'>65</span> <span class='ocrx_word' id='word_1_1514' title='bbox 1144 2572 1264 2599; x_wconf 88' lang='lat' dir='ltr'>tempore</span> <span class='ocrx_word' id='word_1_1515' title='bbox 1277 2566 1397 2600; x_wconf 88' lang='lat' dir='ltr'>periculo</span> <span class='ocrx_word' id='word_1_1516' title='bbox 1412 2566 1528 2591; x_wconf 82' lang='lat' dir='ltr'>ciuitatis</span> <span class='ocrx_word' id='word_1_1517' title='bbox 1549 2565 1606 2590; x_wconf 89' lang='lat' dir='ltr'>Cic.</span> <span class='ocrx_word' id='word_1_1518' title='bbox 1617 2566 1668 2591; x_wconf 91' lang='lat' dir='ltr'>Att.</span> <span class='ocrx_word' id='word_1_1519' title='bbox 1682 2574 1707 2599; x_wconf 87' lang='lat'>7,</span> <span class='ocrx_word' id='word_1_1520' title='bbox 1721 2574 1742 2597; x_wconf 77' lang='lat'>3.</span> 
     </span>
    </p>
   </div>
   <div class='ocr_carea' id='block_1_32' title="bbox 388 2740 1132 2777">
    <p class='ocr_par' dir='ltr' id='par_1_45' title="bbox 388 2740 1132 2777">
     <span class='ocr_line' id='line_1_156' title="bbox 388 2740 1132 2777; baseline 0.001 -9"><span class='ocrx_word' id='word_1_1521' title='bbox 388 2742 401 2776; x_wconf 96' lang='lat'>[</span> <span class='ocrx_word' id='word_1_1522' title='bbox 414 2740 587 2777; x_wconf 72' lang='grc' dir='ltr'>κατακλύζω]</span> <span class='ocrx_word' id='word_1_1523' title='bbox 622 2743 723 2768; x_wconf 84' lang='lat' dir='ltr'>Diluuie</span> <span class='ocrx_word' id='word_1_1524' title='bbox 735 2747 760 2768; x_wconf 83' lang='lat' dir='ltr'>et</span> <span class='ocrx_word' id='word_1_1525' title='bbox 771 2741 976 2768; x_wconf 75' lang='lat' dir='ltr'>inundationibus</span> <span class='ocrx_word' id='word_1_1526' title='bbox 987 2745 1082 2769; x_wconf 86' lang='lat' dir='ltr'>commi·</span> <span class='ocrx_word' id='word_1_1527' title='bbox 1096 2746 1132 2774; x_wconf 88' lang='lat'>70</span> 
     </span>
    </p>
   </div>
   <div class='ocr_carea' id='block_1_33' title="bbox 677 2917 2029 2955">
    <p class='ocr_par' dir='ltr' id='par_1_46' title="bbox 677 2917 2029 2955">
     <span class='ocr_line' id='line_1_157' title="bbox 677 2917 2029 2955; baseline 0.003 -11"><span class='ocrx_word' id='word_1_1528' title='bbox 677 2918 819 2945; x_wconf 88' lang='lat' dir='ltr'>Tellurem</span> <span class='ocrx_word' id='word_1_1529' title='bbox 839 2917 946 2944; x_wconf 87' lang='lat' dir='ltr'>diluuio</span> <span class='ocrx_word' id='word_1_1530' title='bbox 969 2919 1079 2947; x_wconf 87' lang='lat' dir='ltr'>miscere</span> <span class='ocrx_word' id='word_1_1531' title='bbox 1097 2919 1129 2947; x_wconf 81' lang='lat'>75</span> <span class='ocrx_word' id='word_1_1532' title='bbox 1141 2917 1174 2944; x_wconf 85' lang='lat' dir='ltr'>de</span> <span class='ocrx_word' id='word_1_1533' title='bbox 1188 2917 1291 2944; x_wconf 89' lang='lat' dir='ltr'>duobus</span> <span class='ocrx_word' id='word_1_1534' title='bbox 1306 2918 1360 2944; x_wconf 87' lang='lat' dir='ltr'>deis</span> <span class='ocrx_word' id='word_1_1535' title='bbox 1375 2918 1529 2949; x_wconf 87' lang='lat' dir='ltr'>dimicetur,</span> <span class='ocrx_word' id='word_1_1536' title='bbox 1548 2917 1589 2944; x_wconf 88' lang='lat' dir='ltr'>his</span> <span class='ocrx_word' id='word_1_1537' title='bbox 1610 2918 1719 2948; x_wconf 82' lang='lat' dir='ltr'>interim</span> <span class='ocrx_word' id='word_1_1538' title='bbox 1737 2921 1814 2948; x_wconf 86' lang='lat' dir='ltr'>lineis</span> <span class='ocrx_word' id='word_1_1539' title='bbox 1829 2932 1886 2950; x_wconf 90' lang='lat' dir='ltr'>eam</span> <span class='ocrx_word' id='word_1_1540' title='bbox 1900 2926 2029 2955; x_wconf 60' lang='lat' dir='ltr'>clufimus„</span> 
     </span>
    </p>
   </div>
   <div class='ocr_carea' id='block_1_34' title="bbox 1097 3275 1204 3307">
    <p class='ocr_par' dir='ltr' id='par_1_47' title="bbox 1097 3275 1204 3307">
     <span class='ocr_line' id='line_1_158' title="bbox 1097 3275 1204 3307; baseline 0 -6"><span class='ocrx_word' id='word_1_1541' title='bbox 1097 3278 1126 3307; x_wconf 76' lang='lat'>85</span> <span class='ocrx_word' id='word_1_1542' title='bbox 1142 3275 1204 3301; x_wconf 89' lang='lat' dir='ltr'>rati.</span> 
     </span>
    </p>
   </div>
   <div class='ocr_carea' id='block_1_35' title="bbox 1112 3453 2042 3492">
    <p class='ocr_par' dir='ltr' id='par_1_48' title="bbox 1112 3453 2042 3492">
     <span class='ocr_line' id='line_1_159' title="bbox 1112 3453 2042 3492; baseline 0.002 -12"><span class='ocrx_word' id='word_1_1543' title='bbox 1112 3461 1128 3479; x_wconf 90' lang='lat'><em>0</em></span> <span class='ocrx_word' id='word_1_1544' title='bbox 1160 3463 1194 3480; x_wconf 90' lang='lat' dir='ltr'>ua</span> <span class='ocrx_word' id='word_1_1545' title='bbox 1206 3454 1245 3480; x_wconf 88' lang='lat' dir='ltr'>vis</span> <span class='ocrx_word' id='word_1_1546' title='bbox 1261 3453 1297 3480; x_wconf 86' lang='lat' dir='ltr'>est</span> <span class='ocrx_word' id='word_1_1547' title='bbox 1309 3458 1413 3487; x_wconf 84' lang='lat' dir='ltr'>parata,</span> <span class='ocrx_word' id='word_1_1548' title='bbox 1438 3453 1455 3479; x_wconf 88' lang='lat' dir='ltr'>si</span> <span class='ocrx_word' id='word_1_1549' title='bbox 1470 3462 1522 3487; x_wconf 85' lang='lat' dir='ltr'>qua</span> <span class='ocrx_word' id='word_1_1550' title='bbox 1538 3453 1678 3480; x_wconf 83' lang='lat' dir='ltr'>dimicatio</span> <span class='ocrx_word' id='word_1_1551' title='bbox 1692 3454 1783 3487; x_wconf 87' lang='lat' dir='ltr'>capitis</span> <span class='ocrx_word' id='word_1_1552' title='bbox 1797 3455 1901 3488; x_wconf 81' lang='lat' dir='ltr'>futura,</span> <span class='ocrx_word' id='word_1_1553' title='bbox 1922 3456 2042 3492; x_wconf 75' lang='lat' dir='ltr'>deposco,</span> 
     </span>
    </p>
   </div>
   <div class='ocr_carea' id='block_1_36' title="bbox 1142 2070 2193 2890">
    <p class='ocr_par' dir='ltr' id='par_1_49' title="bbox 1146 2070 2193 2430">
     <span class='ocr_line' id='line_1_160' title="bbox 1146 2070 2193 2109; baseline 0.015 -19"><span class='ocrx_word' id='word_1_1554' title='bbox 1146 2080 1213 2106; x_wconf 80' lang='lat' dir='ltr'>quem</span> <span class='ocrx_word' id='word_1_1555' title='bbox 1226 2071 1314 2096; x_wconf 63' lang='lat' dir='ltr'>danim</span> <span class='ocrx_word' id='word_1_1556' title='bbox 1332 2073 1360 2109; x_wconf 50' lang='lat' dir='ltr'>¹⁵⁷st</span> <span class='ocrx_word' id='word_1_1557' title='bbox 1388 2078 1411 2096; x_wconf 87' lang='lat' dir='ltr'>M</span> <span class='ocrx_word' id='word_1_1558' title='bbox 1422 2078 1430 2097; x_wconf 95' lang='lat'>1</span> <span class='ocrx_word' id='word_1_1559' title='bbox 1442 2077 1459 2097; x_wconf 91' lang='lat' dir='ltr'>c</span> <span class='ocrx_word' id='word_1_1560' title='bbox 1471 2077 1500 2097; x_wconf 89' lang='grc' dir='ltr'>ο.</span> <span class='ocrx_word' id='word_1_1561' title='bbox 1571 2070 1642 2109; x_wconf 72' lang='lat' dir='ltr'>Caes.</span> <span class='ocrx_word' id='word_1_1562' title='bbox 1658 2070 1685 2096; x_wconf 92' lang='lat' dir='ltr'>B.</span> <span class='ocrx_word' id='word_1_1563' title='bbox 1700 2070 1732 2095; x_wconf 86' lang='lat' dir='ltr'>G.</span> <span class='ocrx_word' id='word_1_1564' title='bbox 1748 2078 1774 2104; x_wconf 89' lang='grc'>7,</span> <span class='ocrx_word' id='word_1_1565' title='bbox 1790 2078 1816 2102; x_wconf 79' lang='lat'>35</span> <span class='ocrx_word' id='word_1_1566' title='bbox 1847 2071 1889 2097; x_wconf 86' lang='lat' dir='ltr'>Ne</span> <span class='ocrx_word' id='word_1_1567' title='bbox 1907 2079 1998 2101; x_wconf 87' lang='lat' dir='ltr'>contra</span> <span class='ocrx_word' id='word_1_1568' title='bbox 2012 2077 2083 2103; x_wconf 88' lang='lat' dir='ltr'>suam</span> <span class='ocrx_word' id='word_1_1569' title='bbox 2097 2081 2193 2107; x_wconf 86' lang='lat' dir='ltr'>volun-</span> 
     </span>
     <span class='ocr_line' id='line_1_161' title="bbox 1146 2105 2193 2150; baseline 0.019 -28"><span class='ocrx_word' id='word_1_1570' title='bbox 1146 2111 1228 2131; x_wconf 84' lang='lat' dir='ltr'>tatem</span> <span class='ocrx_word' id='word_1_1571' title='bbox 1241 2105 1370 2132; x_wconf 65' lang='lat' dir='ltr'>dimicare</span> <span class='ocrx_word' id='word_1_1572' title='bbox 1388 2112 1537 2140; x_wconf 82' lang='lat' dir='ltr'>cogeretur.</span> <span class='ocrx_word' id='word_1_1573' title='bbox 1608 2105 1668 2131; x_wconf 81' lang='lat' dir='ltr'>Lm.</span> <span class='ocrx_word' id='word_1_1574' title='bbox 1683 2113 1704 2137; x_wconf 86' lang='lat'>1,</span> <span class='ocrx_word' id='word_1_1575' title='bbox 1718 2113 1748 2137; x_wconf 86' lang='lat'>23</span> <span class='ocrx_word' id='word_1_1576' title='bbox 1785 2106 1939 2141; x_wconf 82' lang='lat' dir='ltr'>Priusquam</span> <span class='ocrx_word' id='word_1_1577' title='bbox 1958 2109 2100 2146; x_wconf 85' lang='lat' dir='ltr'>dimicent,</span> <span class='ocrx_word' id='word_1_1578' title='bbox 2126 2125 2193 2150; x_wconf 79' lang='lat' dir='ltr'>opus</span> 
     </span>
     <span class='ocr_line' id='line_1_162' title="bbox 1147 2139 2192 2183; baseline 0.013 -18"><span class='ocrx_word' id='word_1_1579' title='bbox 1147 2141 1196 2167; x_wconf 82' lang='lat' dir='ltr'>esse</span> <span class='ocrx_word' id='word_1_1580' title='bbox 1215 2141 1362 2174; x_wconf 90' lang='lat' dir='ltr'>colloquio.</span> <span class='ocrx_word' id='word_1_1581' title='bbox 1442 2140 1524 2167; x_wconf 89' lang='lat' dir='ltr'>Ouid.</span> <span class='ocrx_word' id='word_1_1582' title='bbox 1542 2139 1574 2166; x_wconf 89' lang='lat' dir='ltr'>de</span> <span class='ocrx_word' id='word_1_1583' title='bbox 1595 2140 1670 2166; x_wconf 86' lang='lat' dir='ltr'>Rem.</span> <span class='ocrx_word' id='word_1_1584' title='bbox 1690 2141 1781 2167; x_wconf 89' lang='lat' dir='ltr'>Amor.</span> <span class='ocrx_word' id='word_1_1585' title='bbox 1801 2149 1836 2176; x_wconf 79' lang='lat'>27</span> <span class='ocrx_word' id='word_1_1586' title='bbox 1872 2143 1989 2172; x_wconf 85' lang='lat' dir='ltr'>Vitricus</span> <span class='ocrx_word' id='word_1_1587' title='bbox 2008 2153 2033 2173; x_wconf 89' lang='lat' dir='ltr'>et</span> <span class='ocrx_word' id='word_1_1588' title='bbox 2052 2149 2147 2183; x_wconf 85' lang='lat' dir='ltr'>gladiis</span> <span class='ocrx_word' id='word_1_1589' title='bbox 2167 2159 2192 2180; x_wconf 90' lang='lat' dir='ltr'>et</span> 
     </span>
     <span class='ocr_line' id='line_1_163' title="bbox 1146 2175 2183 2214; baseline 0.013 -13"><span class='ocrx_word' id='word_1_1590' title='bbox 1146 2181 1222 2202; x_wconf 82' lang='lat' dir='ltr'>acuta</span> <span class='ocrx_word' id='word_1_1591' title='bbox 1235 2176 1343 2202; x_wconf 88' lang='lat' dir='ltr'>dimicet</span> <span class='ocrx_word' id='word_1_1592' title='bbox 1357 2175 1436 2202; x_wconf 83' lang='lat' dir='ltr'>hasta.</span> <span class='ocrx_word' id='word_1_1593' title='bbox 1497 2176 1552 2201; x_wconf 88' lang='lat' dir='ltr'>Hac</span> <span class='ocrx_word' id='word_1_1594' title='bbox 1565 2175 1617 2202; x_wconf 91' lang='lat' dir='ltr'>tibi</span> <span class='ocrx_word' id='word_1_1595' title='bbox 1629 2176 1660 2202; x_wconf 86' lang='lat' dir='ltr'>sit</span> <span class='ocrx_word' id='word_1_1596' title='bbox 1674 2185 1760 2211; x_wconf 75' lang='lat' dir='ltr'>pugna</span> <span class='ocrx_word' id='word_1_1597' title='bbox 1774 2175 1920 2206; x_wconf 79' lang='lat' dir='ltr'>dimicuisse</span> <span class='ocrx_word' id='word_1_1598' title='bbox 1933 2181 1994 2208; x_wconf 85' lang='lat' dir='ltr'>satis</span> <span class='ocrx_word' id='word_1_1599' title='bbox 2013 2183 2085 2210; x_wconf 88' lang='lat' dir='ltr'>Idem</span> <span class='ocrx_word' id='word_1_1600' title='bbox 2098 2188 2183 2214; x_wconf 84' lang='lat' dir='ltr'>Amor</span> 
     </span>
     <span class='ocr_line' id='line_1_164' title="bbox 1313 2208 2192 2252; baseline 0.018 -18"><span class='ocrx_word' id='word_1_1601' title='bbox 1313 2246 1319 2251; x_wconf 44' lang='lat'><strong>.</strong></span> <span class='ocrx_word' id='word_1_1602' title='bbox 1331 2211 1406 2247; x_wconf 85' lang='lat' dir='ltr'>Conf.</span> <span class='ocrx_word' id='word_1_1603' title='bbox 1422 2211 1460 2237; x_wconf 91' lang='lat' dir='ltr'>Id.</span> <span class='ocrx_word' id='word_1_1604' title='bbox 1476 2210 1512 2237; x_wconf 89' lang='lat' dir='ltr'>ib.</span> <span class='ocrx_word' id='word_1_1605' title='bbox 1526 2219 1552 2243; x_wconf 86' lang='lat'>2,</span> <span class='ocrx_word' id='word_1_1606' title='bbox 1567 2218 1593 2246; x_wconf 82' lang='lat'>7,</span> <span class='ocrx_word' id='word_1_1607' title='bbox 1607 2220 1630 2237; x_wconf 87' lang='lat'>2.</span> <span class='ocrx_word' id='word_1_1608' title='bbox 1699 2212 1764 2238; x_wconf 86' lang='lat' dir='ltr'>Acie</span> <span class='ocrx_word' id='word_1_1609' title='bbox 1777 2212 1918 2246; x_wconf 87' lang='lat' dir='ltr'>dimicare,</span> <span class='ocrx_word' id='word_1_1610' title='bbox 1948 2218 1988 2244; x_wconf 80' lang='lat' dir='ltr'>vel</span> <span class='ocrx_word' id='word_1_1611' title='bbox 2005 2220 2105 2252; x_wconf 91' lang='lat' dir='ltr'>praelio</span> <span class='ocrx_word' id='word_1_1612' title='bbox 2130 2208 2192 2252; x_wconf 46' lang='lat' dir='ltr'>Liui</span> 
     </span>
     <span class='ocr_line' id='line_1_165' title="bbox 1147 2246 2193 2287; baseline 0.015 -16"><span class='ocrx_word' id='word_1_1613' title='bbox 1147 2256 1172 2279; x_wconf 84' lang='lat'>2,</span> <span class='ocrx_word' id='word_1_1614' title='bbox 1188 2255 1233 2279; x_wconf 90' lang='lat'>49.</span> <span class='ocrx_word' id='word_1_1615' title='bbox 1287 2247 1344 2273; x_wconf 89' lang='lat' dir='ltr'>Cic.</span> <span class='ocrx_word' id='word_1_1616' title='bbox 1359 2246 1392 2272; x_wconf 87' lang='lat' dir='ltr'>de</span> <span class='ocrx_word' id='word_1_1617' title='bbox 1406 2247 1442 2273; x_wconf 90' lang='lat' dir='ltr'>N.</span> <span class='ocrx_word' id='word_1_1618' title='bbox 1456 2247 1489 2273; x_wconf 91' lang='lat' dir='ltr'>D.</span> <span class='ocrx_word' id='word_1_1619' title='bbox 1502 2255 1534 2278; x_wconf 83' lang='lat'>2,</span> <span class='ocrx_word' id='word_1_1620' title='bbox 1547 2248 1603 2273; x_wconf 74' lang='lat' dir='ltr'>6=c.</span> <span class='ocrx_word' id='word_1_1621' title='bbox 1619 2255 1632 2272; x_wconf 92' lang='lat'><em>2</em></span> <span class='ocrx_word' id='word_1_1622' title='bbox 1663 2247 1755 2281; x_wconf 82' lang='lat' dir='ltr'>Qum</span> <span class='ocrx_word' id='word_1_1623' title='bbox 1775 2248 1806 2274; x_wconf 91' lang='lat' dir='ltr'>A.</span> <span class='ocrx_word' id='word_1_1624' title='bbox 1825 2249 1972 2278; x_wconf 88' lang='lat' dir='ltr'>Postumius</span> <span class='ocrx_word' id='word_1_1625' title='bbox 1991 2254 2113 2284; x_wconf 67' lang='lat' dir='ltr'>Dictator</span> <span class='ocrx_word' id='word_1_1626' title='bbox 2133 2268 2193 2287; x_wconf 90' lang='lat' dir='ltr'>cum</span> 
     </span>
     <span class='ocr_line' id='line_1_166' title="bbox 1148 2281 2191 2329; baseline 0.01 -22"><span class='ocrx_word' id='word_1_1627' title='bbox 1148 2281 1264 2310; x_wconf 73' lang='lat' dir='ltr'>O6iauio</span> <span class='ocrx_word' id='word_1_1628' title='bbox 1277 2282 1402 2308; x_wconf 87' lang='lat' dir='ltr'>Mamilio</span> <span class='ocrx_word' id='word_1_1629' title='bbox 1422 2282 1578 2308; x_wconf 87' lang='lat' dir='ltr'>Tusculano</span> <span class='ocrx_word' id='word_1_1630' title='bbox 1591 2282 1694 2317; x_wconf 86' lang='lat' dir='ltr'>praelio</span> <span class='ocrx_word' id='word_1_1631' title='bbox 1707 2283 1852 2311; x_wconf 83' lang='lat' dir='ltr'>dimicaret.</span> <span class='ocrx_word' id='word_1_1632' title='bbox 1923 2288 2029 2315; x_wconf 91' lang='lat' dir='ltr'>Colum.</span> <span class='ocrx_word' id='word_1_1633' title='bbox 2044 2300 2061 2323; x_wconf 91' lang='lat'><em>9</em></span> <span class='ocrx_word' id='word_1_1634' title='bbox 2082 2301 2099 2325; x_wconf 89' lang='lat'><em>9</em></span> <span class='ocrx_word' id='word_1_1635' title='bbox 2127 2302 2145 2329; x_wconf 84' lang='lat'><strong>7</strong></span> <span class='ocrx_word' id='word_1_1636' title='bbox 2163 2295 2191 2322; x_wconf 67' lang='lat' dir='ltr'>de</span> 
     </span>
     <span class='ocr_line' id='line_1_167' title="bbox 1147 2312 2193 2358; baseline 0.015 -16"><span class='ocrx_word' id='word_1_1637' title='bbox 1147 2317 1251 2352; x_wconf 81' lang='lat' dir='ltr'>apibus,</span> <span class='ocrx_word' id='word_1_1638' title='bbox 1280 2317 1306 2344; x_wconf 91' lang='lat' dir='ltr'>Si</span> <span class='ocrx_word' id='word_1_1639' title='bbox 1327 2323 1416 2344; x_wconf 89' lang='lat' dir='ltr'>autem</span> <span class='ocrx_word' id='word_1_1640' title='bbox 1437 2318 1537 2352; x_wconf 83' lang='lat' dir='ltr'>saepius</span> <span class='ocrx_word' id='word_1_1641' title='bbox 1555 2319 1637 2344; x_wconf 86' lang='lat' dir='ltr'>aciem</span> <span class='ocrx_word' id='word_1_1642' title='bbox 1655 2318 1810 2345; x_wconf 85' lang='lat' dir='ltr'>dimicantes</span> <span class='ocrx_word' id='word_1_1643' title='bbox 1829 2324 1971 2350; x_wconf 88' lang='lat' dir='ltr'>notaueris.</span> <span class='ocrx_word' id='word_1_1644' title='bbox 2008 2312 2122 2356; x_wconf 54' lang='lat' dir='ltr'>Sed&#39;Ms.</span> <span class='ocrx_word' id='word_1_1645' title='bbox 2135 2331 2193 2358; x_wconf 80' lang='lat' dir='ltr'>acie</span> 
     </span>
     <span class='ocr_line' id='line_1_168' title="bbox 1146 2352 2191 2393; baseline 0.013 -14"><span class='ocrx_word' id='word_1_1646' title='bbox 1146 2353 1312 2385; x_wconf 87' lang='lat' dir='ltr'>dimicantis,</span> <span class='ocrx_word' id='word_1_1647' title='bbox 1329 2353 1477 2388; x_wconf 75' lang='lat' dir='ltr'>Accufiitiuo</span> <span class='ocrx_word' id='word_1_1648' title='bbox 1497 2352 1572 2379; x_wconf 63' lang='lat' dir='ltr'>reste.</span> <span class='ocrx_word' id='word_1_1649' title='bbox 1659 2355 1724 2380; x_wconf 86' lang='lat' dir='ltr'>Acie</span> <span class='ocrx_word' id='word_1_1650' title='bbox 1745 2361 1799 2381; x_wconf 90' lang='lat' dir='ltr'>tota</span> <span class='ocrx_word' id='word_1_1651' title='bbox 1823 2356 1963 2391; x_wconf 84' lang='lat' dir='ltr'>dimicare,</span> <span class='ocrx_word' id='word_1_1652' title='bbox 1988 2361 2041 2388; x_wconf 84' lang='lat' dir='ltr'>vid.</span> <span class='ocrx_word' id='word_1_1653' title='bbox 2067 2370 2191 2393; x_wconf 78' lang='lat' dir='ltr'>ACIES.</span> 
     </span>
     <span class='ocr_line' id='line_1_169' title="bbox 1269 2396 2189 2430; baseline 0.025 -25"><span class='ocrx_word' id='word_1_1654' title='bbox 1269 2424 1275 2429; x_wconf 20' lang='grc' dir='ltr'><strong>ἡ</strong></span> <span class='ocrx_word' id='word_1_1655' title='bbox 1457 2424 1461 2428; x_wconf 45' lang='grc' dir='ltr'>Ι</span> <span class='ocrx_word' id='word_1_1656' title='bbox 1666 2426 1671 2430; x_wconf 90' lang='lat'>.</span> <span class='ocrx_word' id='word_1_1657' title='bbox 1985 2396 2041 2423; x_wconf 81' lang='lat' dir='ltr'>Cic.</span> <span class='ocrx_word' id='word_1_1658' title='bbox 2057 2398 2089 2424; x_wconf 89' lang='lat' dir='ltr'>de</span> <span class='ocrx_word' id='word_1_1659' title='bbox 2101 2400 2189 2427; x_wconf 89' lang='lat' dir='ltr'>Finib.</span> 
     </span>
    </p>

    <p class='ocr_par' dir='ltr' id='par_1_50' title="bbox 1142 2423 2189 2890">
     <span class='ocr_line' id='line_1_170' title="bbox 1146 2423 2189 2465; baseline 0.015 -19"><span class='ocrx_word' id='word_1_1660' title='bbox 1146 2433 1173 2456; x_wconf 76' lang='lat'>2,</span> <span class='ocrx_word' id='word_1_1661' title='bbox 1187 2426 1218 2456; x_wconf 77' lang='lat'>56</span> <span class='ocrx_word' id='word_1_1662' title='bbox 1251 2424 1291 2450; x_wconf 93' lang='lat' dir='ltr'>Sic</span> <span class='ocrx_word' id='word_1_1663' title='bbox 1304 2423 1390 2450; x_wconf 88' lang='lat' dir='ltr'>vester</span> <span class='ocrx_word' id='word_1_1664' title='bbox 1409 2424 1509 2458; x_wconf 80' lang='lat' dir='ltr'>sapiens</span> <span class='ocrx_word' id='word_1_1665' title='bbox 1528 2433 1623 2458; x_wconf 84' lang='lat' dir='ltr'>magno</span> <span class='ocrx_word' id='word_1_1666' title='bbox 1637 2425 1728 2460; x_wconf 84' lang='lat' dir='ltr'>aliquo</span> <span class='ocrx_word' id='word_1_1667' title='bbox 1742 2427 1922 2455; x_wconf 88' lang='lat' dir='ltr'>emolumento</span> <span class='ocrx_word' id='word_1_1668' title='bbox 1938 2438 2100 2465; x_wconf 85' lang='lat' dir='ltr'>commotus,</span> <span class='ocrx_word' id='word_1_1669' title='bbox 2121 2437 2189 2462; x_wconf 90' lang='lat' dir='ltr'>Cum</span> 
     </span>
     <span class='ocr_line' id='line_1_171' title="bbox 1146 2459 2188 2505; baseline 0.013 -21"><span class='ocrx_word' id='word_1_1670' title='bbox 1146 2459 1235 2490; x_wconf 88' lang='lat' dir='ltr'>causa,</span> <span class='ocrx_word' id='word_1_1671' title='bbox 1261 2459 1280 2485; x_wconf 84' lang='lat' dir='ltr'>si</span> <span class='ocrx_word' id='word_1_1672' title='bbox 1299 2468 1366 2493; x_wconf 91' lang='lat' dir='ltr'>opus</span> <span class='ocrx_word' id='word_1_1673' title='bbox 1385 2460 1483 2492; x_wconf 83' lang='lat' dir='ltr'>suerit,</span> <span class='ocrx_word' id='word_1_1674' title='bbox 1508 2459 1655 2487; x_wconf 87' lang='lat' dir='ltr'>dimicabit.</span> <span class='ocrx_word' id='word_1_1675' title='bbox 1734 2462 1773 2488; x_wconf 85' lang='lat' dir='ltr'>De</span> <span class='ocrx_word' id='word_1_1676' title='bbox 1793 2463 1917 2488; x_wconf 85' lang='lat' dir='ltr'>omnibus</span> <span class='ocrx_word' id='word_1_1677' title='bbox 1937 2465 2052 2492; x_wconf 89' lang='lat' dir='ltr'>fortunis</span> <span class='ocrx_word' id='word_1_1678' title='bbox 2075 2469 2188 2505; x_wconf 86' lang='lat' dir='ltr'>Reipub.</span> 
     </span>
     <span class='ocr_line' id='line_1_172' title="bbox 1146 2495 2179 2533; baseline 0.009 -12"><span class='ocrx_word' id='word_1_1679' title='bbox 1146 2495 1275 2521; x_wconf 89' lang='lat' dir='ltr'>dimicare</span> <span class='ocrx_word' id='word_1_1680' title='bbox 1299 2495 1373 2522; x_wconf 88' lang='lat' dir='ltr'>Idem</span> <span class='ocrx_word' id='word_1_1681' title='bbox 1392 2496 1445 2521; x_wconf 89' lang='lat' dir='ltr'>Att.</span> <span class='ocrx_word' id='word_1_1682' title='bbox 1460 2500 1484 2527; x_wconf 84' lang='lat'>8,</span> <span class='ocrx_word' id='word_1_1683' title='bbox 1500 2497 1537 2522; x_wconf 91' lang='lat'>16.</span> <span class='ocrx_word' id='word_1_1684' title='bbox 1610 2497 1641 2521; x_wconf 83' lang='lat' dir='ltr'>Et</span> <span class='ocrx_word' id='word_1_1685' title='bbox 1653 2496 1704 2522; x_wconf 84' lang='lat' dir='ltr'>Off.</span> <span class='ocrx_word' id='word_1_1686' title='bbox 1719 2506 1739 2528; x_wconf 85' lang='lat'>1,</span> <span class='ocrx_word' id='word_1_1687' title='bbox 1753 2502 1766 2526; x_wconf 73' lang='grc' dir='ltr'>ξι</span> <span class='ocrx_word' id='word_1_1688' title='bbox 1781 2498 1848 2523; x_wconf 86' lang='lat' dir='ltr'>Cum</span> <span class='ocrx_word' id='word_1_1689' title='bbox 1862 2498 1978 2531; x_wconf 76' lang='lat' dir='ltr'>Latinis,</span> <span class='ocrx_word' id='word_1_1690' title='bbox 2003 2501 2104 2530; x_wconf 86' lang='lat' dir='ltr'>Sabinis</span> <span class='ocrx_word' id='word_1_1691' title='bbox 2142 2513 2179 2533; x_wconf 74' lang='lat' dir='ltr'>etc</span> 
     </span>
     <span class='ocr_line' id='line_1_173' title="bbox 1145 2526 2189 2569; baseline 0.02 -21"><span class='ocrx_word' id='word_1_1692' title='bbox 1145 2531 1177 2557; x_wconf 75' lang='lat' dir='ltr'>de</span> <span class='ocrx_word' id='word_1_1693' title='bbox 1198 2530 1313 2565; x_wconf 76' lang='lat' dir='ltr'>imperio</span> <span class='ocrx_word' id='word_1_1694' title='bbox 1328 2530 1513 2557; x_wconf 86' lang='lat' dir='ltr'>dimicabatur.</span> <span class='ocrx_word' id='word_1_1695' title='bbox 1595 2531 1634 2556; x_wconf 86' lang='lat' dir='ltr'>De</span> <span class='ocrx_word' id='word_1_1696' title='bbox 1653 2533 1770 2564; x_wconf 85' lang='lat' dir='ltr'>potentia</span> <span class='ocrx_word' id='word_1_1697' title='bbox 1789 2533 1833 2557; x_wconf 87' lang='lat' dir='ltr'>sua</span> <span class='ocrx_word' id='word_1_1698' title='bbox 1852 2532 1979 2561; x_wconf 86' lang='lat' dir='ltr'>dimicant</span> <span class='ocrx_word' id='word_1_1699' title='bbox 1996 2526 2120 2566; x_wconf 67' lang='lat' dir='ltr'>homines¹</span> <span class='ocrx_word' id='word_1_1700' title='bbox 2138 2528 2189 2569; x_wconf 67' lang='lat' dir='ltr'>hoe</span> 
     </span>
     <span class='ocr_line' id='line_1_174' title="bbox 1164 2568 2189 2606; baseline 0.037 -39"><span class='ocrx_word' id='word_1_1701' title='bbox 1164 2601 1169 2606; x_wconf 43' lang='lat'><strong>.</strong></span> <span class='ocrx_word' id='word_1_1702' title='bbox 1203 2602 1208 2606; x_wconf 25' lang='grc' dir='ltr'><em>η</em></span> <span class='ocrx_word' id='word_1_1703' title='bbox 1643 2602 1647 2606; x_wconf 39' lang='grc'><em>.</em></span> <span class='ocrx_word' id='word_1_1704' title='bbox 1816 2568 1872 2601; x_wconf 84' lang='lat' dir='ltr'>Qu</span> <span class='ocrx_word' id='word_1_1705' title='bbox 1885 2568 1916 2594; x_wconf 86' lang='lat' dir='ltr'>de</span> <span class='ocrx_word' id='word_1_1706' title='bbox 1929 2570 1983 2596; x_wconf 90' lang='lat' dir='ltr'>vita</span> <span class='ocrx_word' id='word_1_1707' title='bbox 1998 2572 2099 2605; x_wconf 86' lang='lat' dir='ltr'>gloriae</span> <span class='ocrx_word' id='word_1_1708' title='bbox 2114 2579 2189 2605; x_wconf 81' lang='lat' dir='ltr'>causa</span> 
     </span>
     <span class='ocr_line' id='line_1_175' title="bbox 1143 2599 2187 2647; baseline 0.011 -20"><span class='ocrx_word' id='word_1_1709' title='bbox 1143 2601 1270 2628; x_wconf 91' lang='lat' dir='ltr'>dimicant</span> <span class='ocrx_word' id='word_1_1710' title='bbox 1293 2600 1367 2626; x_wconf 90' lang='lat' dir='ltr'>Idem</span> <span class='ocrx_word' id='word_1_1711' title='bbox 1386 2608 1434 2634; x_wconf 86' lang='lat' dir='ltr'>pro</span> <span class='ocrx_word' id='word_1_1712' title='bbox 1449 2599 1527 2625; x_wconf 88' lang='lat' dir='ltr'>Arch.</span> <span class='ocrx_word' id='word_1_1713' title='bbox 1541 2609 1563 2625; x_wconf 89' lang='lat' dir='ltr'>c.</span> <span class='ocrx_word' id='word_1_1714' title='bbox 1579 2608 1616 2625; x_wconf 91' lang='lat'>10.</span> <span class='ocrx_word' id='word_1_1715' title='bbox 1636 2610 1654 2626; x_wconf 89' lang='lat'>1.</span> <span class='ocrx_word' id='word_1_1716' title='bbox 1672 2604 1759 2635; x_wconf 78' lang='lat' dir='ltr'>quouis</span> <span class='ocrx_word' id='word_1_1717' title='bbox 1779 2603 1848 2628; x_wconf 81' lang='lat' dir='ltr'>modo</span> <span class='ocrx_word' id='word_1_1718' title='bbox 1861 2606 2024 2639; x_wconf 79' lang='lat' dir='ltr'>contendunt,</span> <span class='ocrx_word' id='word_1_1719' title='bbox 2047 2617 2071 2635; x_wconf 78' lang='lat' dir='ltr'>et</span> <span class='ocrx_word' id='word_1_1720' title='bbox 2082 2614 2109 2637; x_wconf 85' lang='lat' dir='ltr'>in</span> <span class='ocrx_word' id='word_1_1721' title='bbox 2118 2618 2187 2647; x_wconf 78' lang='lat' dir='ltr'>peri-</span> 
     </span>
     <span class='ocr_line' id='line_1_176' title="bbox 1144 2634 2177 2684; baseline 0.015 -25"><span class='ocrx_word' id='word_1_1722' title='bbox 1144 2638 1225 2662; x_wconf 68' lang='lat' dir='ltr'>culum</span> <span class='ocrx_word' id='word_1_1723' title='bbox 1243 2638 1354 2661; x_wconf 78' lang='lat' dir='ltr'>veniunt.</span> <span class='ocrx_word' id='word_1_1724' title='bbox 1416 2634 1474 2660; x_wconf 82' lang='lat' dir='ltr'>Vid.</span> <span class='ocrx_word' id='word_1_1725' title='bbox 1500 2640 1692 2661; x_wconf 82' lang='lat' dir='ltr'>DIMICATIO.</span> <span class='ocrx_word' id='word_1_1726' title='bbox 1744 2637 1817 2662; x_wconf 86' lang='lat' dir='ltr'>Inter</span> <span class='ocrx_word' id='word_1_1727' title='bbox 1830 2638 1855 2663; x_wconf 87' lang='lat' dir='ltr'>se</span> <span class='ocrx_word' id='word_1_1728' title='bbox 1869 2639 1997 2668; x_wconf 84' lang='lat' dir='ltr'>dimicant</span> <span class='ocrx_word' id='word_1_1729' title='bbox 2024 2644 2090 2672; x_wconf 88' lang='lat' dir='ltr'>Plin.</span> <span class='ocrx_word' id='word_1_1730' title='bbox 2111 2653 2124 2676; x_wconf 72' lang='lat' dir='ltr'>g</span> <span class='ocrx_word' id='word_1_1731' title='bbox 2160 2657 2177 2684; x_wconf 87' lang='lat'><strong>7</strong></span> 
     </span>
     <span class='ocr_line' id='line_1_177' title="bbox 1144 2668 2186 2711; baseline 0.018 -19"><span class='ocrx_word' id='word_1_1732' title='bbox 1144 2672 1176 2697; x_wconf 72' lang='grc' dir='ltr'>Ει</span> <span class='ocrx_word' id='word_1_1733' title='bbox 1190 2678 1207 2704; x_wconf 82' lang='lat'><strong>7</strong></span> <span class='ocrx_word' id='word_1_1734' title='bbox 1221 2678 1341 2704; x_wconf 82' lang='lat' dir='ltr'>prooem.</span> <span class='ocrx_word' id='word_1_1735' title='bbox 1412 2670 1469 2696; x_wconf 89' lang='lat' dir='ltr'>Cic.</span> <span class='ocrx_word' id='word_1_1736' title='bbox 1487 2669 1599 2703; x_wconf 85' lang='lat' dir='ltr'>Philipp.</span> <span class='ocrx_word' id='word_1_1737' title='bbox 1621 2678 1646 2702; x_wconf 84' lang='lat'>2,</span> <span class='ocrx_word' id='word_1_1738' title='bbox 1666 2679 1699 2704; x_wconf 81' lang='grc'>34</span> <span class='ocrx_word' id='word_1_1739' title='bbox 1728 2672 1770 2697; x_wconf 85' lang='lat' dir='ltr'>An</span> <span class='ocrx_word' id='word_1_1740' title='bbox 1782 2677 1811 2698; x_wconf 87' lang='lat' dir='ltr'>tu</span> <span class='ocrx_word' id='word_1_1741' title='bbox 1825 2673 1969 2702; x_wconf 84' lang='lat' dir='ltr'>Narbonae</span> <span class='ocrx_word' id='word_1_1742' title='bbox 1988 2678 2015 2704; x_wconf 89' lang='lat' dir='ltr'>in</span> <span class='ocrx_word' id='word_1_1743' title='bbox 2030 2668 2186 2711; x_wconf 54' lang='lat' dir='ltr'>mensas&#39;hoff</span> 
     </span>
     <span class='ocr_line' id='line_1_178' title="bbox 1144 2705 2176 2746; baseline 0.016 -17"><span class='ocrx_word' id='word_1_1744' title='bbox 1144 2705 1240 2740; x_wconf 83' lang='lat' dir='ltr'>spitum</span> <span class='ocrx_word' id='word_1_1745' title='bbox 1253 2714 1335 2740; x_wconf 88' lang='lat' dir='ltr'>quum</span> <span class='ocrx_word' id='word_1_1746' title='bbox 1350 2713 1481 2737; x_wconf 88' lang='lat' dir='ltr'>vomeres,</span> <span class='ocrx_word' id='word_1_1747' title='bbox 1496 2705 1634 2731; x_wconf 81' lang='lat' dir='ltr'>Dolabella</span> <span class='ocrx_word' id='word_1_1748' title='bbox 1647 2714 1696 2740; x_wconf 89' lang='lat' dir='ltr'>pro</span> <span class='ocrx_word' id='word_1_1749' title='bbox 1709 2707 1776 2733; x_wconf 80' lang='lat' dir='ltr'>tein</span> <span class='ocrx_word' id='word_1_1750' title='bbox 1790 2708 1916 2743; x_wconf 76' lang='lat' dir='ltr'>Hispania</span> <span class='ocrx_word' id='word_1_1751' title='bbox 1929 2712 2083 2743; x_wconf 78' lang='lat' dir='ltr'>dimicaret?</span> <span class='ocrx_word' id='word_1_1752' title='bbox 2119 2719 2176 2746; x_wconf 90' lang='lat' dir='ltr'>Plin</span> 
     </span>
     <span class='ocr_line' id='line_1_179' title="bbox 1147 2739 2185 2782; baseline 0.023 -24"><span class='ocrx_word' id='word_1_1753' title='bbox 1147 2749 1188 2773; x_wconf 83' lang='lat'>12,</span> <span class='ocrx_word' id='word_1_1754' title='bbox 1209 2749 1239 2773; x_wconf 75' lang='lat'>23</span> <span class='ocrx_word' id='word_1_1755' title='bbox 1283 2742 1386 2771; x_wconf 76' lang='lat' dir='ltr'>Comi-a</span> <span class='ocrx_word' id='word_1_1756' title='bbox 1411 2739 1553 2767; x_wconf 85' lang='lat' dir='ltr'>defendere</span> <span class='ocrx_word' id='word_1_1757' title='bbox 1581 2740 1711 2773; x_wconf 87' lang='lat' dir='ltr'>Romani,</span> <span class='ocrx_word' id='word_1_1758' title='bbox 1737 2750 1762 2769; x_wconf 86' lang='lat' dir='ltr'>et</span> <span class='ocrx_word' id='word_1_1759' title='bbox 1786 2743 1940 2773; x_wconf 84' lang='lat' dir='ltr'>dimicatum</span> <span class='ocrx_word' id='word_1_1760' title='bbox 1960 2757 2008 2782; x_wconf 90' lang='lat' dir='ltr'>pro</span> <span class='ocrx_word' id='word_1_1761' title='bbox 2030 2752 2127 2780; x_wconf 85' lang='lat' dir='ltr'>frutice</span> <span class='ocrx_word' id='word_1_1762' title='bbox 2141 2741 2185 2782; x_wconf 71' lang='lat' dir='ltr'>est-</span> 
     </span>
     <span class='ocr_line' id='line_1_180' title="bbox 1142 2775 2185 2818; baseline 0.014 -15"><span class='ocrx_word' id='word_1_1763' title='bbox 1142 2777 1193 2803; x_wconf 87' lang='lat' dir='ltr'>Pro</span> <span class='ocrx_word' id='word_1_1764' title='bbox 1207 2775 1325 2810; x_wconf 84' lang='lat' dir='ltr'>legibus,</span> <span class='ocrx_word' id='word_1_1765' title='bbox 1351 2784 1399 2810; x_wconf 86' lang='lat' dir='ltr'>pro</span> <span class='ocrx_word' id='word_1_1766' title='bbox 1410 2775 1552 2815; x_wconf 77' lang='lat' dir='ltr'>libertate,</span> <span class='ocrx_word' id='word_1_1767' title='bbox 1574 2784 1622 2810; x_wconf 90' lang='lat' dir='ltr'>pro</span> <span class='ocrx_word' id='word_1_1768' title='bbox 1636 2777 1720 2817; x_wconf 74' lang='lat' dir='ltr'>patria</span> <span class='ocrx_word' id='word_1_1769' title='bbox 1735 2778 1862 2806; x_wconf 83' lang='lat' dir='ltr'>dimicare</span> <span class='ocrx_word' id='word_1_1770' title='bbox 1876 2785 2003 2811; x_wconf 89' lang='lat' dir='ltr'>conuenit</span> <span class='ocrx_word' id='word_1_1771' title='bbox 2030 2789 2084 2815; x_wconf 86' lang='lat' dir='ltr'>Cic.</span> <span class='ocrx_word' id='word_1_1772' title='bbox 2102 2777 2185 2818; x_wconf 58' lang='lat' dir='ltr'>Tusc‘</span> 
     </span>
     <span class='ocr_line' id='line_1_181' title="bbox 1142 2811 2187 2854; baseline 0.02 -21"><span class='ocrx_word' id='word_1_1773' title='bbox 1142 2822 1170 2845; x_wconf 83' lang='lat'>4,</span> <span class='ocrx_word' id='word_1_1774' title='bbox 1184 2819 1219 2843; x_wconf 85' lang='lat'>42</span> <span class='ocrx_word' id='word_1_1775' title='bbox 1231 2820 1253 2837; x_wconf 88' lang='lat' dir='ltr'>c.</span> <span class='ocrx_word' id='word_1_1776' title='bbox 1272 2819 1308 2843; x_wconf 89' lang='lat'>19.</span> <span class='ocrx_word' id='word_1_1777' title='bbox 1334 2846 1340 2851; x_wconf 42' lang='grc'><em>·</em></span> <span class='ocrx_word' id='word_1_1778' title='bbox 1364 2846 1370 2851; x_wconf 34' lang='lat'>⁸</span> <span class='ocrx_word' id='word_1_1779' title='bbox 1382 2811 1569 2837; x_wconf 84' lang='lat' dir='ltr'>Dimicandum</span> <span class='ocrx_word' id='word_1_1780' title='bbox 1582 2820 1656 2838; x_wconf 87' lang='lat' dir='ltr'>omni</span> <span class='ocrx_word' id='word_1_1781' title='bbox 1669 2813 1780 2845; x_wconf 85' lang='lat' dir='ltr'>ratione,</span> <span class='ocrx_word' id='word_1_1782' title='bbox 1794 2822 1822 2841; x_wconf 81' lang='lat' dir='ltr'>vt</span> <span class='ocrx_word' id='word_1_1783' title='bbox 1838 2816 1985 2846; x_wconf 87' lang='lat' dir='ltr'>incolumes</span> <span class='ocrx_word' id='word_1_1784' title='bbox 1998 2812 2187 2854; x_wconf 67' lang='lat' dir='ltr'>conseruentui·</span> 
     </span>
     <span class='ocr_line' id='line_1_182' title="bbox 1142 2847 2185 2890; baseline 0.021 -22"><span class='ocrx_word' id='word_1_1785' title='bbox 1142 2847 1215 2873; x_wconf 78' lang='lat' dir='ltr'>Idem</span> <span class='ocrx_word' id='word_1_1786' title='bbox 1223 2847 1399 2874; x_wconf 83' lang='lat' dir='ltr'>Verr.Diiiin.</span> <span class='ocrx_word' id='word_1_1787' title='bbox 1415 2854 1484 2880; x_wconf 83' lang='lat'>1‚72.</span> <span class='ocrx_word' id='word_1_1788' title='bbox 1539 2847 1725 2875; x_wconf 80' lang='lat' dir='ltr'>Tertullianus</span> <span class='ocrx_word' id='word_1_1789' title='bbox 1738 2853 1765 2875; x_wconf 83' lang='lat' dir='ltr'>in</span> <span class='ocrx_word' id='word_1_1790' title='bbox 1773 2850 1918 2879; x_wconf 87' lang='lat' dir='ltr'>dimicandi</span> <span class='ocrx_word' id='word_1_1791' title='bbox 1929 2860 2185 2890; x_wconf 74' lang='lat' dir='ltr'>mentionelinearum</span> 
     </span>
    </p>
   </div>
   <div class='ocr_carea' id='block_1_37' title="bbox 1141 2880 2186 2925">
    <p class='ocr_par' dir='ltr' id='par_1_51' title="bbox 1141 2880 2186 2925">
     <span class='ocr_line' id='line_1_183' title="bbox 1141 2880 2186 2925; baseline 0.012 -18"><span class='ocrx_word' id='word_1_1792' title='bbox 1141 2885 1214 2908; x_wconf 79' lang='lat' dir='ltr'>etiam</span> <span class='ocrx_word' id='word_1_1793' title='bbox 1227 2880 1359 2915; x_wconf 55' lang='lat' dir='ltr'>memini-&#39;Hb</span> <span class='ocrx_word' id='word_1_1794' title='bbox 1372 2882 1444 2918; x_wconf 79' lang='lat' dir='ltr'>fhlct.</span> <span class='ocrx_word' id='word_1_1795' title='bbox 1472 2892 1497 2908; x_wconf 87' lang='lat' dir='ltr'>v.</span> <span class='ocrx_word' id='word_1_1796' title='bbox 1512 2892 1537 2919; x_wconf 82' lang='lat' dir='ltr'>g.</span> <span class='ocrx_word' id='word_1_1797' title='bbox 1566 2882 1626 2909; x_wconf 88' lang='lat' dir='ltr'>adu.</span> <span class='ocrx_word' id='word_1_1798' title='bbox 1640 2885 1722 2910; x_wconf 88' lang='lat' dir='ltr'>Marc.</span> <span class='ocrx_word' id='word_1_1799' title='bbox 1737 2894 1756 2915; x_wconf 86' lang='lat'>1,</span> <span class='ocrx_word' id='word_1_1800' title='bbox 1769 2893 1786 2920; x_wconf 89' lang='lat'><strong>7</strong></span> <span class='ocrx_word' id='word_1_1801' title='bbox 1813 2888 1980 2923; x_wconf 84' lang='lat' dir='ltr'>Qamquam</span> <span class='ocrx_word' id='word_1_1802' title='bbox 2002 2900 2056 2921; x_wconf 84' lang='lat' dir='ltr'>tota</span> <span class='ocrx_word' id='word_1_1803' title='bbox 2075 2899 2186 2925; x_wconf 67' lang='lat' dir='ltr'>materia</span> 
     </span>
    </p>
   </div>
   <div class='ocr_carea' id='block_1_38' title="bbox 1141 2933 2185 3004">
    <p class='ocr_par' dir='ltr' id='par_1_52' title="bbox 1141 2933 2185 3004">
     <span class='ocr_line' id='line_1_184' title="bbox 1141 2933 2185 3004; baseline 0.014 -25"><span class='ocrx_word' id='word_1_1804' title='bbox 1141 2953 1193 2980; x_wconf 92' lang='lat' dir='ltr'>dic.</span> <span class='ocrx_word' id='word_1_1805' title='bbox 1211 2956 1229 2980; x_wconf 88' lang='lat'>6</span> <span class='ocrx_word' id='word_1_1806' title='bbox 1257 2952 1297 2980; x_wconf 90' lang='lat' dir='ltr'>Ad</span> <span class='ocrx_word' id='word_1_1807' title='bbox 1308 2953 1374 2980; x_wconf 85' lang='lat' dir='ltr'>hanc</span> <span class='ocrx_word' id='word_1_1808' title='bbox 1389 2954 1442 2980; x_wconf 89' lang='lat' dir='ltr'>iam</span> <span class='ocrx_word' id='word_1_1809' title='bbox 1455 2953 1553 2980; x_wconf 83' lang='lat' dir='ltr'>lineam</span> <span class='ocrx_word' id='word_1_1810' title='bbox 1566 2953 1705 2981; x_wconf 88' lang='lat' dir='ltr'>dimicabit</span> <span class='ocrx_word' id='word_1_1811' title='bbox 1718 2957 1806 2983; x_wconf 88' lang='lat' dir='ltr'>nostra</span> <span class='ocrx_word' id='word_1_1812' title='bbox 1823 2961 1980 2994; x_wconf 82' lang='lat' dir='ltr'>congressio,</span> <span class='ocrx_word' id='word_1_1813' title='bbox 1996 2972 2043 2991; x_wconf 82' lang='lat' dir='ltr'>etc.</span> <span class='ocrx_word' id='word_1_1814' title='bbox 2080 2933 2185 3004; x_wconf 45' lang='grc' dir='ltr'>ἓνῖῇιιζ</span> 
     </span>
    </p>
   </div>
   <div class='ocr_carea' id='block_1_39' title="bbox 1133 2988 2185 3032">
    <p class='ocr_par' dir='ltr' id='par_1_53' title="bbox 1133 2988 2185 3032">
     <span class='ocr_line' id='line_1_185' title="bbox 1133 2988 2185 3032; baseline 0.016 -18"><span class='ocrx_word' id='word_1_1815' title='bbox 1133 2989 1197 3026; x_wconf 82' lang='lat' dir='ltr'>sunt</span> <span class='ocrx_word' id='word_1_1816' title='bbox 1209 2999 1320 3017; x_wconf 76' lang='lat' dir='ltr'>carceres</span> <span class='ocrx_word' id='word_1_1817' title='bbox 1332 2988 1432 3025; x_wconf 81' lang='lat' dir='ltr'>quidam</span> <span class='ocrx_word' id='word_1_1818' title='bbox 1445 2996 1469 3015; x_wconf 84' lang='lat' dir='ltr'>et</span> <span class='ocrx_word' id='word_1_1819' title='bbox 1478 2988 1559 3024; x_wconf 77' lang='lat' dir='ltr'>fines,</span> <span class='ocrx_word' id='word_1_1820' title='bbox 1578 2992 1700 3018; x_wconf 82' lang='lat' dir='ltr'>translate</span> <span class='ocrx_word' id='word_1_1821' title='bbox 1711 2995 1735 3018; x_wconf 83' lang='lat' dir='ltr'>is</span> <span class='ocrx_word' id='word_1_1822' title='bbox 1743 3012 1750 3023; x_wconf 91' lang='lat'><strong><em>‚</em></strong></span> <span class='ocrx_word' id='word_1_1823' title='bbox 1768 3002 1836 3028; x_wconf 77' lang='lat' dir='ltr'>quem</span> <span class='ocrx_word' id='word_1_1824' title='bbox 1855 3004 1971 3024; x_wconf 78' lang='lat' dir='ltr'>vocamus</span> <span class='ocrx_word' id='word_1_1825' title='bbox 1974 2997 2072 3032; x_wconf 80' lang='lat' dir='ltr'>statum</span> <span class='ocrx_word' id='word_1_1826' title='bbox 2088 3011 2185 3032; x_wconf 84' lang='lat' dir='ltr'>contro-</span> 
     </span>
    </p>
   </div>
   <div class='ocr_carea' id='block_1_40' title="bbox 1139 3026 2183 3102">
    <p class='ocr_par' dir='ltr' id='par_1_54' title="bbox 1139 3026 2183 3102">
     <span class='ocr_line' id='line_1_186' title="bbox 1139 3034 1240 3052; baseline 0.01 -2"><span class='ocrx_word' id='word_1_1827' title='bbox 1139 3035 1184 3052; x_wconf 80' lang='lat' dir='ltr'>ver</span> <span class='ocrx_word' id='word_1_1828' title='bbox 1195 3034 1240 3052; x_wconf 75' lang='lat' dir='ltr'>rae.</span> 
     </span>
     <span class='ocr_line' id='line_1_187' title="bbox 1178 3026 2183 3102; baseline 0.026 -27"><span class='ocrx_word' id='word_1_1829' title='bbox 1178 3026 1250 3088; x_wconf 60' lang='grc' dir='ltr'>’έῙΜ</span> <span class='ocrx_word' id='word_1_1830' title='bbox 1260 3058 1270 3088; x_wconf 72' lang='grc' dir='ltr'>ἴ</span> <span class='ocrx_word' id='word_1_1831' title='bbox 1279 3066 1296 3086; x_wconf 84' lang='lat' dir='ltr'>C</span> <span class='ocrx_word' id='word_1_1832' title='bbox 1306 3067 1328 3086; x_wconf 82' lang='grc' dir='ltr'>Α</span> <span class='ocrx_word' id='word_1_1833' title='bbox 1338 3067 1360 3086; x_wconf 82' lang='grc' dir='ltr'>Ν</span> <span class='ocrx_word' id='word_1_1834' title='bbox 1369 3067 1382 3088; x_wconf 83' lang='lat' dir='ltr'><strong><em>s</em></strong></span> <span class='ocrx_word' id='word_1_1835' title='bbox 1391 3082 1399 3094; x_wconf 76' lang='lat'>‚</span> <span class='ocrx_word' id='word_1_1836' title='bbox 1429 3060 1507 3086; x_wconf 73' lang='lat' dir='ltr'>antis.</span> <span class='ocrx_word' id='word_1_1837' title='bbox 1542 3061 1635 3087; x_wconf 87' lang='lat' dir='ltr'>Partic.</span> <span class='ocrx_word' id='word_1_1838' title='bbox 1671 3062 1682 3093; x_wconf 87' lang='lat'><strong>[</strong></span> <span class='ocrx_word' id='word_1_1839' title='bbox 1696 3062 1864 3097; x_wconf 66' lang='grc' dir='ltr'>οἶγωνιζᾶμενος</span> <span class='ocrx_word' id='word_1_1840' title='bbox 1876 3066 1890 3100; x_wconf 86' lang='grc'>]</span> <span class='ocrx_word' id='word_1_1841' title='bbox 1926 3067 1985 3094; x_wconf 79' lang='lat' dir='ltr'>Liu.</span> <span class='ocrx_word' id='word_1_1842' title='bbox 2001 3077 2041 3102; x_wconf 65' lang='grc' dir='ltr'>ις,</span> <span class='ocrx_word' id='word_1_1843' title='bbox 2057 3074 2075 3097; x_wconf 87' lang='lat'>6</span> <span class='ocrx_word' id='word_1_1844' title='bbox 2093 3073 2183 3100; x_wconf 74' lang='lat' dir='ltr'>Hosti!</span> 
     </span>
    </p>
   </div>
   <div class='ocr_carea' id='block_1_41' title="bbox 1093 3095 2184 3137">
    <p class='ocr_par' dir='ltr' id='par_1_55' title="bbox 1093 3095 2184 3137">
     <span class='ocr_line' id='line_1_188' title="bbox 1093 3095 2184 3137; baseline 0.008 -14"><span class='ocrx_word' id='word_1_1845' title='bbox 1093 3100 1125 3126; x_wconf 84' lang='lat'>80</span> <span class='ocrx_word' id='word_1_1846' title='bbox 1142 3096 1178 3123; x_wconf 89' lang='lat' dir='ltr'>est</span> <span class='ocrx_word' id='word_1_1847' title='bbox 1191 3095 1280 3127; x_wconf 89' lang='lat' dir='ltr'>datus,</span> <span class='ocrx_word' id='word_1_1848' title='bbox 1311 3105 1370 3123; x_wconf 87' lang='lat' dir='ltr'>cum</span> <span class='ocrx_word' id='word_1_1849' title='bbox 1383 3104 1438 3130; x_wconf 87' lang='lat' dir='ltr'>quo</span> <span class='ocrx_word' id='word_1_1850' title='bbox 1456 3096 1608 3123; x_wconf 89' lang='lat' dir='ltr'>dimicantes</span> <span class='ocrx_word' id='word_1_1851' title='bbox 1627 3103 1672 3123; x_wconf 89' lang='lat' dir='ltr'>aut</span> <span class='ocrx_word' id='word_1_1852' title='bbox 1685 3098 1767 3124; x_wconf 88' lang='lat' dir='ltr'>vitam</span> <span class='ocrx_word' id='word_1_1853' title='bbox 1782 3099 1859 3126; x_wconf 83' lang='lat' dir='ltr'>semel</span> <span class='ocrx_word' id='word_1_1854' title='bbox 1872 3108 1916 3127; x_wconf 89' lang='lat' dir='ltr'>aut</span> <span class='ocrx_word' id='word_1_1855' title='bbox 1935 3103 2111 3137; x_wconf 72' lang='lat' dir='ltr'>ignominiam</span> <span class='ocrx_word' id='word_1_1856' title='bbox 2125 3108 2184 3135; x_wconf 82' lang='lat' dir='ltr'>fini.</span> 
     </span>
    </p>
   </div>
   <div class='ocr_carea' id='block_1_42' title="bbox 1140 3132 2182 3636">
    <p class='ocr_par' dir='ltr' id='par_1_56' title="bbox 1141 3132 2182 3208">
     <span class='ocr_line' id='line_1_189' title="bbox 1141 3132 2172 3172; baseline 0.013 -14"><span class='ocrx_word' id='word_1_1857' title='bbox 1141 3138 1210 3159; x_wconf 87' lang='lat' dir='ltr'>rent.</span> <span class='ocrx_word' id='word_1_1858' title='bbox 1264 3132 1319 3158; x_wconf 90' lang='lat' dir='ltr'>Cic.</span> <span class='ocrx_word' id='word_1_1859' title='bbox 1331 3140 1382 3166; x_wconf 68' lang='lat' dir='ltr'>⁴pro</span> <span class='ocrx_word' id='word_1_1860' title='bbox 1396 3132 1463 3158; x_wconf 84' lang='lat' dir='ltr'>Sext.</span> <span class='ocrx_word' id='word_1_1861' title='bbox 1478 3141 1488 3158; x_wconf 92' lang='lat'>1</span> <span class='ocrx_word' id='word_1_1862' title='bbox 1505 3132 1544 3158; x_wconf 92' lang='lat' dir='ltr'>De</span> <span class='ocrx_word' id='word_1_1863' title='bbox 1557 3133 1655 3167; x_wconf 82' lang='lat' dir='ltr'>capite,</span> <span class='ocrx_word' id='word_1_1864' title='bbox 1673 3132 1705 3159; x_wconf 86' lang='lat' dir='ltr'>de</span> <span class='ocrx_word' id='word_1_1865' title='bbox 1718 3133 1804 3165; x_wconf 86' lang='lat' dir='ltr'>fama,</span> <span class='ocrx_word' id='word_1_1866' title='bbox 1821 3135 1853 3161; x_wconf 93' lang='lat' dir='ltr'>de</span> <span class='ocrx_word' id='word_1_1867' title='bbox 1867 3136 1992 3172; x_wconf 85' lang='lat' dir='ltr'>ciuitate,</span> <span class='ocrx_word' id='word_1_1868' title='bbox 2012 3140 2044 3167; x_wconf 91' lang='lat' dir='ltr'>de</span> <span class='ocrx_word' id='word_1_1869' title='bbox 2057 3143 2172 3171; x_wconf 80' lang='lat' dir='ltr'>fortunis</span> 
     </span>
     <span class='ocr_line' id='line_1_190' title="bbox 1144 3166 2182 3208; baseline 0.008 -15"><span class='ocrx_word' id='word_1_1870' title='bbox 1144 3168 1176 3194; x_wconf 87' lang='lat' dir='ltr'>de</span> <span class='ocrx_word' id='word_1_1871' title='bbox 1189 3167 1281 3194; x_wconf 87' lang='lat' dir='ltr'>liberis</span> <span class='ocrx_word' id='word_1_1872' title='bbox 1295 3167 1459 3194; x_wconf 81' lang='lat' dir='ltr'>dimicantes.</span> <span class='ocrx_word' id='word_1_1873' title='bbox 1501 3167 1557 3194; x_wconf 71' lang='lat' dir='ltr'>isid.</span> <span class='ocrx_word' id='word_1_1874' title='bbox 1571 3168 1661 3194; x_wconf 88' lang='lat' dir='ltr'>lustin.</span> <span class='ocrx_word' id='word_1_1875' title='bbox 1676 3177 1698 3201; x_wconf 84' lang='grc'>3,</span> <span class='ocrx_word' id='word_1_1876' title='bbox 1712 3171 1754 3195; x_wconf 91' lang='lat'>66.</span> <span class='ocrx_word' id='word_1_1877' title='bbox 1790 3170 1881 3205; x_wconf 91' lang='lat' dir='ltr'>Nepos</span> <span class='ocrx_word' id='word_1_1878' title='bbox 1897 3181 1932 3206; x_wconf 83' lang='lat'>13,</span> <span class='ocrx_word' id='word_1_1879' title='bbox 1945 3183 1973 3207; x_wconf 83' lang='lat'>4,</span> <span class='ocrx_word' id='word_1_1880' title='bbox 1986 3184 2009 3208; x_wconf 78' lang='lat'>3.</span> <span class='ocrx_word' id='word_1_1881' title='bbox 2173 3166 2182 3177; x_wconf 85' lang='lat'>&#39;</span> 
     </span>
    </p>

    <p class='ocr_par' dir='ltr' id='par_1_57' title="bbox 1140 3202 2182 3498">
     <span class='ocr_line' id='line_1_191' title="bbox 1177 3202 2182 3246; baseline 0.009 -17"><span class='ocrx_word' id='word_1_1882' title='bbox 1177 3209 1295 3230; x_wconf 81' lang='lat' dir='ltr'>DiMlc</span> <span class='ocrx_word' id='word_1_1883' title='bbox 1306 3210 1418 3234; x_wconf 79' lang='lat' dir='ltr'>ATIO,</span> <span class='ocrx_word' id='word_1_1884' title='bbox 1436 3202 1504 3230; x_wconf 66' lang='lat' dir='ltr'>onis.</span> <span class='ocrx_word' id='word_1_1885' title='bbox 1521 3204 1540 3229; x_wconf 90' lang='lat' dir='ltr'>f.</span> <span class='ocrx_word' id='word_1_1886' title='bbox 1572 3203 1743 3238; x_wconf 69' lang='grc' dir='ltr'>[οἷγωωσμὲς]</span> <span class='ocrx_word' id='word_1_1887' title='bbox 1779 3207 1880 3242; x_wconf 81' lang='lat' dir='ltr'>Pugna,</span> <span class='ocrx_word' id='word_1_1888' title='bbox 1901 3211 2026 3245; x_wconf 75' lang='lat' dir='ltr'>etsaepies</span> <span class='ocrx_word' id='word_1_1889' title='bbox 2035 3216 2182 3246; x_wconf 76' lang='lat' dir='ltr'>periculum,</span> 
     </span>
     <span class='ocr_line' id='line_1_192' title="bbox 1148 3238 2182 3280; baseline 0.012 -15"><span class='ocrx_word' id='word_1_1890' title='bbox 1148 3240 1182 3265; x_wconf 88' lang='lat' dir='ltr'>Vt</span> <span class='ocrx_word' id='word_1_1891' title='bbox 1196 3239 1257 3265; x_wconf 87' lang='lat' dir='ltr'>Liu.</span> <span class='ocrx_word' id='word_1_1892' title='bbox 1270 3247 1332 3271; x_wconf 83' lang='lat'>2,13</span> <span class='ocrx_word' id='word_1_1893' title='bbox 1364 3239 1394 3265; x_wconf 84' lang='lat' dir='ltr'>Et</span> <span class='ocrx_word' id='word_1_1894' title='bbox 1409 3238 1541 3266; x_wconf 85' lang='lat' dir='ltr'>subeunda</span> <span class='ocrx_word' id='word_1_1895' title='bbox 1560 3238 1699 3265; x_wconf 88' lang='lat' dir='ltr'>dimicatio</span> <span class='ocrx_word' id='word_1_1896' title='bbox 1719 3240 1814 3274; x_wconf 81' lang='lat' dir='ltr'>toties,</span> <span class='ocrx_word' id='word_1_1897' title='bbox 1834 3249 1900 3277; x_wconf 85' lang='lat' dir='ltr'>quot</span> <span class='ocrx_word' id='word_1_1898' title='bbox 1919 3247 2073 3280; x_wconf 75' lang='lat' dir='ltr'>superessent</span> <span class='ocrx_word' id='word_1_1899' title='bbox 2092 3251 2182 3278; x_wconf 90' lang='lat' dir='ltr'>coniu-</span> 
     </span>
     <span class='ocr_line' id='line_1_193' title="bbox 1260 3275 2181 3321; baseline 0.012 -21"><span class='ocrx_word' id='word_1_1900' title='bbox 1260 3275 1344 3301; x_wconf 79' lang='lat' dir='ltr'>Cicero</span> <span class='ocrx_word' id='word_1_1901' title='bbox 1362 3278 1422 3311; x_wconf 15' lang='lat' dir='ltr'>,vix</span> <span class='ocrx_word' id='word_1_1902' title='bbox 1454 3276 1543 3305; x_wconf 78' lang='lat' dir='ltr'>aliter,</span> <span class='ocrx_word' id='word_1_1903' title='bbox 1564 3284 1635 3310; x_wconf 84' lang='lat' dir='ltr'>quam</span> <span class='ocrx_word' id='word_1_1904' title='bbox 1672 3275 1700 3301; x_wconf 82' lang='lat' dir='ltr'>de</span> <span class='ocrx_word' id='word_1_1905' title='bbox 1731 3279 1858 3310; x_wconf 62' lang='lat' dir='ltr'>periculo,</span> <span class='ocrx_word' id='word_1_1906' title='bbox 1878 3288 1903 3305; x_wconf 88' lang='grc' dir='ltr'>υ.</span> <span class='ocrx_word' id='word_1_1907' title='bbox 1922 3290 1947 3316; x_wconf 81' lang='lat' dir='ltr'>g.</span> <span class='ocrx_word' id='word_1_1908' title='bbox 1976 3290 2023 3314; x_wconf 85' lang='lat' dir='ltr'>pro</span> <span class='ocrx_word' id='word_1_1909' title='bbox 2055 3284 2125 3311; x_wconf 85' lang='lat' dir='ltr'>Sulla</span> <span class='ocrx_word' id='word_1_1910' title='bbox 2146 3294 2181 3321; x_wconf 85' lang='lat'>77</span> 
     </span>
     <span class='ocr_line' id='line_1_194' title="bbox 1142 3310 2182 3350; baseline 0.01 -14"><span class='ocrx_word' id='word_1_1911' title='bbox 1142 3310 1168 3337; x_wconf 91' lang='lat' dir='ltr'>Si</span> <span class='ocrx_word' id='word_1_1912' title='bbox 1187 3311 1216 3336; x_wconf 88' lang='lat' dir='ltr'>in</span> <span class='ocrx_word' id='word_1_1913' title='bbox 1237 3316 1355 3339; x_wconf 82' lang='lat' dir='ltr'>extremo</span> <span class='ocrx_word' id='word_1_1914' title='bbox 1373 3310 1533 3338; x_wconf 78' lang='lat' dir='ltr'>Discrimine</span> <span class='ocrx_word' id='word_1_1915' title='bbox 1552 3319 1580 3336; x_wconf 86' lang='lat' dir='ltr'>ac</span> <span class='ocrx_word' id='word_1_1916' title='bbox 1600 3311 1772 3338; x_wconf 89' lang='lat' dir='ltr'>dimicatione</span> <span class='ocrx_word' id='word_1_1917' title='bbox 1791 3313 1915 3340; x_wconf 83' lang='lat' dir='ltr'>fortunae</span> <span class='ocrx_word' id='word_1_1918' title='bbox 1934 3316 2087 3346; x_wconf 82' lang='lat' dir='ltr'>deseruerit.</span> <span class='ocrx_word' id='word_1_1919' title='bbox 2139 3323 2182 3350; x_wconf 75' lang='lat' dir='ltr'>Sic</span> 
     </span>
     <span class='ocr_line' id='line_1_195' title="bbox 1140 3345 2182 3384; baseline 0.008 -12"><span class='ocrx_word' id='word_1_1920' title='bbox 1140 3355 1190 3380; x_wconf 86' lang='lat' dir='ltr'>pro</span> <span class='ocrx_word' id='word_1_1921' title='bbox 1203 3345 1294 3373; x_wconf 86' lang='lat' dir='ltr'>Rabir.</span> <span class='ocrx_word' id='word_1_1922' title='bbox 1309 3353 1322 3379; x_wconf 76' lang='grc' dir='ltr'><em>ς</em></span> <span class='ocrx_word' id='word_1_1923' title='bbox 1338 3346 1418 3379; x_wconf 76' lang='lat' dir='ltr'>Qiod</span> <span class='ocrx_word' id='word_1_1924' title='bbox 1433 3346 1461 3372; x_wconf 91' lang='lat' dir='ltr'>in</span> <span class='ocrx_word' id='word_1_1925' title='bbox 1475 3352 1545 3372; x_wconf 89' lang='lat' dir='ltr'>tanta</span> <span class='ocrx_word' id='word_1_1926' title='bbox 1558 3345 1745 3379; x_wconf 78' lang='lat' dir='ltr'>dimicatione,</span> <span class='ocrx_word' id='word_1_1927' title='bbox 1763 3349 1871 3382; x_wconf 86' lang='lat' dir='ltr'>capitis,</span> <span class='ocrx_word' id='word_1_1928' title='bbox 1888 3351 1987 3384; x_wconf 87' lang='lat' dir='ltr'>famae,</span> <span class='ocrx_word' id='word_1_1929' title='bbox 2002 3352 2182 3384; x_wconf 81' lang='lat' dir='ltr'>fortunarum.</span> 
     </span>
     <span class='ocr_line' id='line_1_196' title="bbox 1142 3381 2180 3423; baseline 0.01 -15"><span class='ocrx_word' id='word_1_1930' title='bbox 1142 3391 1193 3416; x_wconf 90' lang='lat' dir='ltr'>que</span> <span class='ocrx_word' id='word_1_1931' title='bbox 1213 3382 1334 3408; x_wconf 86' lang='lat' dir='ltr'>omnium</span> <span class='ocrx_word' id='word_1_1932' title='bbox 1354 3382 1412 3408; x_wconf 85' lang='lat' dir='ltr'>fieri</span> <span class='ocrx_word' id='word_1_1933' title='bbox 1432 3383 1528 3408; x_wconf 85' lang='lat' dir='ltr'>necesse</span> <span class='ocrx_word' id='word_1_1934' title='bbox 1549 3381 1594 3408; x_wconf 85' lang='lat' dir='ltr'>est.</span> <span class='ocrx_word' id='word_1_1935' title='bbox 1632 3383 1672 3409; x_wconf 87' lang='lat' dir='ltr'>Sic</span> <span class='ocrx_word' id='word_1_1936' title='bbox 1685 3381 1717 3408; x_wconf 87' lang='lat' dir='ltr'>de</span> <span class='ocrx_word' id='word_1_1937' title='bbox 1728 3383 1848 3410; x_wconf 87' lang='lat' dir='ltr'>Prouinc.</span> <span class='ocrx_word' id='word_1_1938' title='bbox 1862 3386 1938 3412; x_wconf 85' lang='lat' dir='ltr'>Cons.</span> <span class='ocrx_word' id='word_1_1939' title='bbox 1961 3395 1990 3419; x_wconf 82' lang='lat'>23</span> <span class='ocrx_word' id='word_1_1940' title='bbox 2005 3398 2028 3415; x_wconf 79' lang='lat' dir='ltr'>c.</span> <span class='ocrx_word' id='word_1_1941' title='bbox 2044 3399 2069 3423; x_wconf 90' lang='lat'>9.</span> <span class='ocrx_word' id='word_1_1942' title='bbox 2089 3399 2113 3417; x_wconf 82' lang='lat' dir='ltr'>et</span> <span class='ocrx_word' id='word_1_1943' title='bbox 2148 3403 2180 3421; x_wconf 89' lang='lat' dir='ltr'>ro</span> 
     </span>
     <span class='ocr_line' id='line_1_197' title="bbox 1141 3403 2181 3463; baseline 0.01 -19"><span class='ocrx_word' id='word_1_1944' title='bbox 1141 3418 1201 3444; x_wconf 87' lang='lat' dir='ltr'>Mil.</span> <span class='ocrx_word' id='word_1_1945' title='bbox 1216 3426 1263 3444; x_wconf 87' lang='lat'>100</span> <span class='ocrx_word' id='word_1_1946' title='bbox 1282 3427 1303 3444; x_wconf 87' lang='lat' dir='ltr'>c.</span> <span class='ocrx_word' id='word_1_1947' title='bbox 1316 3419 1348 3449; x_wconf 85' lang='grc'>36</span> <span class='ocrx_word' id='word_1_1948' title='bbox 1369 3417 1412 3443; x_wconf 79' lang='lat' dir='ltr'>vbi</span> <span class='ocrx_word' id='word_1_1949' title='bbox 1424 3417 1570 3444; x_wconf 88' lang='lat' dir='ltr'>diminutio</span> <span class='ocrx_word' id='word_1_1950' title='bbox 1584 3415 1617 3450; x_wconf 68' lang='lat' dir='ltr'>est</span> <span class='ocrx_word' id='word_1_1951' title='bbox 1629 3417 1733 3452; x_wconf 69' lang='lat' dir='ltr'>reposita</span> <span class='ocrx_word' id='word_1_1952' title='bbox 1747 3429 1761 3444; x_wconf 84' lang='lat' dir='ltr'>a</span> <span class='ocrx_word' id='word_1_1953' title='bbox 1775 3420 1878 3446; x_wconf 58' lang='lat' dir='ltr'>Graium</span> <span class='ocrx_word' id='word_1_1954' title='bbox 1888 3440 1896 3452; x_wconf 86' lang='lat'>,</span> <span class='ocrx_word' id='word_1_1955' title='bbox 1919 3421 2016 3450; x_wconf 62' lang='lat' dir='ltr'>reatus</span> <span class='ocrx_word' id='word_1_1956' title='bbox 2030 3403 2181 3463; x_wconf 67' lang='lat' dir='ltr'>legiturpsi</span> 
     </span>
     <span class='ocr_line' id='line_1_198' title="bbox 1370 3465 2181 3498; baseline -0.002 -5"><span class='ocrx_word' id='word_1_1957' title='bbox 1370 3489 1376 3494; x_wconf 84' lang='lat'>.</span> <span class='ocrx_word' id='word_1_1958' title='bbox 1418 3489 1423 3493; x_wconf 92' lang='lat'>.</span> <span class='ocrx_word' id='word_1_1959' title='bbox 1458 3488 1462 3493; x_wconf 91' lang='lat'>.</span> <span class='ocrx_word' id='word_1_1960' title='bbox 1510 3489 1515 3494; x_wconf 88' lang='lat'>.</span> <span class='ocrx_word' id='word_1_1961' title='bbox 1558 3489 1563 3494; x_wconf 88' lang='lat'>.</span> <span class='ocrx_word' id='word_1_1962' title='bbox 1634 3489 1639 3493; x_wconf 93' lang='lat'>.</span> <span class='ocrx_word' id='word_1_1963' title='bbox 1657 3490 1661 3494; x_wconf 96' lang='lat'>.</span> <span class='ocrx_word' id='word_1_1964' title='bbox 1751 3489 1756 3493; x_wconf 96' lang='lat'>.</span> <span class='ocrx_word' id='word_1_1965' title='bbox 1847 3491 1852 3495; x_wconf 90' lang='lat'>.</span> <span class='ocrx_word' id='word_1_1966' title='bbox 1946 3494 1950 3498; x_wconf 86' lang='grc'>,</span> <span class='ocrx_word' id='word_1_1967' title='bbox 2089 3465 2120 3490; x_wconf 84' lang='lat' dir='ltr'>Et</span> <span class='ocrx_word' id='word_1_1968' title='bbox 2132 3474 2181 3498; x_wconf 85' lang='lat' dir='ltr'>pro</span> 
     </span>
    </p>

    <p class='ocr_par' dir='ltr' id='par_1_58' title="bbox 1140 3489 2180 3636">
     <span class='ocr_line' id='line_1_199' title="bbox 1163 3489 2180 3527; baseline 0.011 -12"><span class='ocrx_word' id='word_1_1969' title='bbox 1163 3489 1224 3515; x_wconf 92' lang='lat' dir='ltr'>albo</span> <span class='ocrx_word' id='word_1_1970' title='bbox 1238 3499 1259 3515; x_wconf 92' lang='lat' dir='ltr'>c.</span> <span class='ocrx_word' id='word_1_1971' title='bbox 1275 3498 1291 3521; x_wconf 86' lang='lat'>9</span> <span class='ocrx_word' id='word_1_1972' title='bbox 1323 3489 1378 3522; x_wconf 83' lang='lat' dir='ltr'>Qu</span> <span class='ocrx_word' id='word_1_1973' title='bbox 1398 3489 1565 3515; x_wconf 68' lang='lat' dir='ltr'>dimicationi</span> <span class='ocrx_word' id='word_1_1974' title='bbox 1584 3495 1690 3523; x_wconf 84' lang='lat' dir='ltr'>capitis,</span> <span class='ocrx_word' id='word_1_1975' title='bbox 1710 3498 1757 3523; x_wconf 89' lang='lat' dir='ltr'>qui</span> <span class='ocrx_word' id='word_1_1976' title='bbox 1773 3496 1854 3516; x_wconf 84' lang='lat' dir='ltr'>morti</span> <span class='ocrx_word' id='word_1_1977' title='bbox 1868 3491 1893 3517; x_wconf 86' lang='lat' dir='ltr'>se</span> <span class='ocrx_word' id='word_1_1978' title='bbox 1905 3492 2015 3521; x_wconf 90' lang='lat' dir='ltr'>obiecit.</span> <span class='ocrx_word' id='word_1_1979' title='bbox 2087 3499 2180 3527; x_wconf 85' lang='lat' dir='ltr'>Fortu-</span> 
     </span>
     <span class='ocr_line' id='line_1_200' title="bbox 1140 3524 2180 3567; baseline 0.011 -16"><span class='ocrx_word' id='word_1_1980' title='bbox 1140 3534 1235 3551; x_wconf 86' lang='lat' dir='ltr'>narum</span> <span class='ocrx_word' id='word_1_1981' title='bbox 1247 3524 1386 3551; x_wconf 89' lang='lat' dir='ltr'>dimicatio</span> <span class='ocrx_word' id='word_1_1982' title='bbox 1414 3524 1471 3550; x_wconf 79' lang='lat' dir='ltr'>Cic.</span> <span class='ocrx_word' id='word_1_1983' title='bbox 1484 3533 1532 3558; x_wconf 89' lang='lat' dir='ltr'>pro</span> <span class='ocrx_word' id='word_1_1984' title='bbox 1546 3524 1630 3551; x_wconf 88' lang='lat' dir='ltr'>Planc.</span> <span class='ocrx_word' id='word_1_1985' title='bbox 1643 3533 1676 3557; x_wconf 78' lang='lat'>31.</span> <span class='ocrx_word' id='word_1_1986' title='bbox 1746 3524 1817 3550; x_wconf 77' lang='lat' dir='ltr'>Idem</span> <span class='ocrx_word' id='word_1_1987' title='bbox 1831 3527 1868 3559; x_wconf 80' lang='lat' dir='ltr'>Q</span> <span class='ocrx_word' id='word_1_1988' title='bbox 1880 3528 1947 3554; x_wconf 85' lang='lat' dir='ltr'>Frat.</span> <span class='ocrx_word' id='word_1_1989' title='bbox 1963 3538 1981 3561; x_wconf 84' lang='lat'>1,</span> <span class='ocrx_word' id='word_1_1990' title='bbox 1995 3540 2005 3557; x_wconf 93' lang='lat'>1</span> <span class='ocrx_word' id='word_1_1991' title='bbox 2032 3532 2126 3561; x_wconf 83' lang='lat' dir='ltr'>Nullas</span> <span class='ocrx_word' id='word_1_1992' title='bbox 2140 3539 2180 3567; x_wconf 86' lang='lat' dir='ltr'>(vt</span> 
     </span>
     <span class='ocr_line' id='line_1_201' title="bbox 1141 3559 2179 3604; baseline 0.007 -18"><span class='ocrx_word' id='word_1_1993' title='bbox 1141 3560 1257 3594; x_wconf 89' lang='lat' dir='ltr'>opinor)</span> <span class='ocrx_word' id='word_1_1994' title='bbox 1278 3560 1383 3588; x_wconf 85' lang='lat' dir='ltr'>infidias</span> <span class='ocrx_word' id='word_1_1995' title='bbox 1406 3559 1536 3591; x_wconf 86' lang='lat' dir='ltr'>hostium,</span> <span class='ocrx_word' id='word_1_1996' title='bbox 1560 3560 1657 3586; x_wconf 90' lang='lat' dir='ltr'>nullam</span> <span class='ocrx_word' id='word_1_1997' title='bbox 1682 3559 1777 3585; x_wconf 86' lang='lat' dir='ltr'>Praelii</span> <span class='ocrx_word' id='word_1_1998' title='bbox 1796 3560 2012 3599; x_wconf 89' lang='lat' dir='ltr'>dimicationem,</span> <span class='ocrx_word' id='word_1_1999' title='bbox 2033 3575 2078 3595; x_wconf 74' lang='lat' dir='ltr'>etc.</span> <span class='ocrx_word' id='word_1_2000' title='bbox 2100 3572 2179 3604; x_wconf 72' lang='lat' dir='ltr'>perti,</span> 
     </span>
     <span class='ocr_line' id='line_1_202' title="bbox 1143 3594 2179 3636; baseline 0.01 -14"><span class='ocrx_word' id='word_1_2001' title='bbox 1143 3596 1290 3622; x_wconf 86' lang='lat' dir='ltr'>mescimus.</span> <span class='ocrx_word' id='word_1_2002' title='bbox 1347 3597 1379 3622; x_wconf 84' lang='lat' dir='ltr'>Eo</span> <span class='ocrx_word' id='word_1_2003' title='bbox 1397 3596 1462 3630; x_wconf 82' lang='lat' dir='ltr'>ipso,</span> <span class='ocrx_word' id='word_1_2004' title='bbox 1488 3595 1552 3636; x_wconf 63' lang='lat' dir='ltr'>qnod</span> <span class='ocrx_word' id='word_1_2005' title='bbox 1571 3596 1643 3622; x_wconf 73' lang='lat' dir='ltr'>addit</span> <span class='ocrx_word' id='word_1_2006' title='bbox 1654 3594 1748 3629; x_wconf 86' lang='lat' dir='ltr'>praelii</span> <span class='ocrx_word' id='word_1_2007' title='bbox 1762 3594 1870 3630; x_wconf 80' lang='lat' dir='ltr'>firmat,</span> <span class='ocrx_word' id='word_1_2008' title='bbox 1888 3600 1954 3634; x_wconf 77' lang='lat' dir='ltr'>quod</span> <span class='ocrx_word' id='word_1_2009' title='bbox 1966 3601 2084 3631; x_wconf 75' lang='lat' dir='ltr'>diximus.</span> <span class='ocrx_word' id='word_1_2010' title='bbox 2139 3609 2179 3633; x_wconf 81' lang='lat' dir='ltr'>Sic</span> 
     </span>
    </p>
   </div>
   <div class='ocr_carea' id='block_1_43' title="bbox 41 3626 2179 3673">
    <p class='ocr_par' dir='ltr' id='par_1_59' title="bbox 41 3626 2179 3673">
     <span class='ocr_line' id='line_1_203' title="bbox 41 3626 2179 3673; baseline 0.003 -18"><span class='ocrx_word' id='word_1_2011' title='bbox 41 3628 101 3663; x_wconf 67' lang='lat' dir='ltr'>chas</span> <span class='ocrx_word' id='word_1_2012' title='bbox 113 3627 253 3662; x_wconf 85' lang='lat' dir='ltr'>appellant,</span> <span class='ocrx_word' id='word_1_2013' title='bbox 261 3626 387 3661; x_wconf 76' lang='lat' dir='ltr'>adiungit.</span> <span class='ocrx_word' id='word_1_2014' title='bbox 421 3631 507 3658; x_wconf 80' lang='lat' dir='ltr'>Dorso&#39;</span> <span class='ocrx_word' id='word_1_2015' title='bbox 519 3632 549 3658; x_wconf 91' lang='lat' dir='ltr'>hi</span> <span class='ocrx_word' id='word_1_2016' title='bbox 562 3632 686 3666; x_wconf 86' lang='lat' dir='ltr'>grauiora</span> <span class='ocrx_word' id='word_1_2017' title='bbox 700 3641 772 3659; x_wconf 86' lang='lat' dir='ltr'>arma</span> <span class='ocrx_word' id='word_1_2018' title='bbox 784 3632 939 3667; x_wconf 86' lang='lat' dir='ltr'>portabant,</span> <span class='ocrx_word' id='word_1_2019' title='bbox 948 3639 1080 3660; x_wconf 79' lang='lat' dir='ltr'>caeteruin</span> <span class='ocrx_word' id='word_1_2020' title='bbox 1092 3639 1124 3665; x_wconf 75' lang='lat'>95</span> <span class='ocrx_word' id='word_1_2021' title='bbox 1143 3640 1192 3672; x_wconf 76' lang='lat' dir='ltr'>pro</span> <span class='ocrx_word' id='word_1_2022' title='bbox 1203 3631 1287 3657; x_wconf 82' lang='lat' dir='ltr'>Plane.</span> <span class='ocrx_word' id='word_1_2023' title='bbox 1300 3638 1336 3666; x_wconf 91' lang='lat'>77</span> <span class='ocrx_word' id='word_1_2024' title='bbox 1362 3631 1455 3658; x_wconf 86' lang='lat' dir='ltr'>Nullas</span> <span class='ocrx_word' id='word_1_2025' title='bbox 1469 3640 1538 3657; x_wconf 80' lang='lat' dir='ltr'>enim</span> <span class='ocrx_word' id='word_1_2026' title='bbox 1552 3630 1599 3657; x_wconf 89' lang='lat' dir='ltr'>fibi</span> <span class='ocrx_word' id='word_1_2027' title='bbox 1613 3631 1657 3656; x_wconf 84' lang='lat' dir='ltr'>illc</span> <span class='ocrx_word' id='word_1_2028' title='bbox 1671 3638 1755 3665; x_wconf 79' lang='lat' dir='ltr'>neque</span> <span class='ocrx_word' id='word_1_2029' title='bbox 1769 3634 1967 3668; x_wconf 85' lang='lat' dir='ltr'>contentiones,</span> <span class='ocrx_word' id='word_1_2030' title='bbox 1986 3636 2071 3673; x_wconf 67' lang='lat' dir='ltr'>neque</span> <span class='ocrx_word' id='word_1_2031' title='bbox 2090 3641 2179 3668; x_wconf 88' lang='lat' dir='ltr'>inimi-</span> 
     </span>
    </p>
   </div>
   <div class='ocr_carea' id='block_1_44' title="bbox 35 3662 1080 4044">
    <p class='ocr_par' dir='ltr' id='par_1_60' title="bbox 40 3662 1080 3763">
     <span class='ocr_line' id='line_1_204' title="bbox 41 3662 1080 3703; baseline 0.004 -12"><span class='ocrx_word' id='word_1_2032' title='bbox 41 3665 119 3699; x_wconf 81' lang='lat' dir='ltr'>equis</span> <span class='ocrx_word' id='word_1_2033' title='bbox 138 3662 314 3692; x_wconf 83' lang='lat' dir='ltr'>vehebantur,</span> <span class='ocrx_word' id='word_1_2034' title='bbox 334 3671 414 3696; x_wconf 85' lang='lat' dir='ltr'>quum</span> <span class='ocrx_word' id='word_1_2035' title='bbox 430 3674 471 3692; x_wconf 78' lang='lat' dir='ltr'>res</span> <span class='ocrx_word' id='word_1_2036' title='bbox 489 3667 615 3702; x_wconf 87' lang='lat' dir='ltr'>locusque</span> <span class='ocrx_word' id='word_1_2037' title='bbox 634 3669 764 3702; x_wconf 83' lang='lat' dir='ltr'>posceret,</span> <span class='ocrx_word' id='word_1_2038' title='bbox 784 3668 909 3703; x_wconf 86' lang='lat' dir='ltr'>pedestris</span> <span class='ocrx_word' id='word_1_2039' title='bbox 928 3669 996 3695; x_wconf 85' lang='lat' dir='ltr'>acies</span> <span class='ocrx_word' id='word_1_2040' title='bbox 1015 3674 1080 3695; x_wconf 87' lang='lat' dir='ltr'>erat.</span> 
     </span>
     <span class='ocr_line' id='line_1_205' title="bbox 43 3697 1080 3740; baseline 0.003 -13"><span class='ocrx_word' id='word_1_2041' title='bbox 43 3702 140 3727; x_wconf 82' lang='lat' dir='ltr'>Nomen</span> <span class='ocrx_word' id='word_1_2042' title='bbox 152 3702 235 3734; x_wconf 83' lang='lat' dir='ltr'>itaque</span> <span class='ocrx_word' id='word_1_2043' title='bbox 249 3697 377 3730; x_wconf 80' lang='lat' dir='ltr'>habebant,</span> <span class='ocrx_word' id='word_1_2044' title='bbox 390 3708 405 3724; x_wconf 80' lang='lat' dir='ltr'>a</span> <span class='ocrx_word' id='word_1_2045' title='bbox 415 3697 512 3735; x_wconf 80' lang='lat' dir='ltr'>duplici</span> <span class='ocrx_word' id='word_1_2046' title='bbox 524 3712 625 3738; x_wconf 83' lang='lat' dir='ltr'>pugnae</span> <span class='ocrx_word' id='word_1_2047' title='bbox 637 3713 732 3740; x_wconf 79' lang='lat' dir='ltr'>genere.</span> <span class='ocrx_word' id='word_1_2048' title='bbox 767 3705 789 3731; x_wconf 88' lang='grc' dir='ltr'><em>Ε</em></span> <span class='ocrx_word' id='word_1_2049' title='bbox 803 3705 905 3730; x_wconf 79' lang='lat' dir='ltr'>Graecis</span> <span class='ocrx_word' id='word_1_2050' title='bbox 917 3713 956 3730; x_wconf 82' lang='lat' dir='ltr'>eos</span> <span class='ocrx_word' id='word_1_2051' title='bbox 969 3702 1080 3737; x_wconf 79' lang='lat' dir='ltr'>illustrat</span> 
     </span>
     <span class='ocr_line' id='line_1_206' title="bbox 40 3733 433 3763; baseline -0.005 -1"><span class='ocrx_word' id='word_1_2052' title='bbox 40 3735 75 3763; x_wconf 76' lang='lat' dir='ltr'>ad</span> <span class='ocrx_word' id='word_1_2053' title='bbox 86 3736 156 3761; x_wconf 73' lang='lat' dir='ltr'>Curi.</span> <span class='ocrx_word' id='word_1_2054' title='bbox 170 3735 187 3760; x_wconf 88' lang='lat' dir='ltr'>l.</span> <span class='ocrx_word' id='word_1_2055' title='bbox 201 3743 223 3760; x_wconf 87' lang='lat' dir='ltr'>c.</span> <span class='ocrx_word' id='word_1_2056' title='bbox 244 3733 433 3760; x_wconf 77' lang='lat' dir='ltr'>Freinshemius.</span> 
     </span>
    </p>

    <p class='ocr_par' dir='ltr' id='par_1_61' title="bbox 35 3767 1078 3841">
     <span class='ocr_line' id='line_1_207' title="bbox 76 3767 1078 3810; baseline 0.004 -14"><span class='ocrx_word' id='word_1_2057' title='bbox 76 3777 96 3797; x_wconf 84' lang='lat' dir='ltr'>D</span> <span class='ocrx_word' id='word_1_2058' title='bbox 106 3778 115 3797; x_wconf 95' lang='lat'>1</span> <span class='ocrx_word' id='word_1_2059' title='bbox 124 3767 273 3808; x_wconf 68' lang='lat' dir='ltr'>MA&#39;DEQ‚</span> <span class='ocrx_word' id='word_1_2060' title='bbox 290 3772 341 3794; x_wconf 71' lang='lat' dir='ltr'>erc.</span> <span class='ocrx_word' id='word_1_2061' title='bbox 378 3769 475 3796; x_wconf 67' lang='lat' dir='ltr'>Lucan·</span> <span class='ocrx_word' id='word_1_2062' title='bbox 489 3772 516 3803; x_wconf 87' lang='lat'>6,</span> <span class='ocrx_word' id='word_1_2063' title='bbox 527 3779 581 3807; x_wconf 90' lang='lat'>479</span> <span class='ocrx_word' id='word_1_2064' title='bbox 600 3773 760 3801; x_wconf 88' lang='lat' dir='ltr'>Dimaduere</span> <span class='ocrx_word' id='word_1_2065' title='bbox 774 3773 860 3800; x_wconf 81' lang='lat' dir='ltr'>niues.</span> <span class='ocrx_word' id='word_1_2066' title='bbox 880 3774 905 3800; x_wconf 90' lang='lat' dir='ltr'>h.</span> <span class='ocrx_word' id='word_1_2067' title='bbox 919 3782 938 3800; x_wconf 84' lang='lat' dir='ltr'>e.</span> <span class='ocrx_word' id='word_1_2068' title='bbox 951 3773 1078 3810; x_wconf 81' lang='lat' dir='ltr'>Resolutae</span> 
     </span>
     <span class='ocr_line' id='line_1_208' title="bbox 35 3803 341 3841; baseline -0.003 -10"><span class='ocrx_word' id='word_1_2069' title='bbox 35 3805 112 3841; x_wconf 74' lang='lat' dir='ltr'>Jimae,</span> <span class='ocrx_word' id='word_1_2070' title='bbox 139 3811 182 3832; x_wconf 84' lang='lat' dir='ltr'>aut</span> <span class='ocrx_word' id='word_1_2071' title='bbox 198 3803 341 3837; x_wconf 65' lang='lat' dir='ltr'>DaJJolume.</span> 
     </span>
    </p>

    <p class='ocr_par' dir='ltr' id='par_1_62' title="bbox 38 3837 1077 4009">
     <span class='ocr_line' id='line_1_209' title="bbox 79 3837 1077 3880; baseline 0.004 -14"><span class='ocrx_word' id='word_1_2072' title='bbox 79 3847 98 3866; x_wconf 84' lang='lat' dir='ltr'>D</span> <span class='ocrx_word' id='word_1_2073' title='bbox 106 3848 115 3866; x_wconf 92' lang='lat'>1</span> <span class='ocrx_word' id='word_1_2074' title='bbox 124 3842 180 3868; x_wconf 79' lang='grc' dir='ltr'>ΜᾸ</span> <span class='ocrx_word' id='word_1_2075' title='bbox 188 3846 210 3865; x_wconf 82' lang='grc' dir='ltr'>Ν</span> <span class='ocrx_word' id='word_1_2076' title='bbox 217 3846 254 3880; x_wconf 72' lang='grc' dir='ltr'>ρ,</span> <span class='ocrx_word' id='word_1_2077' title='bbox 287 3844 339 3866; x_wconf 62' lang='lat' dir='ltr'>Ere.</span> <span class='ocrx_word' id='word_1_2078' title='bbox 377 3837 510 3880; x_wconf 62' lang='grc' dir='ltr'>[διαῤῥέω]</span> <span class='ocrx_word' id='word_1_2079' title='bbox 545 3842 603 3868; x_wconf 81' lang='lat' dir='ltr'>Late</span> <span class='ocrx_word' id='word_1_2080' title='bbox 616 3851 639 3870; x_wconf 83' lang='lat' dir='ltr'>et</span> <span class='ocrx_word' id='word_1_2081' title='bbox 650 3845 684 3871; x_wconf 84' lang='lat' dir='ltr'>ad</span> <span class='ocrx_word' id='word_1_2082' title='bbox 691 3846 776 3880; x_wconf 82' lang='lat' dir='ltr'>plures</span> <span class='ocrx_word' id='word_1_2083' title='bbox 788 3853 896 3871; x_wconf 79' lang='lat' dir='ltr'>manare.</span> <span class='ocrx_word' id='word_1_2084' title='bbox 933 3845 981 3871; x_wconf 80' lang='lat' dir='ltr'>Per</span> <span class='ocrx_word' id='word_1_2085' title='bbox 993 3851 1077 3871; x_wconf 78' lang='lat' dir='ltr'>trani·-</span> 
     </span>
     <span class='ocr_line' id='line_1_210' title="bbox 41 3875 1076 3912; baseline 0.006 -12"><span class='ocrx_word' id='word_1_2086' title='bbox 41 3875 171 3908; x_wconf 65' lang='lat' dir='ltr'>lafionem,</span> <span class='ocrx_word' id='word_1_2087' title='bbox 191 3875 246 3901; x_wconf 89' lang='lat' dir='ltr'>Cic.</span> <span class='ocrx_word' id='word_1_2088' title='bbox 263 3884 310 3909; x_wconf 90' lang='lat' dir='ltr'>pro</span> <span class='ocrx_word' id='word_1_2089' title='bbox 325 3875 417 3902; x_wconf 86' lang='lat' dir='ltr'>Caelio</span> <span class='ocrx_word' id='word_1_2090' title='bbox 431 3878 447 3901; x_wconf 90' lang='lat'><strong>6</strong></span> <span class='ocrx_word' id='word_1_2091' title='bbox 461 3884 482 3901; x_wconf 92' lang='lat' dir='ltr'>c.</span> <span class='ocrx_word' id='word_1_2092' title='bbox 498 3883 510 3907; x_wconf 78' lang='lat'>3</span> <span class='ocrx_word' id='word_1_2093' title='bbox 538 3876 664 3910; x_wconf 85' lang='lat' dir='ltr'>Equidem</span> <span class='ocrx_word' id='word_1_2094' title='bbox 683 3884 724 3912; x_wconf 90' lang='lat' dir='ltr'>(vt</span> <span class='ocrx_word' id='word_1_2095' title='bbox 735 3881 767 3907; x_wconf 88' lang='lat' dir='ltr'>ad</span> <span class='ocrx_word' id='word_1_2096' title='bbox 781 3889 824 3906; x_wconf 87' lang='lat' dir='ltr'>me</span> <span class='ocrx_word' id='word_1_2097' title='bbox 836 3883 965 3912; x_wconf 86' lang='lat' dir='ltr'>reuertar)</span> <span class='ocrx_word' id='word_1_2098' title='bbox 985 3880 1018 3907; x_wconf 90' lang='lat' dir='ltr'>ab</span> <span class='ocrx_word' id='word_1_2099' title='bbox 1034 3880 1076 3907; x_wconf 78' lang='lat' dir='ltr'>his</span> 
     </span>
     <span class='ocr_line' id='line_1_211' title="bbox 42 3910 1073 3948; baseline 0.007 -13"><span class='ocrx_word' id='word_1_2100' title='bbox 42 3910 160 3936; x_wconf 80' lang='lat' dir='ltr'>fontibus</span> <span class='ocrx_word' id='word_1_2101' title='bbox 177 3910 292 3945; x_wconf 84' lang='lat' dir='ltr'>profluxi</span> <span class='ocrx_word' id='word_1_2102' title='bbox 312 3910 345 3937; x_wconf 87' lang='lat' dir='ltr'>ad</span> <span class='ocrx_word' id='word_1_2103' title='bbox 363 3910 501 3937; x_wconf 88' lang='lat' dir='ltr'>hominum</span> <span class='ocrx_word' id='word_1_2104' title='bbox 523 3911 633 3944; x_wconf 78' lang='lat' dir='ltr'>famam3</span> <span class='ocrx_word' id='word_1_2105' title='bbox 667 3921 692 3941; x_wconf 85' lang='lat' dir='ltr'>et</span> <span class='ocrx_word' id='word_1_2106' title='bbox 710 3925 783 3942; x_wconf 84' lang='lat' dir='ltr'>meus</span> <span class='ocrx_word' id='word_1_2107' title='bbox 803 3916 846 3942; x_wconf 88' lang='lat' dir='ltr'>hic</span> <span class='ocrx_word' id='word_1_2108' title='bbox 861 3916 972 3942; x_wconf 84' lang='lat' dir='ltr'>forensis</span> <span class='ocrx_word' id='word_1_2109' title='bbox 988 3916 1073 3948; x_wconf 88' lang='lat' dir='ltr'>labor,</span> 
     </span>
     <span class='ocr_line' id='line_1_212' title="bbox 38 3946 1072 3986; baseline 0.01 -15"><span class='ocrx_word' id='word_1_2110' title='bbox 38 3946 162 3979; x_wconf 87' lang='lat' dir='ltr'>vitaeque</span> <span class='ocrx_word' id='word_1_2111' title='bbox 183 3946 251 3972; x_wconf 86' lang='lat' dir='ltr'>ratio</span> <span class='ocrx_word' id='word_1_2112' title='bbox 264 3946 411 3973; x_wconf 89' lang='lat' dir='ltr'>dimanauit</span> <span class='ocrx_word' id='word_1_2113' title='bbox 424 3946 455 3973; x_wconf 94' lang='lat' dir='ltr'>ad</span> <span class='ocrx_word' id='word_1_2114' title='bbox 476 3946 695 3977; x_wconf 83' lang='lat' dir='ltr'>existimationem</span> <span class='ocrx_word' id='word_1_2115' title='bbox 714 3951 870 3983; x_wconf 81' lang='lat' dir='ltr'>hominum,</span> <span class='ocrx_word' id='word_1_2116' title='bbox 891 3951 980 3986; x_wconf 81' lang='lat' dir='ltr'>paullo</span> <span class='ocrx_word' id='word_1_2117' title='bbox 995 3952 1072 3979; x_wconf 83' lang='lat' dir='ltr'>latius</span> 
     </span>
     <span class='ocr_line' id='line_1_213' title="bbox 38 3979 575 4009; baseline 0.002 -1"><span class='ocrx_word' id='word_1_2118' title='bbox 38 3979 264 4008; x_wconf 78' lang='lat' dir='ltr'>commendatione</span> <span class='ocrx_word' id='word_1_2119' title='bbox 288 3988 314 4008; x_wconf 91' lang='lat' dir='ltr'>et</span> <span class='ocrx_word' id='word_1_2120' title='bbox 331 3982 432 4009; x_wconf 84' lang='lat' dir='ltr'>iudicio</span> <span class='ocrx_word' id='word_1_2121' title='bbox 445 3991 575 4009; x_wconf 82' lang='lat' dir='ltr'>meorum.</span> 
     </span>
    </p>

    <p class='ocr_par' dir='ltr' id='par_1_63' title="bbox 190 4017 348 4044">
     <span class='ocr_line' id='line_1_214' title="bbox 190 4017 348 4044; baseline 0.013 -2"><span class='ocrx_word' id='word_1_2122' title='bbox 190 4021 272 4044; x_wconf 83' lang='lat' dir='ltr'>voi..</span> <span class='ocrx_word' id='word_1_2123' title='bbox 307 4017 348 4044; x_wconf 91' lang='lat'>11.</span> 
     </span>
    </p>
   </div>
   <div class='ocr_carea' id='block_1_45' title="bbox 1083 3807 1724 3843">
    <p class='ocr_par' dir='ltr' id='par_1_64' title="bbox 1083 3807 1724 3843">
     <span class='ocr_line' id='line_1_215' title="bbox 1083 3807 1724 3843; baseline -0.003 -7"><span class='ocrx_word' id='word_1_2124' title='bbox 1083 3818 1131 3836; x_wconf 92' lang='lat'>100</span> <span class='ocrx_word' id='word_1_2125' title='bbox 1139 3809 1340 3836; x_wconf 85' lang='lat' dir='ltr'>dimicationem</span> <span class='ocrx_word' id='word_1_2126' title='bbox 1359 3815 1457 3843; x_wconf 87' lang='lat' dir='ltr'>patriae</span> <span class='ocrx_word' id='word_1_2127' title='bbox 1470 3808 1616 3834; x_wconf 78' lang='lat' dir='ltr'>meminisse</span> <span class='ocrx_word' id='word_1_2128' title='bbox 1634 3807 1665 3834; x_wconf 85' lang='lat' dir='ltr'>fit</span> <span class='ocrx_word' id='word_1_2129' title='bbox 1677 3809 1724 3834; x_wconf 75' lang='lat' dir='ltr'>fas.</span> 
     </span>
    </p>
   </div>
   <div class='ocr_carea' id='block_1_46' title="bbox 1083 3985 1308 4022">
    <p class='ocr_par' dir='ltr' id='par_1_65' title="bbox 1083 3985 1308 4022">
     <span class='ocr_line' id='line_1_216' title="bbox 1083 3985 1308 4022; baseline -0.004 -9"><span class='ocrx_word' id='word_1_2130' title='bbox 1083 3993 1129 4020; x_wconf 76' lang='lat'>105</span> <span class='ocrx_word' id='word_1_2131' title='bbox 1135 3996 1187 4022; x_wconf 84' lang='lat' dir='ltr'>que</span> <span class='ocrx_word' id='word_1_2132' title='bbox 1199 3985 1308 4013; x_wconf 85' lang='lat' dir='ltr'>incussit.</span> 
     </span>
    </p>
   </div>
   <div class='ocr_carea' id='block_1_47' title="bbox 1136 3666 2178 4057">
    <p class='ocr_par' dir='ltr' id='par_1_66' title="bbox 1139 3666 2178 3849">
     <span class='ocr_line' id='line_1_217' title="bbox 1142 3666 2178 3709; baseline 0.007 -17"><span class='ocrx_word' id='word_1_2133' title='bbox 1142 3673 1232 3699; x_wconf 78' lang='lat' dir='ltr'>emas,</span> <span class='ocrx_word' id='word_1_2134' title='bbox 1253 3674 1341 3701; x_wconf 85' lang='lat' dir='ltr'>neque</span> <span class='ocrx_word' id='word_1_2135' title='bbox 1352 3667 1422 3694; x_wconf 87' lang='lat' dir='ltr'>vitae</span> <span class='ocrx_word' id='word_1_2136' title='bbox 1437 3666 1634 3698; x_wconf 82' lang='lat' dir='ltr'>dimicationes,</span> <span class='ocrx_word' id='word_1_2137' title='bbox 1653 3673 1699 3691; x_wconf 84' lang='lat' dir='ltr'>uec</span> <span class='ocrx_word' id='word_1_2138' title='bbox 1711 3675 1760 3700; x_wconf 91' lang='lat' dir='ltr'>pro</span> <span class='ocrx_word' id='word_1_2139' title='bbox 1772 3667 1932 3702; x_wconf 84' lang='lat' dir='ltr'>Republica,</span> <span class='ocrx_word' id='word_1_2140' title='bbox 1955 3680 2002 3699; x_wconf 88' lang='lat' dir='ltr'>nec</span> <span class='ocrx_word' id='word_1_2141' title='bbox 2016 3684 2065 3709; x_wconf 90' lang='lat' dir='ltr'>pro</span> <span class='ocrx_word' id='word_1_2142' title='bbox 2082 3685 2124 3703; x_wconf 90' lang='lat' dir='ltr'>me</span> <span class='ocrx_word' id='word_1_2143' title='bbox 2136 3677 2178 3704; x_wconf 89' lang='lat' dir='ltr'>de.</span> 
     </span>
     <span class='ocr_line' id='line_1_218' title="bbox 1141 3701 2177 3742; baseline 0.004 -14"><span class='ocrx_word' id='word_1_2144' title='bbox 1141 3702 1278 3736; x_wconf 85' lang='lat' dir='ltr'>fugiendas</span> <span class='ocrx_word' id='word_1_2145' title='bbox 1292 3703 1406 3736; x_wconf 85' lang='lat' dir='ltr'>putauit.</span> <span class='ocrx_word' id='word_1_2146' title='bbox 1463 3704 1493 3728; x_wconf 85' lang='lat' dir='ltr'>Et</span> <span class='ocrx_word' id='word_1_2147' title='bbox 1498 3702 1538 3735; x_wconf 78' lang='lat' dir='ltr'>sic</span> <span class='ocrx_word' id='word_1_2148' title='bbox 1543 3701 1616 3735; x_wconf 75' lang='lat' dir='ltr'>saepe</span> <span class='ocrx_word' id='word_1_2149' title='bbox 1629 3701 1739 3734; x_wconf 84' lang='lat' dir='ltr'>Liuius,</span> <span class='ocrx_word' id='word_1_2150' title='bbox 1757 3709 1787 3728; x_wconf 77' lang='lat' dir='ltr'>vt</span> <span class='ocrx_word' id='word_1_2151' title='bbox 1793 3710 1896 3738; x_wconf 74' lang='lat' dir='ltr'>praeter</span> <span class='ocrx_word' id='word_1_2152' title='bbox 1907 3707 1923 3732; x_wconf 96' lang='lat' dir='ltr'>I.</span> <span class='ocrx_word' id='word_1_2153' title='bbox 1936 3715 1957 3733; x_wconf 79' lang='lat' dir='ltr'>c.</span> <span class='ocrx_word' id='word_1_2154' title='bbox 1973 3717 2000 3742; x_wconf 81' lang='lat'>4,</span> <span class='ocrx_word' id='word_1_2155' title='bbox 2015 3718 2030 3735; x_wconf 77' lang='lat'>2.</span> <span class='ocrx_word' id='word_1_2156' title='bbox 2062 3711 2177 3739; x_wconf 54' lang='lat' dir='ltr'>Maiores</span> 
     </span>
     <span class='ocr_line' id='line_1_219' title="bbox 1141 3736 2177 3781; baseline 0.01 -17"><span class='ocrx_word' id='word_1_2157' title='bbox 1141 3747 1249 3773; x_wconf 89' lang='lat' dir='ltr'>quoque</span> <span class='ocrx_word' id='word_1_2158' title='bbox 1285 3751 1330 3758; x_wconf 85' lang='lat'>—-—-</span> <span class='ocrx_word' id='word_1_2159' title='bbox 1366 3737 1511 3773; x_wconf 88' lang='lat' dir='ltr'>quamlibet</span> <span class='ocrx_word' id='word_1_2160' title='bbox 1525 3736 1725 3763; x_wconf 85' lang='lat' dir='ltr'>dimicationem</span> <span class='ocrx_word' id='word_1_2161' title='bbox 1738 3737 1872 3766; x_wconf 85' lang='lat' dir='ltr'>subituros</span> <span class='ocrx_word' id='word_1_2162' title='bbox 1886 3742 1961 3769; x_wconf 86' lang='lat' dir='ltr'>fuisl&#39;e</span> <span class='ocrx_word' id='word_1_2163' title='bbox 1977 3746 2079 3778; x_wconf 77' lang='lat' dir='ltr'>potius,</span> <span class='ocrx_word' id='word_1_2164' title='bbox 2100 3756 2177 3781; x_wconf 86' lang='lat' dir='ltr'>quarn</span> 
     </span>
     <span class='ocr_line' id='line_1_220' title="bbox 1139 3773 2177 3813; baseline 0.01 -14"><span class='ocrx_word' id='word_1_2165' title='bbox 1139 3783 1181 3800; x_wconf 86' lang='lat' dir='ltr'>eas</span> <span class='ocrx_word' id='word_1_2166' title='bbox 1196 3774 1263 3808; x_wconf 82' lang='lat' dir='ltr'>leges</span> <span class='ocrx_word' id='word_1_2167' title='bbox 1278 3773 1326 3800; x_wconf 88' lang='lat' dir='ltr'>fibi</span> <span class='ocrx_word' id='word_1_2168' title='bbox 1340 3774 1444 3813; x_wconf 82' lang='lat' dir='ltr'>imponi</span> <span class='ocrx_word' id='word_1_2169' title='bbox 1458 3777 1617 3806; x_wconf 86' lang='lat' dir='ltr'>paterentur.</span> <span class='ocrx_word' id='word_1_2170' title='bbox 1669 3774 1701 3799; x_wconf 82' lang='lat' dir='ltr'>Et</span> <span class='ocrx_word' id='word_1_2171' title='bbox 1714 3781 1736 3806; x_wconf 78' lang='grc' dir='ltr'>ς,</span> <span class='ocrx_word' id='word_1_2172' title='bbox 1748 3782 1780 3806; x_wconf 82' lang='grc' dir='ltr'>3ο</span> <span class='ocrx_word' id='word_1_2173' title='bbox 1806 3776 1833 3801; x_wconf 82' lang='lat' dir='ltr'>Si</span> <span class='ocrx_word' id='word_1_2174' title='bbox 1846 3776 1905 3803; x_wconf 85' lang='lat' dir='ltr'>suae</span> <span class='ocrx_word' id='word_1_2175' title='bbox 1924 3778 2023 3811; x_wconf 78' lang='lat' dir='ltr'>gloriae</span> <span class='ocrx_word' id='word_1_2176' title='bbox 2043 3780 2090 3807; x_wconf 80' lang='lat' dir='ltr'>sibi</span> <span class='ocrx_word' id='word_1_2177' title='bbox 2110 3783 2177 3809; x_wconf 84' lang='lat' dir='ltr'>inter</span> 
     </span>
     <span class='ocr_line' id='line_1_221' title="bbox 1199 3810 2176 3849; baseline 0.02 -25"><span class='ocrx_word' id='word_1_2178' title='bbox 1199 3810 1203 3814; x_wconf 94' lang='lat'>·</span> <span class='ocrx_word' id='word_1_2179' title='bbox 1252 3810 1258 3814; x_wconf 91' lang='lat'>·</span> <span class='ocrx_word' id='word_1_2180' title='bbox 1320 3846 1324 3849; x_wconf 36' lang='grc' dir='ltr'>ι</span> <span class='ocrx_word' id='word_1_2181' title='bbox 1349 3845 1354 3849; x_wconf 85' lang='lat'>.</span> <span class='ocrx_word' id='word_1_2182' title='bbox 1415 3844 1418 3848; x_wconf 38' lang='grc' dir='ltr'>Ι</span> <span class='ocrx_word' id='word_1_2183' title='bbox 1779 3811 1810 3836; x_wconf 84' lang='lat' dir='ltr'>Et</span> <span class='ocrx_word' id='word_1_2184' title='bbox 1823 3813 1850 3843; x_wconf 87' lang='lat'>6,</span> <span class='ocrx_word' id='word_1_2185' title='bbox 1866 3821 1894 3845; x_wconf 85' lang='lat'>19</span> <span class='ocrx_word' id='word_1_2186' title='bbox 1925 3814 1992 3840; x_wconf 87' lang='lat' dir='ltr'>Cum</span> <span class='ocrx_word' id='word_1_2187' title='bbox 2007 3824 2110 3849; x_wconf 85' lang='lat' dir='ltr'>practer</span> <span class='ocrx_word' id='word_1_2188' title='bbox 2121 3818 2176 3843; x_wconf 80' lang='lat' dir='ltr'>vim</span> 
     </span>
    </p>

    <p class='ocr_par' dir='ltr' id='par_1_67' title="bbox 1136 3845 2176 4057">
     <span class='ocr_line' id='line_1_222' title="bbox 1141 3845 2176 3882; baseline 0.007 -11"><span class='ocrx_word' id='word_1_2189' title='bbox 1141 3852 1166 3871; x_wconf 92' lang='lat' dir='ltr'>et</span> <span class='ocrx_word' id='word_1_2190' title='bbox 1180 3845 1284 3871; x_wconf 87' lang='lat' dir='ltr'>caedem</span> <span class='ocrx_word' id='word_1_2191' title='bbox 1298 3845 1365 3870; x_wconf 88' lang='lat' dir='ltr'>nihil</span> <span class='ocrx_word' id='word_1_2192' title='bbox 1379 3851 1502 3877; x_wconf 81' lang='lat' dir='ltr'>cuiquam</span> <span class='ocrx_word' id='word_1_2193' title='bbox 1516 3851 1682 3876; x_wconf 87' lang='lat' dir='ltr'>occurreret,</span> <span class='ocrx_word' id='word_1_2194' title='bbox 1699 3853 1755 3870; x_wconf 84' lang='lat' dir='ltr'>eam</span> <span class='ocrx_word' id='word_1_2195' title='bbox 1768 3852 1856 3873; x_wconf 83' lang='lat' dir='ltr'>autem</span> <span class='ocrx_word' id='word_1_2196' title='bbox 1870 3849 1984 3882; x_wconf 81' lang='lat' dir='ltr'>ingentis</span> <span class='ocrx_word' id='word_1_2197' title='bbox 1998 3852 2176 3878; x_wconf 81' lang='lat' dir='ltr'>dimicationis</span> 
     </span>
     <span class='ocr_line' id='line_1_223' title="bbox 1138 3879 2174 3915; baseline 0.006 -8"><span class='ocrx_word' id='word_1_2198' title='bbox 1138 3881 1214 3913; x_wconf 83' lang='lat' dir='ltr'>fore,</span> <span class='ocrx_word' id='word_1_2199' title='bbox 1233 3886 1377 3915; x_wconf 82' lang='lat' dir='ltr'>appareret.</span> <span class='ocrx_word' id='word_1_2200' title='bbox 1434 3880 1464 3904; x_wconf 87' lang='lat' dir='ltr'>Et</span> <span class='ocrx_word' id='word_1_2201' title='bbox 1478 3886 1518 3911; x_wconf 62' lang='grc' dir='ltr'>ις,</span> <span class='ocrx_word' id='word_1_2202' title='bbox 1532 3881 1550 3905; x_wconf 88' lang='lat'>6</span> <span class='ocrx_word' id='word_1_2203' title='bbox 1578 3879 1679 3906; x_wconf 76' lang='lat' dir='ltr'>Bellum</span> <span class='ocrx_word' id='word_1_2204' title='bbox 1692 3880 1721 3906; x_wconf 89' lang='lat' dir='ltr'>in</span> <span class='ocrx_word' id='word_1_2205' title='bbox 1733 3881 1823 3908; x_wconf 81' lang='lat' dir='ltr'>Sicilia</span> <span class='ocrx_word' id='word_1_2206' title='bbox 1834 3883 1886 3908; x_wconf 84' lang='lat' dir='ltr'>iam</span> <span class='ocrx_word' id='word_1_2207' title='bbox 1900 3884 2011 3910; x_wconf 84' lang='lat' dir='ltr'>alterum</span> <span class='ocrx_word' id='word_1_2208' title='bbox 2024 3894 2120 3912; x_wconf 87' lang='lat' dir='ltr'>annum</span> <span class='ocrx_word' id='word_1_2209' title='bbox 2135 3887 2174 3913; x_wconf 89' lang='lat' dir='ltr'>in-</span> 
     </span>
     <span class='ocr_line' id='line_1_224' title="bbox 1137 3915 2173 3952; baseline 0.006 -11"><span class='ocrx_word' id='word_1_2210' title='bbox 1137 3916 1209 3950; x_wconf 82' lang='lat' dir='ltr'>genti</span> <span class='ocrx_word' id='word_1_2211' title='bbox 1224 3915 1397 3942; x_wconf 85' lang='lat' dir='ltr'>dimicatione</span> <span class='ocrx_word' id='word_1_2212' title='bbox 1411 3915 1521 3948; x_wconf 82' lang='lat' dir='ltr'>geritur.</span> <span class='ocrx_word' id='word_1_2213' title='bbox 1577 3916 1609 3941; x_wconf 87' lang='lat' dir='ltr'>Et</span> <span class='ocrx_word' id='word_1_2214' title='bbox 1621 3924 1656 3947; x_wconf 90' lang='grc'>31,</span> <span class='ocrx_word' id='word_1_2215' title='bbox 1671 3924 1705 3950; x_wconf 80' lang='grc'>34</span> <span class='ocrx_word' id='word_1_2216' title='bbox 1740 3917 1820 3949; x_wconf 83' lang='lat' dir='ltr'>Qiod</span> <span class='ocrx_word' id='word_1_2217' title='bbox 1840 3919 1998 3952; x_wconf 87' lang='lat' dir='ltr'>promtiores</span> <span class='ocrx_word' id='word_1_2218' title='bbox 2017 3921 2049 3946; x_wconf 84' lang='lat' dir='ltr'>ab</span> <span class='ocrx_word' id='word_1_2219' title='bbox 2064 3921 2173 3947; x_wconf 90' lang='lat' dir='ltr'>subeun-</span> 
     </span>
     <span class='ocr_line' id='line_1_225' title="bbox 1136 3949 2173 3989; baseline 0.002 -11"><span class='ocrx_word' id='word_1_2220' title='bbox 1136 3952 1194 3978; x_wconf 86' lang='lat' dir='ltr'>dam</span> <span class='ocrx_word' id='word_1_2221' title='bbox 1208 3959 1314 3977; x_wconf 87' lang='lat' dir='ltr'>omnem</span> <span class='ocrx_word' id='word_1_2222' title='bbox 1326 3949 1525 3976; x_wconf 87' lang='lat' dir='ltr'>dimicationem</span> <span class='ocrx_word' id='word_1_2223' title='bbox 1539 3950 1677 3978; x_wconf 76' lang='lat' dir='ltr'>videbatur</span> <span class='ocrx_word' id='word_1_2224' title='bbox 1694 3951 1826 3978; x_wconf 61' lang='lat' dir='ltr'>faciurum</span> <span class='ocrx_word' id='word_1_2225' title='bbox 1836 3973 1844 3985; x_wconf 85' lang='lat'>,</span> <span class='ocrx_word' id='word_1_2226' title='bbox 1870 3953 1898 3979; x_wconf 88' lang='lat' dir='ltr'>id</span> <span class='ocrx_word' id='word_1_2227' title='bbox 1913 3962 2011 3980; x_wconf 89' lang='lat' dir='ltr'>metum</span> <span class='ocrx_word' id='word_1_2228' title='bbox 2027 3956 2173 3989; x_wconf 78' lang='lat' dir='ltr'>pigritiam.</span> 
     </span>
     <span class='ocr_line' id='line_1_226' title="bbox 1327 3986 2174 4048; baseline 0.008 -36"><span class='ocrx_word' id='word_1_2229' title='bbox 1327 4021 1347 4048; x_wconf 75' lang='lat' dir='ltr'>z</span> <span class='ocrx_word' id='word_1_2230' title='bbox 1361 3987 1397 4012; x_wconf 80' lang='lat' dir='ltr'>Ex</span> <span class='ocrx_word' id='word_1_2231' title='bbox 1416 3987 1494 4013; x_wconf 74' lang='lat' dir='ltr'>altero</span> <span class='ocrx_word' id='word_1_2232' title='bbox 1509 3995 1595 4022; x_wconf 75' lang='lat' dir='ltr'>genere</span> <span class='ocrx_word' id='word_1_2233' title='bbox 1606 3986 1684 4022; x_wconf 69' lang='lat' dir='ltr'>siim,</span> <span class='ocrx_word' id='word_1_2234' title='bbox 1703 3987 1762 4014; x_wconf 88' lang='lat' dir='ltr'>Liu.</span> <span class='ocrx_word' id='word_1_2235' title='bbox 1779 3996 1799 4021; x_wconf 86' lang='lat'>1,</span> <span class='ocrx_word' id='word_1_2236' title='bbox 1812 3996 1841 4020; x_wconf 77' lang='lat'>23</span> <span class='ocrx_word' id='word_1_2237' title='bbox 1869 3988 1983 4015; x_wconf 83' lang='lat' dir='ltr'>Euentus</span> <span class='ocrx_word' id='word_1_2238' title='bbox 2003 3996 2088 4018; x_wconf 86' lang='lat' dir='ltr'>tamen</span> <span class='ocrx_word' id='word_1_2239' title='bbox 2108 3991 2174 4020; x_wconf 87' lang='lat' dir='ltr'>belli</span> 
     </span>
     <span class='ocr_line' id='line_1_227' title="bbox 2086 4036 2174 4057; baseline 0.034 -3"><span class='ocrx_word' id='word_1_2240' title='bbox 2086 4036 2174 4057; x_wconf 71' lang='lat' dir='ltr'>minue</span> 
     </span>
    </p>
   </div>
  </div>
 </body>
</html>
