2479 4225
0 315 6 379 ἱ

0 224 134 291 7637Δ
311 248 315 251 ’
417 233 449 272 F
535 232 571 273 E
659 232 691 272 R
1481 206 1560 269 F
1649 227 1683 268 E
1770 228 1802 267 R
2092 232 2176 282 ,633

30 327 129 364 stuwi,
150 327 168 352 i.
187 323 332 360 infiiblime.
405 321 568 354 Subsidium,
578 327 627 357 pro
646 321 778 348 Auxilium·
802 319 872 347 Caes.
892 319 919 344 Β.
933 317 967 344 G
984 325 1010 357 5,
1027 326 1070 350 43·
1173 319 1374 347 LATURV&
1402 318 1494 345 Partic.
1515 319 1574 348 Fut.
1608 317 1711 352 [offam]
1754 316 1871 343 Grandia
1890 317 1988 346 laturus
2013 321 2175 349 meritorum

38 363 92 391 Cic.
105 369 152 396 pro
164 361 250 386 Domo
261 362 298 392 46
326 357 397 391 Qiid
418 357 565 392 indignius,
586 366 664 392 quam
679 357 726 391 qui
747 363 830 390 neque
844 354 924 380 adefl'c
939 356 968 379 tit
983 354 1071 385 mssus,
1138 357 1253 390 praemia
1269 356 1336 382 Hor,
1350 353 1429 388 Epist,
1443 363 1468 386 25
1482 362 1505 384 2,
1520 359 1555 386 38,

39 405 122 432 neque
135 396 239 425 citatus,
252 403 338 429 neque
351 395 481 420 accusatus
490 413 498 425 ,
512 393 544 420 de
556 394 612 419 eius
627 393 726 426 capite,
739 390 844 424 liberis,
857 388 972 415 fortunis
984 388 1071 414 omni-
1175 398 1190 417 1.
1201 398 1221 417 Λ
1233 397 1255 416 Τ
1266 398 1320 423 10,
1339 390 1406 416 onis.
1428 389 1447 414 f.
1484 389 1592 423 [θέσις]
1620 388 1677 415 Cic.
1691 388 1744 414 Att.
1759 395 1781 420 3,
1794 389 1828 414 26
1853 387 1924 413 Mihi
1943 388 1970 414 in
1983 390 2072 417 animo
2085 392 2121 418 cst
2138 392 2174 419 le-

38 433 86 462 bus
93 430 242 460 xconduelos
261 430 366 456 ficarios
386 429 500 464 egenteis
514 435 540 455 et
558 427 674 463 perditos
687 425 843 459 suffragium
862 424 949 456 ferre,
973 429 998 450 ct
1012 432 1070 450 eam
1138 435 1199 460 gum
1214 427 1340 453 lationem
1361 424 1518 459 exspeftare.
1556 424 1633 450 Latio
1648 423 1764 458 suffragii
1780 423 1839 449 Liu.
1853 428 1889 455 38,
1903 424 1943 454 36.

37 469 122 504 legem
135 466 240 502 putare?
311 464 467 499 Suffragium
481 464 513 490 de
528 473 556 491 re
568 463 678 490 alicuius
696 462 752 488 Cic.
766 462 818 486 Att.
834 468 854 491 1,
867 468 904 492 ¹4-
976 459 1071 485 Suffi-a-
1098 464 1111 491 5
1174 469 1189 487 1.
1200 468 1322 494 ATOR,
1342 461 1405 487 bris.
1439 469 1474 485 m.
1510 459 1622 494 [θέτης]
1657 462 1707 494 Qu·
1719 460 1787 495 fere.
1821 459 1878 485 Seu.
1897 458 2002 491 Tranq.
2020 460 2107 486 Anim.
2127 471 2147 488 c.
2161 471 2174 495 ς

39 504 82 540 gia
94 502 203 538 gratuita
217 500 289 527 Idem
304 509 352 535 pro
365 501 448 527 l’lanc.
465 502 498 526 16.
570 499 643 526 Caes.
658 498 684 525 B.
698 498 726 523 C.
739 504 759 528 1,
773 500 806 528 84
830 495 878 521 Sed
892 495 951 520 satis
966 494 1019 520 iam
1035 495 1072 521 se·
1138 497 1222 523 Debet
1242 497 1298 532 plus
1311 496 1412 523 virium
1426 495 1474 521 ess'c
1492 495 1521 520 in
1533 494 1626 526 latore,
1640 503 1717 529 quam
1733 495 1761 520 in
1775 503 1864 521 onere.
1935 494 2016 519 Lator
2030 495 2093 528 legis
2105 498 2174 523 Sem.

41 539 97 572 cill'e
109 535 213 569 officio,
235 536 348 571 satisque
360 535 485 571 Supplicii
504 534 602 565 tulisse,
622 532 748 568 pet-petros
768 531 890 558 omnium
908 539 999 556 rerum
1014 530 1070 556 ino-
1136 533 1247 566 proniae
1262 534 1317 559 Cic.
1333 531 1412 558 Catil.
1425 539 1444 563 4
1456 539 1478 556 c.
1495 538 1516 563 5.
1572 530 1645 556 Idem
1658 530 1689 556 de
1704 531 1739 556 N.
1749 531 1780 556 D.
1796 539 1819 562 3,
1831 538 1866 561 90
1883 529 2008 556 Ferretne
2021 530 2113 556 ciuitas
2122 533 2174 559 vlla

39 574 125 612 piam,
144 575 162 598 i.
177 575 283 607 punitos
299 571 351 605 ‘ff'-
422 572 503 597 l’laut.
517 569 590 605 Epid.
606 577 627 602 5,
642 577 661 600 1,
677 574 706 600 52.
742 565 790 593 Sed
812 571 961 598 memento,
977 566 993 591 ti
1007 566 1071 600 quid
1137 569 1248 594 latorem
1268 566 1418 594 istiusmodi
1431 565 1511 600 legis,
1525 570 1554 591 vt
1568 566 1788 591 condemnaretur
1806 565 1875 591 filius
1893 570 1937 591 aut
1957 573 2054 598 nepos,
2070 566 2086 591 [i
2102 573 2174 599 pater

39 608 157 638 saeuiunt
182 607 268 639 senes,
293 608 426 641 Suppetias
449 606 517 633 mibi
544 614 603 631 cum
634 604 724 629 sorore
752 602 841 634 serre,
871 607 900 627 vt
923 601 1070 628 Auxilium.
1135 610 1181 629 aut
1193 612 1258 629 auus
1272 602 1438 638 deliquisset?
1508 601 1608 635 Legum
1627 601 1694 627 lator
1713 600 1844 633 Qtnffil.
1859 609 1883 632 2,
1895 608 1922 633 4.
1957 600 2018 626 Liu.
2033 609 2055 632 3,
2071 610 2096 633 3ι
2109 609 2173 628 extr.

9 663 11 666 ι
29 641 134 679 *Susque
150 642 234 678 deque
248 643 307 669 sero
319 643 387 669 (jc-ll.
404 645 446 675 16,
458 651 483 675 9.
504 641 556 667 uid.
576 644 703 672 sstVE‚
723 643 768 663 etc.
839 636 920 663 Plaut-
936 637 1026 663 Bacch·
1041 646 1070 670 4,
1089 644 1117 661 10
1137 639 1205 665 Suet.
1221 639 1304 672 Calig.
1321 648 1342 664 c.
1356 647 1411 677 44,
1423 635 1503 670 Qmfi
1526 636 1648 662 vmuersa
1667 635 1763 662 tradita
1781 637 1880 667 insuia,
1900 635 2048 669 magnificas
2063 637 2174 663 Romam

30 688 64 716 ,9,
77 682 111 706 60
131 679 208 707 Nunc
229 678 301 704 hasce
315 678 442 705 Tabellas
461 678 530 704 ferre
550 684 593 701 me
613 673 679 699 iuffit
699 672 760 699 tibi.
832 672 900 700 Ter.
916 672 997 698 Andr.
1013 681 1032 704 1,
1046 681 1070 704 2,
1135 675 1223 700 literas
1235 675 1318 699 mitit:
1339 672 1448 700 monitis
1463 673 1536 707 saepe
1551 671 1695 704 latoribus,
1714 677 1743 698 vt
1756 671 1881 699 vehiculo
1892 670 1927 697 ad
1945 671 2037 698 forum
2054 673 2136 707 vsque
2148 678 2175 699 et

31 723 68 750 Ἰ17
88 715 156 742 Dum
171 714 292 748 Tempus
312 714 344 740 ad
362 723 419 740 cam
438 716 494 739 refu
507 710 583 743 tulit,
602 709 650 735 l'iui
667 709 786 736 animum
807 713 836 734 vt
856 707 974 742 expleret
987 709 1071 734 suuni.
1134 710 1234 736 curiam
1247 707 1441 743 pertenderent.

30 751 67 780 ‘Si
80 755 178 785 ternpus
191 749 274 776 ferret
290 750 346 776 Cic.
362 759 410 784 pro
424 746 526 775 Caecin.
543 753 564 772 t.
579 752 621 779 27.
691 745 728 770 Vt
741 744 879 778 Tempora
893 744 998 775 nostra,
1017 752 1071 769 non
1169 752 1185 771 L
1195 752 1217 772 A
1227 752 1247 771 T
1256 753 1275 771 o
1286 751 1305 770 R
1317 752 1326 770 1
1336 751 1358 771 A
1379 744 1420 769 lex
1440 740 1496 770 vid.
1514 748 1530 768 1.
1541 748 1562 769 Α
1571 749 1587 769 E
1597 749 1644 769 To
1654 750 1671 770 r.
1682 750 1690 768 ι
1700 750 1731 770 Α.
2096 761 2099 762 7

39 791 68 814 vt
87 794 160 812 amor
173 791 232 812 tuus
252 785 319 817 fert,
336 794 399 811 vere
416 781 544 818 perscribe
568 780 641 807 Idem
654 782 691 814 Q
702 781 771 806 Frat.
786 789 805 812 1,
821 788 848 813 4.
873 779 907 806 Vt
921 779 1013 810 Aetas,
1026 780 1071 805 Fa·
1171 787 1188 806 L
1198 785 1451 810 ATVRAR1VS,
1473 779 1492 805 i.
1519 787 1553 804 m.
1578 779 1689 805 Raiulus.
1725 777 1802 813 Apud
1814 777 1922 813 August.
1937 778 2021 805 Tom.
2036 786 2066 804 »ιο
2080 787 2105 813 p.
2118 780 2175 810 688.

39 821 133 853 cultas,
154 821 279 847 Rationes
288 841 296 853 ,
309 822 373 853 Res,
382 817 523 846 Voluntas.
593 817 687 842 Omnis
701 816 768 842 feret
781 814 872 842 omnia
885 814 981 841 Tellus
998 814 1072 848 Virg.
1091 822 1116 848 15
1173 823 1190 843 F
1199 823 1215 842 Ε
1225 823 1274 842 RA
1285 821 1304 841 x
1315 835 1322 845 ,
1339 814 1400 841 acis.
1418 813 1478 840 Adi.
1516 813 1673 848 [ἕριέῗώλαξ]
1710 813 1784 848 Qud
1802 813 1964 839 abmdancem
1977 823 2005 839 cx
2019 814 2047 849 [α
2056 814 2176 849 producit

34 855 90 885 Bel.
104 865 132 889 4,
145 865 184 889 39.
251 857 339 883 Terra
353 856 404 882 fert
417 853 480 879 illos
497 852 572 878 viros
592 851 669 885 Virg.
683 853 747 878 Aen.
763 860 796 883 11,
809 852 864 880 286.
936 850 993 876 Nec
1006 858 1072 876 vero
1128 850 1258 887 frustum.
1293 851 1374 877 Plaut.
1387 848 1461 884 Epist.
1475 858 1499 880 2,
1512 857 1533 881 3,
1548 858 1563 876 2
1590 849 1700 876 Nullum
1716 850 1763 875 ctl'c
1781 857 1829 882 ego
1842 857 1933 883 agrum
1954 849 2052 883 opinor
2069 851 2098 875 in
2112 858 2177 884 agro

39 891 142 920 Terrae
156 892 226 918 ferre
238 900 329 918 onmes
342 888 430 917 omnia
442 888 543 922 potsunt
558 886 630 913 Idem
644 888 742 921 Geor-g.
755 895 781 919 2,
796 894 851 918 109.
921 885 1072 912 Tormenta
1136 888 1225 913 Attico
1243 886 1326 921 aeque
1344 885 1467 916 feracem,
1481 892 1526 910 etc.
1562 886 1602 912 sic
1616 886 1697 911 Ferax
1712 885 1784 911 locus
1798 886 1864 911 Cato
1879 893 1901 909 c.
1915 894 1961 918 44.
2030 886 2113 911 l-'erax
2129 886 2176 912 bo-

38 927 168 961 Qiimffil.
183 936 204 959 2,
216 936 259 954 20.
330 923 465 955 Tribuni,
486 923 582 950 Habere
594 923 687 949 tribum
694 922 746 957 Jiln'
753 921 938 957 suff'ragantem
956 924 983 947 in
997 923 1074 948 alicu·
1135 923 1177 949 nis
1196 922 1296 949 artibus
1314 921 1445 947 saeculum
1476 921 1540 946 Plin.
1555 920 1633 954 Epist.
1653 929 1681 953 4,
1701 928 1735 952 ις,
1756 925 1776 949 3.
1849 919 1921 946 Idem
1942 920 2021 953 Epist.
2041 926 2064 953 8,
2085 930 2116 947 20
2131 929 2176 956 pr.

36 965 78 990 ius
94 961 254 999 magistratus
267 963 387 998 petitione
404 959 459 985 Cic.
474 958 586 993 Philipp.
604 968 624 989 2,
639 968 666 993 4.
702 959 763 985 Liu.
778 962 799 987 8.
814 965 846 992 37
858 963 922 983 extr.
959 957 1033 983 Curt.
1050 966 1073 990 3,
1136 959 1212 992 Quae
1231 958 1249 984 fi
1271 957 1366 983 tuliss'et
1379 956 1492 988 Achaia,
1507 957 1654 990 Aegyptus,
1668 955 1742 987 Asia,
1754 954 1860 988 aliaque
1881 955 2015 989 quaelibet
2036 956 2176 983 miraculo-

36 1007 48 1026 ι
60 1004 124 1025 extr.
143 999 268 1033 Datis-que
280 994 412 1023 obfidibus
421 1014 428 1025 ‚
439 994 607 1023 Tributum.
618 993 690 1028 quod
703 1000 733 1020 vt
746 992 824 1019 Persis
838 992 955 1024 ferrent,
968 1001 1000 1019 ne
1014 1002 1072 1026 pen-
1084 1001 1120 1020 20
1136 1003 1195 1020 rum
1209 994 1297 1024 ferax,
1313 991 1574 1026 commendatrixque
1589 998 1668 1023 terra,
1680 998 1726 1016 etc.
1800 991 1864 1017 Plin.
1879 991 1907 1016 in
1921 991 2012 1024 paneg.
2025 1001 2046 1017 c.
2060 1000 2091 1024 43
2118 993 2175 1018 Te.

37 1033 100 1061 dere
120 1039 289 1069 cogerentur,
303 1031 485 1065 impetrarunt.
556 1029 662 1056 Vallum
685 1036 711 1057 et
731 1037 802 1055 arma
823 1027 876 1054 fert
898 1028 975 1054 miles
1004 1029 1072 1055 Hor.
1134 1038 1180 1055 nes
1192 1030 1286 1055 Caesar
1306 1028 1374 1054 hunc
1395 1028 1512 1060 cursum,
1531 1033 1556 1053 et
1575 1027 1703 1061 probatur
1723 1025 1920 1059 experimento,
1939 1026 2001 1051 fitne
2020 1027 2132 1054 feracius
2151 1034 2177 1054 ct

37 1068 120 1104 Epod.
132 1078 159 1102 9,
174 1077 208 1101 13.
277 1066 336 1093 Liu.
350 1075 373 1099 3,
386 1074 399 1098 3
435 1066 475 1092 Ab
494 1065 536 1092 his
553 1065 671 1100 proximi
685 1065 774 1091 andita
793 1064 906 1095 incerta,
923 1072 1008 1098 eoque
1022 1066 1072 1090 Va·
1136 1064 1246 1091 vberius
1260 1073 1314 1090 non
1337 1063 1368 1090 ad
1387 1062 1490 1089 laudem
1510 1062 1607 1092 modo,
1628 1061 1671 1087 sed
1689 1061 1721 1087 ad
1738 1060 1877 1094 pecuniam
1893 1059 2023 1094 principi,
2042 1062 2059 1087 fi
2079 1062 2176 1089 herede

37 1105 118 1131 niora
127 1105 198 1131 ferre
215 1102 247 1130 ad
265 1102 347 1135 alios:
365 1101 463 1134 cursus,
475 1107 519 1127 etc.
590 1101 650 1127 Liu.
666 1105 689 1132 8,
702 1109 719 1133 9
730 1110 761 1126 m.
794 1099 906 1126 Veniam
923 1106 983 1133 peto
1003 1100 1072 1126 fero·
1136 1100 1185 1127 illo
1201 1101 1271 1126 mori
1286 1100 1407 1126 homines
1420 1099 1520 1130 velint,
1540 1106 1619 1132 quam
1634 1097 1651 1122 fi
1665 1102 1799 1130 cogantur.
1847 1095 1911 1129 Agri
1923 1095 1980 1121 cie.
1996 1097 2070 1122 Verr.
2084 1106 2106 1129 3,
2121 1107 2176 1131 104.

37 1148 106 1175 que,
124 1142 142 1165 i.
163 1137 272 1174 Auferre
278 1157 287 1170 ,
301 1140 333 1163 im
352 1143 433 1164 errare
453 1140 532 1172 cupio.
569 1136 611 1163 Sic
623 1137 769 1171 explicatum
781 1137 889 1161 inuenio.
927 1134 974 1162 Sed
985 1139 1071 1161 merito
1137 1136 1248 1162 Animus
1268 1136 1366 1162 Lucan.
1380 1134 1412 1161 ad
1425 1135 1511 1160 l’ison.
1526 1141 1583 1166 205.
1655 1132 1793 1166 Ingenium
1811 1131 1866 1157 Cic.
1887 1131 1915 1156 in
1928 1131 2002 1157 Orat.
2023 1137 2065 1164 48.
2136 1135 2177 1159 In.

34 1174 116 1202 ddhuc
132 1177 274 1209 interrogat
285 1144 414 1203 Duk‘erus,
434 1172 503 1207 Qfl'd
512 1171 550 1206 stt
561 1171 673 1198 Veniam
687 1171 766 1198 fero?
796 1171 901 1197 Videtur
920 1177 998 1196 autem
1011 1171 1073 1196 illud
1089 1179 1118 1206 25
1135 1171 1221 1205 geniis
1235 1171 1302 1197 nihil
1323 1170 1436 1197 feracius
1456 1169 1530 1196 Idem
1543 1169 1571 1195 in
1585 1169 1659 1195 Orat.
1673 1173 1716 1202 48.
1790 1167 1874 1193 Locus
1890 1166 2006 1193 feracior
2022 1174 2048 1193 et
2066 1166 2178 1196 vberior

28 1211 104 1239 ,Fero
121 1219 170 1236 non
187 1207 334 1245 iungendum
349 1218 403 1235 cum
417 1208 545 1234 Veniam:
565 1207 613 1242 std
631 1206 787 1233 incidendum
802 1204 858 1242 post
872 1206 983 1232 Veniam
1003 1213 1074 1241 peto,
1136 1209 1166 1233 in
1184 1206 1353 1241 philosophia
1371 1205 1458 1231 nullus
1471 1205 1517 1238 est,
1531 1213 1611 1239 quam
1625 1203 1657 1230 de
1672 1202 1767 1229 officiis
1786 1202 1824 1228 Id.
1838 1202 1889 1228 Off.
1905 1211 1928 1234 3,
1944 1209 1990 1234 5c.
2005 1210 2025 1228 2.
2046 1205 2178 1230 translate.

38 1244 122 1274 det'ride
134 1245 254 1280 Feroque
270 1242 313 1277 ‘ff'
326 1245 393 1270 velut
406 1245 527 1270 comitiale
538 1243 651 1273 verbum,
664 1252 709 1278 quo
728 1249 850 1278 rogantur
865 1241 917 1274 dii,
930 1243 1008 1268 velint
1017 1262 1024 1274 ‚
1038 1252 1075 1268 ιιι-
1137 1243 1192 1269 Rus
1206 1242 1286 1269 Ouid.
1301 1243 1366 1268 Met.
1380 1250 1401 1273 1,
1413 1244 1470 1274 693.
1540 1241 1622 1267 Saltus
1645 1238 1793 1273 ingentium
1808 1237 1946 1279 beluarum
1963 1237 2061 1269 feraces
2084 1239 2176 1266 Tacit.

39 1281 109 1311 beant
117 1281 209 1316 fauere
223 1279 347 1306 deuotioni
358 1281 441 1306 Decii.
535 1279 611 1305 Varr.
626 1278 657 1304 de
669 1279 700 1304 R.
713 1278 745 1304 R.
758 1287 781 1310 ε,
795 1286 805 1303 1
833 1278 906 1312 Equa
919 1278 989 1304 enim
1004 1279 1074 1303 Ven-
1138 1280 1206 1305 Ann.
1222 1287 1251 1314 4,
1263 1285 1306 1312 72.
1375 1277 1476 1311 Segetes
1494 1276 1562 1302 Hor.
1580 1277 1666 1302 Carm.
1682 1283 1700 1303 1.
1715 1283 1749 1306 31,
1765 1282 1791 1307 4.
1865 1273 1955 1299 Solum
1975 1274 2056 1302 Ouid.
2070 1275 2133 1301 Met.
2149 1283 2176 1310 7,

0 1347 1 1350 Ἴ
41 1323 108 1346 trem
118 1317 171 1349 sert
185 1321 237 1343 xtt
250 1316 366 1348 menses,
385 1323 462 1341 vacca
474 1321 503 1342 x.
573 1313 690 1340 Martial.
704 1323 724 1346 1,
738 1322 766 1340 10
786 1314 818 1339 Et
837 1313 884 1348 qui
902 1322 956 1339 non
976 1313 1073 1339 tulerat
1137 1316 1196 1348 416.
1266 1313 1341 1340 Idem
1354 1313 1446 1339 Amor.
1461 1321 1482 1342 2,
1498 1313 1536 1343 16,
1550 1320 1567 1346 7
1586 1311 1675 1337 Terra
1690 1311 1762 1339 ferax
1777 1309 1897 1342 Cereris,
1909 1309 2048 1344 multoque
2062 1310 2179 1337 feracior

0 1354 5 1363 “
41 1352 167 1385 Verbera,
180 1351 231 1378 tela
244 1350 315 1377 tulit.
384 1349 502 1376 Verbera
519 1348 590 1375 ferre
604 1349 714 1376 alicuius
734 1349 815 1376 Ouid.
830 1348 861 1375 de
873 1349 937 1375 Arte
952 1350 1009 1375 Am.
1024 1357 1073 1381 533.
1090 1359 1120 1383 30
1137 1350 1206 1376 vuis.
1262 1349 1368 1375 Terrae
1385 1347 1553 1374 feraciffimae
1577 1347 1642 1373 Plin.
1659 1347 1750 1381 l’aneg.
1770 1354 1790 1371 c.
1804 1353 1844 1377 3ο.
1915 1344 2000 1371 Potest
2019 1345 2092 1372 ferax
2106 1347 2177 1373 Vitis

37 1382 210 1418 SdVerbera
222 1386 293 1413 ferre
306 1386 335 1412 in
348 1385 464 1420 aliquem
477 1383 550 1411 Idem
563 1385 655 1411 Amor.
668 1394 687 1416 1,
701 1394 723 1417 2,
738 1393 771 1416 13.
789 1387 809 1411 i.
824 1384 934 1420 pulsare.
989 1384 1074 1410 Vesti-
1137 1385 1279 1411 feraciores
1295 1385 1323 1410 in
1337 1385 1362 1410 se
1380 1383 1479 1411 habere
1497 1382 1619 1409 materias
1637 1381 1731 1416 Pallad.
1748 1389 1771 1413 3,
1785 1389 1810 1412 9.
1865 1381 1937 1407 Vuae
1956 1380 2123 1407 feracissimae
2136 1382 2175 1408 Id.

45 1422 137 1460 gissila
151 1423 182 1450 ad
196 1422 312 1457 aliquem
325 1421 363 1447 Id.
377 1422 441 1447 Met.
455 1429 480 1453 Ζ,
493 1428 530 1446 21.
618 1421 734 1455 Vestigia
753 1429 786 1447 eo
805 1420 910 1452 ferunt,
930 1420 954 1446 h.
970 1428 989 1446 e.
1010 1420 1073 1446 Illuc
1137 1420 1204 1448 ibid.
1257 1421 1281 1446 V
1285 1428 1430 1446 euenorum
1443 1419 1517 1445 ferax
1530 1418 1617 1444 Iberia
1630 1418 1697 1444 Hor.
1713 1415 1793 1450 Epod.
1808 1423 1831 1448 ς,
1847 1424 1888 1442 22.

44 1465 99 1487 emit
110 1459 164 1485 Liu.
177 1467 198 1491 1,
212 1465 237 1492 7.
308 1457 471 1483 Vetustatcm
488 1456 559 1482 ferre
573 1455 666 1483 dicitur
679 1457 795 1488 Vinum,
814 1465 886 1490 quum
901 1455 942 1481 diu
956 1454 1076 1489 affl-ruari
1174 1463 1190 1482 F
1200 1463 1216 1482 Ε
1225 1463 1244 1482 R
1253 1463 1275 1482 A
1284 1463 1300 1483 C
1311 1454 1324 1482 1⁹
1333 1461 1353 1481 T
1362 1462 1384 1482 A
1393 1463 1405 1482 s
1414 1474 1422 1486 ,
1440 1455 1497 1481 atis.
1515 1454 1535 1480 f.
1556 1452 1692 1489 [εὗφορίω]
1713 1451 1846 1479 Columel.
1859 1460 1881 1484 3,
1894 1460 1906 1478 2
1919 1457 1984 1479 extr.
2004 1451 2177 1479 Feracitatem

0 1522 2 1526 y
34 1492 114 1530 potest
128 1497 250 1530 integrum
261 1499 285 1519 et
296 1499 396 1528 purum.
433 1491 489 1518 Cic.
502 1491 534 1517 de
546 1491 654 1518 Amicit.
668 1494 703 1526 67
716 1501 738 1517 c.
754 1500 783 1524 19
816 1492 880 1518 Non
898 1492 969 1517 enim
985 1491 1076 1517 amici·
1136 1492 1224 1526 potius
1243 1492 1392 1526 sequemur,
1405 1497 1451 1517 etc.

40 1529 133 1563 tiarum
148 1531 196 1556 effe
210 1528 321 1559 debent,
340 1527 403 1554 ficut
416 1527 528 1553 aliarum
548 1535 652 1557 rerum,
666 1527 811 1553 satietates:
837 1528 982 1554 veterrima
996 1535 1075 1561 quae-
1089 1533 1117 1560 35
1175 1534 1215 1554 FE
1225 1534 1275 1554 ΚΑ
1286 1533 1303 1554 C
1314 1534 1353 1554 1⁷1·
1363 1532 1378 1552 E
1388 1533 1418 1553 R.
1457 1525 1524 1552 Adu.
1539 1525 1652 1560 Compar.
1671 1523 1739 1559 apud
1758 1523 1819 1549 Liu.
1832 1523 1859 1555 6,
1872 1531 1882 1549 1
1906 1521 1946 1549 Ab
1967 1521 2077 1549 secunda
2094 1523 2178 1559 origi-

38 1573 88 1600 que
100 1567 146 1598 (vt
157 1574 189 1592 ea
200 1565 353 1598 Vina,quae
362 1562 524 1589 Vetustatem
535 1562 642 1593 serunt)
657 1563 704 1588 esse
717 1562 814 1588 debent
829 1562 982 1589 suauillima.
1015 1561 1074 1589 Vid.
1137 1572 1169 1589 ne
1181 1563 1253 1590 velut
1266 1562 1298 1589 ab
1312 1560 1436 1597 stirpibus
1451 1561 1544 1587 laetius
1556 1561 1722 1594 feraciusque
1738 1565 1827 1585 renata
1840 1558 1910 1585 vrbs.

36 1600 115 1633 Ferre
135 1606 305 1628 ΑΕΤΑΤΕΜ.
374 1598 452 1625 Viam
471 1597 541 1623 ferre
559 1606 607 1631 per
624 1606 741 1632 aequora
762 1597 855 1624 Claud.
892 1618 899 1624 .
937 1618 943 1624 .
1021 1597 1075 1624 Via
1176 1605 1366 1629 FERALIA,
1401 1603 1586 1624 FERArrs.
1628 1595 1687 1622 Vici.
1699 1595 1814 1631 ficpras.
1835 1596 1852 1621 l.

35 1636 90 1662 fert
102 1637 179 1670 Virg.
195 1637 260 1662 Aen.
274 1637 299 1664 6,
312 1640 367 1665 295-
436 1632 495 1658 Liu·
507 1640 548 1664 39,
562 1641 587 1665 51
600 1638 662 1659 extr.
697 1633 755 1659 Nec
768 1641 904 1666 magnam,
916 1642 963 1659 nec
975 1641 1075 1659 memo-
1175 1641 1190 1661 F
1200 1641 1243 1660 ER
1253 1640 1274 1661 T
1287 1632 1300 1660 i'
1310 1641 1365 1660 Lis
1375 1653 1383 1665 ,
1401 1642 1424 1659 e.
1461 1631 1522 1658 Adi.
1558 1629 1686 1665 [εὕφο-ρος,
1702 1630 1815 1663 γόνιμος]
1851 1628 1918 1655 Idem
1938 1628 2002 1663 quod
2016 1630 2104 1655 Ferax.
2124 1629 2177 1654 Co-

37 1671 150 1698 rabilem
166 1680 198 1697 ex
217 1669 332 1700 inermi,
352 1667 512 1702 proditoque
532 1667 695 1694 Flamininus
713 1667 864 1695 Victoriam
882 1669 957 1695 feret.
1004 1667 1074 1695 Adai.
1138 1669 1227 1696 lumel.
1243 1679 1266 1702 3,
1280 1671 1349 1704 6pr.
1371 1670 1408 1695 Vt
1423 1676 1454 1694 ex
1473 1667 1514 1693 his
1530 1666 1649 1701 partibus
1668 1665 1755 1691 trunci
1769 1665 1918 1694 sumantur,
1934 1672 2001 1696 quae
2013 1669 2038 1690 et
2052 1663 2178 1698 genitales

36 1705 75 1733 Id.
88 1711 112 1739 8,
126 1712 139 1736 8
152 1712 216 1732 extr.
251 1705 320 1731 Tcr.
333 1702 414 1729 Andr.
431 1712 449 1734 1,
465 1711 487 1735 ς,
500 1711 533 1735 42
567 1703 646 1730 Haud
666 1712 776 1736 vereor,
796 1703 813 1729 fi
834 1704 861 1730 in
880 1710 905 1730 te
921 1704 977 1730 solo
997 1704 1026 1730 lit
1046 1704 1118 1735 fi-40
1138 1706 1212 1736 sunt,
1238 1711 1264 1730 et
1290 1704 1405 1730 maxime
1435 1703 1547 1728 fertiles.
1619 1702 1689 1733 Ager
1709 1699 1806 1725 fertilis
1834 1697 1914 1725 Ouid.
1934 1698 2020 1724 Trist.
2040 1707 2061 1730 ς,
2083 1707 2119 1728 12,
2139 1707 2178 1730 23.

37 1748 109 1769 tum:
126 1741 169 1768 sed
182 1741 246 1767 Vim
259 1745 288 1766 vt
306 1747 385 1774 queas
402 1739 488 1769 ferre,
498 1736 629 1773 stistinet-e.
700 1740 735 1765 Vt
748 1739 825 1765 Vires
839 1740 942 1765 nostrae
955 1739 1075 1765 tulerunt
1138 1739 1318 1766 Fertiliffimus
1331 1739 1390 1764 Liu.
1403 1746 1446 1769 29,
1457 1744 1496 1769 25.
1570 1737 1654 1769 Agros
1668 1734 1819 1760 vberi-imos
1838 1733 2006 1767 maximeque
2022 1734 2125 1760 fertiles
2140 1735 2179 1760 in-

38 1777 168 1810 Quinem.
183 1785 204 1808 3,
218 1785 236 1807 1,
251 1785 270 1802 1.
323 1775 414 1800 Virtus
425 1773 456 1800 ad
469 1773 570 1799 maiora
583 1780 609 1799 te
623 1773 684 1799 tulit
695 1773 777 1800 Ouid.
792 1775 857 1800 Met.
872 1782 893 1806 ς,
908 1777 964 1805 269.
1021 1774 1075 1798 Vo-
1137 1774 1224 1799 colere
1252 1775 1307 1799 Cic.
1323 1773 1354 1798 de
1367 1773 1459 1798 Diuin.
1474 1780 1492 1802 1,
1505 1779 1541 1803 94
1561 1779 1582 1796 c.
1594 1778 1630 1803 42
1643 1775 1706 1796 extr.
1779 1769 1863 1803 Agros
1884 1768 2001 1798 fertiles,
2026 1770 2074 1804 qui
2094 1769 2179 1796 multo

35 1811 122 1838 luntas
135 1811 152 1838 fi
167 1811 250 1837 vestra
263 1811 333 1836 feret
345 1810 400 1835 Cic.
414 1817 462 1843 pro
476 1809 504 1833 L.
519 1808 611 1833 Manil.
625 1815 669 1840 70.
741 1808 870 1833 Voluntas
883 1809 917 1832 ita
932 1808 985 1833 fert
997 1807 1075 1840 Virg.
1138 1808 1196 1842 plus
1209 1808 1331 1838 efferunt,
1344 1815 1424 1841 quam
1436 1811 1601 1840 acceperunt,
1619 1804 1721 1832 imitari
1736 1804 1860 1832 debemus
1873 1804 1945 1830 Idem
1958 1804 2010 1831 Off.
2025 1814 2046 1838 1,
2059 1810 2092 1838 48
2107 1814 2127 1831 c.
2143 1814 2177 1838 ις.

36 1847 100 1873 Aen.
122 1848 147 1877 6,
161 1848 218 1879 ⁶73·
285 1843 412 1881 Voluntas
433 1840 561 1880 quamdiu
581 1842 643 1866 tulit
675 1841 731 1866 Cic.
752 1843 829 1866 Verr.
850 1850 873 1872 3,
892 1848 932 1874 57.
1004 1841 1074 1866 Ter.
1136 1844 1227 1868 Annus
1248 1843 1366 1877 Propert.
1389 1850 1417 1877 4,
1437 1846 1460 1876 8,
1481 1851 1519 1878 14.
1593 1841 1680 1868 Arbos
1701 1842 1776 1876 Virg.
1796 1842 1893 1874 Georg.
1909 1849 2004 1873 4,142.
2072 1842 2177 1867 Arnum

35 1878 99 1909 Hec',
112 1890 139 1914 4,
153 1889 175 1912 ε,
189 1887 218 1913 ¹7
255 1877 333 1904 Nihil
352 1885 406 1902 iam
423 1876 492 1901 mihi
509 1875 605 1901 isthaec
618 1884 659 1901 res
673 1875 822 1915 Voluptatis
842 1876 941 1902 ferunt.
1012 1875 1074 1901 Vox
1084 1883 1118 1909 45
1136 1877 1215 1905 Ouid.
1231 1886 1261 1906 ex
1274 1878 1346 1906 Pont.
1361 1889 1389 1913 4,
1406 1888 1439 1913 ις,
1457 1889 1478 1911 7.
1548 1877 1662 1904 Bacchus
1687 1879 1754 1904 Hor.
1769 1878 1856 1903 Carm.
1877 1884 1903 1908 2,
1917 1878 1941 1905 6,
1956 1884 1992 1907 19.
2064 1877 2178 1910 Campus

35 1917 121 1945 fertur
133 1914 166 1949 ad
179 1921 254 1940 aures
269 1912 344 1946 Vin-g.
360 1912 423 1950 Aen,
439 1918 462 1942 3,
473 1919 518 1944 40.
587 1910 672 1938 Voces
685 1910 796 1938 alicuius
815 1910 847 1937 ad
865 1910 982 1946 aliquem
1000 1911 1072 1937 ferre
1136 1913 1260 1948 frequens
1279 1915 1385 1948 herbis,
1405 1922 1430 1942 et
1449 1914 1546 1941 fertilis
1565 1913 1647 1940 vbere
1664 1914 1738 1946 Virg.
1752 1913 1849 1945 Georg.
1868 1919 1894 1942 2,
1915 1915 1963 1942 185.
2067 1911 2133 1938 Plin,
2148 1912 2178 1938 in

36 1949 197 1980 Ouiarast.
217 1957 239 1982 ς,
259 1953 318 1982 478.
390 1945 498 1986 Clade
510 1946 586 1975 Orat.
622 1966 628 1975 .
666 1967 672 1975 .
710 1965 717 1975 .
754 1947 789 1973 Vt
807 1955 900 1974 eorum
924 1947 976 1974 fert
997 1947 1072 1973 Vsus·
1134 1958 1255 1984 prooem.
1270 1960 1301 1985 14
1338 1952 1431 1978 Tanto
1456 1951 1602 1984 priscorum
1621 1956 1683 1974 cura
1707 1947 1842 1979 tertilior,
1862 1951 1906 1971 aut
1928 1945 2055 1972 industria
2071 1947 2177 1974 felicior

37 1985 249 2019 Tacit.}-1ist..4,
264 1989 292 2017 85
329 1984 404 2016 Quos
424 1982 528 2017 spiritus
545 1981 664 2018 gestisset,
678 1984 753 2011 vultu
772 1982 888 2016 ferebat,
908 1982 932 2010 h.
946 1991 966 2009 e.
987 1980 1074 2015 osten·
1136 1985 1197 2014 fuit,
1269 1988 1386 2013 Gramen
1405 1985 1486 2012 Ouid.
1508 1986 1581 2011 Rem.
1602 1985 1693 2010 Amor.
1716 1987 1766 2017 178.
1838 1981 1928 2007 Herba
1953 1980 2026 2007 Idem
2046 1984 2137 2008 Amor.
2153 1991 2179 2016 2,

38 2023 115 2052 debat.
309 2016 329 2054 fl
352 2027 364 2051 3
402 2017 524 2053 Paffiuum
544 2022 617 2046 etiam
629 2022 700 2046 varie
714 2023 826 2055 ponitur.
861 2021 900 2047 Ac
937 2021 997 2046 rimo
1012 2018 1072 2047 Fer·
1137 2026 1175 2055 15,
1189 2025 1214 2049 6,
1288 2023 1379 2049 Horae
1398 2020 1506 2047 Tibull.
1520 2028 1547 2053 4,
1564 2028 1584 2052 1,
1597 2027 1632 2052 51.
1703 2020 1805 2045 Hortus
1825 2016 1899 2043 Idem
1918 2025 1943 2049 2,
1958 2026 1977 2049 1,
1991 2025 2037 2050 44.
2107 2019 2178 2045 Loca

38 2064 98 2092 tur,
115 2055 210 2093 imperf:
225 2053 430 2090 Dicitur‚fama
449 2052 497 2087 zfl:
544 2055 600 2081 Cic.
622 2055 654 2082 de
674 2056 780 2083 Amicit.
799 2064 825 2089 53
850 2026 934 2091 Quod)
953 2055 1072 2092 Tarqui·
1086 2066 1119 2095 50
1135 2059 1270 2085 fertiliora
1286 2057 1368 2085 Ouid.
1381 2057 1413 2083 de
1429 2057 1492 2083 Arte
1507 2056 1565 2082 Am.
1580 2064 1597 2086 1,
1611 2063 1655 2088 90.
1723 2053 1798 2080 Idem
1818 2062 1849 2079 ex
1863 2053 1935 2078 Pont.
1949 2061 1977 2084 4,
1991 2061 2050 2084 2,11
2077 2054 2177 2080 Fer-tile

39 2094 111 2122 ilium
123 2091 212 2120 dixiffe
226 2091 324 2123 fertur,
342 2096 398 2116 tum
411 2099 493 2125 quum
511 2091 572 2120 exul
586 2091 661 2124 esset,
676 2092 709 2124 se,
724 2099 770 2119 ctc.
813 2093 902 2119 Vetera
923 2095 1073 2129 exemplaria
1134 2094 1226 2121 Pedius
1241 2094 1331 2127 habes,
1349 2093 1472 2126 interque
1487 2092 1618 2117 Helicona
1632 2089 1746 2116 colentes
1784 2088 1897 2115 Vberius
1911 2087 1977 2113 nulli
1992 2090 2116 2123 prouenit
2130 2090 2179 2116 issa

0 2135 16 2159 l.
41 2130 139 2165 habeut,
154 2127 251 2156 Dixiss'e
272 2126 368 2152 ferunt.
457 2126 552 2153 Fertur
569 2128 637 2153 Iuno
657 2128 763 2154 coluill'e
784 2128 971 2163 Carthaginem
995 2128 1069 2162 Vir-g.
1135 2131 1213 2164 seges.
1281 2128 1410 2161 Qiaestus
1430 2127 1495 2154 Plin.
1510 2127 1538 2153 in
1553 2134 1673 2160 prooem.
1693 2133 1731 2158 14.
1805 2124 1881 2159 Seges
1894 2123 2014 2150 fertilior
2030 2124 2066 2150 est
2085 2125 2179 2152 alienis

14 2176 17 2191 ι
45 2167 105 2193 Aen.
124 2173 144 2199 1,
160 2173 201 2192 20.
272 2162 346 2189 Caes.
361 2162 388 2188 Β.
402 2162 434 2188 G.
447 2164 473 2194 6,
485 2163 513 2189 16
545 2163 622 2188 Hunc
642 2163 763 2189 omnium
783 2164 880 2190 artium
902 2164 1071 2190 inuentorem
1136 2166 1238 2199 semper
1256 2164 1286 2190 in
1305 2164 1374 2198 agris
1394 2162 1475 2189 Ouid.
1489 2161 1522 2187 tle
1537 2162 1599 2187 Arte
1613 2162 1672 2187 Am.
1689 2169 1709 2193 1,
1722 2168 1780 2193 349.
1853 2159 1926 2192 Syria
1939 2159 2029 2193 opima
2042 2166 2067 2186 et
2080 2161 2179 2187 fertilis

4 2207 17 2229 ’1
45 2201 136 2229 ferunt.
185 2198 245 2226 Liu.
260 2207 279 2231 1,
293 2207 311 2232 4
350 2197 473 2224 Faustulo
492 2197 567 2225 fuisse
586 2207 684 2225 nomen
704 2199 803 2226 ferunt.
871 2199 981 2226 Nobilis
1001 2200 1073 2225 inter
1135 2200 1191 2226 Cic.
1208 2209 1256 2234 pro
1269 2200 1358 2226 Domo
1374 2207 1413 2231 23.
1483 2199 1541 2224 Vua
1560 2197 1636 2231 Virg.
1651 2197 1750 2230 Georg.
1765 2205 1785 2226 ε,
1801 2204 1849 2228 191.
1921 2195 1978 2220 Cum
1992 2197 2051 2221 Gen.
2074 2196 2130 2222 Cic.
2145 2196 2177 2222 de

15 2240 17 2268 Ι
36 2235 159 2272 :equales
169 2234 301 2262 ferebatur
314 2234 382 2269 Nep.
396 2242 436 2267 25,
450 2242 470 2266 1,
483 2242 505 2266 3.
575 2235 646 2261 Inter
658 2235 746 2266 Ferri,
761 2234 874 2267 Portari,
887 2241 911 2261 ct
924 2235 989 2269 Agl:
1010 2236 1071 2261 Fer·
1086 2238 1115 2265 53
1135 2236 1171 2263 N.
1191 2237 1222 2262 D.
1243 2244 1267 2266 2,
1288 2244 1325 2268 131
1358 2234 1495 2268 Multaque
1513 2233 1564 2259 alia
1583 2233 1610 2258 in
1628 2232 1687 2258 aliis
1706 2231 1770 2257 locis
1790 2229 2039 2257 commemorabilia
2058 2232 2179 2265 proferre

43 2273 76 2304 ri,
89 2273 167 2307 inquit
179 2271 272 2301 Caius,
293 2270 402 2305 proprie
418 2269 545 2301 dicimus,
566 2271 641 2303 Quae
662 2271 722 2304 quis
748 2271 794 2296 suo
820 2279 933 2304 corpore
957 2270 1070 2297 baiulat:
1134 2272 1249 2306 possum,
1268 2271 1367 2298 multos
1387 2270 1488 2296 fertiles
1507 2277 1582 2303 agros
1602 2268 1669 2294 alios
1683 2267 1798 2295 aliorum
1812 2265 1958 2293 fruehmm.
2028 2267 2112 2293 Vinea
2128 2267 2180 2293 fer-

41 2307 154 2339 Portare,
165 2307 210 2339 Ea,
225 2314 291 2341 quae
310 2305 369 2341 quis
380 2306 501 2332 iumento
519 2306 605 2331 secum
619 2305 706 2333 ducit:
732 2307 783 2340 Agi
797 2315 842 2338 ea,
856 2308 931 2340 Qae
944 2306 1070 2332 animalia
1133 2307 1188 2334 tilis
1203 2307 1343 2341 generosae
1355 2315 1422 2332 vuae
1443 2304 1524 2331 Ouid.
1537 2305 1612 2330 Rem.
1628 2304 1718 2329 Amor.
1734 2305 1792 2337 567.
1853 2301 1959 2327 Fertilis
1973 2300 2112 2329 bominum
2123 2304 2179 2329 fru-

38 2343 109 2375 sunt,
128 2343 146 2369 l.
160 2347 204 2375 235
217 2343 249 2369 D.
268 2341 300 2368 de
319 2341 392 2370 verb.
412 2340 519 2375 fignific.
556 2341 632 2367 Ferri
649 2342 744 2376 agique
763 2343 818 2368 suas
837 2351 876 2368 res
896 2348 924 2368 vt
944 2341 1071 2368 viderunt
1134 2352 1250 2377 gumque
1266 2342 1351 2369 Gallia
1370 2342 1430 2368 Liu.
1445 2349 1467 2373 ς,
1481 2349 1520 2374 34.
1568 2341 1600 2366 Et
1614 2339 1679 2365 Plin.
1694 2341 1720 2370 6,
1734 2347 1762 2364 10
1792 2336 1954 2364 Fertilissimi
1971 2338 2029 2363 sunt
2042 2339 2101 2365 auri
2114 2339 2178 2366 Dar-

37 2378 96 2406 Liui
108 2383 146 2411 38,
161 2385 194 2410 ις.
230 2377 302 2404 Idem
316 2386 354 2409 23,
369 2386 381 2410 3
401 2377 571 2411 Posteaquam
591 2386 631 2403 res
651 2378 784 2404 sociorum
803 2384 864 2404 ante
883 2377 974 2403 oculos
990 2386 1072 2411 prope
1134 2379 1196 2410 dae,
1213 2379 1286 2405 Setae
1305 2386 1370 2404 vero
1388 2376 1498 2410 argenti.
1571 2375 1638 2401 Plin.
1653 2383 1687 2406 15,
1702 2380 1732 2405 30
1772 2374 1845 2398 Hanc
1866 2381 1932 2407 qnae
1950 2373 2121 2407 vulgatissima
2141 2375 2178 2400 est

0 2419 17 2449 't'
35 2415 94 2441 finos
106 2414 172 2440 ferri
184 2413 280 2449 agique
293 2413 371 2439 vidit.
413 2412 471 2439 Vid.
489 2418 558 2438 AGO
579 2421 604 2438 n.
616 2421 638 2438 2.
680 2414 801 2449 Magnam
819 2416 871 2439 vim
885 2413 978 2439 doloris
992 2419 1070 2439 notar.
1084 2414 1118 2439 60
1134 2415 1324 2449 baccarumque
1343 2412 1508 2440 fertiliffima.
1581 2411 1667 2437 Locus
1687 2408 1824 2436 doc‘lrinae
1843 2407 2016 2434 fertilissimus
2032 2409 2090 2435 Val.
2107 2410 2177 2436 Max.

0 3291 11 3370 ἵ

35 2449 116 2477 Plaut.
134 2449 197 2476 Cist.
219 2457 243 2480 2,
262 2457 281 2479 1,
301 2456 314 2481 5
350 2447 508 2478 Exanimor,
527 2447 616 2478 feror,
635 2446 760 2480 differor,
775 2448 921 2481 distrahor,
942 2448 1071 2483 deripior.
1134 2455 1158 2483 3,
1173 2458 1189 2484 7
1204 2455 1256 2476 ext.
1272 2458 1292 2482 3.
1310 2452 1328 2475 ι’.
1345 2448 1466 2476 Athenae.

34 2485 82 2512 Sed
98 2486 173 2512 multa
189 2485 266 2510 latias
281 2484 368 2517 pat'et:
405 2483 438 2508 At
453 2490 521 2516 quae
532 2482 630 2508 mater!
658 2492 736 2518 quam
755 2492 858 2510 caecam
877 2484 1030 2510 crudelitate
1045 2490 1071 2510 et
1170 2481 1434 2512 FERTiLiTER.
1458 2482 1525 2509 Adu.
1563 2480 1705 2516 [εὗφόρως]
1740 2479 1806 2505 Plin.
1824 2487 1862 2511 10,
1876 2486 1893 2513 7
1932 2478 2028 2505 Rotam
2047 2478 2177 2505 furtiuam
2211 2496 2219 2507 χ

33 2520 129 2548 scelere
148 2519 214 2546 ferri
233 2517 332 2544 videtis
345 2517 402 2543 Cic·
414 2526 463 2551 pro
478 2517 581 2543 Cluent-
596 2526 618 2544 c·
631 2525 673 2553 70.
691 2519 758 2546 ferri
777 2528 793 2546 a
805 2519 862 2555 fitis
881 2520 1027 2546 libidinibus
1048 2526 1071 2546 ct
1133 2526 1236 2548 tantum
1252 2520 1394 2555 prouenire
1410 2519 1526 2546 fertilius
1540 2523 1640 2552 putant.
1662 2516 1686 2541 h.
1701 2525 1720 2540 e.
1744 2515 1855 2541 thrius.

26 2555 170 2592 sceleribus.
204 2552 288 2579 Paullo
302 2554 388 2579 mitius
406 2553 502 2579 Lucan.
517 2553 549 2579 ad
562 2553 646 2579 Pison.
660 2562 671 2580 1
692 2554 769 2581 Vnde
789 2555 861 2588 prius
881 2556 968 2589 coepti
985 2556 1071 2589 surgat
1170 2563 1187 2583 F
1197 2563 1213 2582 E
1225 2563 1274 2582 ΚΤ
1284 2564 1293 2582 1
1304 2563 1319 2582 1.
1330 2554 1340 2581 ἱ
1353 2561 1375 2581 Τ
1385 2563 1406 2581 A
1417 2561 1444 2585 s,
1465 2554 1522 2580 atis.
1546 2553 1566 2578 f.
1603 2551 1734 2585 [εὐφοριά,
1750 2548 1905 2583 πολυφορίοε]
1942 2547 2073 2574 Columel.
2087 2557 2108 2580 3,
2123 2557 2150 2575 10
2165 2557 2175 2575 1

32 2590 104 2618 mihi
116 2588 240 2616 carminis
252 2586 334 2618 ordo,
369 2589 477 2621 Quosne
494 2597 584 2615 canam
598 2589 706 2622 titulos,
720 2590 816 2618 dubius
828 2591 910 2618 feror.
980 2591 1067 2617 infmi-
1087 2596 1118 2626 65
1132 2592 1162 2618 Id
1179 2592 1251 2617 enim
1268 2590 1363 2616 accidit
1383 2598 1437 2615 non
1457 2587 1573 2622 palmitis
1592 2586 1708 2620 ingenita
1727 2584 1873 2610 fertilitate.
1945 2584 2018 2609 Caes.
2031 2584 2059 2609 B.
2073 2584 2105 2610 G.
2118 2593 2144 2617 2,
2157 2593 2176 2617 4

32 2632 60 2653 te
73 2626 159 2652 fertur
173 2630 203 2651 vt
220 2624 317 2650 flumen
334 2625 422 2650 'oratio
440 2623 494 2650 Cic.
508 2623 538 2650 in
549 2625 623 2651 Orat.
638 2630 687 2655 128.
757 2626 894 2653 Laxiffime
913 2626 996 2658 ferri,
1015 2626 1068 2652 vid.
1134 2626 1266 2652 Fertilitas
1285 2625 1349 2650 loci.
1405 2624 1461 2649 Cic.
1476 2622 1508 2648 de
1522 2622 1614 2648 Diuin.
1637 2629 1655 2650 1,
1677 2628 1713 2651 ¹31
1737 2629 1759 2646 c.
1775 2619 1874 2653 penult.
1904 2618 2031 2644 Sterilitas
2049 2627 2175 2653 agrorum

34 2669 81 2689 LA
91 2669 109 2688 x
118 2668 138 2686 v
148 2667 171 2687 s.
239 2658 356 2694 Oblique
375 2659 458 2691 ferri,
474 2658 528 2685 vid.
549 2665 717 2699 OBquvvs.
789 2662 851 2687 Prae
868 2670 911 2694 eps
925 2662 1010 2686 fertur
1023 2669 1071 2694 per
1133 2661 1177 2686 vel
1191 2660 1314 2686 fertilitas
1327 2666 1393 2693 quae
1407 2658 1436 2683 [it
1450 2659 1549 2683 futura.
1621 2655 1716 2682 Pallad.
1730 2655 1806 2681 Febr.
1820 2663 1845 2687 9,
1859 2656 1877 2680 6
1902 2654 1960 2680 Erit
1973 2661 1997 2680 et
2010 2653 2061 2680 hoc
2073 2654 2175 2690 lignum

32 2696 102 2724 mala
122 2697 189 2722 Hor.
203 2695 285 2721 Seius.
306 2703 330 2725 1,
349 2703 381 2728 4,
402 2702 435 2726 31.
505 2694 605 2728 Rapide
626 2695 692 2721 ferri
718 2696 775 2721 Cic.
795 2696 824 2721 in
842 2670 916 2721 (irat.
932 2700 974 2724 128
993 2704 1014 2720 c.
1031 2702 1070 2728 37.
1133 2695 1290 2722 fertilitatis.
1362 2693 1418 2720 Cic.
1432 2693 1516 2719 Tusc.
1530 2701 1556 2724 2,
1570 2693 1601 2724 36
1616 2701 1637 2719 c.
1652 2698 1676 2723 ις
1695 2700 1723 2716 ex
1736 2692 1826 2721 Poeta,

32 2733 72 2760 Ad
91 2731 204 2767 gloriam
225 2730 311 2757 fertur
328 2730 444 2763 optimus
464 2729 576 2763 quisque
601 2730 657 2755 Cic.
675 2730 759 2756 Tusc.
779 2739 800 2761 3,
821 2738 843 2762 3.
914 2729 954 2755 Ad
973 2735 1071 2756 terram
1421 2728 1466 2755 Illi
1480 2734 1567 2754 autem
1581 2727 1725 2753 voluerunt
1772 2728 1775 2730 ’

31 2773 125 2795 natura
145 2767 189 2793 sua
207 2766 292 2792 fertur
309 2765 389 2797 vitis,
402 2764 451 2791 nili
465 2764 532 2790 fulta
545 2764 581 2790 est
602 2764 658 2791 Cic.
677 2765 709 2791 de
728 2765 828 2791 Sene&
850 2773 884 2798 52.
954 2766 984 2791 In
998 2774 1119 2806 arma'70
1290 2764 1370 2792 Nihil
1389 2764 1486 2790 horum
1500 2763 1584 2789 simile
1597 2761 1664 2796 apud
1678 2762 1806 2787 Lacaenas
1819 2759 1946 2794 virgi-nes,

26 2802 106 2831 'feror
125 2803 198 2836 Virg.
212 2802 276 2827 Aen.
292 2809 316 2832 2,
329 2808 381 2835 337.
452 2801 482 2826 In
500 2799 585 2826 hostes
604 2800 750 2827 moriturus
771 2801 856 2828 fertur
882 2800 954 2827 Idem
968 2802 1031 2827 Aen.
1047 2809 1070 2832 2,
1290 2800 1395 2833 Qiibus
1415 2799 1497 2833 magis
1513 2798 1653 2833 palaestra,
1667 2797 1791 2828 Eurotas,
1807 2796 1852 2826 sol,
1866 2796 1961 2830 puluis,
1974 2793 2061 2828 labor,

32 2847 82 2874 511.
150 2839 182 2864 In
194 2845 315 2872 praeceps
329 2836 403 2863 feror
416 2834 494 2862 Ouid.
508 2836 573 2862 Met.
587 2844 611 2867 2,
625 2838 667 2868 69.
738 2838 768 2862 In
783 2845 880 2871 pugnas
895 2836 968 2862 Idem
983 2836 1069 2863 Trist.
1288 2835 1391 2862 Militia
1404 2836 1431 2861 in
1446 2834 1532 2861 studio
1547 2833 1596 2865 est,
1610 2841 1689 2868 quam
1703 2832 1826 2859 fertilitas
1841 2831 1961 2859 barbara.

35 2886 64 2909 4,
78 2883 104 2908 9,
118 2881 157 2908 27.
228 2872 359 2905 Qxinefil.
379 2874 403 2903 6,
419 2880 444 2904 2,
456 2873 473 2897 6
504 2871 583 2898 Aestu
605 2871 691 2898 fertur
711 2871 806 2903 iudex,
829 2877 854 2898 et
873 2872 958 2898 veluti
975 2872 1069 2906 rapido
1133 2871 1309 2900 Fertilitatein
1317 2869 1526 2906 puratTurneb.
1539 2878 1568 2903 4,
1585 2875 1609 2899 18
1628 2870 1737 2895 Delicias
1757 2874 1860 2894 ornatus
1880 2869 2010 2902 luxumque
2021 2866 2178 2903 fignificat-e,

33 2910 138 2937 flumini
151 2907 323 2942 obsequitur,
344 2907 372 2933 de
384 2905 526 2941 afflflibus.
596 2907 652 2934 Cic.
667 2916 716 2941 pro
730 2907 823 2941 Qtint.
837 2913 864 2939 38
885 2907 1004 2934 Naeuius
1017 2916 1072 2933 non
1133 2908 1221 2944 quibus
1237 2909 1402 2934 Troianorum
1415 2914 1438 2932 et
1450 2906 1579 2932 Medorum
1593 2914 1670 2932 marm
1689 2912 1712 2930 ct
1725 2907 1838 2940 virgines
1855 2910 1956 2929 ornatae
1973 2903 2103 2939 magnifice
2115 2913 2177 2930 com-

34 2944 147 2978 fateret3
163 2944 211 2979 qui
224 2944 306 2978 vsquc
325 2951 358 2968 eo
372 2943 459 2969 feruet
471 2942 610 2977 ferturque
621 2943 747 2974 auaritia,
765 2951 794 2970 vt
811 2943 843 2969 dc
857 2943 908 2968 suis
923 2943 1071 2969 commodis
1084 2952 1116 2980 75
1133 2951 1218 2979 raeque
1238 2950 1325 2975 erant,
1342 2950 1371 2969 vt
1385 2940 1583 2978 quemadmodum
1596 2939 1720 2967 fertilitas
1733 2943 1760 2966 in
1774 2939 1828 2975 sola
1843 2939 1932 2975 feraci
1951 2945 1974 2964 et
1986 2938 2096 2973 fecundo
2114 2939 2177 2965 dici-

8 2980 10 2982 ’
36 2980 106 3006 nolit
123 2979 237 3014 aliquam
256 2985 358 3013 partem
377 2978 512 3004 omittere.
583 2978 667 3004 Cursu
686 2987 783 3013 magno
803 2979 943 3013 sonituque
972 2979 1028 3005 Cic.
1044 2988 1071 3005 m
1132 2986 1175 3005 tm·
1187 2979 1295 3015 frugum
1307 2981 1390 3014 copias
1403 2984 1517 3014 gerente:
1536 2979 1573 3002 ita
1583 2975 1715 3002 Fertilitas
1730 2975 1829 3001 dicatur
1841 2977 1868 3000 in
1881 2973 1943 3006 illis,
1957 2983 2016 3011 quae
2031 2976 2123 2999 cuicum
2136 2984 2177 3000 ve-

0 3041 3 3046 ,
38 3016 111 3041 Orat.
125 3022 157 3049 97
171 3023 191 3041 c.
205 3020 234 3045 28
242 3021 286 3051 pr.
356 3013 437 3040 Ouid.
448 3013 528 3047 Epist.
545 3018 579 3045 18,
592 3022 623 3045 30
651 3014 682 3039 Et
694 3023 747 3048 quo
767 3023 821 3040 non
837 3015 934 3049 poffinn
950 3023 1070 3049 corpore,
1124 3013 1262 3050 stitumque
1276 3017 1392 3052 eximiam
1405 3011 1517 3049 gestam,
1531 3015 1677 3048 gemmisque
1690 3017 1714 3037 et
1731 3013 1894 3045 margaritis,
1906 3009 2034 3044 torquibus
2046 3016 2070 3034 et
2081 3013 2176 3035 catenis

39 3055 124 3075 mente
147 3049 227 3077 feror.
295 3046 380 3076 Rabie
403 3049 471 3075 ferri
501 3049 566 3075 Plin.
584 3058 622 3081 ιο,
642 3057 678 3081 33.
749 3049 819 3076 Saltu
834 3051 919 3084 supra
939 3050 1069 3077 venabula
1133 3053 1214 3076 aurcis
1234 3057 1335 3076 ornatae
1346 3051 1408 3083 Jmt.
1445 3049 1489 3074 Αᾱ
1507 3050 1574 3074 uteri
1587 3047 1739 3083 felicitatem
1758 3054 1781 3071 ec
1800 3045 1888 3072 liberos
1906 3045 1994 3071 retulit
2009 3044 2175 3071 Camerarius.

40 3084 115 3123 Virg3
128 3084 188 3110 Aen.
199 3093 225 3117 9,
236 3093 284 3118 553.
356 3085 410 3119 Ego
430 3083 516 3111 studio
530 3085 561 3111 ad
578 3093 661 3119 remp.
676 3084 742 3111 latus
763 3086 820 3112 sum
845 3085 903 3112 Sall.
918 3087 997 3112 Catil.
1012 3095 1034 3118 3,
1047 3096 1067 3118 ς.
1132 3085 1249 3119 Damyius
1256 3085 1407 3121 sententiam
1425 3083 1537 3110 Turnebz·
1549 3089 1622 3109 ornat
1635 3080 1771 3115 testimonio
1787 3080 1885 3107 Sedulii
1900 3089 1928 3111 4,
1941 3087 1970 3104 10
2174 3080 2179 3083 “

41 3118 159 3146 Subhme
177 3118 257 3147 fermr
272 3121 311 3147 vis
331 3121 423 3155 sinapis
449 3120 515 3146 Plin.
530 3130 570 3151 ΞΟ,
583 3129 617 3146 22
630 3128 674 3155 pr.
745 3121 842 3147 Volatu
863 3121 949 3147 Catul.
970 3130 1011 3154 53,
1033 3129 1068 3154 ²3-
1085 3125 1118 3150 80
1289 3121 1413 3154 Namque
1429 3120 1549 3146 foramen
1560 3127 1620 3145 acus
1634 3118 1696 3145 ficut
1716 3124 1853 3151 penetrare
1871 3115 1983 3141 camelus

41 3152 63 3192 ff
83 3164 102 3188 4
138 3154 170 3180 In
183 3154 253 3181 MSS.
266 3156 452 3191 cavi-timebantur
465 3157 543 3182 Ferre
556 3162 579 3182 ec
593 3156 701 3188 Serere,
716 3156 849 3185 Drakenb.
870 3157 904 3183 ad
920 3157 964 3183 Sil.
981 3166 1003 3190 ς,
1018 3165 1068 3190 233.
1119 3150 1125 3156 ”
1287 3155 1472 3183 Membrorum
1485 3163 1547 3190 prae
1562 3155 1633 3181 mole
1644 3154 1750 3188 nequit,
1764 3152 1796 3178 sic
1809 3151 1882 3177 diues
1895 3150 1986 3184 opima

39 3197 116 3222 ct-1;‚
136 3193 190 3219 283·
210 3191 238 3214 it.
253 3190 346 3217 Fet-ens
365 3199 389 3218 ct
410 3192 509 3218 Furens
528 3190 566 3218 Id.
580 3190 617 3217 ib.
629 3191 663 3218 ad
682 3200 716 3223 12,
733 3194 790 3227 267.
827 3193 862 3220 It.
883 3195 909 3218 in
930 3192 1069 3228 cottzpofitis
1287 3191 1436 3219 Fertilitate
1450 3197 1565 3221 tumens,
1579 3196 1684 3216 tenuem
1698 3197 1752 3215 non
1766 3186 1838 3222 possit
1851 3185 1925 3212 adire

37 3227 178 3253 Praeterita
190 3225 395 3254 cum‘Praeeerin·s
409 3237 437 3253 ex
450 3227 521 3253 l’ello
540 3226 579 3253 Id.
593 3227 630 3253 ib.
643 3226 676 3253 ad
688 3236 715 3260 9,
728 3236 782 3261 395.
1287 3227 1410 3254 Caelestis
1425 3227 1500 3261 regni
1513 3226 1651 3252 ducentem
1663 3224 1695 3250 ad
1715 3225 1807 3250 limina
1820 3222 1922 3248 callem.
1961 3245 1964 3246 .

78 3267 95 3287 F
109 3267 125 3286 E
138 3266 157 3285 R
170 3264 187 3285 E
200 3266 222 3284 N
235 3265 254 3284 n
263 3265 283 3286 ο
292 3280 308 3300 ,,
323 3269 347 3288 et
379 3269 396 3288 F
406 3270 423 3289 E
432 3270 476 3289 RE
486 3270 508 3289 N
518 3269 536 3289 D
545 3270 589 3289 vs
598 3282 606 3295 ‚
630 3271 644 3288 a
658 3282 666 3294 ,
689 3272 744 3289 um.
799 3264 947 3298 Superanda
979 3263 1068 3290 omnis
1130 3263 1178 3291 Sed
1189 3266 1269 3299 magis
1282 3263 1363 3289 tanien
1375 3263 1437 3289 mihi
1445 3264 1528 3298 placet
1543 3263 1687 3288 Bentlea'ana
1699 3258 1856 3290 coniceiura,
1870 3255 1991 3284 Futilitas
2003 3253 2136 3294 barbara
2157 3291 2161 3294 .

39 3297 146 3336 fortuna
160 3293 267 3320 ferendo
277 3295 349 3330 Virg.
363 3299 426 3324 Aen.
441 3306 462 3331 ς,
475 3305 532 3333 710.
588 3298 657 3324 Mala
670 3298 780 3325 ferendo
794 3300 893 3326 minuit
906 3299 950 3326 Sil.
966 3307 999 3331 ις,
1013 3304 1069 3328 822-
1080 3307 1110 3335 85
1169 3306 1185 3326 F
1196 3305 1338 3330 ERTOR,
1358 3299 1420 3325 aris.
1439 3307 1475 3324 m.
1516 3296 1573 3324 Viti.
1589 3298 1664 3323 Varr.
1679 3295 1710 3322 de
1718 3296 1747 3321 L.
1757 3295 1785 3321 L.
1801 3302 1826 3327 7,
1839 3302 1865 3326 32
1885 3299 1957 3327 P·95›
1972 3299 2006 3323 24
2022 3296 2096 3329 ⁷}ng
2108 3288 2171 3321 ‘3¹01’

38 3333 100 3358 1³1¹·
114 3337 182 3369 4⁹,33
191 3336 258 3369 Ρ-ΥῙΥ·
289 3330 476 3369 ΕΚΡΘπὶεηᾱειι-ιι
493 3343 551 3361 rem
569 3334 683 3368 denique
700 3334 728 3360 in
745 3344 800 3362 vno
811 3342 855 3362 aut
869 3336 896 3361 in
910 3335 993 3361 altero
1014 3335 1070 3365 effe,
1131 3341 1160 3361 vt
1174 3335 1270 3361 Mefl'or
1282 3337 1320 3361 ita
1333 3335 1437 3361 Fertor.
1474 3335 1504 3359 Et
1517 3339 1596 3359 tamen
1609 3332 1689 3358 Gloss'.
1701 3332 1761 3357 Vet.
1775 3331 1895 3356 Fertorcs
1905 3348 1911 3358 ‚
1924 3328 2001 3354 Ferto
2014 3325 2134 3350 l1bantes.

38 3367 102 3394 fitne
116 3366 210 3399 aliquis
224 3363 340 3398 plebeius
352 3367 460 3397 serendo
477 3379 573 3404 magno
589 3370 695 3396 honori.
716 3370 738 3396 h.
753 3380 772 3396 e.
794 3371 897 3398 Idoneus
912 3371 945 3396 ad
956 3371 1070 3396 honorem
1171 3377 1210 3396 FE
1221 3377 1239 3396 R
1249 3376 1270 3395 T
1280 3376 1395 3397 ORIVS
1405 3389 1412 3401 ‚
1430 3378 1459 3401 a,
1478 3377 1532 3394 um.
1554 3367 1614 3394 Adi.
1650 3366 1744 3393 Letfflus
1757 3365 1884 3392 sertorius
1897 3362 1967 3390 Cael.
1983 3359 2070 3387 Aurel.
2081 3358 2170 3386 Tard.

32 3401 177 3445 sqrejnlum.
248 3398 320 3425 Idem
331 3409 353 3432 2,
365 3411 381 3442 2
401 3405 528 3432 Por-tortis
541 3414 648 3440 quoque
662 3412 687 3431 et
702 3405 804 3432 tributo
819 3406 894 3440 plebe
907 3405 1027 3438 liberata,
1041 3411 1070 3432 vt
1134 3414 1154 3437 5,
1169 3415 1188 3432 1.
1224 3406 1290 3432 Sella
1304 3405 1417 3432 sertor-ia
1431 3405 1503 3431 Idem
1517 3412 1538 3436 1,
1550 3412 1577 3437 4.
1614 3404 1644 3429 Et
1656 3403 1761 3438 absolute
1774 3401 1923 3427 Fertorium
1936 3397 1973 3423 Id.
1990 3405 2010 3428 1,
2023 3404 2046 3422 2.
2069 3430 2074 3435 ι
2137 3430 2144 3435 ·

39 3438 136 3464 diuites
151 3435 314 3465 conferrent,
331 3444 377 3470 qul
394 3441 471 3467 oneri
487 3442 596 3468 ferendo
609 3442 699 3467 essent:
720 3450 845 3476 pauperes
864 3443 923 3468 satis
944 3440 1073 3476 stipendii
1170 3439 1308 3473 rfffRiTo,
1330 3445 1383 3468 are.
1403 3441 1546 3474 Frequent.
1581 3438 1663 3465 Solin.
1678 3447 1699 3463 c.
1712 3440 1742 3470 56
1763 3436 1874 3463 Palmcta
1888 3435 2012 3464 Caryotas
2025 3431 2170 3457 feritantra.

22 3472 152 3509 „pendere
178 3471 195 3497 si
223 3470 319 3496 liberos
337 3471 452 3501 educent.
504 3476 585 3503 Ouid.
601 3478 664 3504 Met.
680 3484 774 3510 1,·‚4o3
795 3477 823 3504 de
839 3477 956 3504 Phoenice
975 3481 1069 3509 iuuene,
1082 3491 1118 3515 90
1170 3484 1209 3503 FE
1220 3485 1237 3503 R
1248 3484 1295 3503 ΕΝ
1307 3483 1328 3502 Τ
1339 3483 1408 3503 Aul
1420 3483 1440 3502 V
1451 3483 1480 3508 S,
1500 3484 1517 3501 1.
1547 3484 1582 3501 m.
1621 3473 1783 3504 Ferentarii,
1803 3470 1903 3497 Milites
1923 3467 1989 3494 leuiS
2014 3472 2170 3493 armaturae·

39 3509 107 3550 Cum
124 3507 195 3534 dedit
213 3506 275 3547 huic
294 3505 364 3546 vires
382 3513 462 3546 aetas,
478 3513 608 3547 onerique
627 3513 738 3538 ferendo
753 3512 788 3538 est
802 3512 879 3539 intell.
894 3521 948 3547 par.
1020 3513 1069 3539 Lc-
1132 3512 1160 3537 de
1172 3513 1212 3537 his
1225 3513 1311 3539 Varro
1325 3511 1356 3538 de
1366 3513 1396 3538 L.
1412 3512 1440 3538 L.
1455 3514 1481 3543 6,
1494 3521 1505 3543 3
1526 3519 1550 3545 p.
1562 3517 1642 3545 75,‘21
1656 3512 1739 3544 primo
1752 3507 1836 3534 laudat
1844 3504 1929 3531 Plauti
1941 3504 2018 3542 lacurn
2032 3502 2060 3529 in
2067 3502 2172 3542 Trinu-

39 3549 108 3572 mter
121 3553 153 3570 ex
166 3548 263 3569 merito
277 3541 406 3575 quidquid
419 3545 513 3576 patiare
524 3548 663 3574 ferendum
676 3548 711 3574 est
729 3547 802 3574 Idem
815 3548 894 3582 Epist.
910 3556 930 3581 ς,
944 3556 970 3582 7.
1017 3549 1069 3574 Ni-
1133 3556 1178 3573 mo
1199 3550 1241 3579 (z,
1257 3557 1284 3580 4,
1301 3552 1344 3580 53)
1362 3547 1432 3574 Nam
1444 3547 1521 3573 illum
1534 3545 1586 3572 tibi
1601 3544 1786 3572 ferentarium:
1806 3548 1857 3567 tum
1871 3539 1958 3569 addit,
1971 3547 1986 3565 a
2000 3537 2127 3570 terendo,
2143 3537 2171 3564 id

23 3602 25 3605 ψ
40 3579 123 3605 mium
143 3578 193 3605 fibi
214 3577 308 3609 sumit,
328 3585 375 3602 nec
394 3577 430 3602 est
445 3579 564 3609 ferendus
588 3584 644 3610 Cic.
659 3584 686 3609 in
702 3583 781 3610 Catil.
805 3592 826 3615 3,
839 3592 882 3610 22.
953 3585 1069 3610 Fortuna
1135 3582 1171 3608 est
1186 3583 1291 3609 inanem
1306 3592 1334 3609 ac
1355 3582 1407 3608 fine
1425 3582 1523 3609 fruetu.
1559 3581 1606 3609 Sed
1623 3585 1716 3616 oportet
1734 3578 1804 3603 illum
1817 3577 1856 3601 vcl
1872 3577 1986 3601 memoria
2007 3574 2099 3610 lapfitm
2118 3571 2171 3613 effe,

39 3614 155 3648 erffltel‘
174 3612 282 3640 ferenda
307 3611 388 3639 OUid·
403 3613 468 3639 Fast·
481 3623 499 3646 Ι,
513 3624 570 3649 480.
641 3618 730 3646 Verba
748 3619 821 3646 dedit
839 3618 946 3646 ferenda
966 3619 1068 3646 tabellis
1132 3619 1173 3643 vel
1185 3618 1280 3652 paffum
1292 3619 1390 3654 aliquid
1407 3627 1423 3643 a
1441 3618 1565 3644 librariis.
1604 3618 1669 3643 Nam
1685 3617 1711 3639 in
1730 3615 1781 3639 10⁶⁰
1795 3610 1878 3637 Plifflfi
1892 3610 2057 3637 Ferfflfflrilss
2072 3617 2172 3636 ³¹²²¹ffl⁹

38 3650 111 3677 Idem
124 3651 187 3677 Met.
204 3658 243 3683 14,
256 3655 320 3688 7075
435 3683 441 3688 ι
594 3665 595 3668 =
1084 3660 1116 3687 95
1133 3651 1166 3683 2st
1179 3653 1233 3685 stne
1245 3654 1324 3685 dubio,
1333 3657 1375 3689 qui
1385 3654 1445 3689 fert
1457 3653 1556 3687 aliquid
1568 3655 1644 3679 amico
1656 3648 1781 3676 commodi.
1819 3648 1908 3682 Pergit
1923 3647 2027 3678 Varro,
2041 3651 2086 3671 aut
2100 3644 2172 3684 quod

76 3691 198 3726 FEREN
209 3692 239 3717 Ss
259 3691 336 3710 enm·
373 3684 466 3709 Fame·
500 3685 606 3723 [Φὲθων]
640 3690 738 3716 Oculos
755 3690 841 3725 paslim
856 3699 902 3725 per
921 3689 1013 3716 cun6'ta
1031 3689 1068 3715 fe-
1134 3689 1281 3714 Ferentarii
1300 3689 1401 3723 equites
1421 3689 1450 3715 hi
1469 3689 1549 3719 dieii,
1570 3687 1617 3721 qui
1634 3694 1664 3711 ea
1683 3683 1763 3710 modo
1778 3681 1909 3709 habebant
1923 3690 2011 3714 arma,
2042 3689 2108 3716 quae
2120 3683 2171 3719 ter-

40 3729 98 3747 “ns
110 3723 183 3755 VU'g·
197 3721 262 3747 Aen·
277 3729 301 3751 Ζ»
314 3727 372 3754 570.
426 3720 510 3745 Iratus
523 3725 599 3754 atque
611 3732 687 3759 aegre
698 3726 784 3753 ferens
798 3726 866 3752 Ter.
876 3726 955 3751 Andr.
970 3734 988 3753 1,
1003 3733 1021 3756 1,
1031 3734 1068 3751 10.
1133 3730 1240 3756 rentur,
1257 3730 1285 3750 vt
1305 3724 1421 3750 iaculum
1443 3724 1553 3759 (quihus
1570 3726 1663 3748 caninus
1678 3720 1830 3753 uterentur)
1855 3715 2050 3744 Huiuscemodi
2069 3720 2172 3749 equites

29 3755 113 3789 'Dima
125 3757 236 3785 fetentes
252 3756 327 3789 Virg·
342 3756 406 3781 Aen·
422 3763 444 3786 2,
458 3762 502 3786 49-
570 3756 640 3784 Dura
651 3761 736 3787 ferens
751 3761 854 3788 animus
868 3762 934 3787 Hor.
950 3760 1028 3794 Epist.
1044 3768 1069 3791 2,
1134 3758 1219 3793 pi6los
1255 3759 1311 3786 vidi
1339 3760 1367 3786 in
1388 3759 1535 3793 Aesculapii
1566 3755 1629 3783 aede
1654 3761 1761 3787 vetere,
1783 3760 1809 3780 et
1829 3754 1996 3780 Ferentarios
2019 3751 2169 3783 adscriptos.

42 3798 122 3830 13141.
138 3818 141 3820 -
193 3791 272 3818 Ouid.
288 3792 378 3818 Amor·
393 3799 413 3822 ¹2
426 3795 450 3830 82,
463 3797 498 3824 77
518 3789 598 3816 Surda
608 3792 638 3819 fit
651 3797 737 3823 oranti
750 3802 795 3823 tua
808 3798 897 3827 Ianua,
911 3797 968 3823 laxa
983 3796 1069 3822 feren·
1136 3796 1204 3820 Haec
1222 3796 1271 3821 iIIe.
1303 3795 1408 3827 Festus,
1426 3792 1572 3821 Fet-entarii
1591 3790 1731 3818 auxiliares
1752 3790 1781 3816 in
1800 3789 1887 3822 bello,
1904 3798 1917 3816 a
1939 3787 2049 3815 ferendo
2068 3784 2170 3811 auxilio

40 3830 78 3858 Ν,
94 3829 113 3853 i·
130 3827 247 3861 ‘iffl'rss'ffli
260 3826 332 3853 dona.
387 3827 479 3860 calma
492 3824 543 3852 alta
556 3824 669 3854 ferentes
680 3831 754 3865 Virg.
767 3833 832 3859 Aen.
848 3842 867 3864 1,
881 3841 917 3864 19.
973 3833 1067 3858 Letum
1078 3837 1125 3854 100
1136 3829 1214 3856 dieti:
1248 3830 1306 3863 vel,
1321 3831 1385 3865 quia
1399 3831 1487 3857 fundis
1507 3834 1530 3854 et
1548 3826 1679 3861 lapidibus
1699 3825 1863 3866 pugnabant,
1883 3833 1949 3859 quae
1969 3823 2020 3849 tela
2039 3822 2170 3848 seruntur,

4 3867 8 3874 ⁹
40 3860 150 3889 ferentes
173 3863 246 3889 Idem
264 3863 328 3888 Aen·
349 3871 382 3894 Π,
400 3867 458 3895 872·
478 3864 496 3886 i.
516 3859 660 3895 offerentes.
728 3867 818 3894 Tacit.
832 3867 900 3894 Hist.
923 3874 945 3900 ς,
960 3870 976 3894 6
1002 3868 1068 3894 Cor·
1134 3874 1188 3892 non
1206 3871 1343 3898 tenentur,
1358 3867 1396 3892 ita
1419 3862 1551 3900 appellati.
1576 3862 1722 3889 Ferentarh
1746 3862 1813 3889 leuis
1834 3866 1982 3887 armaturae
2003 3861 2170 3890 pugnatores.

26 3903 102 3929 ⁷P⁰f²¹
114 3897 251 3925 hominum
264 3897 396 3930 salubria,
411 3903 436 3924 et
450 3896 562 3924 ferentia
575 3895 705 3924 laborum·
759 3902 839 3929 Venti
855 3903 968 3930 ferentes
986 3903 1067 3930 Ouid.
1135 3901 1242 3928 Nonius
1257 3908 1292 3933 18,
1306 3908 1330 3933 ις
1367 3899 1513 3928 Ferentarii
1532 3898 1598 3924 leuis
1611 3904 1759 3930 armatura,
1780 3896 1910 3932 quidquid
1930 3902 1993 3927 opus
2006 3891 2085 3916 client
2097 3888 2170 3915 auxi-

35 3931 101 3966 ,ΗΕΒ
116 3936 153 3966 ¹6,
168 3940 217 3966 125.
237 3936 255 3959 ²·-
267 3933 379 3969 st’cundl'·
569 3954 582 3958 s
700 3967 705 3972 ,
1136 3937 1174 3963 lio
1188 3937 1228 3972 (f.
1243 3937 1299 3971 qui,
1314 3936 1331 3962 fi
1350 3936 1414 3971 quid
1428 3943 1493 3970 opus
1507 3934 1566 3961 esset
1579 3933 1701 3965 auxilio)
1716 3933 1816 3959 ferrent
1831 3931 1937 3958 excursu
1950 3927 2100 3965 leui,ar1ms
2114 3931 2170 3957 gra-

59 3973 144 4009 *LA'F
154 3976 212 4000 *7⁸⁷
232 3977 264 4001 ²2
283 3977 336 3995 um·
363 3969 431 3994 Pffl‘t·
468 3966 639 4000 [⁷⁸3ffl‘51‘05]
675 3968 730 4007 (ξιο-
745 3969 857 4005 Philipp.
871 3981 886 3999 2
899 3983 920 3999 c.
935 3982 964 4006 4¹
983 3974 1066 4008 Oper-
1134 3972 1211 3999 vibus
1225 3981 1277 3998 non
1292 3972 1424 4006 impediti.
1461 3971 1528 3997 Cato
1540 3969 1572 3997 de
1586 3978 1614 3995 re
1627 3969 1748 3999 militari,
1762 3969 1824 3994 Inde
1836 3973 1934 4001 partem
1950 3965 2079 3995 equitatus
2092 3964 2171 3992 atque

36 4005 61 4031 ‘³
73 4002 164 4031 lefma
177 4004 242 4030 latus
258 4003 294 4029 ²st
306 4010 335 4030 vt
347 4009 476 4029 mortuus.
546 4002 599 4029 Lex
613 4011 659 4037 pes
673 4012 730 4030 Vlffl
742 4004 794 4031 ¹³1³
805 4006 880 4034 Idem
890 4017 939 4042 pro
952 4009 1021 4036 Sext.
1034 4016 1066 4044 37
1081 4015 1125 4042 105
1135 4008 1292 4035 serentarios
1317 4006 1453 4041 praedatos
1476 4005 1554 4033 milit.
1581 4005 1714 4032 Sallustius
1739 4005 1767 4031 in
1782 4003 1911 4030 Catilinae
1929 3997 2001 4023 bello
2023 4001 2062 4026 (c.
2079 3995 2122 4024 60,
2136 3996 2171 4023 2)

36 4045 57 4064 c.
70 4040 105 4066 16.
159 4040 243 4067 Poena
258 4038 309 4066 lata
322 4038 361 4066 Id.
373 4047 422 4074 pro
437 4040 519 4066 Corn.
532 4038 604 4065 Balb.
619 4046 654 4070 33·
1326 4043 1347 4068 L
1367 4042 1376 4067 ι
1397 4041 1406 4067 1
1426 4041 1434 4068 1
1470 4050 1487 4068 2
2029 4029 2169 4063 Postquam
