<?xml version="1.0" encoding="UTF-8"?>
<!DOCTYPE html PUBLIC "-//W3C//DTD XHTML 1.0 Transitional//EN"
    "http://www.w3.org/TR/xhtml1/DTD/xhtml1-transitional.dtd">
<html xmlns="http://www.w3.org/1999/xhtml" xml:lang="en" lang="en">
 <head>
  <title>
</title>
<meta http-equiv="Content-Type" content="text/html;charset=utf-8" />
  <meta name='ocr-system' content='tesseract 3.04.00' />
  <meta name='ocr-capabilities' content='ocr_page ocr_carea ocr_par ocr_line ocrx_word'/>
</head>
<body>
  <div class='ocr_page' id='page_1' title='image "./novuslinguaeeter02gesn_0241.png"; bbox 0 0 2479 4225; ppageno 0'>
   <div class='ocr_carea' id='block_1_1' title="bbox 0 1813 9 2111">
    <p class='ocr_par' dir='ltr' id='par_1_1' title="bbox 0 1813 9 2111">
     <span class='ocr_line' id='line_1_1' title="bbox 0 1813 9 2111; baseline 0 2114"><span class='ocrx_word' id='word_1_1' title='bbox 0 1813 9 2111; x_wconf 95' lang='lat' dir='ltr'> </span> 
     </span>
    </p>
   </div>
   <div class='ocr_carea' id='block_1_2' title="bbox 7 2106 11 2674">
    <p class='ocr_par' dir='ltr' id='par_1_2' title="bbox 7 2106 11 2674">
     <span class='ocr_line' id='line_1_2' title="bbox 7 2106 11 2674; baseline 0 0"><span class='ocrx_word' id='word_1_2' title='bbox 7 2106 11 2674; x_wconf 95' lang='lat' dir='ltr'> </span> 
     </span>
    </p>
   </div>
   <div class='ocr_carea' id='block_1_3' title="bbox 409 193 694 234">
    <p class='ocr_par' dir='ltr' id='par_1_3' title="bbox 409 193 694 234">
     <span class='ocr_line' id='line_1_3' title="bbox 409 193 694 234; baseline 0 -1"><span class='ocrx_word' id='word_1_3' title='bbox 409 193 694 234; x_wconf 87' lang='lat' dir='ltr'>EXC</span> 
     </span>
    </p>
   </div>
   <div class='ocr_carea' id='block_1_4' title="bbox 532 277 1084 382">
    <p class='ocr_par' dir='ltr' id='par_1_4' title="bbox 532 277 1084 382">
     <span class='ocr_line' id='line_1_4' title="bbox 532 277 1083 318; baseline -0.009 -10"><span class='ocrx_word' id='word_1_4' title='bbox 532 280 714 318; x_wconf 53' lang='grc' dir='ltr'>[ἔκπυρέομοεῃ</span> <span class='ocrx_word' id='word_1_5' title='bbox 738 280 886 314; x_wconf 56' lang='lat' dir='ltr'>Soudanon]</span> <span class='ocrx_word' id='word_1_6' title='bbox 927 277 1083 304; x_wconf 76' lang='lat' dir='ltr'>Vehementer</span> 
     </span>
     <span class='ocr_line' id='line_1_5' title="bbox 682 314 1083 350; baseline -0.017 -6"><span class='ocrx_word' id='word_1_7' title='bbox 682 326 694 350; x_wconf 90' lang='lat'>5</span> <span class='ocrx_word' id='word_1_8' title='bbox 725 317 794 343; x_wconf 88' lang='lat' dir='ltr'>Nam</span> <span class='ocrx_word' id='word_1_9' title='bbox 814 315 831 342; x_wconf 92' lang='lat' dir='ltr'>si</span> <span class='ocrx_word' id='word_1_10' title='bbox 850 315 878 341; x_wconf 92' lang='lat' dir='ltr'>in</span> <span class='ocrx_word' id='word_1_11' title='bbox 894 314 964 340; x_wconf 71' lang='lat' dir='ltr'>tecto</span> <span class='ocrx_word' id='word_1_12' title='bbox 978 321 1083 347; x_wconf 78' lang='lat' dir='ltr'>coquas,</span> 
     </span>
     <span class='ocr_line' id='line_1_6' title="bbox 875 348 1084 382; baseline -0.019 -6"><span class='ocrx_word' id='word_1_13' title='bbox 875 348 1006 376; x_wconf 85' lang='lat' dir='ltr'>Columel.</span> <span class='ocrx_word' id='word_1_14' title='bbox 1020 356 1046 382; x_wconf 87' lang='lat'>7,</span> <span class='ocrx_word' id='word_1_15' title='bbox 1061 356 1084 380; x_wconf 87' lang='lat'>5,</span> 
     </span>
    </p>
   </div>
   <div class='ocr_carea' id='block_1_5' title="bbox 5 211 122 259">
    <p class='ocr_par' dir='ltr' id='par_1_5' title="bbox 5 211 122 259">
     <span class='ocr_line' id='line_1_7' title="bbox 5 211 122 259; baseline 0 0"><span class='ocrx_word' id='word_1_16' title='bbox 5 230 7 259; x_wconf 70' lang='grc' dir='ltr'>ε</span> <span class='ocrx_word' id='word_1_17' title='bbox 52 211 122 259; x_wconf 65' lang='grc'>457</span> 
     </span>
    </p>
   </div>
   <div class='ocr_carea' id='block_1_6' title="bbox 50 283 1084 423">
    <p class='ocr_par' dir='ltr' id='par_1_6' title="bbox 50 283 1084 423">
     <span class='ocr_line' id='line_1_8' title="bbox 83 283 495 315; baseline -0.01 -3"><span class='ocrx_word' id='word_1_18' title='bbox 83 284 355 315; x_wconf 68' lang='grc' dir='ltr'>ΕκαᾹΝυεεοο,</span> <span class='ocrx_word' id='word_1_19' title='bbox 374 283 420 314; x_wconf 86' lang='lat' dir='ltr'>ui,</span> <span class='ocrx_word' id='word_1_20' title='bbox 442 283 495 308; x_wconf 61' lang='lat' dir='ltr'>ere.</span> 
     </span>
     <span class='ocr_line' id='line_1_9' title="bbox 50 316 679 355; baseline -0.01 -6"><span class='ocrx_word' id='word_1_21' title='bbox 50 320 160 352; x_wconf 74' lang='lat' dir='ltr'>incendi,</span> <span class='ocrx_word' id='word_1_22' title='bbox 173 318 376 355; x_wconf 70' lang='lat' dir='ltr'>hfiammariquc.</span> <span class='ocrx_word' id='word_1_23' title='bbox 413 319 479 344; x_wconf 89' lang='lat' dir='ltr'>Cato</span> <span class='ocrx_word' id='word_1_24' title='bbox 493 316 525 343; x_wconf 89' lang='lat' dir='ltr'>de</span> <span class='ocrx_word' id='word_1_25' title='bbox 540 319 561 344; x_wconf 83' lang='lat' dir='ltr'>R</span> <span class='ocrx_word' id='word_1_26' title='bbox 583 319 612 344; x_wconf 79' lang='lat' dir='ltr'>R.</span> <span class='ocrx_word' id='word_1_27' title='bbox 627 327 648 344; x_wconf 92' lang='lat' dir='ltr'>c.</span> <span class='ocrx_word' id='word_1_28' title='bbox 664 327 679 350; x_wconf 90' lang='lat'><em>9</em></span> 
     </span>
     <span class='ocr_line' id='line_1_10' title="bbox 52 352 804 392; baseline -0.008 -9"><span class='ocrx_word' id='word_1_29' title='bbox 52 364 130 392; x_wconf 85' lang='lat' dir='ltr'>quum</span> <span class='ocrx_word' id='word_1_30' title='bbox 143 355 261 381; x_wconf 78' lang='lat' dir='ltr'>bitumen</span> <span class='ocrx_word' id='word_1_31' title='bbox 273 360 298 380; x_wconf 87' lang='lat' dir='ltr'>et</span> <span class='ocrx_word' id='word_1_32' title='bbox 311 353 420 387; x_wconf 92' lang='lat' dir='ltr'>sulphur</span> <span class='ocrx_word' id='word_1_33' title='bbox 432 352 552 380; x_wconf 83' lang='lat' dir='ltr'>additum</span> <span class='ocrx_word' id='word_1_34' title='bbox 565 354 616 386; x_wconf 82' lang='lat' dir='ltr'>est,</span> <span class='ocrx_word' id='word_1_35' title='bbox 630 352 804 380; x_wconf 76' lang='lat' dir='ltr'>excandescet.</span> 
     </span>
     <span class='ocr_line' id='line_1_11' title="bbox 50 384 1084 423; baseline -0.009 -6"><span class='ocrx_word' id='word_1_36' title='bbox 50 393 80 420; x_wconf 73' lang='grc' dir='ltr'>ιδ</span> <span class='ocrx_word' id='word_1_37' title='bbox 96 389 261 417; x_wconf 80' lang='lat' dir='ltr'>Excandescit</span> <span class='ocrx_word' id='word_1_38' title='bbox 282 389 315 415; x_wconf 86' lang='lat' dir='ltr'>ad</span> <span class='ocrx_word' id='word_1_39' title='bbox 336 389 434 415; x_wconf 61' lang='lat' dir='ltr'>tatium</span> <span class='ocrx_word' id='word_1_40' title='bbox 453 389 551 423; x_wconf 86' lang='lat' dir='ltr'>pusula.</span> <span class='ocrx_word' id='word_1_41' title='bbox 625 387 796 423; x_wconf 75' lang='lat' dir='ltr'><em>Transfertur</em></span> <span class='ocrx_word' id='word_1_42' title='bbox 815 384 849 411; x_wconf 78' lang='lat' dir='ltr'>ad</span> <span class='ocrx_word' id='word_1_43' title='bbox 869 387 944 411; x_wconf 80' lang='lat' dir='ltr'>Iram.</span> <span class='ocrx_word' id='word_1_44' title='bbox 970 384 1042 410; x_wconf 85' lang='lat' dir='ltr'>Idem</span> <span class='ocrx_word' id='word_1_45' title='bbox 1057 391 1084 416; x_wconf 85' lang='lat'>7,</span> 
     </span>
    </p>
   </div>
   <div class='ocr_carea' id='block_1_7' title="bbox 50 421 1223 460">
    <p class='ocr_par' dir='ltr' id='par_1_7' title="bbox 50 421 1223 460">
     <span class='ocr_line' id='line_1_12' title="bbox 50 421 1223 460; baseline -0.004 -9"><span class='ocrx_word' id='word_1_46' title='bbox 50 434 112 459; x_wconf 79' lang='lat'>12‚5</span> <span class='ocrx_word' id='word_1_47' title='bbox 132 426 167 452; x_wconf 90' lang='lat' dir='ltr'>Vt</span> <span class='ocrx_word' id='word_1_48' title='bbox 180 433 369 459; x_wconf 77' lang='lat' dir='ltr'>nonnunquam</span> <span class='ocrx_word' id='word_1_49' title='bbox 389 425 469 451; x_wconf 86' lang='lat' dir='ltr'>etiam</span> <span class='ocrx_word' id='word_1_50' title='bbox 488 426 627 451; x_wconf 81' lang='lat' dir='ltr'>conserues</span> <span class='ocrx_word' id='word_1_51' title='bbox 647 424 738 450; x_wconf 88' lang='lat' dir='ltr'>iratius</span> <span class='ocrx_word' id='word_1_52' title='bbox 757 422 909 448; x_wconf 78' lang='lat' dir='ltr'>intueantur</span> <span class='ocrx_word' id='word_1_53' title='bbox 931 421 1029 453; x_wconf 80' lang='lat' dir='ltr'>semper</span> <span class='ocrx_word' id='word_1_54' title='bbox 1042 428 1086 444; x_wconf 84' lang='lat' dir='ltr'>cx·</span> <span class='ocrx_word' id='word_1_55' title='bbox 1109 430 1125 456; x_wconf 71' lang='grc' dir='ltr'><strong><em>ς</em></strong></span> <span class='ocrx_word' id='word_1_56' title='bbox 1151 426 1186 460; x_wconf 58' lang='grc' dir='ltr'>ιξς,</span> <span class='ocrx_word' id='word_1_57' title='bbox 1201 431 1223 450; x_wconf 82' lang='grc' dir='ltr'>ς.</span> 
     </span>
    </p>
   </div>
   <div class='ocr_carea' id='block_1_8' title="bbox 428 456 1087 552">
    <p class='ocr_par' dir='ltr' id='par_1_8' title="bbox 428 456 1087 552">
     <span class='ocr_line' id='line_1_13' title="bbox 428 456 1086 492; baseline -0.012 -5"><span class='ocrx_word' id='word_1_58' title='bbox 428 460 483 487; x_wconf 86' lang='lat' dir='ltr'>Cic.</span> <span class='ocrx_word' id='word_1_59' title='bbox 499 461 570 487; x_wconf 78' lang='lat' dir='ltr'>Fam.</span> <span class='ocrx_word' id='word_1_60' title='bbox 585 465 608 491; x_wconf 82' lang='lat'>8,</span> <span class='ocrx_word' id='word_1_61' title='bbox 624 467 651 485; x_wconf 88' lang='lat'>12</span> <span class='ocrx_word' id='word_1_62' title='bbox 679 458 709 484; x_wconf 91' lang='lat' dir='ltr'>ld</span> <span class='ocrx_word' id='word_1_63' title='bbox 721 457 858 492; x_wconf 86' lang='lat' dir='ltr'>postquam</span> <span class='ocrx_word' id='word_1_64' title='bbox 879 456 981 486; x_wconf 76' lang='lat' dir='ltr'>resciit,</span> <span class='ocrx_word' id='word_1_65' title='bbox 995 463 1086 480; x_wconf 88' lang='lat' dir='ltr'>excan-</span> 
     </span>
     <span class='ocr_line' id='line_1_14' title="bbox 769 492 1087 523; baseline -0.009 -5"><span class='ocrx_word' id='word_1_66' title='bbox 769 493 826 518; x_wconf 90' lang='lat' dir='ltr'>Cic.</span> <span class='ocrx_word' id='word_1_67' title='bbox 842 492 925 518; x_wconf 86' lang='lat' dir='ltr'>Tusc.</span> <span class='ocrx_word' id='word_1_68' title='bbox 939 501 966 523; x_wconf 82' lang='lat'>4,</span> <span class='ocrx_word' id='word_1_69' title='bbox 981 499 1012 523; x_wconf 80' lang='lat'>43</span> <span class='ocrx_word' id='word_1_70' title='bbox 1029 500 1050 516; x_wconf 83' lang='lat' dir='ltr'>c.</span> <span class='ocrx_word' id='word_1_71' title='bbox 1060 498 1087 522; x_wconf 88' lang='lat'>19</span> 
     </span>
     <span class='ocr_line' id='line_1_15' title="bbox 931 527 1087 552; baseline -0.006 0"><span class='ocrx_word' id='word_1_72' title='bbox 931 527 1028 552; x_wconf 78' lang='lat' dir='ltr'>Verbis</span> <span class='ocrx_word' id='word_1_73' title='bbox 1044 534 1087 551; x_wconf 85' lang='lat' dir='ltr'>ex-</span> 
     </span>
    </p>
   </div>
   <div class='ocr_carea' id='block_1_9' title="bbox 49 460 859 600">
    <p class='ocr_par' dir='ltr' id='par_1_9' title="bbox 49 460 859 600">
     <span class='ocr_line' id='line_1_16' title="bbox 53 460 373 494; baseline -0.006 -5"><span class='ocrx_word' id='word_1_74' title='bbox 53 461 199 494; x_wconf 80' lang='lat' dir='ltr'>candescant</span> <span class='ocrx_word' id='word_1_75' title='bbox 213 460 241 486; x_wconf 90' lang='lat' dir='ltr'>in</span> <span class='ocrx_word' id='word_1_76' title='bbox 261 468 373 487; x_wconf 79' lang='lat' dir='ltr'>exteros.</span> 
     </span>
     <span class='ocr_line' id='line_1_17' title="bbox 50 495 713 530; baseline -0.008 -7"><span class='ocrx_word' id='word_1_77' title='bbox 50 496 115 524; x_wconf 88' lang='lat' dir='ltr'>duit.</span> <span class='ocrx_word' id='word_1_78' title='bbox 165 495 230 522; x_wconf 88' lang='lat' dir='ltr'>Plin.</span> <span class='ocrx_word' id='word_1_79' title='bbox 246 496 323 530; x_wconf 79' lang='lat' dir='ltr'>Epist.</span> <span class='ocrx_word' id='word_1_80' title='bbox 336 505 364 529; x_wconf 83' lang='lat'>4,</span> <span class='ocrx_word' id='word_1_81' title='bbox 379 503 409 528; x_wconf 81' lang='lat'>25</span> <span class='ocrx_word' id='word_1_82' title='bbox 443 495 587 523; x_wconf 72' lang='lat' dir='ltr'>Excanduit</span> <span class='ocrx_word' id='word_1_83' title='bbox 599 495 713 521; x_wconf 78' lang='lat' dir='ltr'>Senatus.</span> 
     </span>
     <span class='ocr_line' id='line_1_18' title="bbox 51 526 859 563; baseline -0.006 -5"><span class='ocrx_word' id='word_1_84' title='bbox 51 533 120 560; x_wconf 84' lang='lat' dir='ltr'>Haec</span> <span class='ocrx_word' id='word_1_85' title='bbox 133 530 232 559; x_wconf 79' lang='lat' dir='ltr'>nullam</span> <span class='ocrx_word' id='word_1_86' title='bbox 245 531 343 558; x_wconf 88' lang='lat' dir='ltr'>habent</span> <span class='ocrx_word' id='word_1_87' title='bbox 358 532 428 563; x_wconf 84' lang='lat' dir='ltr'>vim,</span> <span class='ocrx_word' id='word_1_88' title='bbox 444 531 491 558; x_wconf 82' lang='lat' dir='ltr'>nili</span> <span class='ocrx_word' id='word_1_89' title='bbox 511 532 552 558; x_wconf 78' lang='lat' dir='ltr'>ira</span> <span class='ocrx_word' id='word_1_90' title='bbox 564 528 703 556; x_wconf 76' lang='lat' dir='ltr'>excanduit</span> <span class='ocrx_word' id='word_1_91' title='bbox 715 526 859 555; x_wconf 88' lang='lat' dir='ltr'>fortitudo.</span> 
     </span>
     <span class='ocr_line' id='line_1_19' title="bbox 49 566 431 600; baseline -0.003 -6"><span class='ocrx_word' id='word_1_92' title='bbox 49 566 199 595; x_wconf 70' lang='lat' dir='ltr'>candescere</span> <span class='ocrx_word' id='word_1_93' title='bbox 213 567 344 600; x_wconf 72' lang='lat' dir='ltr'>Qiinelil.</span> <span class='ocrx_word' id='word_1_94' title='bbox 359 575 381 600; x_wconf 85' lang='lat'>5,</span> <span class='ocrx_word' id='word_1_95' title='bbox 396 576 431 593; x_wconf 89' lang='lat'>10.</span> 
     </span>
    </p>
   </div>
   <div class='ocr_carea' id='block_1_10' title="bbox 33 597 1710 634">
    <p class='ocr_par' dir='ltr' id='par_1_10' title="bbox 33 597 1710 634">
     <span class='ocr_line' id='line_1_20' title="bbox 33 597 1710 634; baseline -0.002 -7"><span class='ocrx_word' id='word_1_96' title='bbox 33 602 37 611; x_wconf 75' lang='lat'>¹</span> <span class='ocrx_word' id='word_1_97' title='bbox 83 608 265 630; x_wconf 69' lang='lat' dir='ltr'>EXCANDE</span> <span class='ocrx_word' id='word_1_98' title='bbox 276 609 369 629; x_wconf 75' lang='lat' dir='ltr'>scEN</span> <span class='ocrx_word' id='word_1_99' title='bbox 380 609 466 634; x_wconf 84' lang='lat' dir='ltr'>TIA,</span> <span class='ocrx_word' id='word_1_100' title='bbox 487 610 524 628; x_wconf 87' lang='lat' dir='ltr'>ae.</span> <span class='ocrx_word' id='word_1_101' title='bbox 550 599 570 626; x_wconf 87' lang='lat' dir='ltr'>f.</span> <span class='ocrx_word' id='word_1_102' title='bbox 607 597 754 631; x_wconf 68' lang='grc' dir='ltr'>[θόμωσις]</span> <span class='ocrx_word' id='word_1_103' title='bbox 792 597 920 632; x_wconf 84' lang='lat' dir='ltr'>Apuleius</span> <span class='ocrx_word' id='word_1_104' title='bbox 939 597 970 623; x_wconf 83' lang='lat' dir='ltr'>de</span> <span class='ocrx_word' id='word_1_105' title='bbox 989 597 1087 630; x_wconf 81' lang='lat' dir='ltr'>Dogm.</span> <span class='ocrx_word' id='word_1_106' title='bbox 1104 612 1134 630; x_wconf 69' lang='lat'>10</span> <span class='ocrx_word' id='word_1_107' title='bbox 1150 607 1198 624; x_wconf 73' lang='lat' dir='ltr'>nae</span> <span class='ocrx_word' id='word_1_108' title='bbox 1212 599 1239 624; x_wconf 85' lang='lat' dir='ltr'>in</span> <span class='ocrx_word' id='word_1_109' title='bbox 1254 608 1286 624; x_wconf 74' lang='lat' dir='ltr'>co</span> <span class='ocrx_word' id='word_1_110' title='bbox 1302 598 1398 624; x_wconf 80' lang='lat' dir='ltr'>iuuene</span> <span class='ocrx_word' id='word_1_111' title='bbox 1418 597 1573 623; x_wconf 83' lang='lat' dir='ltr'>excess&#39;crant</span> <span class='ocrx_word' id='word_1_112' title='bbox 1589 598 1710 624; x_wconf 81' lang='lat' dir='ltr'>Modum.</span> 
     </span>
    </p>
   </div>
   <div class='ocr_carea' id='block_1_11' title="bbox 0 632 1090 953">
    <p class='ocr_par' dir='ltr' id='par_1_11' title="bbox 40 632 1090 772">
     <span class='ocr_line' id='line_1_21' title="bbox 40 632 1086 673; baseline -0.006 -9"><span class='ocrx_word' id='word_1_113' title='bbox 40 637 160 666; x_wconf 72' lang='lat' dir='ltr'>Platonis</span> <span class='ocrx_word' id='word_1_114' title='bbox 172 646 181 664; x_wconf 92' lang='lat'>1</span> <span class='ocrx_word' id='word_1_115' title='bbox 197 647 220 673; x_wconf 89' lang='lat' dir='ltr'>p.</span> <span class='ocrx_word' id='word_1_116' title='bbox 236 646 267 669; x_wconf 89' lang='lat'>11,</span> <span class='ocrx_word' id='word_1_117' title='bbox 280 643 311 668; x_wconf 86' lang='lat'>28</span> <span class='ocrx_word' id='word_1_118' title='bbox 334 639 447 665; x_wconf 80' lang='lat' dir='ltr'>Platonis</span> <span class='ocrx_word' id='word_1_119' title='bbox 461 635 568 670; x_wconf 63' lang='grc' dir='ltr'>θνμοκδν</span> <span class='ocrx_word' id='word_1_120' title='bbox 587 636 666 660; x_wconf 73' lang='lat' dir='ltr'>vertit</span> <span class='ocrx_word' id='word_1_121' title='bbox 679 632 923 660; x_wconf 84' lang='lat' dir='ltr'>Excandesccntiam</span> <span class='ocrx_word' id='word_1_122' title='bbox 939 632 981 659; x_wconf 85' lang='lat' dir='ltr'>vel</span> <span class='ocrx_word' id='word_1_123' title='bbox 997 633 1086 658; x_wconf 84' lang='lat' dir='ltr'>Irrita-</span> 
     </span>
     <span class='ocr_line' id='line_1_22' title="bbox 47 667 1087 707; baseline -0.007 -7"><span class='ocrx_word' id='word_1_124' title='bbox 47 673 187 701; x_wconf 85' lang='lat' dir='ltr'>bilitatem.</span> <span class='ocrx_word' id='word_1_125' title='bbox 224 674 279 700; x_wconf 88' lang='lat' dir='ltr'>Cic.</span> <span class='ocrx_word' id='word_1_126' title='bbox 294 673 375 700; x_wconf 88' lang='lat' dir='ltr'>Tnsc.</span> <span class='ocrx_word' id='word_1_127' title='bbox 387 683 416 707; x_wconf 88' lang='lat'>4,</span> <span class='ocrx_word' id='word_1_128' title='bbox 430 681 456 700; x_wconf 88' lang='lat'>21</span> <span class='ocrx_word' id='word_1_129' title='bbox 469 682 490 699; x_wconf 89' lang='lat' dir='ltr'>c.</span> <span class='ocrx_word' id='word_1_130' title='bbox 504 679 521 704; x_wconf 91' lang='lat'><em>9</em></span> <span class='ocrx_word' id='word_1_131' title='bbox 539 669 662 697; x_wconf 88' lang='lat' dir='ltr'>Libidini</span> <span class='ocrx_word' id='word_1_132' title='bbox 674 669 729 702; x_wconf 87' lang='lat' dir='ltr'>ira,</span> <span class='ocrx_word' id='word_1_133' title='bbox 743 668 970 701; x_wconf 76' lang='lat' dir='ltr'>excandescentia,</span> <span class='ocrx_word' id='word_1_134' title='bbox 984 667 1087 700; x_wconf 87' lang='lat' dir='ltr'>odium,</span> 
     </span>
     <span class='ocr_line' id='line_1_23' title="bbox 50 703 1090 741; baseline -0.007 -5"><span class='ocrx_word' id='word_1_135' title='bbox 50 708 225 741; x_wconf 81' lang='lat' dir='ltr'>inimicitiae,</span> <span class='ocrx_word' id='word_1_136' title='bbox 240 708 380 736; x_wconf 78' lang='lat' dir='ltr'>discordia.</span> <span class='ocrx_word' id='word_1_137' title='bbox 421 706 489 735; x_wconf 89' lang='lat' dir='ltr'>lbid.</span> <span class='ocrx_word' id='word_1_138' title='bbox 507 704 726 733; x_wconf 84' lang='lat' dir='ltr'>Excandescentia</span> <span class='ocrx_word' id='word_1_139' title='bbox 748 710 836 732; x_wconf 89' lang='lat' dir='ltr'>autem</span> <span class='ocrx_word' id='word_1_140' title='bbox 859 703 890 730; x_wconf 88' lang='lat' dir='ltr'>sit</span> <span class='ocrx_word' id='word_1_141' title='bbox 915 704 956 730; x_wconf 86' lang='lat' dir='ltr'>ira</span> <span class='ocrx_word' id='word_1_142' title='bbox 976 704 1090 735; x_wconf 85' lang='lat' dir='ltr'>nascens,</span> 
     </span>
     <span class='ocr_line' id='line_1_24' title="bbox 50 744 302 772; baseline -0.004 0"><span class='ocrx_word' id='word_1_143' title='bbox 50 750 76 772; x_wconf 79' lang='lat' dir='ltr'>et</span> <span class='ocrx_word' id='word_1_144' title='bbox 88 744 167 772; x_wconf 88' lang='lat' dir='ltr'>modo</span> <span class='ocrx_word' id='word_1_145' title='bbox 181 745 302 772; x_wconf 86' lang='lat' dir='ltr'>existens.</span> 
     </span>
    </p>

    <p class='ocr_par' dir='ltr' id='par_1_12' title="bbox 0 774 1090 953">
     <span class='ocr_line' id='line_1_25' title="bbox 84 774 765 813; baseline -0.009 -6"><span class='ocrx_word' id='word_1_146' title='bbox 84 786 102 807; x_wconf 87' lang='lat' dir='ltr'>E</span> <span class='ocrx_word' id='word_1_147' title='bbox 111 786 129 806; x_wconf 84' lang='lat' dir='ltr'><strong>X</strong></span> <span class='ocrx_word' id='word_1_148' title='bbox 137 786 154 807; x_wconf 94' lang='lat' dir='ltr'>C</span> <span class='ocrx_word' id='word_1_149' title='bbox 163 787 184 807; x_wconf 85' lang='grc' dir='ltr'>Α</span> <span class='ocrx_word' id='word_1_150' title='bbox 195 787 214 806; x_wconf 89' lang='grc' dir='ltr'>Ν</span> <span class='ocrx_word' id='word_1_151' title='bbox 224 787 245 807; x_wconf 87' lang='grc' dir='ltr'>Τ</span> <span class='ocrx_word' id='word_1_152' title='bbox 255 787 275 808; x_wconf 87' lang='grc' dir='ltr'>Ο</span> <span class='ocrx_word' id='word_1_153' title='bbox 284 800 292 813; x_wconf 90' lang='grc'>,</span> <span class='ocrx_word' id='word_1_154' title='bbox 316 784 369 807; x_wconf 65' lang='lat' dir='ltr'>are.</span> <span class='ocrx_word' id='word_1_155' title='bbox 403 779 416 813; x_wconf 87' lang='lat'>[</span> <span class='ocrx_word' id='word_1_156' title='bbox 421 775 538 804; x_wconf 56' lang='lat' dir='ltr'>naa-asam</span> <span class='ocrx_word' id='word_1_157' title='bbox 547 795 556 809; x_wconf 86' lang='lat'>,</span> <span class='ocrx_word' id='word_1_158' title='bbox 575 774 765 810; x_wconf 71' lang='grc' dir='ltr'>καταγοητεῦω]</span> 
     </span>
     <span class='ocr_line' id='line_1_26' title="bbox 48 810 1088 852; baseline -0.007 -9"><span class='ocrx_word' id='word_1_159' title='bbox 48 815 118 843; x_wconf 77' lang='lat' dir='ltr'>nibus</span> <span class='ocrx_word' id='word_1_160' title='bbox 136 818 242 852; x_wconf 85' lang='lat' dir='ltr'>magicis</span> <span class='ocrx_word' id='word_1_161' title='bbox 262 823 357 843; x_wconf 84' lang='lat' dir='ltr'>mutare</span> <span class='ocrx_word' id='word_1_162' title='bbox 372 816 412 842; x_wconf 81' lang='lat' dir='ltr'>vel</span> <span class='ocrx_word' id='word_1_163' title='bbox 429 812 580 847; x_wconf 76' lang='lat' dir='ltr'>transferre.</span> <span class='ocrx_word' id='word_1_164' title='bbox 617 811 684 837; x_wconf 91' lang='lat' dir='ltr'>Plin.</span> <span class='ocrx_word' id='word_1_165' title='bbox 697 816 738 844; x_wconf 88' lang='lat'>28,</span> <span class='ocrx_word' id='word_1_166' title='bbox 751 821 764 838; x_wconf 90' lang='lat'>2</span> <span class='ocrx_word' id='word_1_167' title='bbox 778 812 796 837; x_wconf 92' lang='lat' dir='ltr'>s.</span> <span class='ocrx_word' id='word_1_168' title='bbox 810 820 828 844; x_wconf 88' lang='lat'>4</span> <span class='ocrx_word' id='word_1_169' title='bbox 860 811 916 844; x_wconf 75' lang='lat' dir='ltr'>Qui</span> <span class='ocrx_word' id='word_1_170' title='bbox 935 810 1025 844; x_wconf 81' lang='lat' dir='ltr'>fruges</span> <span class='ocrx_word' id='word_1_171' title='bbox 1045 819 1088 836; x_wconf 82' lang='lat' dir='ltr'>cx-</span> 
     </span>
     <span class='ocr_line' id='line_1_27' title="bbox 49 846 1088 886; baseline -0.005 -10"><span class='ocrx_word' id='word_1_172' title='bbox 49 850 176 883; x_wconf 65' lang='lat' dir='ltr'>cantauit,</span> <span class='ocrx_word' id='word_1_173' title='bbox 191 851 279 886; x_wconf 82' lang='lat' dir='ltr'>legum</span> <span class='ocrx_word' id='word_1_174' title='bbox 293 852 406 886; x_wconf 87' lang='lat' dir='ltr'>ipsarum</span> <span class='ocrx_word' id='word_1_175' title='bbox 419 849 447 874; x_wconf 93' lang='lat' dir='ltr'>in</span> <span class='ocrx_word' id='word_1_176' title='bbox 462 847 603 874; x_wconf 87' lang='lat' dir='ltr'>duodecim</span> <span class='ocrx_word' id='word_1_177' title='bbox 616 846 714 874; x_wconf 86' lang='lat' dir='ltr'>tabulis</span> <span class='ocrx_word' id='word_1_178' title='bbox 726 847 807 874; x_wconf 89' lang='lat' dir='ltr'>verba</span> <span class='ocrx_word' id='word_1_179' title='bbox 821 847 885 878; x_wconf 84' lang='lat' dir='ltr'>else,</span> <span class='ocrx_word' id='word_1_180' title='bbox 897 848 944 872; x_wconf 85' lang='lat' dir='ltr'>ait.</span> <span class='ocrx_word' id='word_1_181' title='bbox 986 847 1014 872; x_wconf 79' lang='grc' dir='ltr'>Ει</span> <span class='ocrx_word' id='word_1_182' title='bbox 1031 846 1088 872; x_wconf 76' lang='lat' dir='ltr'>Sen.</span> 
     </span>
     <span class='ocr_line' id='line_1_28' title="bbox 48 881 1090 922; baseline -0.005 -10"><span class='ocrx_word' id='word_1_183' title='bbox 48 885 112 912; x_wconf 78' lang='lat' dir='ltr'>Nat.</span> <span class='ocrx_word' id='word_1_184' title='bbox 125 887 230 920; x_wconf 81' lang='lat' dir='ltr'>Qiaest.</span> <span class='ocrx_word' id='word_1_185' title='bbox 244 895 298 922; x_wconf 88' lang='lat'>4,7</span> <span class='ocrx_word' id='word_1_186' title='bbox 319 883 395 919; x_wconf 86' lang='lat' dir='ltr'>Apud</span> <span class='ocrx_word' id='word_1_187' title='bbox 409 892 458 909; x_wconf 88' lang='lat' dir='ltr'>nos</span> <span class='ocrx_word' id='word_1_188' title='bbox 466 883 496 909; x_wconf 89' lang='lat' dir='ltr'>in</span> <span class='ocrx_word' id='word_1_189' title='bbox 509 882 652 909; x_wconf 81' lang='lat' dir='ltr'>duodecim</span> <span class='ocrx_word' id='word_1_190' title='bbox 660 882 757 909; x_wconf 84' lang='lat' dir='ltr'>tabulis</span> <span class='ocrx_word' id='word_1_191' title='bbox 771 888 894 914; x_wconf 81' lang='lat' dir='ltr'>cauetur,</span> <span class='ocrx_word' id='word_1_192' title='bbox 906 890 939 907; x_wconf 84' lang='lat' dir='ltr'>ne</span> <span class='ocrx_word' id='word_1_193' title='bbox 952 881 1013 915; x_wconf 87' lang='lat' dir='ltr'>quis</span> <span class='ocrx_word' id='word_1_194' title='bbox 1028 882 1090 907; x_wconf 88' lang='lat' dir='ltr'>alic-</span> 
     </span>
     <span class='ocr_line' id='line_1_29' title="bbox 0 916 1090 953; baseline -0.003 -6"><span class='ocrx_word' id='word_1_195' title='bbox 0 943 1 946; x_wconf 59' lang='lat'>,</span> <span class='ocrx_word' id='word_1_196' title='bbox 46 929 96 948; x_wconf 79' lang='lat' dir='ltr'>nos</span> <span class='ocrx_word' id='word_1_197' title='bbox 114 922 217 949; x_wconf 66' lang='lat' dir='ltr'>fruetus</span> <span class='ocrx_word' id='word_1_198' title='bbox 236 919 388 949; x_wconf 84' lang='lat' dir='ltr'>excantallit.</span> <span class='ocrx_word' id='word_1_199' title='bbox 423 918 506 946; x_wconf 86' lang='lat' dir='ltr'>Rudis</span> <span class='ocrx_word' id='word_1_200' title='bbox 527 919 672 953; x_wconf 78' lang='lat' dir='ltr'>antiquitas</span> <span class='ocrx_word' id='word_1_201' title='bbox 686 918 822 950; x_wconf 85' lang='lat' dir='ltr'>credebat,</span> <span class='ocrx_word' id='word_1_202' title='bbox 840 923 865 944; x_wconf 89' lang='lat' dir='ltr'>et</span> <span class='ocrx_word' id='word_1_203' title='bbox 879 916 977 943; x_wconf 77' lang='lat' dir='ltr'>attrahi</span> <span class='ocrx_word' id='word_1_204' title='bbox 992 917 1090 944; x_wconf 77' lang='lat' dir='ltr'>imbres</span> 
     </span>
    </p>
   </div>
   <div class='ocr_carea' id='block_1_12' title="bbox 801 774 1605 818">
    <p class='ocr_par' dir='ltr' id='par_1_13' title="bbox 801 774 1605 818">
     <span class='ocr_line' id='line_1_30' title="bbox 801 774 1605 818; baseline -0.001 -16"><span class='ocrx_word' id='word_1_205' title='bbox 801 774 947 806; x_wconf 80' lang='lat' dir='ltr'>Cantando,</span> <span class='ocrx_word' id='word_1_206' title='bbox 961 777 981 800; x_wconf 86' lang='lat' dir='ltr'>i.</span> <span class='ocrx_word' id='word_1_207' title='bbox 999 777 1089 801; x_wconf 80' lang='lat' dir='ltr'>carmi·</span> <span class='ocrx_word' id='word_1_208' title='bbox 1106 792 1132 818; x_wconf 70' lang='lat'>¹3</span> <span class='ocrx_word' id='word_1_209' title='bbox 1152 775 1207 801; x_wconf 81' lang='lat' dir='ltr'>ficii</span> <span class='ocrx_word' id='word_1_210' title='bbox 1221 780 1314 815; x_wconf 29' lang='lat' dir='ltr'>*partes</span> <span class='ocrx_word' id='word_1_211' title='bbox 1333 775 1400 801; x_wconf 88' lang='lat' dir='ltr'>Plin.</span> <span class='ocrx_word' id='word_1_212' title='bbox 1414 775 1494 808; x_wconf 82' lang='lat' dir='ltr'>Epist.</span> <span class='ocrx_word' id='word_1_213' title='bbox 1511 784 1548 807; x_wconf 83' lang='lat'>10,</span> <span class='ocrx_word' id='word_1_214' title='bbox 1566 778 1605 808; x_wconf 81' lang='lat'>56.</span> 
     </span>
    </p>
   </div>
   <div class='ocr_carea' id='block_1_13' title="bbox 1534 188 1818 231">
    <p class='ocr_par' dir='ltr' id='par_1_14' title="bbox 1534 188 1818 231">
     <span class='ocr_line' id='line_1_31' title="bbox 1534 188 1818 231; baseline 0.011 -3"><span class='ocrx_word' id='word_1_215' title='bbox 1534 188 1818 231; x_wconf 90' lang='lat' dir='ltr'>EXC</span> 
     </span>
    </p>
   </div>
   <div class='ocr_carea' id='block_1_14' title="bbox 1147 277 2193 954">
    <p class='ocr_par' dir='ltr' id='par_1_15' title="bbox 1147 277 1899 348">
     <span class='ocr_line' id='line_1_32' title="bbox 1147 277 1899 313; baseline 0.001 -9"><span class='ocrx_word' id='word_1_216' title='bbox 1147 278 1207 305; x_wconf 87' lang='lat' dir='ltr'>dem</span> <span class='ocrx_word' id='word_1_217' title='bbox 1230 277 1335 305; x_wconf 84' lang='lat' dir='ltr'>excedit</span> <span class='ocrx_word' id='word_1_218' title='bbox 1355 277 1494 311; x_wconf 80' lang='lat' dir='ltr'>impudens</span> <span class='ocrx_word' id='word_1_219' title='bbox 1517 287 1578 305; x_wconf 89' lang='lat' dir='ltr'>eura</span> <span class='ocrx_word' id='word_1_220' title='bbox 1602 287 1668 313; x_wconf 85' lang='lat' dir='ltr'>qua,</span> <span class='ocrx_word' id='word_1_221' title='bbox 1682 285 1727 305; x_wconf 72' lang='lat' dir='ltr'>erc.</span> <span class='ocrx_word' id='word_1_222' title='bbox 1747 278 1812 305; x_wconf 86' lang='lat' dir='ltr'>Plin.</span> <span class='ocrx_word' id='word_1_223' title='bbox 1827 286 1863 312; x_wconf 72' lang='lat'>23,</span> <span class='ocrx_word' id='word_1_224' title='bbox 1877 288 1899 313; x_wconf 82' lang='grc' dir='ltr'>ς.</span> 
     </span>
     <span class='ocr_line' id='line_1_33' title="bbox 1148 314 1826 348; baseline 0 -8"><span class='ocrx_word' id='word_1_225' title='bbox 1148 315 1248 341; x_wconf 84' lang='lat' dir='ltr'>summa</span> <span class='ocrx_word' id='word_1_226' title='bbox 1263 321 1369 341; x_wconf 84' lang='lat' dir='ltr'>tuorum</span> <span class='ocrx_word' id='word_1_227' title='bbox 1385 315 1541 340; x_wconf 78' lang='lat' dir='ltr'>meritorum</span> <span class='ocrx_word' id='word_1_228' title='bbox 1561 314 1643 340; x_wconf 85' lang='lat' dir='ltr'>Ouid.</span> <span class='ocrx_word' id='word_1_229' title='bbox 1653 315 1716 340; x_wconf 78' lang='lat' dir='ltr'>Met.</span> <span class='ocrx_word' id='word_1_230' title='bbox 1731 322 1759 348; x_wconf 91' lang='lat'>7,</span> <span class='ocrx_word' id='word_1_231' title='bbox 1772 317 1826 340; x_wconf 88' lang='lat'>166.</span> 
     </span>
    </p>

    <p class='ocr_par' dir='ltr' id='par_1_16' title="bbox 1148 349 2193 954">
     <span class='ocr_line' id='line_1_34' title="bbox 1148 349 2186 384; baseline 0.005 -9"><span class='ocrx_word' id='word_1_232' title='bbox 1148 351 1249 376; x_wconf 77' lang='lat' dir='ltr'>excellit</span> <span class='ocrx_word' id='word_1_233' title='bbox 1264 350 1329 376; x_wconf 83' lang='lat' dir='ltr'>Vell.</span> <span class='ocrx_word' id='word_1_234' title='bbox 1342 357 1365 381; x_wconf 86' lang='lat'>2,</span> <span class='ocrx_word' id='word_1_235' title='bbox 1378 352 1420 380; x_wconf 81' lang='lat'>68,</span> <span class='ocrx_word' id='word_1_236' title='bbox 1434 358 1455 381; x_wconf 84' lang='lat'>5.</span> <span class='ocrx_word' id='word_1_237' title='bbox 1525 349 1622 376; x_wconf 80' lang='lat' dir='ltr'>Librae</span> <span class='ocrx_word' id='word_1_238' title='bbox 1641 349 1770 376; x_wconf 86' lang='lat' dir='ltr'>excedunt</span> <span class='ocrx_word' id='word_1_239' title='bbox 1787 350 1966 384; x_wconf 70' lang='lat' dir='ltr'>quadragenos</span> <span class='ocrx_word' id='word_1_240' title='bbox 1984 354 2106 381; x_wconf 75' lang='lat' dir='ltr'>denarios</span> <span class='ocrx_word' id='word_1_241' title='bbox 2121 356 2186 381; x_wconf 85' lang='lat' dir='ltr'>Plin.</span> 
     </span>
     <span class='ocr_line' id='line_1_35' title="bbox 1150 384 2187 421; baseline 0.007 -10"><span class='ocrx_word' id='word_1_242' title='bbox 1150 394 1184 416; x_wconf 84' lang='lat'>13,</span> <span class='ocrx_word' id='word_1_243' title='bbox 1198 394 1219 417; x_wconf 83' lang='lat'>3.</span> <span class='ocrx_word' id='word_1_244' title='bbox 1234 386 1263 412; x_wconf 68' lang='lat' dir='ltr'>de</span> <span class='ocrx_word' id='word_1_245' title='bbox 1276 388 1415 421; x_wconf 61' lang='lat' dir='ltr'>unguentis.</span> <span class='ocrx_word' id='word_1_246' title='bbox 1489 384 1581 412; x_wconf 83' lang='lat' dir='ltr'>Libras</span> <span class='ocrx_word' id='word_1_247' title='bbox 1596 386 1623 411; x_wconf 91' lang='lat' dir='ltr'>in</span> <span class='ocrx_word' id='word_1_248' title='bbox 1637 386 1757 412; x_wconf 83' lang='lat' dir='ltr'>modium</span> <span class='ocrx_word' id='word_1_249' title='bbox 1772 394 1875 412; x_wconf 78' lang='lat' dir='ltr'>Vieenas</span> <span class='ocrx_word' id='word_1_250' title='bbox 1888 396 1941 412; x_wconf 86' lang='lat' dir='ltr'>non</span> <span class='ocrx_word' id='word_1_251' title='bbox 1961 391 2089 417; x_wconf 80' lang='lat' dir='ltr'>excedunt</span> <span class='ocrx_word' id='word_1_252' title='bbox 2113 391 2187 417; x_wconf 86' lang='lat' dir='ltr'>Idem</span> 
     </span>
     <span class='ocr_line' id='line_1_36' title="bbox 1279 419 2188 460; baseline 0.007 -13"><span class='ocrx_word' id='word_1_253' title='bbox 1279 419 1489 455; x_wconf 78' lang='lat' dir='ltr'>Magnitudinem</span> <span class='ocrx_word' id='word_1_254' title='bbox 1511 420 1586 447; x_wconf 78' lang='lat' dir='ltr'>sabae</span> <span class='ocrx_word' id='word_1_255' title='bbox 1600 421 1703 448; x_wconf 79' lang='lat' dir='ltr'>excedit</span> <span class='ocrx_word' id='word_1_256' title='bbox 1723 421 1788 447; x_wconf 86' lang='lat' dir='ltr'>l&#39;lin.</span> <span class='ocrx_word' id='word_1_257' title='bbox 1804 429 1838 453; x_wconf 83' lang='lat'>12,</span> <span class='ocrx_word' id='word_1_258' title='bbox 1852 428 1872 454; x_wconf 78' lang='grc' dir='ltr'><strong>ς.</strong></span> <span class='ocrx_word' id='word_1_259' title='bbox 1943 423 2085 451; x_wconf 65' lang='lat' dir='ltr'>Diclatoris</span> <span class='ocrx_word' id='word_1_260' title='bbox 2105 427 2188 460; x_wconf 80' lang='lat' dir='ltr'>impe-</span> 
     </span>
     <span class='ocr_line' id='line_1_37' title="bbox 1150 454 2187 491; baseline 0.008 -10"><span class='ocrx_word' id='word_1_261' title='bbox 1150 465 1221 482; x_wconf 87' lang='lat' dir='ltr'>runn</span> <span class='ocrx_word' id='word_1_262' title='bbox 1236 463 1351 482; x_wconf 81' lang='lat' dir='ltr'>caeteros</span> <span class='ocrx_word' id='word_1_263' title='bbox 1360 454 1524 488; x_wconf 75' lang='lat' dir='ltr'>Magistratus</span> <span class='ocrx_word' id='word_1_264' title='bbox 1539 457 1678 484; x_wconf 80' lang='lat' dir='ltr'>excedebat</span> <span class='ocrx_word' id='word_1_265' title='bbox 1693 458 1762 483; x_wconf 75' lang='lat' dir='ltr'>Men:</span> <span class='ocrx_word' id='word_1_266' title='bbox 1772 458 1882 483; x_wconf 85' lang='lat' dir='ltr'>Coruin.</span> <span class='ocrx_word' id='word_1_267' title='bbox 1898 466 1922 491; x_wconf 88' lang='lat' dir='ltr'>p.</span> <span class='ocrx_word' id='word_1_268' title='bbox 1937 466 1972 490; x_wconf 90' lang='lat'>19.</span> <span class='ocrx_word' id='word_1_269' title='bbox 2027 461 2109 487; x_wconf 82' lang='lat' dir='ltr'>Ouid.</span> <span class='ocrx_word' id='word_1_270' title='bbox 2123 463 2187 491; x_wconf 83' lang='lat' dir='ltr'>Met.</span> 
     </span>
     <span class='ocr_line' id='line_1_38' title="bbox 1150 492 2186 525; baseline 0.006 -8"><span class='ocrx_word' id='word_1_271' title='bbox 1150 494 1174 521; x_wconf 85' lang='lat'>6,</span> <span class='ocrx_word' id='word_1_272' title='bbox 1188 500 1228 524; x_wconf 89' lang='lat'>197</span> <span class='ocrx_word' id='word_1_273' title='bbox 1254 492 1343 518; x_wconf 88' lang='lat' dir='ltr'>Maior</span> <span class='ocrx_word' id='word_1_274' title='bbox 1360 492 1414 516; x_wconf 82' lang='lat' dir='ltr'>sum</span> <span class='ocrx_word' id='word_1_275' title='bbox 1431 498 1509 524; x_wconf 86' lang='lat' dir='ltr'>quam</span> <span class='ocrx_word' id='word_1_276' title='bbox 1528 492 1571 517; x_wconf 86' lang='lat' dir='ltr'>cui</span> <span class='ocrx_word' id='word_1_277' title='bbox 1590 493 1662 525; x_wconf 86' lang='lat' dir='ltr'>poslit</span> <span class='ocrx_word' id='word_1_278' title='bbox 1679 493 1787 519; x_wconf 90' lang='lat' dir='ltr'>fortuna</span> <span class='ocrx_word' id='word_1_279' title='bbox 1799 501 1902 519; x_wconf 86' lang='lat' dir='ltr'>nocere.</span> <span class='ocrx_word' id='word_1_280' title='bbox 1940 494 2069 523; x_wconf 55' lang='lat' dir='ltr'>Exce‘ferc</span> <span class='ocrx_word' id='word_1_281' title='bbox 2085 498 2186 525; x_wconf 70' lang='lat' dir='ltr'>Metina</span> 
     </span>
     <span class='ocr_line' id='line_1_39' title="bbox 1150 525 2188 564; baseline 0.002 -11"><span class='ocrx_word' id='word_1_282' title='bbox 1150 536 1207 553; x_wconf 84' lang='lat' dir='ltr'>mea</span> <span class='ocrx_word' id='word_1_283' title='bbox 1231 527 1283 553; x_wconf 85' lang='lat' dir='ltr'>iam</span> <span class='ocrx_word' id='word_1_284' title='bbox 1307 527 1385 552; x_wconf 85' lang='lat' dir='ltr'>bona.</span> <span class='ocrx_word' id='word_1_285' title='bbox 1443 525 1569 564; x_wconf 32' lang='lat' dir='ltr'>„Modum</span> <span class='ocrx_word' id='word_1_286' title='bbox 1595 528 1653 553; x_wconf 83' lang='lat' dir='ltr'>Liu.</span> <span class='ocrx_word' id='word_1_287' title='bbox 1669 537 1691 560; x_wconf 79' lang='lat'>3,</span> <span class='ocrx_word' id='word_1_288' title='bbox 1727 548 1733 554; x_wconf 88' lang='lat'>.</span> <span class='ocrx_word' id='word_1_289' title='bbox 1771 548 1778 554; x_wconf 91' lang='lat'>.</span> <span class='ocrx_word' id='word_1_290' title='bbox 1849 528 1923 554; x_wconf 87' lang='lat' dir='ltr'>Idem</span> <span class='ocrx_word' id='word_1_291' title='bbox 1940 531 1980 561; x_wconf 86' lang='lat'>26,</span> <span class='ocrx_word' id='word_1_292' title='bbox 2019 549 2024 555; x_wconf 97' lang='lat'>.</span> <span class='ocrx_word' id='word_1_293' title='bbox 2063 549 2070 555; x_wconf 95' lang='lat'>.</span> <span class='ocrx_word' id='word_1_294' title='bbox 2105 533 2188 559; x_wconf 62' lang='lat' dir='ltr'>Multa</span> 
     </span>
     <span class='ocr_line' id='line_1_40' title="bbox 1150 561 2187 596; baseline 0.005 -8"><span class='ocrx_word' id='word_1_295' title='bbox 1150 563 1201 589; x_wconf 87' lang='lat' dir='ltr'>alia</span> <span class='ocrx_word' id='word_1_296' title='bbox 1221 563 1340 589; x_wconf 86' lang='lat' dir='ltr'>eiusdem</span> <span class='ocrx_word' id='word_1_297' title='bbox 1360 569 1476 596; x_wconf 81' lang='lat' dir='ltr'>generis,</span> <span class='ocrx_word' id='word_1_298' title='bbox 1495 561 1546 587; x_wconf 85' lang='lat' dir='ltr'>alia</span> <span class='ocrx_word' id='word_1_299' title='bbox 1560 571 1638 594; x_wconf 87' lang='lat' dir='ltr'>vera,</span> <span class='ocrx_word' id='word_1_300' title='bbox 1656 566 1707 589; x_wconf 82' lang='lat' dir='ltr'>alia</span> <span class='ocrx_word' id='word_1_301' title='bbox 1721 563 1879 596; x_wconf 83' lang='lat' dir='ltr'>assimnlata‚</span> <span class='ocrx_word' id='word_1_302' title='bbox 1898 563 2082 591; x_wconf 85' lang='lat' dir='ltr'>admirationis</span> <span class='ocrx_word' id='word_1_303' title='bbox 2097 566 2187 595; x_wconf 77' lang='lat' dir='ltr'>huma-</span> 
     </span>
     <span class='ocr_line' id='line_1_41' title="bbox 1456 599 2188 636; baseline 0.007 -12"><span class='ocrx_word' id='word_1_304' title='bbox 1456 632 1460 636; x_wconf 90' lang='lat'>.</span> <span class='ocrx_word' id='word_1_305' title='bbox 1781 599 1892 626; x_wconf 84' lang='lat' dir='ltr'>Modum</span> <span class='ocrx_word' id='word_1_306' title='bbox 1906 599 2024 627; x_wconf 86' lang='lat' dir='ltr'>hominis</span> <span class='ocrx_word' id='word_1_307' title='bbox 2037 602 2110 627; x_wconf 84' lang='lat' dir='ltr'>Curt.</span> <span class='ocrx_word' id='word_1_308' title='bbox 2126 606 2152 634; x_wconf 82' lang='lat'>6,</span> <span class='ocrx_word' id='word_1_309' title='bbox 2164 612 2188 635; x_wconf 88' lang='lat'>9,</span> 
     </span>
     <span class='ocr_line' id='line_1_42' title="bbox 1150 634 2188 670; baseline 0.003 -10"><span class='ocrx_word' id='word_1_310' title='bbox 1150 639 1185 664; x_wconf 79' lang='lat'>18.</span> <span class='ocrx_word' id='word_1_311' title='bbox 1241 634 1305 659; x_wconf 88' lang='lat' dir='ltr'>Non</span> <span class='ocrx_word' id='word_1_312' title='bbox 1322 634 1438 664; x_wconf 83' lang='lat' dir='ltr'>Vereor,</span> <span class='ocrx_word' id='word_1_313' title='bbox 1454 641 1481 657; x_wconf 87' lang='lat' dir='ltr'>in</span> <span class='ocrx_word' id='word_1_314' title='bbox 1501 640 1591 659; x_wconf 85' lang='lat' dir='ltr'>amore</span> <span class='ocrx_word' id='word_1_315' title='bbox 1611 643 1643 660; x_wconf 89' lang='lat' dir='ltr'>nc</span> <span class='ocrx_word' id='word_1_316' title='bbox 1664 634 1773 660; x_wconf 84' lang='lat' dir='ltr'>Modum</span> <span class='ocrx_word' id='word_1_317' title='bbox 1789 636 1938 661; x_wconf 78' lang='lat' dir='ltr'>excesserim</span> <span class='ocrx_word' id='word_1_318' title='bbox 1958 636 2024 662; x_wconf 89' lang='lat' dir='ltr'>Plin.</span> <span class='ocrx_word' id='word_1_319' title='bbox 2038 637 2083 670; x_wconf 83' lang='lat' dir='ltr'>Ep.</span> <span class='ocrx_word' id='word_1_320' title='bbox 2098 642 2111 666; x_wconf 87' lang='lat'>8</span> <span class='ocrx_word' id='word_1_321' title='bbox 2124 646 2188 664; x_wconf 70' lang='lat' dir='ltr'>extr.</span> 
     </span>
     <span class='ocr_line' id='line_1_43' title="bbox 1150 669 2188 707; baseline 0.003 -12"><span class='ocrx_word' id='word_1_322' title='bbox 1150 670 1169 696; x_wconf 88' lang='lat' dir='ltr'>s.</span> <span class='ocrx_word' id='word_1_323' title='bbox 1182 678 1226 702; x_wconf 83' lang='lat'>24,</span> <span class='ocrx_word' id='word_1_324' title='bbox 1240 677 1277 694; x_wconf 91' lang='lat'>10.</span> <span class='ocrx_word' id='word_1_325' title='bbox 1350 669 1481 701; x_wconf 82' lang='lat' dir='ltr'>Nauigia,</span> <span class='ocrx_word' id='word_1_326' title='bbox 1496 677 1563 701; x_wconf 83' lang='lat' dir='ltr'>quae</span> <span class='ocrx_word' id='word_1_327' title='bbox 1576 670 1683 695; x_wconf 77' lang='lat' dir='ltr'>niodum</span> <span class='ocrx_word' id='word_1_328' title='bbox 1699 670 1840 702; x_wconf 76' lang='lat' dir='ltr'>excedunt,</span> <span class='ocrx_word' id='word_1_329' title='bbox 1854 671 1910 705; x_wconf 87' lang='lat' dir='ltr'>regi</span> <span class='ocrx_word' id='word_1_330' title='bbox 1925 678 2058 705; x_wconf 85' lang='lat' dir='ltr'>nequeunt</span> <span class='ocrx_word' id='word_1_331' title='bbox 2074 672 2148 698; x_wconf 89' lang='lat' dir='ltr'>Curt.</span> <span class='ocrx_word' id='word_1_332' title='bbox 2163 683 2188 707; x_wconf 84' lang='lat'>4,</span> 
     </span>
     <span class='ocr_line' id='line_1_44' title="bbox 1151 703 2189 741; baseline 0.003 -11"><span class='ocrx_word' id='word_1_333' title='bbox 1151 713 1184 737; x_wconf 72' lang='grc' dir='ltr'>ιι,</span> <span class='ocrx_word' id='word_1_334' title='bbox 1198 710 1220 734; x_wconf 90' lang='lat'>8.</span> <span class='ocrx_word' id='word_1_335' title='bbox 1294 704 1401 730; x_wconf 83' lang='lat' dir='ltr'>Nomen</span> <span class='ocrx_word' id='word_1_336' title='bbox 1419 703 1632 737; x_wconf 67' lang='lat' dir='ltr'>amplificationis</span> <span class='ocrx_word' id='word_1_337' title='bbox 1650 706 1752 732; x_wconf 73' lang='lat' dir='ltr'>exccdit</span> <span class='ocrx_word' id='word_1_338' title='bbox 1770 707 1923 740; x_wconf 73' lang='lat' dir='ltr'>Hyperbole</span> <span class='ocrx_word' id='word_1_339' title='bbox 1948 708 2057 740; x_wconf 62' lang='lat' dir='ltr'>Quinti.</span> <span class='ocrx_word' id='word_1_340' title='bbox 2073 713 2095 739; x_wconf 86' lang='lat'>8,</span> <span class='ocrx_word' id='word_1_341' title='bbox 2107 718 2136 741; x_wconf 93' lang='lat'>4,</span> <span class='ocrx_word' id='word_1_342' title='bbox 2151 717 2189 741; x_wconf 85' lang='lat'>29.</span> 
     </span>
     <span class='ocr_line' id='line_1_45' title="bbox 1150 738 2191 777; baseline 0.005 -12"><span class='ocrx_word' id='word_1_343' title='bbox 1150 740 1279 773; x_wconf 85' lang='lat' dir='ltr'>Olympus</span> <span class='ocrx_word' id='word_1_344' title='bbox 1292 739 1395 766; x_wconf 82' lang='lat' dir='ltr'>excedit</span> <span class='ocrx_word' id='word_1_345' title='bbox 1408 738 1490 764; x_wconf 82' lang='lat' dir='ltr'>nubes</span> <span class='ocrx_word' id='word_1_346' title='bbox 1499 759 1506 771; x_wconf 81' lang='lat'>,</span> <span class='ocrx_word' id='word_1_347' title='bbox 1526 742 1544 765; x_wconf 84' lang='lat' dir='ltr'>i.</span> <span class='ocrx_word' id='word_1_348' title='bbox 1565 740 1660 767; x_wconf 71' lang='lat' dir='ltr'>Caelum</span> <span class='ocrx_word' id='word_1_349' title='bbox 1673 742 1703 774; x_wconf 76' lang='lat' dir='ltr'>ch</span> <span class='ocrx_word' id='word_1_350' title='bbox 1712 743 1792 776; x_wconf 69' lang='lat' dir='ltr'>J&#39;itpra</span> <span class='ocrx_word' id='word_1_351' title='bbox 1805 743 1878 767; x_wconf 71' lang='lat' dir='ltr'>nubes</span> <span class='ocrx_word' id='word_1_352' title='bbox 1891 743 1987 768; x_wconf 89' lang='lat' dir='ltr'>Lucan.</span> <span class='ocrx_word' id='word_1_353' title='bbox 2001 752 2023 773; x_wconf 85' lang='lat'>2,</span> <span class='ocrx_word' id='word_1_354' title='bbox 2038 751 2088 777; x_wconf 87' lang='lat'>271.</span> <span class='ocrx_word' id='word_1_355' title='bbox 2143 744 2191 771; x_wconf 85' lang='lat' dir='ltr'>Of-</span> 
     </span>
     <span class='ocr_line' id='line_1_46' title="bbox 1257 776 2190 815; baseline 0.009 -17"><span class='ocrx_word' id='word_1_356' title='bbox 1257 811 1261 814; x_wconf 34' lang='lat'>·</span> <span class='ocrx_word' id='word_1_357' title='bbox 1445 809 1453 815; x_wconf 74' lang='lat'>.</span> <span class='ocrx_word' id='word_1_358' title='bbox 1676 776 1738 803; x_wconf 83' lang='lat' dir='ltr'>Stat.</span> <span class='ocrx_word' id='word_1_359' title='bbox 1752 777 1817 803; x_wconf 80' lang='lat' dir='ltr'>Silu.</span> <span class='ocrx_word' id='word_1_360' title='bbox 1832 786 1852 809; x_wconf 79' lang='grc' dir='ltr'>ς,</span> <span class='ocrx_word' id='word_1_361' title='bbox 1873 785 1896 810; x_wconf 84' lang='lat'>5,</span> <span class='ocrx_word' id='word_1_362' title='bbox 1916 786 1928 810; x_wconf 76' lang='grc' dir='ltr'><em>ς</em></span> <span class='ocrx_word' id='word_1_363' title='bbox 1964 779 2047 805; x_wconf 83' lang='lat' dir='ltr'>Dicor</span> <span class='ocrx_word' id='word_1_364' title='bbox 2064 785 2090 805; x_wconf 85' lang='lat' dir='ltr'>et</span> <span class='ocrx_word' id='word_1_365' title='bbox 2108 778 2136 806; x_wconf 90' lang='lat' dir='ltr'>in</span> <span class='ocrx_word' id='word_1_366' title='bbox 2155 780 2190 806; x_wconf 87' lang='lat' dir='ltr'>la·</span> 
     </span>
     <span class='ocr_line' id='line_1_47' title="bbox 1150 811 2190 847; baseline 0.004 -10"><span class='ocrx_word' id='word_1_367' title='bbox 1150 812 1241 837; x_wconf 84' lang='lat' dir='ltr'>crimis</span> <span class='ocrx_word' id='word_1_368' title='bbox 1255 811 1352 836; x_wconf 82' lang='lat' dir='ltr'>iustum</span> <span class='ocrx_word' id='word_1_369' title='bbox 1365 811 1488 836; x_wconf 74' lang='lat' dir='ltr'>excessill&#39;e</span> <span class='ocrx_word' id='word_1_370' title='bbox 1502 811 1642 837; x_wconf 70' lang='lat' dir='ltr'>Pudorem.</span> <span class='ocrx_word' id='word_1_371' title='bbox 1696 813 1803 838; x_wconf 83' lang='lat' dir='ltr'>Sensum</span> <span class='ocrx_word' id='word_1_372' title='bbox 1817 814 1922 839; x_wconf 87' lang='lat' dir='ltr'>aurium</span> <span class='ocrx_word' id='word_1_373' title='bbox 1935 815 2036 840; x_wconf 82' lang='lat' dir='ltr'>excedit</span> <span class='ocrx_word' id='word_1_374' title='bbox 2051 814 2115 841; x_wconf 85' lang='lat' dir='ltr'>Plin.</span> <span class='ocrx_word' id='word_1_375' title='bbox 2130 823 2155 847; x_wconf 88' lang='lat'>2,</span> <span class='ocrx_word' id='word_1_376' title='bbox 2168 823 2190 847; x_wconf 81' lang='lat'>3.</span> 
     </span>
     <span class='ocr_line' id='line_1_48' title="bbox 1151 843 2192 884; baseline 0.006 -13"><span class='ocrx_word' id='word_1_377' title='bbox 1151 843 1173 884; x_wconf 56' lang='lat' dir='ltr'><strong>ff</strong></span> <span class='ocrx_word' id='word_1_378' title='bbox 1196 855 1209 878; x_wconf 81' lang='lat'><em>3</em></span> <span class='ocrx_word' id='word_1_379' title='bbox 1243 845 1388 881; x_wconf 76' lang='lat' dir='ltr'>Obfi&#39;ruatt.</span> <span class='ocrx_word' id='word_1_380' title='bbox 1425 846 1492 871; x_wconf 78' lang='lat' dir='ltr'>Cels.</span> <span class='ocrx_word' id='word_1_381' title='bbox 1501 855 1529 880; x_wconf 88' lang='lat'>7,</span> <span class='ocrx_word' id='word_1_382' title='bbox 1542 855 1572 879; x_wconf 85' lang='lat'>14</span> <span class='ocrx_word' id='word_1_383' title='bbox 1588 848 1615 872; x_wconf 74' lang='lat' dir='ltr'>tle</span> <span class='ocrx_word' id='word_1_384' title='bbox 1628 849 1702 873; x_wconf 81' lang='lat' dir='ltr'>vitiis</span> <span class='ocrx_word' id='word_1_385' title='bbox 1716 850 1834 880; x_wconf 62' lang='lat' dir='ltr'>vmbria-i,</span> <span class='ocrx_word' id='word_1_386' title='bbox 1849 849 1954 881; x_wconf 71' lang='lat' dir='ltr'>hermis,</span> <span class='ocrx_word' id='word_1_387' title='bbox 1974 850 2070 884; x_wconf 80' lang='lat' dir='ltr'>Neque</span> <span class='ocrx_word' id='word_1_388' title='bbox 2087 850 2115 876; x_wconf 83' lang='lat' dir='ltr'>id</span> <span class='ocrx_word' id='word_1_389' title='bbox 2133 851 2192 877; x_wconf 77' lang='lat' dir='ltr'>satis</span> 
     </span>
     <span class='ocr_line' id='line_1_49' title="bbox 1152 881 2192 920; baseline 0.003 -11"><span class='ocrx_word' id='word_1_390' title='bbox 1152 882 1205 914; x_wconf 81' lang='lat' dir='ltr'>est,</span> <span class='ocrx_word' id='word_1_391' title='bbox 1225 881 1269 908; x_wconf 87' lang='lat' dir='ltr'>sed</span> <span class='ocrx_word' id='word_1_392' title='bbox 1290 881 1367 907; x_wconf 85' lang='lat' dir='ltr'>aluus</span> <span class='ocrx_word' id='word_1_393' title='bbox 1389 890 1497 915; x_wconf 87' lang='lat' dir='ltr'>quoquc</span> <span class='ocrx_word' id='word_1_394' title='bbox 1517 883 1542 907; x_wconf 84' lang='lat' dir='ltr'>ci</span> <span class='ocrx_word' id='word_1_395' title='bbox 1561 882 1679 913; x_wconf 84' lang='lat' dir='ltr'>ducenda</span> <span class='ocrx_word' id='word_1_396' title='bbox 1699 883 1750 914; x_wconf 84' lang='lat' dir='ltr'>est,</span> <span class='ocrx_word' id='word_1_397' title='bbox 1769 892 1822 917; x_wconf 90' lang='lat' dir='ltr'>quo</span> <span class='ocrx_word' id='word_1_398' title='bbox 1837 884 1941 910; x_wconf 83' lang='lat' dir='ltr'>facilins</span> <span class='ocrx_word' id='word_1_399' title='bbox 1953 886 2134 920; x_wconf 87' lang='lat' dir='ltr'>omnia‚quae</span> <span class='ocrx_word' id='word_1_400' title='bbox 2149 895 2192 912; x_wconf 87' lang='lat' dir='ltr'>ex-</span> 
     </span>
     <span class='ocr_line' id='line_1_50' title="bbox 1151 917 2193 954; baseline 0.004 -10"><span class='ocrx_word' id='word_1_401' title='bbox 1151 918 1292 949; x_wconf 81' lang='lat' dir='ltr'>cesserunt,</span> <span class='ocrx_word' id='word_1_402' title='bbox 1310 917 1381 943; x_wconf 86' lang='lat' dir='ltr'>intra</span> <span class='ocrx_word' id='word_1_403' title='bbox 1398 917 1487 943; x_wconf 88' lang='lat' dir='ltr'>aluum</span> <span class='ocrx_word' id='word_1_404' title='bbox 1508 918 1651 944; x_wconf 83' lang='lat' dir='ltr'>considant.</span> <span class='ocrx_word' id='word_1_405' title='bbox 1723 919 1783 944; x_wconf 70' lang='lat' dir='ltr'>Erat</span> <span class='ocrx_word' id='word_1_406' title='bbox 1801 929 1890 954; x_wconf 71' lang='lat' dir='ltr'>quoque</span> <span class='ocrx_word' id='word_1_407' title='bbox 1911 922 2009 946; x_wconf 73' lang='lat' dir='ltr'>uerbum</span> <span class='ocrx_word' id='word_1_408' title='bbox 2022 926 2135 947; x_wconf 71' lang='lat' dir='ltr'>Arenae:</span> <span class='ocrx_word' id='word_1_409' title='bbox 2162 924 2193 948; x_wconf 80' lang='lat' dir='ltr'>Et</span> 
     </span>
    </p>
   </div>
   <div class='ocr_carea' id='block_1_15' title="bbox 2119 203 2189 248">
    <p class='ocr_par' dir='ltr' id='par_1_17' title="bbox 2119 203 2189 248">
     <span class='ocr_line' id='line_1_51' title="bbox 2119 203 2189 248; baseline 0.029 -2"><span class='ocrx_word' id='word_1_410' title='bbox 2119 203 2189 248; x_wconf 85' lang='lat'>458</span> 
     </span>
    </p>
   </div>
   <div class='ocr_carea' id='block_1_16' title="bbox 1899 283 2187 354">
    <p class='ocr_par' dir='ltr' id='par_1_18' title="bbox 1899 283 2187 354">
     <span class='ocr_line' id='line_1_52' title="bbox 1972 283 2187 310; baseline 0.005 -1"><span class='ocrx_word' id='word_1_411' title='bbox 1972 283 2064 310; x_wconf 84' lang='lat' dir='ltr'>Fidem</span> <span class='ocrx_word' id='word_1_412' title='bbox 2086 283 2187 310; x_wconf 82' lang='lat' dir='ltr'>exceffit</span> 
     </span>
     <span class='ocr_line' id='line_1_53' title="bbox 1899 317 2187 354; baseline 0.014 -12"><span class='ocrx_word' id='word_1_413' title='bbox 1899 318 1927 342; x_wconf 87' lang='lat' dir='ltr'>ln</span> <span class='ocrx_word' id='word_1_414' title='bbox 1941 317 1991 344; x_wconf 83' lang='lat' dir='ltr'>hoc</span> <span class='ocrx_word' id='word_1_415' title='bbox 2005 320 2131 354; x_wconf 84' lang='lat' dir='ltr'>principis</span> <span class='ocrx_word' id='word_1_416' title='bbox 2146 321 2187 346; x_wconf 84' lang='lat' dir='ltr'>Ira</span> 
     </span>
    </p>
   </div>
   <div class='ocr_carea' id='block_1_17' title="bbox 47 951 2192 992">
    <p class='ocr_par' dir='ltr' id='par_1_19' title="bbox 47 951 2192 992">
     <span class='ocr_line' id='line_1_54' title="bbox 47 951 2192 992; baseline 0 -9"><span class='ocrx_word' id='word_1_417' title='bbox 47 957 168 984; x_wconf 78' lang='lat' dir='ltr'>cantibus</span> <span class='ocrx_word' id='word_1_418' title='bbox 181 964 207 984; x_wconf 86' lang='lat' dir='ltr'>ct</span> <span class='ocrx_word' id='word_1_419' title='bbox 219 957 324 992; x_wconf 77' lang='lat' dir='ltr'>repelli:</span> <span class='ocrx_word' id='word_1_420' title='bbox 348 963 465 989; x_wconf 73' lang='lat' dir='ltr'>quornm</span> <span class='ocrx_word' id='word_1_421' title='bbox 483 954 552 981; x_wconf 87' lang='lat' dir='ltr'>nihil</span> <span class='ocrx_word' id='word_1_422' title='bbox 568 955 636 989; x_wconf 78' lang='lat' dir='ltr'>posse</span> <span class='ocrx_word' id='word_1_423' title='bbox 649 954 724 986; x_wconf 86' lang='lat' dir='ltr'>fieri,</span> <span class='ocrx_word' id='word_1_424' title='bbox 743 960 796 980; x_wconf 88' lang='lat' dir='ltr'>tam</span> <span class='ocrx_word' id='word_1_425' title='bbox 808 953 892 988; x_wconf 89' lang='lat' dir='ltr'>palam</span> <span class='ocrx_word' id='word_1_426' title='bbox 905 952 958 983; x_wconf 86' lang='lat' dir='ltr'>est,</span> <span class='ocrx_word' id='word_1_427' title='bbox 970 959 998 978; x_wconf 92' lang='lat' dir='ltr'>vt</span> <span class='ocrx_word' id='word_1_428' title='bbox 1013 952 1091 979; x_wconf 86' lang='lat' dir='ltr'>huius</span> <span class='ocrx_word' id='word_1_429' title='bbox 1102 969 1137 988; x_wconf 78' lang='lat'>20</span> <span class='ocrx_word' id='word_1_430' title='bbox 1151 953 1282 980; x_wconf 87' lang='lat' dir='ltr'>Excedere</span> <span class='ocrx_word' id='word_1_431' title='bbox 1297 951 1425 979; x_wconf 73' lang='lat' dir='ltr'>dicebatur</span> <span class='ocrx_word' id='word_1_432' title='bbox 1438 953 1591 985; x_wconf 78' lang='lat' dir='ltr'>Gladiator,</span> <span class='ocrx_word' id='word_1_433' title='bbox 1608 955 1659 988; x_wconf 72' lang='lat' dir='ltr'>Qi</span> <span class='ocrx_word' id='word_1_434' title='bbox 1678 955 1775 979; x_wconf 71' lang='lat' dir='ltr'>vitabat</span> <span class='ocrx_word' id='word_1_435' title='bbox 1786 961 1931 988; x_wconf 59' lang='lat' dir='ltr'>pemmonem</span> <span class='ocrx_word' id='word_1_436' title='bbox 1951 957 2099 992; x_wconf 69' lang='lat' dir='ltr'>aduersarii.</span> <span class='ocrx_word' id='word_1_437' title='bbox 2136 958 2192 984; x_wconf 89' lang='lat' dir='ltr'>Cic.</span> 
     </span>
    </p>
   </div>
   <div class='ocr_carea' id='block_1_18' title="bbox 0 988 1091 1309">
    <p class='ocr_par' dir='ltr' id='par_1_20' title="bbox 0 988 1091 1309">
     <span class='ocr_line' id='line_1_55' title="bbox 47 988 1090 1025; baseline -0.004 -7"><span class='ocrx_word' id='word_1_438' title='bbox 47 992 90 1018; x_wconf 85' lang='lat' dir='ltr'>rei</span> <span class='ocrx_word' id='word_1_439' title='bbox 108 994 183 1020; x_wconf 80' lang='lat' dir='ltr'>causa</span> <span class='ocrx_word' id='word_1_440' title='bbox 200 993 297 1020; x_wconf 86' lang='lat' dir='ltr'>nullius</span> <span class='ocrx_word' id='word_1_441' title='bbox 313 989 467 1025; x_wconf 86' lang='lat' dir='ltr'>philosophi</span> <span class='ocrx_word' id='word_1_442' title='bbox 489 989 577 1016; x_wconf 89' lang='lat' dir='ltr'>schola</span> <span class='ocrx_word' id='word_1_443' title='bbox 591 988 714 1016; x_wconf 89' lang='lat' dir='ltr'>intranda</span> <span class='ocrx_word' id='word_1_444' title='bbox 739 989 776 1016; x_wconf 91' lang='lat' dir='ltr'>sit.</span> <span class='ocrx_word' id='word_1_445' title='bbox 847 989 966 1023; x_wconf 87' lang='lat' dir='ltr'>Propert.</span> <span class='ocrx_word' id='word_1_446' title='bbox 981 997 1001 1020; x_wconf 78' lang='lat'>3,</span> <span class='ocrx_word' id='word_1_447' title='bbox 1016 997 1042 1020; x_wconf 88' lang='lat'>2,</span> <span class='ocrx_word' id='word_1_448' title='bbox 1054 997 1090 1022; x_wconf 85' lang='lat'>49</span> 
     </span>
     <span class='ocr_line' id='line_1_56' title="bbox 48 1024 1089 1065; baseline -0.004 -11"><span class='ocrx_word' id='word_1_449' title='bbox 48 1028 86 1054; x_wconf 82' lang='lat' dir='ltr'>Vt</span> <span class='ocrx_word' id='word_1_450' title='bbox 109 1037 156 1063; x_wconf 88' lang='lat' dir='ltr'>per</span> <span class='ocrx_word' id='word_1_451' title='bbox 178 1026 204 1056; x_wconf 82' lang='lat' dir='ltr'>te</span> <span class='ocrx_word' id='word_1_452' title='bbox 230 1027 325 1055; x_wconf 85' lang='lat' dir='ltr'>clausas</span> <span class='ocrx_word' id='word_1_453' title='bbox 345 1024 407 1052; x_wconf 90' lang='lat' dir='ltr'>sciat</span> <span class='ocrx_word' id='word_1_454' title='bbox 430 1032 569 1052; x_wconf 83' lang='lat' dir='ltr'>excantare</span> <span class='ocrx_word' id='word_1_455' title='bbox 595 1025 766 1060; x_wconf 77' lang='lat' dir='ltr'>puellas,ecc.</span> <span class='ocrx_word' id='word_1_456' title='bbox 803 1024 876 1065; x_wconf 62' lang='lat' dir='ltr'>Cous.</span> <span class='ocrx_word' id='word_1_457' title='bbox 896 1025 921 1052; x_wconf 89' lang='lat' dir='ltr'>b.</span> <span class='ocrx_word' id='word_1_458' title='bbox 934 1025 953 1050; x_wconf 91' lang='lat'>1.</span> <span class='ocrx_word' id='word_1_459' title='bbox 966 1024 1089 1051; x_wconf 76' lang='lat' dir='ltr'>Brouckh.</span> 
     </span>
     <span class='ocr_line' id='line_1_57' title="bbox 0 1059 1088 1099; baseline 0 -12"><span class='ocrx_word' id='word_1_460' title='bbox 0 1063 1 1087; x_wconf 74' lang='grc' dir='ltr'>ἶ</span> <span class='ocrx_word' id='word_1_461' title='bbox 48 1060 116 1090; x_wconf 75' lang='lat' dir='ltr'>Hor.</span> <span class='ocrx_word' id='word_1_462' title='bbox 130 1063 211 1099; x_wconf 83' lang='lat' dir='ltr'>Epod.</span> <span class='ocrx_word' id='word_1_463' title='bbox 225 1070 291 1096; x_wconf 58' lang='lat'>5545</span> <span class='ocrx_word' id='word_1_464' title='bbox 329 1062 405 1095; x_wconf 84' lang='lat' dir='ltr'>Qae</span> <span class='ocrx_word' id='word_1_465' title='bbox 428 1060 511 1088; x_wconf 87' lang='lat' dir='ltr'>sidera</span> <span class='ocrx_word' id='word_1_466' title='bbox 529 1066 663 1088; x_wconf 84' lang='lat' dir='ltr'>excantata</span> <span class='ocrx_word' id='word_1_467' title='bbox 682 1068 750 1086; x_wconf 88' lang='lat' dir='ltr'>voce</span> <span class='ocrx_word' id='word_1_468' title='bbox 769 1059 896 1086; x_wconf 80' lang='lat' dir='ltr'>Thellala</span> <span class='ocrx_word' id='word_1_469' title='bbox 932 1060 1088 1094; x_wconf 80' lang='lat' dir='ltr'>Lunamque</span> 
     </span>
     <span class='ocr_line' id='line_1_58' title="bbox 0 1095 1088 1134; baseline -0.003 -9"><span class='ocrx_word' id='word_1_470' title='bbox 0 1115 2 1129; x_wconf 56' lang='lat'>&gt;</span> <span class='ocrx_word' id='word_1_471' title='bbox 47 1099 121 1126; x_wconf 81' lang='lat' dir='ltr'>eaelo</span> <span class='ocrx_word' id='word_1_472' title='bbox 134 1099 239 1134; x_wconf 83' lang='lat' dir='ltr'>deripit.</span> <span class='ocrx_word' id='word_1_473' title='bbox 307 1096 493 1131; x_wconf 85' lang='lat' dir='ltr'>Praestigiator</span> <span class='ocrx_word' id='word_1_474' title='bbox 512 1097 583 1123; x_wconf 86' lang='lat' dir='ltr'>forte</span> <span class='ocrx_word' id='word_1_475' title='bbox 602 1102 647 1123; x_wconf 87' lang='lat' dir='ltr'>aut</span> <span class='ocrx_word' id='word_1_476' title='bbox 664 1095 796 1122; x_wconf 73' lang='lat' dir='ltr'>veneficus</span> <span class='ocrx_word' id='word_1_477' title='bbox 814 1095 880 1121; x_wconf 87' lang='lat' dir='ltr'>hanc</span> <span class='ocrx_word' id='word_1_478' title='bbox 899 1101 1018 1122; x_wconf 83' lang='lat' dir='ltr'>excantat</span> <span class='ocrx_word' id='word_1_479' title='bbox 1035 1096 1088 1122; x_wconf 82' lang='lat' dir='ltr'>tibi</span> 
     </span>
     <span class='ocr_line' id='line_1_59' title="bbox 0 1131 864 1169; baseline -0.005 -9"><span class='ocrx_word' id='word_1_480' title='bbox 0 1138 2 1169; x_wconf 63' lang='lat' dir='ltr'>l</span> <span class='ocrx_word' id='word_1_481' title='bbox 47 1134 178 1160; x_wconf 78' lang='lat' dir='ltr'>familiam</span> <span class='ocrx_word' id='word_1_482' title='bbox 202 1134 283 1160; x_wconf 81' lang='lat' dir='ltr'>Plaut.</span> <span class='ocrx_word' id='word_1_483' title='bbox 298 1131 394 1167; x_wconf 86' lang='lat' dir='ltr'>Amph.</span> <span class='ocrx_word' id='word_1_484' title='bbox 413 1141 441 1166; x_wconf 93' lang='lat'>4,</span> <span class='ocrx_word' id='word_1_485' title='bbox 461 1141 484 1165; x_wconf 86' lang='lat'>3,</span> <span class='ocrx_word' id='word_1_486' title='bbox 504 1139 544 1166; x_wconf 88' lang='lat'>71.</span> <span class='ocrx_word' id='word_1_487' title='bbox 560 1159 563 1161; x_wconf 21' lang='grc' dir='ltr'><strong>Α</strong></span> <span class='ocrx_word' id='word_1_488' title='bbox 578 1132 637 1158; x_wconf 90' lang='lat' dir='ltr'>Sen.</span> <span class='ocrx_word' id='word_1_489' title='bbox 651 1132 704 1164; x_wconf 78' lang='lat' dir='ltr'>Ql-</span> <span class='ocrx_word' id='word_1_490' title='bbox 721 1131 784 1158; x_wconf 89' lang='lat' dir='ltr'>Nat.</span> <span class='ocrx_word' id='word_1_491' title='bbox 799 1140 827 1165; x_wconf 86' lang='lat'>4,</span> <span class='ocrx_word' id='word_1_492' title='bbox 843 1139 864 1163; x_wconf 88' lang='lat'>5.</span> 
     </span>
     <span class='ocr_line' id='line_1_60' title="bbox 45 1166 1088 1204; baseline -0.004 -7"><span class='ocrx_word' id='word_1_493' title='bbox 45 1169 206 1202; x_wconf 80' lang='lat' dir='ltr'>Excludere,</span> <span class='ocrx_word' id='word_1_494' title='bbox 217 1171 300 1204; x_wconf 81' lang='lat' dir='ltr'>inquit</span> <span class='ocrx_word' id='word_1_495' title='bbox 320 1168 428 1195; x_wconf 87' lang='lat' dir='ltr'>Nonius</span> <span class='ocrx_word' id='word_1_496' title='bbox 441 1176 467 1200; x_wconf 82' lang='lat'>2,</span> <span class='ocrx_word' id='word_1_497' title='bbox 481 1170 533 1194; x_wconf 87' lang='lat'>260</span> <span class='ocrx_word' id='word_1_498' title='bbox 547 1173 571 1193; x_wconf 84' lang='lat' dir='ltr'>et</span> <span class='ocrx_word' id='word_1_499' title='bbox 582 1166 670 1193; x_wconf 78' lang='lat' dir='ltr'>laudat</span> <span class='ocrx_word' id='word_1_500' title='bbox 680 1166 763 1193; x_wconf 82' lang='lat' dir='ltr'>Plaut.</span> <span class='ocrx_word' id='word_1_501' title='bbox 776 1166 897 1194; x_wconf 87' lang='lat' dir='ltr'>Bacchid.</span> <span class='ocrx_word' id='word_1_502' title='bbox 924 1166 995 1193; x_wconf 90' lang='lat' dir='ltr'>Nam</span> <span class='ocrx_word' id='word_1_503' title='bbox 1008 1167 1088 1194; x_wconf 87' lang='lat' dir='ltr'>credo</span> 
     </span>
     <span class='ocr_line' id='line_1_61' title="bbox 0 1202 1091 1239; baseline -0.003 -7"><span class='ocrx_word' id='word_1_504' title='bbox 0 1216 1 1220; x_wconf 54' lang='lat'>¹</span> <span class='ocrx_word' id='word_1_505' title='bbox 45 1205 135 1233; x_wconf 74' lang='lat' dir='ltr'>cuiuis.</span> <span class='ocrx_word' id='word_1_506' title='bbox 143 1210 280 1231; x_wconf 80' lang='lat' dir='ltr'>excantare</span> <span class='ocrx_word' id='word_1_507' title='bbox 292 1212 338 1231; x_wconf 91' lang='lat' dir='ltr'>cor</span> <span class='ocrx_word' id='word_1_508' title='bbox 351 1203 442 1238; x_wconf 88' lang='lat' dir='ltr'>potest.</span> <span class='ocrx_word' id='word_1_509' title='bbox 480 1204 532 1239; x_wconf 73' lang='lat' dir='ltr'>Qi</span> <span class='ocrx_word' id='word_1_510' title='bbox 544 1202 629 1238; x_wconf 75' lang='lat' dir='ltr'>versus</span> <span class='ocrx_word' id='word_1_511' title='bbox 641 1205 668 1228; x_wconf 86' lang='lat' dir='ltr'>in</span> <span class='ocrx_word' id='word_1_512' title='bbox 681 1202 788 1237; x_wconf 84' lang='lat' dir='ltr'>sabula,</span> <span class='ocrx_word' id='word_1_513' title='bbox 809 1212 879 1239; x_wconf 76' lang='lat' dir='ltr'>quam</span> <span class='ocrx_word' id='word_1_514' title='bbox 892 1202 1005 1229; x_wconf 74' lang='lat' dir='ltr'>habemus</span> <span class='ocrx_word' id='word_1_515' title='bbox 1017 1204 1091 1229; x_wconf 78' lang='lat' dir='ltr'>huius</span> 
     </span>
     <span class='ocr_line' id='line_1_62' title="bbox 0 1238 1090 1274; baseline 0 -9"><span class='ocrx_word' id='word_1_516' title='bbox 0 1240 1 1265; x_wconf 68' lang='grc' dir='ltr'><strong>ξ</strong></span> <span class='ocrx_word' id='word_1_517' title='bbox 45 1242 166 1274; x_wconf 72' lang='lat' dir='ltr'>nominis,</span> <span class='ocrx_word' id='word_1_518' title='bbox 192 1249 241 1266; x_wconf 81' lang='lat' dir='ltr'>non</span> <span class='ocrx_word' id='word_1_519' title='bbox 271 1238 359 1271; x_wconf 56' lang='lat' dir='ltr'>exstat.</span> <span class='ocrx_word' id='word_1_520' title='bbox 396 1238 480 1266; x_wconf 80' lang='lat' dir='ltr'>Addit</span> <span class='ocrx_word' id='word_1_521' title='bbox 499 1238 606 1265; x_wconf 88' lang='lat' dir='ltr'>Nonius</span> <span class='ocrx_word' id='word_1_522' title='bbox 619 1238 705 1264; x_wconf 91' lang='lat' dir='ltr'>Lucil.</span> <span class='ocrx_word' id='word_1_523' title='bbox 726 1238 777 1265; x_wconf 84' lang='lat' dir='ltr'>Sat.</span> <span class='ocrx_word' id='word_1_524' title='bbox 797 1247 813 1265; x_wconf 92' lang='lat'>2</span> <span class='ocrx_word' id='word_1_525' title='bbox 847 1239 923 1271; x_wconf 79' lang='lat' dir='ltr'>Qiae</span> <span class='ocrx_word' id='word_1_526' title='bbox 946 1246 996 1272; x_wconf 83' lang='lat' dir='ltr'>ego</span> <span class='ocrx_word' id='word_1_527' title='bbox 1020 1248 1090 1265; x_wconf 88' lang='lat' dir='ltr'>nunc.</span> 
     </span>
     <span class='ocr_line' id='line_1_63' title="bbox 0 1274 1090 1309; baseline -0.001 -7"><span class='ocrx_word' id='word_1_528' title='bbox 0 1291 1 1295; x_wconf 67' lang='lat'><em>=</em></span> <span class='ocrx_word' id='word_1_529' title='bbox 47 1275 164 1305; x_wconf 55' lang='lat' dir='ltr'>Aemilio</span> <span class='ocrx_word' id='word_1_530' title='bbox 180 1281 321 1309; x_wconf 78' lang='lat' dir='ltr'>praecauto</span> <span class='ocrx_word' id='word_1_531' title='bbox 332 1295 340 1307; x_wconf 96' lang='lat'>,</span> <span class='ocrx_word' id='word_1_532' title='bbox 360 1280 440 1309; x_wconf 89' lang='lat' dir='ltr'>atque</span> <span class='ocrx_word' id='word_1_533' title='bbox 458 1274 554 1308; x_wconf 81' lang='lat' dir='ltr'>exigo,</span> <span class='ocrx_word' id='word_1_534' title='bbox 565 1280 646 1308; x_wconf 87' lang='lat' dir='ltr'>atque</span> <span class='ocrx_word' id='word_1_535' title='bbox 660 1279 779 1302; x_wconf 83' lang='lat' dir='ltr'>excanto.</span> <span class='ocrx_word' id='word_1_536' title='bbox 831 1274 926 1300; x_wconf 83' lang='lat' dir='ltr'>Varro.</span> <span class='ocrx_word' id='word_1_537' title='bbox 945 1274 1090 1301; x_wconf 84' lang='lat' dir='ltr'>Eudaemo-</span> 
     </span>
    </p>
   </div>
   <div class='ocr_carea' id='block_1_19' title="bbox 1151 988 2195 1132">
    <p class='ocr_par' dir='ltr' id='par_1_21' title="bbox 1151 988 2195 1132">
     <span class='ocr_line' id='line_1_64' title="bbox 1153 988 2192 1025; baseline 0.004 -9"><span class='ocrx_word' id='word_1_538' title='bbox 1153 989 1232 1016; x_wconf 87' lang='lat' dir='ltr'>Catil.</span> <span class='ocrx_word' id='word_1_539' title='bbox 1246 997 1265 1020; x_wconf 85' lang='lat'>1,</span> <span class='ocrx_word' id='word_1_540' title='bbox 1278 996 1302 1021; x_wconf 88' lang='lat'>15</span> <span class='ocrx_word' id='word_1_541' title='bbox 1338 988 1420 1014; x_wconf 86' lang='lat' dir='ltr'>Parua</span> <span class='ocrx_word' id='word_1_542' title='bbox 1440 990 1553 1023; x_wconf 87' lang='lat' dir='ltr'>quadam</span> <span class='ocrx_word' id='word_1_543' title='bbox 1571 990 1748 1015; x_wconf 80' lang='lat' dir='ltr'>declinatione</span> <span class='ocrx_word' id='word_1_544' title='bbox 1768 996 1809 1020; x_wconf 86' lang='lat' dir='ltr'>et,</span> <span class='ocrx_word' id='word_1_545' title='bbox 1825 996 1853 1014; x_wconf 90' lang='lat' dir='ltr'>vt</span> <span class='ocrx_word' id='word_1_546' title='bbox 1867 991 1957 1022; x_wconf 88' lang='lat' dir='ltr'>aiunt,</span> <span class='ocrx_word' id='word_1_547' title='bbox 1968 1000 2089 1025; x_wconf 19' lang='lat' dir='ltr'>&#39;corpore</span> <span class='ocrx_word' id='word_1_548' title='bbox 2103 992 2192 1020; x_wconf 61' lang='lat' dir='ltr'>ext-effi</span> 
     </span>
     <span class='ocr_line' id='line_1_65' title="bbox 1152 1024 2193 1059; baseline 0.004 -8"><span class='ocrx_word' id='word_1_549' title='bbox 1152 1031 1208 1051; x_wconf 85' lang='lat' dir='ltr'>tuas</span> <span class='ocrx_word' id='word_1_550' title='bbox 1221 1024 1364 1059; x_wconf 85' lang='lat' dir='ltr'>petitiones</span> <span class='ocrx_word' id='word_1_551' title='bbox 1382 1024 1418 1050; x_wconf 90' lang='lat' dir='ltr'>ita</span> <span class='ocrx_word' id='word_1_552' title='bbox 1431 1025 1577 1056; x_wconf 72' lang='lat' dir='ltr'>ccniccias,</span> <span class='ocrx_word' id='word_1_553' title='bbox 1598 1031 1626 1050; x_wconf 85' lang='lat' dir='ltr'>vt</span> <span class='ocrx_word' id='word_1_554' title='bbox 1644 1024 1723 1051; x_wconf 88' lang='lat' dir='ltr'>vitari</span> <span class='ocrx_word' id='word_1_555' title='bbox 1737 1032 1790 1049; x_wconf 88' lang='lat' dir='ltr'>non</span> <span class='ocrx_word' id='word_1_556' title='bbox 1803 1025 1871 1057; x_wconf 79' lang='lat' dir='ltr'>poffe</span> <span class='ocrx_word' id='word_1_557' title='bbox 1890 1025 2054 1053; x_wconf 83' lang='lat' dir='ltr'>viderentur.</span> <span class='ocrx_word' id='word_1_558' title='bbox 2090 1029 2193 1056; x_wconf 76' lang='lat' dir='ltr'>Dicitur</span> 
     </span>
     <span class='ocr_line' id='line_1_66' title="bbox 1151 1059 2194 1097; baseline 0.003 -11"><span class='ocrx_word' id='word_1_559' title='bbox 1151 1063 1223 1086; x_wconf 83' lang='lat' dir='ltr'>etiam</span> <span class='ocrx_word' id='word_1_560' title='bbox 1247 1060 1335 1086; x_wconf 84' lang='lat' dir='ltr'>Exire.</span> <span class='ocrx_word' id='word_1_561' title='bbox 1360 1059 1418 1086; x_wconf 69' lang='lat' dir='ltr'>Vici.</span> <span class='ocrx_word' id='word_1_562' title='bbox 1444 1061 1513 1095; x_wconf 78' lang='lat' dir='ltr'>Lips.</span> <span class='ocrx_word' id='word_1_563' title='bbox 1538 1061 1639 1087; x_wconf 84' lang='lat' dir='ltr'>Saturn.</span> <span class='ocrx_word' id='word_1_564' title='bbox 1662 1069 1685 1090; x_wconf 80' lang='lat'>2,</span> <span class='ocrx_word' id='word_1_565' title='bbox 1709 1069 1746 1085; x_wconf 78' lang='lat'>20.</span> <span class='ocrx_word' id='word_1_566' title='bbox 1819 1060 1868 1084; x_wconf 79' lang='lat' dir='ltr'>Pro</span> <span class='ocrx_word' id='word_1_567' title='bbox 1888 1060 2018 1095; x_wconf 73' lang='lat' dir='ltr'>Obliuiscu.</span> <span class='ocrx_word' id='word_1_568' title='bbox 2052 1062 2098 1088; x_wconf 86' lang='lat' dir='ltr'>Sil.</span> <span class='ocrx_word' id='word_1_569' title='bbox 2119 1072 2154 1096; x_wconf 83' lang='lat'>15,</span> <span class='ocrx_word' id='word_1_570' title='bbox 2168 1074 2194 1097; x_wconf 75' lang='lat'>33</span> 
     </span>
     <span class='ocr_line' id='line_1_67' title="bbox 1151 1093 2195 1132; baseline 0.004 -10"><span class='ocrx_word' id='word_1_571' title='bbox 1151 1097 1292 1122; x_wconf 84' lang='lat' dir='ltr'>Cannaene</span> <span class='ocrx_word' id='word_1_572' title='bbox 1312 1094 1379 1127; x_wconf 91' lang='lat' dir='ltr'>tibi,</span> <span class='ocrx_word' id='word_1_573' title='bbox 1405 1096 1565 1129; x_wconf 83' lang='lat' dir='ltr'>grauiorque</span> <span class='ocrx_word' id='word_1_574' title='bbox 1585 1094 1680 1129; x_wconf 88' lang='lat' dir='ltr'>palude</span> <span class='ocrx_word' id='word_1_575' title='bbox 1698 1093 1840 1120; x_wconf 87' lang='lat' dir='ltr'>Moeonius</span> <span class='ocrx_word' id='word_1_576' title='bbox 1859 1094 1946 1128; x_wconf 74' lang='lat' dir='ltr'>Stygia</span> <span class='ocrx_word' id='word_1_577' title='bbox 1967 1097 2037 1122; x_wconf 83' lang='lat' dir='ltr'>lacus</span> <span class='ocrx_word' id='word_1_578' title='bbox 2058 1100 2195 1132; x_wconf 61' lang='lat' dir='ltr'>exemere,</span> 
     </span>
    </p>
   </div>
   <div class='ocr_carea' id='block_1_20' title="bbox 936 1126 2195 1171">
    <p class='ocr_par' dir='ltr' id='par_1_22' title="bbox 936 1126 2195 1171">
     <span class='ocr_line' id='line_1_68' title="bbox 936 1126 2195 1171; baseline 0.003 -15"><span class='ocrx_word' id='word_1_579' title='bbox 936 1132 1089 1164; x_wconf 82' lang='lat' dir='ltr'>Excantare,</span> <span class='ocrx_word' id='word_1_580' title='bbox 1105 1145 1137 1171; x_wconf 71' lang='lat'>25</span> <span class='ocrx_word' id='word_1_581' title='bbox 1150 1131 1232 1158; x_wconf 89' lang='lat' dir='ltr'>Padus</span> <span class='ocrx_word' id='word_1_582' title='bbox 1252 1139 1296 1157; x_wconf 88' lang='lat' dir='ltr'>ne.</span> <span class='ocrx_word' id='word_1_583' title='bbox 1332 1126 1412 1163; x_wconf 71' lang='lat' dir='ltr'>Potest</span> <span class='ocrx_word' id='word_1_584' title='bbox 1427 1132 1471 1157; x_wconf 80' lang='lat' dir='ltr'>hoc</span> <span class='ocrx_word' id='word_1_585' title='bbox 1484 1130 1544 1157; x_wconf 71' lang='lat' dir='ltr'>addi</span> <span class='ocrx_word' id='word_1_586' title='bbox 1551 1130 1673 1167; x_wconf 64' lang='lat' dir='ltr'>formulis</span> <span class='ocrx_word' id='word_1_587' title='bbox 1688 1129 1855 1165; x_wconf 64' lang='lat' dir='ltr'>obliviscendi,</span> <span class='ocrx_word' id='word_1_588' title='bbox 1865 1140 1926 1166; x_wconf 79' lang='lat' dir='ltr'>quas</span> <span class='ocrx_word' id='word_1_589' title='bbox 1939 1132 2037 1167; x_wconf 78' lang='lat' dir='ltr'>collegit</span> <span class='ocrx_word' id='word_1_590' title='bbox 2045 1133 2195 1170; x_wconf 57' lang='lat' dir='ltr'>Brouclthus.</span> 
     </span>
    </p>
   </div>
   <div class='ocr_carea' id='block_1_21' title="bbox 1149 1166 2196 1308">
    <p class='ocr_par' dir='ltr' id='par_1_23' title="bbox 1149 1166 1438 1198">
     <span class='ocr_line' id='line_1_69' title="bbox 1149 1166 1438 1198; baseline 0 -5"><span class='ocrx_word' id='word_1_591' title='bbox 1149 1167 1184 1195; x_wconf 90' lang='lat' dir='ltr'>ad</span> <span class='ocrx_word' id='word_1_592' title='bbox 1196 1167 1237 1193; x_wconf 89' lang='lat' dir='ltr'>Ti</span> <span class='ocrx_word' id='word_1_593' title='bbox 1258 1166 1305 1192; x_wconf 91' lang='lat' dir='ltr'>ull.</span> <span class='ocrx_word' id='word_1_594' title='bbox 1323 1174 1347 1198; x_wconf 77' lang='lat'>3,</span> <span class='ocrx_word' id='word_1_595' title='bbox 1361 1174 1381 1197; x_wconf 88' lang='lat'>1,</span> <span class='ocrx_word' id='word_1_596' title='bbox 1395 1175 1438 1193; x_wconf 86' lang='lat'>20.</span> 
     </span>
    </p>

    <p class='ocr_par' dir='ltr' id='par_1_24' title="bbox 1152 1199 2196 1308">
     <span class='ocr_line' id='line_1_70' title="bbox 1186 1199 2195 1235; baseline 0.003 -7"><span class='ocrx_word' id='word_1_597' title='bbox 1186 1209 1231 1229; x_wconf 81' lang='lat' dir='ltr'>Ex</span> <span class='ocrx_word' id='word_1_598' title='bbox 1242 1207 1260 1228; x_wconf 84' lang='lat' dir='ltr'>C</span> <span class='ocrx_word' id='word_1_599' title='bbox 1271 1209 1308 1228; x_wconf 81' lang='lat' dir='ltr'>Es</span> <span class='ocrx_word' id='word_1_600' title='bbox 1318 1209 1331 1228; x_wconf 88' lang='lat' dir='ltr'>s</span> <span class='ocrx_word' id='word_1_601' title='bbox 1341 1209 1360 1227; x_wconf 94' lang='lat' dir='ltr'>v</span> <span class='ocrx_word' id='word_1_602' title='bbox 1372 1208 1385 1228; x_wconf 88' lang='lat' dir='ltr'>s</span> <span class='ocrx_word' id='word_1_603' title='bbox 1396 1221 1404 1234; x_wconf 94' lang='lat'>,</span> <span class='ocrx_word' id='word_1_604' title='bbox 1421 1201 1460 1228; x_wconf 68' lang='lat' dir='ltr'>sis.</span> <span class='ocrx_word' id='word_1_605' title='bbox 1486 1211 1523 1228; x_wconf 89' lang='lat' dir='ltr'>m.</span> <span class='ocrx_word' id='word_1_606' title='bbox 1559 1200 1745 1235; x_wconf 60' lang='grc' dir='ltr'>[ἀποχώρησις]</span> <span class='ocrx_word' id='word_1_607' title='bbox 1781 1200 1838 1227; x_wconf 89' lang='lat' dir='ltr'>Cic.</span> <span class='ocrx_word' id='word_1_608' title='bbox 1858 1199 1890 1227; x_wconf 91' lang='lat' dir='ltr'>de</span> <span class='ocrx_word' id='word_1_609' title='bbox 1903 1201 1963 1227; x_wconf 85' lang='lat' dir='ltr'>Fin.</span> <span class='ocrx_word' id='word_1_610' title='bbox 1978 1210 1998 1234; x_wconf 87' lang='lat'>3,</span> <span class='ocrx_word' id='word_1_611' title='bbox 2012 1204 2048 1229; x_wconf 88' lang='lat'>60</span> <span class='ocrx_word' id='word_1_612' title='bbox 2071 1212 2093 1230; x_wconf 92' lang='lat' dir='ltr'>c.</span> <span class='ocrx_word' id='word_1_613' title='bbox 2109 1209 2135 1234; x_wconf 82' lang='lat'>18</span> <span class='ocrx_word' id='word_1_614' title='bbox 2163 1205 2195 1232; x_wconf 90' lang='lat' dir='ltr'>In</span> 
     </span>
     <span class='ocr_line' id='line_1_71' title="bbox 1152 1235 2196 1274; baseline 0.002 -10"><span class='ocrx_word' id='word_1_615' title='bbox 1152 1238 1193 1265; x_wconf 88' lang='lat' dir='ltr'>his</span> <span class='ocrx_word' id='word_1_616' title='bbox 1207 1244 1233 1264; x_wconf 90' lang='lat' dir='ltr'>et</span> <span class='ocrx_word' id='word_1_617' title='bbox 1245 1238 1372 1264; x_wconf 69' lang='lat' dir='ltr'>excessum</span> <span class='ocrx_word' id='word_1_618' title='bbox 1387 1246 1401 1263; x_wconf 89' lang='lat' dir='ltr'>e</span> <span class='ocrx_word' id='word_1_619' title='bbox 1420 1238 1490 1270; x_wconf 86' lang='lat' dir='ltr'>vita,</span> <span class='ocrx_word' id='word_1_620' title='bbox 1507 1242 1533 1263; x_wconf 88' lang='lat' dir='ltr'>et</span> <span class='ocrx_word' id='word_1_621' title='bbox 1547 1237 1575 1263; x_wconf 91' lang='lat' dir='ltr'>in</span> <span class='ocrx_word' id='word_1_622' title='bbox 1591 1237 1645 1263; x_wconf 88' lang='lat' dir='ltr'>vita</span> <span class='ocrx_word' id='word_1_623' title='bbox 1659 1235 1829 1262; x_wconf 80' lang='lat' dir='ltr'>mansionem.</span> <span class='ocrx_word' id='word_1_624' title='bbox 1865 1237 1937 1263; x_wconf 86' lang='lat' dir='ltr'>Idem</span> <span class='ocrx_word' id='word_1_625' title='bbox 1951 1238 2033 1264; x_wconf 84' lang='lat' dir='ltr'>Tusc.</span> <span class='ocrx_word' id='word_1_626' title='bbox 2047 1247 2068 1272; x_wconf 89' lang='lat'>1,</span> <span class='ocrx_word' id='word_1_627' title='bbox 2079 1246 2111 1274; x_wconf 80' lang='lat'>27</span> <span class='ocrx_word' id='word_1_628' title='bbox 2130 1249 2152 1267; x_wconf 89' lang='lat' dir='ltr'>c.</span> <span class='ocrx_word' id='word_1_629' title='bbox 2168 1249 2196 1267; x_wconf 84' lang='lat'>12</span> 
     </span>
     <span class='ocr_line' id='line_1_72' title="bbox 1152 1271 2195 1308; baseline 0.002 -8"><span class='ocrx_word' id='word_1_630' title='bbox 1152 1275 1207 1301; x_wconf 78' lang='lat' dir='ltr'>Effe</span> <span class='ocrx_word' id='word_1_631' title='bbox 1223 1274 1252 1300; x_wconf 91' lang='lat' dir='ltr'>in</span> <span class='ocrx_word' id='word_1_632' title='bbox 1268 1279 1356 1300; x_wconf 87' lang='lat' dir='ltr'>morte</span> <span class='ocrx_word' id='word_1_633' title='bbox 1369 1274 1486 1304; x_wconf 85' lang='lat' dir='ltr'>sensum,</span> <span class='ocrx_word' id='word_1_634' title='bbox 1506 1281 1592 1307; x_wconf 81' lang='lat' dir='ltr'>neque</span> <span class='ocrx_word' id='word_1_635' title='bbox 1607 1273 1708 1298; x_wconf 74' lang='lat' dir='ltr'>excessu</span> <span class='ocrx_word' id='word_1_636' title='bbox 1727 1272 1797 1297; x_wconf 85' lang='lat' dir='ltr'>vitae</span> <span class='ocrx_word' id='word_1_637' title='bbox 1820 1271 1853 1297; x_wconf 86' lang='lat' dir='ltr'>sic</span> <span class='ocrx_word' id='word_1_638' title='bbox 1871 1273 1955 1299; x_wconf 88' lang='lat' dir='ltr'>deleri</span> <span class='ocrx_word' id='word_1_639' title='bbox 1977 1273 2130 1308; x_wconf 86' lang='lat' dir='ltr'>hominem,</span> <span class='ocrx_word' id='word_1_640' title='bbox 2149 1283 2195 1303; x_wconf 75' lang='lat' dir='ltr'>etc.</span> 
     </span>
    </p>
   </div>
   <div class='ocr_carea' id='block_1_22' title="bbox 46 1306 2196 1349">
    <p class='ocr_par' dir='ltr' id='par_1_25' title="bbox 46 1306 2196 1349">
     <span class='ocr_line' id='line_1_73' title="bbox 46 1306 2196 1349; baseline -0.002 -10"><span class='ocrx_word' id='word_1_641' title='bbox 46 1311 139 1344; x_wconf 67' lang='lat' dir='ltr'>nibus,</span> <span class='ocrx_word' id='word_1_642' title='bbox 157 1311 211 1338; x_wconf 87' lang='lat' dir='ltr'>Vbi</span> <span class='ocrx_word' id='word_1_643' title='bbox 229 1311 321 1337; x_wconf 88' lang='lat' dir='ltr'>vident</span> <span class='ocrx_word' id='word_1_644' title='bbox 342 1311 367 1337; x_wconf 89' lang='lat' dir='ltr'>se</span> <span class='ocrx_word' id='word_1_645' title='bbox 386 1309 515 1337; x_wconf 83' lang='lat' dir='ltr'>cantando</span> <span class='ocrx_word' id='word_1_646' title='bbox 526 1318 558 1335; x_wconf 87' lang='lat' dir='ltr'>ex</span> <span class='ocrx_word' id='word_1_647' title='bbox 577 1318 621 1336; x_wconf 87' lang='lat' dir='ltr'>ara</span> <span class='ocrx_word' id='word_1_648' title='bbox 639 1315 778 1336; x_wconf 81' lang='lat' dir='ltr'>excantare</span> <span class='ocrx_word' id='word_1_649' title='bbox 797 1318 851 1336; x_wconf 89' lang='lat' dir='ltr'>non</span> <span class='ocrx_word' id='word_1_650' title='bbox 871 1310 955 1344; x_wconf 78' lang='lat' dir='ltr'>posse,</span> <span class='ocrx_word' id='word_1_651' title='bbox 968 1308 1090 1344; x_wconf 84' lang='lat' dir='ltr'>deripere</span> <span class='ocrx_word' id='word_1_652' title='bbox 1106 1325 1138 1349; x_wconf 83' lang='lat'>30</span> <span class='ocrx_word' id='word_1_653' title='bbox 1152 1310 1287 1345; x_wconf 76' lang='lat' dir='ltr'>Absolute,</span> <span class='ocrx_word' id='word_1_654' title='bbox 1304 1310 1449 1344; x_wconf 29' lang='lat' dir='ltr'>pro-Morte</span> <span class='ocrx_word' id='word_1_655' title='bbox 1468 1311 1570 1344; x_wconf 72' lang='lat' dir='ltr'>positum</span> <span class='ocrx_word' id='word_1_656' title='bbox 1587 1311 1723 1334; x_wconf 76' lang='lat' dir='ltr'>inuenitur.</span> <span class='ocrx_word' id='word_1_657' title='bbox 1759 1308 1815 1333; x_wconf 88' lang='lat' dir='ltr'>Cic.</span> <span class='ocrx_word' id='word_1_658' title='bbox 1828 1306 1860 1333; x_wconf 88' lang='lat' dir='ltr'>de</span> <span class='ocrx_word' id='word_1_659' title='bbox 1872 1308 1963 1343; x_wconf 80' lang='lat' dir='ltr'>Legib.</span> <span class='ocrx_word' id='word_1_660' title='bbox 1981 1317 2001 1341; x_wconf 83' lang='lat'>1,</span> <span class='ocrx_word' id='word_1_661' title='bbox 2015 1318 2027 1342; x_wconf 82' lang='lat'><em>3</em></span> <span class='ocrx_word' id='word_1_662' title='bbox 2049 1311 2128 1337; x_wconf 81' lang='lat' dir='ltr'>Certe</span> <span class='ocrx_word' id='word_1_663' title='bbox 2141 1321 2196 1339; x_wconf 81' lang='lat' dir='ltr'>non</span> 
     </span>
    </p>
   </div>
   <div class='ocr_carea' id='block_1_23' title="bbox 0 1345 1090 1664">
    <p class='ocr_par' dir='ltr' id='par_1_26' title="bbox 0 1345 1090 1664">
     <span class='ocr_line' id='line_1_74' title="bbox 21 1345 1090 1382; baseline -0.003 -8"><span class='ocrx_word' id='word_1_664' title='bbox 21 1356 32 1368; x_wconf 71' lang='lat'><em>⁶</em></span> <span class='ocrx_word' id='word_1_665' title='bbox 47 1346 185 1382; x_wconf 75' lang='lat' dir='ltr'>incipiunt.</span> <span class='ocrx_word' id='word_1_666' title='bbox 223 1347 300 1374; x_wconf 81' lang='lat' dir='ltr'>Vetus</span> <span class='ocrx_word' id='word_1_667' title='bbox 312 1347 397 1373; x_wconf 76' lang='lat' dir='ltr'>lemma</span> <span class='ocrx_word' id='word_1_668' title='bbox 404 1347 497 1374; x_wconf 83' lang='lat' dir='ltr'>Caton.</span> <span class='ocrx_word' id='word_1_669' title='bbox 506 1346 538 1372; x_wconf 82' lang='lat' dir='ltr'>R.</span> <span class='ocrx_word' id='word_1_670' title='bbox 547 1346 578 1372; x_wconf 85' lang='lat' dir='ltr'>R.</span> <span class='ocrx_word' id='word_1_671' title='bbox 589 1347 636 1371; x_wconf 88' lang='lat'>160</span> <span class='ocrx_word' id='word_1_672' title='bbox 655 1345 761 1372; x_wconf 86' lang='lat' dir='ltr'>Luxum</span> <span class='ocrx_word' id='word_1_673' title='bbox 778 1351 807 1371; x_wconf 90' lang='lat' dir='ltr'>vt</span> <span class='ocrx_word' id='word_1_674' title='bbox 819 1351 939 1371; x_wconf 88' lang='lat' dir='ltr'>excantes</span> <span class='ocrx_word' id='word_1_675' title='bbox 948 1365 954 1375; x_wconf 84' lang='lat'>,</span> <span class='ocrx_word' id='word_1_676' title='bbox 970 1347 1034 1380; x_wconf 83' lang='lat' dir='ltr'>quod</span> <span class='ocrx_word' id='word_1_677' title='bbox 1045 1356 1090 1372; x_wconf 82' lang='lat' dir='ltr'>an—</span> 
     </span>
     <span class='ocr_line' id='line_1_75' title="bbox 17 1381 1090 1418; baseline -0.001 -9"><span class='ocrx_word' id='word_1_678' title='bbox 17 1394 21 1397; x_wconf 57' lang='lat'><strong>*</strong></span> <span class='ocrx_word' id='word_1_679' title='bbox 47 1385 131 1418; x_wconf 68' lang='lat' dir='ltr'>liquat</span> <span class='ocrx_word' id='word_1_680' title='bbox 147 1381 263 1409; x_wconf 58' lang='lat' dir='ltr'>editiones</span> <span class='ocrx_word' id='word_1_681' title='bbox 281 1381 397 1417; x_wconf 76' lang='lat' dir='ltr'>quaedam</span> <span class='ocrx_word' id='word_1_682' title='bbox 413 1384 480 1407; x_wconf 80' lang='lat' dir='ltr'>inter</span> <span class='ocrx_word' id='word_1_683' title='bbox 493 1381 596 1407; x_wconf 84' lang='lat' dir='ltr'>Catonis</span> <span class='ocrx_word' id='word_1_684' title='bbox 610 1381 684 1408; x_wconf 79' lang='lat' dir='ltr'>verba</span> <span class='ocrx_word' id='word_1_685' title='bbox 696 1387 856 1416; x_wconf 75' lang='lat' dir='ltr'>receperunt,</span> <span class='ocrx_word' id='word_1_686' title='bbox 870 1390 929 1416; x_wconf 78' lang='lat' dir='ltr'>quae</span> <span class='ocrx_word' id='word_1_687' title='bbox 944 1381 1090 1408; x_wconf 72' lang='lat' dir='ltr'>mendatio-</span> 
     </span>
     <span class='ocr_line' id='line_1_76' title="bbox 47 1416 991 1452; baseline -0.003 -7"><span class='ocrx_word' id='word_1_688' title='bbox 47 1427 88 1446; x_wconf 70' lang='grc' dir='ltr'>νει·</span> <span class='ocrx_word' id='word_1_689' title='bbox 99 1420 136 1452; x_wconf 77' lang='lat' dir='ltr'>ita</span> <span class='ocrx_word' id='word_1_690' title='bbox 148 1416 313 1450; x_wconf 67' lang='lat' dir='ltr'>corstituunt,</span> <span class='ocrx_word' id='word_1_691' title='bbox 333 1417 438 1443; x_wconf 88' lang='lat' dir='ltr'>Luxum</span> <span class='ocrx_word' id='word_1_692' title='bbox 451 1416 469 1442; x_wconf 90' lang='lat' dir='ltr'>si</span> <span class='ocrx_word' id='word_1_693' title='bbox 484 1416 557 1451; x_wconf 91' lang='lat' dir='ltr'>quod</span> <span class='ocrx_word' id='word_1_694' title='bbox 571 1416 622 1449; x_wconf 82' lang='lat' dir='ltr'>est,</span> <span class='ocrx_word' id='word_1_695' title='bbox 638 1416 685 1443; x_wconf 88' lang='lat' dir='ltr'>hac</span> <span class='ocrx_word' id='word_1_696' title='bbox 698 1417 821 1444; x_wconf 85' lang='lat' dir='ltr'>cantione</span> <span class='ocrx_word' id='word_1_697' title='bbox 834 1418 924 1443; x_wconf 88' lang='lat' dir='ltr'>sanum</span> <span class='ocrx_word' id='word_1_698' title='bbox 937 1416 991 1443; x_wconf 85' lang='lat' dir='ltr'>fiet.</span> 
     </span>
     <span class='ocr_line' id='line_1_77' title="bbox 19 1452 1089 1490; baseline -0.002 -10"><span class='ocrx_word' id='word_1_699' title='bbox 19 1487 22 1490; x_wconf 69' lang='lat'><em>,</em></span> <span class='ocrx_word' id='word_1_700' title='bbox 82 1459 100 1480; x_wconf 81' lang='grc' dir='ltr'><em>Β</em></span> <span class='ocrx_word' id='word_1_701' title='bbox 108 1460 127 1480; x_wconf 82' lang='lat' dir='ltr'>x</span> <span class='ocrx_word' id='word_1_702' title='bbox 134 1459 151 1479; x_wconf 89' lang='lat' dir='ltr'>c</span> <span class='ocrx_word' id='word_1_703' title='bbox 159 1460 182 1480; x_wconf 81' lang='grc' dir='ltr'><strong>Α</strong></span> <span class='ocrx_word' id='word_1_704' title='bbox 190 1460 212 1479; x_wconf 85' lang='grc' dir='ltr'><strong>Ν</strong></span> <span class='ocrx_word' id='word_1_705' title='bbox 219 1460 241 1479; x_wconf 86' lang='grc' dir='ltr'><strong>Τ</strong></span> <span class='ocrx_word' id='word_1_706' title='bbox 249 1460 272 1479; x_wconf 86' lang='grc' dir='ltr'>Α</span> <span class='ocrx_word' id='word_1_707' title='bbox 279 1459 300 1479; x_wconf 97' lang='grc' dir='ltr'><strong>Τ</strong></span> <span class='ocrx_word' id='word_1_708' title='bbox 309 1459 330 1478; x_wconf 90' lang='lat' dir='ltr'>V</span> <span class='ocrx_word' id='word_1_709' title='bbox 338 1459 351 1478; x_wconf 76' lang='lat' dir='ltr'>s</span> <span class='ocrx_word' id='word_1_710' title='bbox 359 1473 368 1485; x_wconf 92' lang='lat'>,</span> <span class='ocrx_word' id='word_1_711' title='bbox 388 1461 402 1479; x_wconf 91' lang='lat' dir='ltr'>a</span> <span class='ocrx_word' id='word_1_712' title='bbox 410 1472 418 1485; x_wconf 91' lang='lat'>‚</span> <span class='ocrx_word' id='word_1_713' title='bbox 438 1460 492 1479; x_wconf 83' lang='lat' dir='ltr'>mn.</span> <span class='ocrx_word' id='word_1_714' title='bbox 525 1453 592 1479; x_wconf 88' lang='lat' dir='ltr'>Part.</span> <span class='ocrx_word' id='word_1_715' title='bbox 628 1452 748 1480; x_wconf 86' lang='lat' dir='ltr'>Colubcr</span> <span class='ocrx_word' id='word_1_716' title='bbox 759 1452 881 1480; x_wconf 89' lang='lat' dir='ltr'>Tertull.</span> <span class='ocrx_word' id='word_1_717' title='bbox 896 1452 928 1479; x_wconf 86' lang='lat' dir='ltr'>ad</span> <span class='ocrx_word' id='word_1_718' title='bbox 941 1453 1021 1479; x_wconf 81' lang='lat' dir='ltr'>Mart.</span> <span class='ocrx_word' id='word_1_719' title='bbox 1034 1461 1056 1478; x_wconf 87' lang='lat' dir='ltr'>c.</span> <span class='ocrx_word' id='word_1_720' title='bbox 1070 1460 1089 1478; x_wconf 93' lang='lat'>1.</span> 
     </span>
     <span class='ocr_line' id='line_1_78' title="bbox 0 1487 588 1522; baseline -0.003 -6"><span class='ocrx_word' id='word_1_721' title='bbox 0 1511 1 1516; x_wconf 69' lang='grc'>,</span> <span class='ocrx_word' id='word_1_722' title='bbox 45 1487 124 1515; x_wconf 71' lang='lat' dir='ltr'>Pestis</span> <span class='ocrx_word' id='word_1_723' title='bbox 141 1494 274 1516; x_wconf 84' lang='lat' dir='ltr'>excantata</span> <span class='ocrx_word' id='word_1_724' title='bbox 292 1488 362 1522; x_wconf 83' lang='lat' dir='ltr'>fugit</span> <span class='ocrx_word' id='word_1_725' title='bbox 385 1489 482 1515; x_wconf 88' lang='lat' dir='ltr'>Lucan.</span> <span class='ocrx_word' id='word_1_726' title='bbox 494 1496 522 1520; x_wconf 92' lang='lat'>9,</span> <span class='ocrx_word' id='word_1_727' title='bbox 534 1496 588 1521; x_wconf 83' lang='lat'>931.</span> 
     </span>
     <span class='ocr_line' id='line_1_79' title="bbox 79 1521 813 1557; baseline 0 -7"><span class='ocrx_word' id='word_1_728' title='bbox 79 1530 98 1550; x_wconf 75' lang='grc' dir='ltr'><strong>Β</strong></span> <span class='ocrx_word' id='word_1_729' title='bbox 108 1530 127 1549; x_wconf 91' lang='lat' dir='ltr'>x</span> <span class='ocrx_word' id='word_1_730' title='bbox 135 1529 151 1550; x_wconf 92' lang='lat' dir='ltr'>c</span> <span class='ocrx_word' id='word_1_731' title='bbox 160 1531 213 1552; x_wconf 84' lang='lat' dir='ltr'>AN</span> <span class='ocrx_word' id='word_1_732' title='bbox 225 1530 247 1550; x_wconf 78' lang='grc' dir='ltr'><strong>Τ</strong></span> <span class='ocrx_word' id='word_1_733' title='bbox 259 1531 280 1551; x_wconf 79' lang='grc' dir='ltr'>Α</span> <span class='ocrx_word' id='word_1_734' title='bbox 288 1531 310 1551; x_wconf 84' lang='grc' dir='ltr'><strong>Τ</strong></span> <span class='ocrx_word' id='word_1_735' title='bbox 318 1531 328 1550; x_wconf 93' lang='lat'>1</span> <span class='ocrx_word' id='word_1_736' title='bbox 337 1531 357 1551; x_wconf 91' lang='lat' dir='ltr'>o</span> <span class='ocrx_word' id='word_1_737' title='bbox 366 1543 375 1556; x_wconf 92' lang='lat'>,</span> <span class='ocrx_word' id='word_1_738' title='bbox 394 1523 463 1550; x_wconf 78' lang='lat' dir='ltr'>onis.</span> <span class='ocrx_word' id='word_1_739' title='bbox 486 1524 507 1549; x_wconf 87' lang='lat' dir='ltr'>f.</span> <span class='ocrx_word' id='word_1_740' title='bbox 543 1522 651 1557; x_wconf 86' lang='lat' dir='ltr'>Apuleii</span> <span class='ocrx_word' id='word_1_741' title='bbox 670 1521 714 1556; x_wconf 80' lang='lat' dir='ltr'>effe</span> <span class='ocrx_word' id='word_1_742' title='bbox 731 1526 813 1550; x_wconf 81' lang='lat' dir='ltr'>aiunt.</span> 
     </span>
     <span class='ocr_line' id='line_1_80' title="bbox 57 1558 787 1593; baseline -0.003 -7"><span class='ocrx_word' id='word_1_743' title='bbox 57 1582 61 1586; x_wconf 91' lang='lat'>.</span> <span class='ocrx_word' id='word_1_744' title='bbox 80 1565 125 1586; x_wconf 63' lang='lat' dir='ltr'>E‘x</span> <span class='ocrx_word' id='word_1_745' title='bbox 134 1566 181 1588; x_wconf 77' lang='lat' dir='ltr'>CA</span> <span class='ocrx_word' id='word_1_746' title='bbox 190 1567 212 1587; x_wconf 92' lang='lat' dir='ltr'>N</span> <span class='ocrx_word' id='word_1_747' title='bbox 221 1566 273 1587; x_wconf 82' lang='grc' dir='ltr'>ΤΑ</span> <span class='ocrx_word' id='word_1_748' title='bbox 282 1566 331 1586; x_wconf 84' lang='grc' dir='ltr'>ΤΟ</span> <span class='ocrx_word' id='word_1_749' title='bbox 342 1565 360 1585; x_wconf 87' lang='lat' dir='ltr'>R</span> <span class='ocrx_word' id='word_1_750' title='bbox 373 1579 382 1591; x_wconf 94' lang='lat'>‚</span> <span class='ocrx_word' id='word_1_751' title='bbox 405 1559 468 1585; x_wconf 71' lang='lat' dir='ltr'>oris.</span> <span class='ocrx_word' id='word_1_752' title='bbox 487 1568 522 1584; x_wconf 90' lang='lat' dir='ltr'>m.</span> <span class='ocrx_word' id='word_1_753' title='bbox 559 1558 700 1593; x_wconf 83' lang='lat' dir='ltr'>Augustini</span> <span class='ocrx_word' id='word_1_754' title='bbox 735 1577 742 1585; x_wconf 94' lang='lat'>.</span> <span class='ocrx_word' id='word_1_755' title='bbox 780 1578 787 1584; x_wconf 93' lang='lat'>.</span> 
     </span>
     <span class='ocr_line' id='line_1_81' title="bbox 79 1594 916 1636; baseline -0.002 -14"><span class='ocrx_word' id='word_1_756' title='bbox 79 1601 98 1622; x_wconf 75' lang='grc' dir='ltr'>Ε</span> <span class='ocrx_word' id='word_1_757' title='bbox 106 1601 149 1622; x_wconf 86' lang='lat' dir='ltr'>xc</span> <span class='ocrx_word' id='word_1_758' title='bbox 157 1602 180 1622; x_wconf 82' lang='lat' dir='ltr'>A</span> <span class='ocrx_word' id='word_1_759' title='bbox 188 1601 202 1622; x_wconf 82' lang='lat'>1&gt;</span> <span class='ocrx_word' id='word_1_760' title='bbox 213 1602 224 1622; x_wconf 91' lang='lat'>1</span> <span class='ocrx_word' id='word_1_761' title='bbox 233 1600 253 1622; x_wconf 91' lang='grc' dir='ltr'>ο</span> <span class='ocrx_word' id='word_1_762' title='bbox 262 1614 272 1627; x_wconf 87' lang='grc'>,</span> <span class='ocrx_word' id='word_1_763' title='bbox 283 1601 333 1629; x_wconf 82' lang='lat' dir='ltr'>pro</span> <span class='ocrx_word' id='word_1_764' title='bbox 348 1596 451 1629; x_wconf 77' lang='lat' dir='ltr'>Excipio</span> <span class='ocrx_word' id='word_1_765' title='bbox 459 1605 467 1619; x_wconf 90' lang='lat'>.·</span> <span class='ocrx_word' id='word_1_766' title='bbox 492 1594 557 1620; x_wconf 85' lang='lat' dir='ltr'>Enn.</span> <span class='ocrx_word' id='word_1_767' title='bbox 571 1601 610 1636; x_wconf 66' lang='lat' dir='ltr'>ap.</span> <span class='ocrx_word' id='word_1_768' title='bbox 626 1594 700 1621; x_wconf 89' lang='lat' dir='ltr'>Non.</span> <span class='ocrx_word' id='word_1_769' title='bbox 715 1602 740 1624; x_wconf 86' lang='lat'>2,</span> <span class='ocrx_word' id='word_1_770' title='bbox 753 1601 806 1627; x_wconf 86' lang='lat'>702.</span> <span class='ocrx_word' id='word_1_771' title='bbox 819 1600 842 1620; x_wconf 83' lang='lat' dir='ltr'>et</span> <span class='ocrx_word' id='word_1_772' title='bbox 853 1595 916 1628; x_wconf 87' lang='lat'>769.</span> 
     </span>
     <span class='ocr_line' id='line_1_82' title="bbox 81 1625 1090 1664; baseline -0.003 -7"><span class='ocrx_word' id='word_1_773' title='bbox 81 1637 98 1657; x_wconf 80' lang='lat' dir='ltr'>E</span> <span class='ocrx_word' id='word_1_774' title='bbox 108 1637 127 1656; x_wconf 87' lang='lat' dir='ltr'>x</span> <span class='ocrx_word' id='word_1_775' title='bbox 134 1636 151 1656; x_wconf 92' lang='lat' dir='ltr'>C</span> <span class='ocrx_word' id='word_1_776' title='bbox 160 1638 182 1658; x_wconf 86' lang='lat' dir='ltr'>A</span> <span class='ocrx_word' id='word_1_777' title='bbox 191 1637 211 1657; x_wconf 83' lang='lat' dir='ltr'>R</span> <span class='ocrx_word' id='word_1_778' title='bbox 222 1636 242 1656; x_wconf 82' lang='lat' dir='ltr'>N</span> <span class='ocrx_word' id='word_1_779' title='bbox 251 1638 262 1657; x_wconf 88' lang='lat'>1</span> <span class='ocrx_word' id='word_1_780' title='bbox 270 1636 287 1656; x_wconf 77' lang='grc' dir='ltr'>Ρ</span> <span class='ocrx_word' id='word_1_781' title='bbox 298 1628 335 1656; x_wconf 75' lang='lat' dir='ltr'>i&#39;C</span> <span class='ocrx_word' id='word_1_782' title='bbox 345 1637 364 1656; x_wconf 96' lang='lat' dir='ltr'>O</span> <span class='ocrx_word' id='word_1_783' title='bbox 373 1649 382 1662; x_wconf 92' lang='lat'>,</span> <span class='ocrx_word' id='word_1_784' title='bbox 407 1634 460 1656; x_wconf 71' lang='lat' dir='ltr'>fite.</span> <span class='ocrx_word' id='word_1_785' title='bbox 497 1629 634 1663; x_wconf 74' lang='grc' dir='ltr'>[ἐξανιαω]</span> <span class='ocrx_word' id='word_1_786' title='bbox 669 1630 803 1664; x_wconf 74' lang='lat' dir='ltr'>Carnifici-s</span> <span class='ocrx_word' id='word_1_787' title='bbox 821 1636 881 1664; x_wconf 81' lang='lat' dir='ltr'>opus</span> <span class='ocrx_word' id='word_1_788' title='bbox 900 1625 934 1661; x_wconf 73' lang='lat' dir='ltr'>est</span> <span class='ocrx_word' id='word_1_789' title='bbox 941 1648 949 1661; x_wconf 92' lang='lat'><strong>‚</strong></span> <span class='ocrx_word' id='word_1_790' title='bbox 968 1637 1023 1655; x_wconf 85' lang='lat' dir='ltr'>cum</span> <span class='ocrx_word' id='word_1_791' title='bbox 1037 1629 1090 1654; x_wconf 86' lang='lat' dir='ltr'>lon-</span> 
     </span>
    </p>
   </div>
   <div class='ocr_carea' id='block_1_24' title="bbox 1125 1485 2029 1519">
    <p class='ocr_par' dir='ltr' id='par_1_27' title="bbox 1125 1485 2029 1519">
     <span class='ocr_line' id='line_1_83' title="bbox 1125 1485 2029 1519; baseline 0 -5"><span class='ocrx_word' id='word_1_792' title='bbox 1125 1500 1136 1508; x_wconf 88' lang='lat'>-</span> <span class='ocrx_word' id='word_1_793' title='bbox 1153 1488 1270 1514; x_wconf 81' lang='lat' dir='ltr'>Marcell.</span> <span class='ocrx_word' id='word_1_794' title='bbox 1285 1488 1313 1513; x_wconf 91' lang='lat' dir='ltr'>in</span> <span class='ocrx_word' id='word_1_795' title='bbox 1329 1487 1345 1514; x_wconf 91' lang='lat' dir='ltr'>l.</span> <span class='ocrx_word' id='word_1_796' title='bbox 1362 1487 1414 1513; x_wconf 89' lang='lat' dir='ltr'>iam</span> <span class='ocrx_word' id='word_1_797' title='bbox 1434 1486 1562 1513; x_wconf 80' lang='lat' dir='ltr'>dubitari</span> <span class='ocrx_word' id='word_1_798' title='bbox 1573 1494 1628 1511; x_wconf 89' lang='lat' dir='ltr'>non</span> <span class='ocrx_word' id='word_1_799' title='bbox 1644 1485 1726 1519; x_wconf 86' lang='lat' dir='ltr'>potest</span> <span class='ocrx_word' id='word_1_800' title='bbox 1742 1486 1775 1511; x_wconf 87' lang='lat' dir='ltr'>D.</span> <span class='ocrx_word' id='word_1_801' title='bbox 1789 1485 1820 1511; x_wconf 87' lang='lat' dir='ltr'>de</span> <span class='ocrx_word' id='word_1_802' title='bbox 1840 1486 1927 1512; x_wconf 75' lang='lat' dir='ltr'>hered.</span> <span class='ocrx_word' id='word_1_803' title='bbox 1947 1487 2029 1514; x_wconf 81' lang='lat' dir='ltr'>instit.</span> 
     </span>
    </p>
   </div>
   <div class='ocr_carea' id='block_1_25' title="bbox 1152 1342 2198 1663">
    <p class='ocr_par' dir='ltr' id='par_1_28' title="bbox 1152 1342 2197 1489">
     <span class='ocr_line' id='line_1_84' title="bbox 1153 1342 2196 1380; baseline 0.003 -9"><span class='ocrx_word' id='word_1_804' title='bbox 1153 1345 1231 1380; x_wconf 86' lang='lat' dir='ltr'>longe</span> <span class='ocrx_word' id='word_1_805' title='bbox 1244 1354 1259 1371; x_wconf 88' lang='lat' dir='ltr'>a</span> <span class='ocrx_word' id='word_1_806' title='bbox 1277 1345 1331 1371; x_wconf 83' lang='lat' dir='ltr'>tuis</span> <span class='ocrx_word' id='word_1_807' title='bbox 1351 1344 1462 1371; x_wconf 88' lang='lat' dir='ltr'>aedibus</span> <span class='ocrx_word' id='word_1_808' title='bbox 1481 1343 1661 1374; x_wconf 86' lang='lat' dir='ltr'>inambulans,</span> <span class='ocrx_word' id='word_1_809' title='bbox 1681 1342 1736 1377; x_wconf 88' lang='lat' dir='ltr'>post</span> <span class='ocrx_word' id='word_1_810' title='bbox 1751 1344 1877 1369; x_wconf 76' lang='lat' dir='ltr'>excessum</span> <span class='ocrx_word' id='word_1_811' title='bbox 1890 1345 1964 1370; x_wconf 87' lang='lat' dir='ltr'>suum</span> <span class='ocrx_word' id='word_1_812' title='bbox 1979 1346 2109 1372; x_wconf 86' lang='lat' dir='ltr'>Romulus</span> <span class='ocrx_word' id='word_1_813' title='bbox 2122 1347 2196 1374; x_wconf 88' lang='lat' dir='ltr'>Iulio</span> 
     </span>
     <span class='ocr_line' id='line_1_85' title="bbox 1153 1379 2195 1416; baseline 0.001 -9"><span class='ocrx_word' id='word_1_814' title='bbox 1153 1381 1266 1408; x_wconf 90' lang='lat' dir='ltr'>Proculo</span> <span class='ocrx_word' id='word_1_815' title='bbox 1287 1379 1357 1407; x_wconf 87' lang='lat' dir='ltr'>dixit</span> <span class='ocrx_word' id='word_1_816' title='bbox 1376 1380 1403 1406; x_wconf 90' lang='lat' dir='ltr'>se</span> <span class='ocrx_word' id='word_1_817' title='bbox 1427 1380 1506 1406; x_wconf 87' lang='lat' dir='ltr'>deum</span> <span class='ocrx_word' id='word_1_818' title='bbox 1528 1380 1586 1405; x_wconf 81' lang='lat' dir='ltr'>effe.</span> <span class='ocrx_word' id='word_1_819' title='bbox 1637 1379 1754 1405; x_wconf 75' lang='lat' dir='ltr'>Excessus</span> <span class='ocrx_word' id='word_1_820' title='bbox 1777 1379 1886 1413; x_wconf 82' lang='lat' dir='ltr'>Augusti</span> <span class='ocrx_word' id='word_1_821' title='bbox 1911 1380 1979 1406; x_wconf 88' lang='lat' dir='ltr'>Tac.</span> <span class='ocrx_word' id='word_1_822' title='bbox 2000 1382 2068 1408; x_wconf 88' lang='lat' dir='ltr'>Ann.</span> <span class='ocrx_word' id='word_1_823' title='bbox 2088 1391 2161 1415; x_wconf 92' lang='lat'>1,14,</span> <span class='ocrx_word' id='word_1_824' title='bbox 2174 1392 2195 1416; x_wconf 82' lang='lat'>3.</span> 
     </span>
     <span class='ocr_line' id='line_1_86' title="bbox 1152 1413 2197 1452; baseline 0 -8"><span class='ocrx_word' id='word_1_825' title='bbox 1152 1416 1230 1452; x_wconf 81' lang='lat' dir='ltr'>Apud</span> <span class='ocrx_word' id='word_1_826' title='bbox 1248 1417 1371 1443; x_wconf 74' lang='lat' dir='ltr'>eretoras</span> <span class='ocrx_word' id='word_1_827' title='bbox 1383 1415 1423 1450; x_wconf 81' lang='lat' dir='ltr'>stc</span> <span class='ocrx_word' id='word_1_828' title='bbox 1442 1422 1561 1447; x_wconf 84' lang='lat' dir='ltr'>vocatur,</span> <span class='ocrx_word' id='word_1_829' title='bbox 1598 1423 1640 1441; x_wconf 71' lang='lat' dir='ltr'>uae</span> <span class='ocrx_word' id='word_1_830' title='bbox 1653 1413 1779 1448; x_wconf 77' lang='lat' dir='ltr'>Digrellio</span> <span class='ocrx_word' id='word_1_831' title='bbox 1800 1416 1872 1450; x_wconf 74' lang='lat' dir='ltr'>uulgo</span> <span class='ocrx_word' id='word_1_832' title='bbox 1892 1415 1995 1442; x_wconf 77' lang='lat' dir='ltr'>dicitur.</span> <span class='ocrx_word' id='word_1_833' title='bbox 2029 1417 2161 1451; x_wconf 63' lang='lat' dir='ltr'>Qiintfftil.</span> <span class='ocrx_word' id='word_1_834' title='bbox 2175 1426 2197 1450; x_wconf 82' lang='lat'>3,</span> 
     </span>
     <span class='ocr_line' id='line_1_87' title="bbox 1153 1450 2196 1489; baseline 0.002 -11"><span class='ocrx_word' id='word_1_835' title='bbox 1153 1461 1179 1485; x_wconf 89' lang='lat'>9,</span> <span class='ocrx_word' id='word_1_836' title='bbox 1192 1461 1210 1485; x_wconf 93' lang='lat'>4</span> <span class='ocrx_word' id='word_1_837' title='bbox 1228 1451 1340 1486; x_wconf 78' lang='lat' dir='ltr'>Egreffio</span> <span class='ocrx_word' id='word_1_838' title='bbox 1351 1460 1434 1483; x_wconf 84' lang='lat' dir='ltr'>vero,</span> <span class='ocrx_word' id='word_1_839' title='bbox 1446 1451 1506 1483; x_wconf 83' lang='lat' dir='ltr'>vel,</span> <span class='ocrx_word' id='word_1_840' title='bbox 1519 1459 1572 1485; x_wconf 86' lang='lat' dir='ltr'>quo</span> <span class='ocrx_word' id='word_1_841' title='bbox 1604 1450 1722 1476; x_wconf 78' lang='lat' dir='ltr'>vlitatius</span> <span class='ocrx_word' id='word_1_842' title='bbox 1737 1450 1784 1476; x_wconf 84' lang='lat' dir='ltr'>effe</span> <span class='ocrx_word' id='word_1_843' title='bbox 1797 1450 1899 1485; x_wconf 76' lang='lat' dir='ltr'>coepit,</span> <span class='ocrx_word' id='word_1_844' title='bbox 1913 1452 2038 1479; x_wconf 77' lang='lat' dir='ltr'>Excessus.</span> <span class='ocrx_word' id='word_1_845' title='bbox 2081 1454 2144 1489; x_wconf 80' lang='lat' dir='ltr'>Vsus</span> <span class='ocrx_word' id='word_1_846' title='bbox 2162 1452 2196 1487; x_wconf 68' lang='lat' dir='ltr'>ql}</span> 
     </span>
    </p>

    <p class='ocr_par' dir='ltr' id='par_1_29' title="bbox 1152 1489 2198 1628">
     <span class='ocr_line' id='line_1_88' title="bbox 2093 1489 2196 1516; baseline 0.01 -1"><span class='ocrx_word' id='word_1_847' title='bbox 2093 1489 2139 1515; x_wconf 89' lang='lat' dir='ltr'>uid</span> <span class='ocrx_word' id='word_1_848' title='bbox 2151 1498 2196 1516; x_wconf 88' lang='lat' dir='ltr'>au-</span> 
     </span>
     <span class='ocr_line' id='line_1_89' title="bbox 1153 1490 2195 1558; baseline 0.002 -9"><span class='ocrx_word' id='word_1_849' title='bbox 1153 1522 1257 1549; x_wconf 85' lang='lat' dir='ltr'>dentius</span> <span class='ocrx_word' id='word_1_850' title='bbox 1276 1523 1326 1550; x_wconf 90' lang='lat' dir='ltr'>illo</span> <span class='ocrx_word' id='word_1_851' title='bbox 1344 1522 1526 1557; x_wconf 86' lang='lat' dir='ltr'>pulcherrimo</span> <span class='ocrx_word' id='word_1_852' title='bbox 1543 1530 1571 1547; x_wconf 90' lang='lat' dir='ltr'>ac</span> <span class='ocrx_word' id='word_1_853' title='bbox 1591 1520 1739 1554; x_wconf 80' lang='lat' dir='ltr'>longiffimo</span> <span class='ocrx_word' id='word_1_854' title='bbox 1756 1522 1855 1547; x_wconf 71' lang='lat' dir='ltr'>excessu</span> <span class='ocrx_word' id='word_1_855' title='bbox 1876 1523 1942 1549; x_wconf 78' lang='lat' dir='ltr'>Plin.</span> <span class='ocrx_word' id='word_1_856' title='bbox 1962 1523 2040 1558; x_wconf 87' lang='lat' dir='ltr'>Epist.</span> <span class='ocrx_word' id='word_1_857' title='bbox 2053 1490 2135 1556; x_wconf 37' lang='lat'>9326.</span> <span class='ocrx_word' id='word_1_858' title='bbox 2157 1526 2195 1555; x_wconf 79' lang='lat' dir='ltr'>lt.</span> 
     </span>
     <span class='ocr_line' id='line_1_90' title="bbox 1152 1556 2198 1593; baseline 0.002 -8"><span class='ocrx_word' id='word_1_859' title='bbox 1152 1559 1287 1585; x_wconf 80' lang='lat' dir='ltr'>aberratio.</span> <span class='ocrx_word' id='word_1_860' title='bbox 1342 1557 1536 1584; x_wconf 87' lang='lat' dir='ltr'>Verecundiam</span> <span class='ocrx_word' id='word_1_861' title='bbox 1550 1556 1624 1582; x_wconf 88' lang='lat' dir='ltr'>illius</span> <span class='ocrx_word' id='word_1_862' title='bbox 1638 1556 1732 1582; x_wconf 71' lang='lat' dir='ltr'>saeculi</span> <span class='ocrx_word' id='word_1_863' title='bbox 1749 1556 1902 1590; x_wconf 84' lang='lat' dir='ltr'>laudemus,</span> <span class='ocrx_word' id='word_1_864' title='bbox 1919 1558 1948 1585; x_wconf 90' lang='lat' dir='ltr'>in</span> <span class='ocrx_word' id='word_1_865' title='bbox 1962 1568 2016 1593; x_wconf 90' lang='lat' dir='ltr'>quo</span> <span class='ocrx_word' id='word_1_866' title='bbox 2031 1565 2084 1586; x_wconf 86' lang='lat' dir='ltr'>tam</span> <span class='ocrx_word' id='word_1_867' title='bbox 2097 1561 2198 1587; x_wconf 84' lang='lat' dir='ltr'>minuti</span> 
     </span>
     <span class='ocr_line' id='line_1_91' title="bbox 1153 1592 1880 1628; baseline -0.004 -8"><span class='ocrx_word' id='word_1_868' title='bbox 1153 1603 1168 1620; x_wconf 88' lang='lat' dir='ltr'>a</span> <span class='ocrx_word' id='word_1_869' title='bbox 1182 1594 1283 1628; x_wconf 83' lang='lat' dir='ltr'>pudore</span> <span class='ocrx_word' id='word_1_870' title='bbox 1297 1594 1409 1620; x_wconf 87' lang='lat' dir='ltr'>excessus</span> <span class='ocrx_word' id='word_1_871' title='bbox 1422 1592 1599 1627; x_wconf 85' lang='lat' dir='ltr'>puniebantur</span> <span class='ocrx_word' id='word_1_872' title='bbox 1614 1592 1672 1618; x_wconf 90' lang='lat' dir='ltr'>Val.</span> <span class='ocrx_word' id='word_1_873' title='bbox 1689 1593 1758 1618; x_wconf 83' lang='lat' dir='ltr'>Max.</span> <span class='ocrx_word' id='word_1_874' title='bbox 1772 1598 1795 1624; x_wconf 76' lang='lat'>8,</span> <span class='ocrx_word' id='word_1_875' title='bbox 1813 1601 1839 1624; x_wconf 92' lang='lat'>2,</span> <span class='ocrx_word' id='word_1_876' title='bbox 1852 1602 1880 1625; x_wconf 89' lang='lat'>4.</span> 
     </span>
    </p>

    <p class='ocr_par' dir='ltr' id='par_1_30' title="bbox 1189 1625 2196 1663">
     <span class='ocr_line' id='line_1_92' title="bbox 1189 1625 2196 1663; baseline 0 -9"><span class='ocrx_word' id='word_1_877' title='bbox 1189 1636 1206 1656; x_wconf 79' lang='lat' dir='ltr'>E</span> <span class='ocrx_word' id='word_1_878' title='bbox 1217 1635 1259 1656; x_wconf 89' lang='lat' dir='ltr'>XC</span> <span class='ocrx_word' id='word_1_879' title='bbox 1268 1635 1284 1656; x_wconf 86' lang='lat' dir='ltr'>E</span> <span class='ocrx_word' id='word_1_880' title='bbox 1293 1636 1308 1655; x_wconf 93' lang='lat' dir='ltr'>L</span> <span class='ocrx_word' id='word_1_881' title='bbox 1318 1636 1334 1655; x_wconf 91' lang='lat' dir='ltr'>L</span> <span class='ocrx_word' id='word_1_882' title='bbox 1345 1635 1364 1655; x_wconf 88' lang='lat'>0</span> <span class='ocrx_word' id='word_1_883' title='bbox 1375 1649 1383 1661; x_wconf 86' lang='lat'>,</span> <span class='ocrx_word' id='word_1_884' title='bbox 1402 1630 1431 1654; x_wconf 83' lang='lat' dir='ltr'>ui</span> <span class='ocrx_word' id='word_1_885' title='bbox 1439 1649 1447 1661; x_wconf 90' lang='lat'>‚</span> <span class='ocrx_word' id='word_1_886' title='bbox 1471 1629 1526 1654; x_wconf 82' lang='lat' dir='ltr'>sum</span> <span class='ocrx_word' id='word_1_887' title='bbox 1534 1647 1543 1660; x_wconf 87' lang='lat'>,</span> <span class='ocrx_word' id='word_1_888' title='bbox 1570 1630 1622 1654; x_wconf 65' lang='grc' dir='ltr'>ὅτε.</span> <span class='ocrx_word' id='word_1_889' title='bbox 1659 1625 1784 1661; x_wconf 64' lang='grc' dir='ltr'>[διαφέρω</span> <span class='ocrx_word' id='word_1_890' title='bbox 1792 1647 1800 1659; x_wconf 85' lang='grc'>,</span> <span class='ocrx_word' id='word_1_891' title='bbox 1820 1629 1931 1662; x_wconf 69' lang='grc' dir='ltr'>προέχω,</span> <span class='ocrx_word' id='word_1_892' title='bbox 1951 1627 2058 1662; x_wconf 67' lang='grc' dir='ltr'><strong><em>ὖπερέχω</em></strong></span> <span class='ocrx_word' id='word_1_893' title='bbox 2066 1648 2074 1660; x_wconf 86' lang='grc'>,</span> <span class='ocrx_word' id='word_1_894' title='bbox 2098 1629 2196 1663; x_wconf 76' lang='grc' dir='ltr'><strong><em>ἔξέχω]</em></strong></span> 
     </span>
    </p>
   </div>
   <div class='ocr_carea' id='block_1_26' title="bbox 42 1662 2199 1702">
    <p class='ocr_par' dir='ltr' id='par_1_31' title="bbox 42 1662 2199 1702">
     <span class='ocr_line' id='line_1_93' title="bbox 42 1662 2199 1702; baseline -0.002 -10"><span class='ocrx_word' id='word_1_895' title='bbox 42 1674 74 1702; x_wconf 73' lang='lat' dir='ltr'>go</span> <span class='ocrx_word' id='word_1_896' title='bbox 93 1665 242 1701; x_wconf 69' lang='lat' dir='ltr'>praesertim</span> <span class='ocrx_word' id='word_1_897' title='bbox 264 1668 393 1696; x_wconf 81' lang='lat' dir='ltr'>cruciatu,</span> <span class='ocrx_word' id='word_1_898' title='bbox 412 1671 435 1690; x_wconf 81' lang='lat' dir='ltr'>et</span> <span class='ocrx_word' id='word_1_899' title='bbox 452 1667 595 1691; x_wconf 82' lang='lat' dir='ltr'>minutatim</span> <span class='ocrx_word' id='word_1_900' title='bbox 609 1666 719 1694; x_wconf 69' lang='lat' dir='ltr'>homines</span> <span class='ocrx_word' id='word_1_901' title='bbox 738 1664 847 1699; x_wconf 78' lang='lat' dir='ltr'>conficit.</span> <span class='ocrx_word' id='word_1_902' title='bbox 882 1664 989 1690; x_wconf 88' lang='lat' dir='ltr'>Sueton.</span> <span class='ocrx_word' id='word_1_903' title='bbox 1001 1665 1029 1690; x_wconf 90' lang='lat' dir='ltr'>in</span> <span class='ocrx_word' id='word_1_904' title='bbox 1044 1664 1090 1689; x_wconf 93' lang='lat' dir='ltr'>Vi-</span> <span class='ocrx_word' id='word_1_905' title='bbox 1102 1677 1140 1702; x_wconf 81' lang='lat'>40</span> <span class='ocrx_word' id='word_1_906' title='bbox 1154 1663 1195 1698; x_wconf 79' lang='lat' dir='ltr'>Est</span> <span class='ocrx_word' id='word_1_907' title='bbox 1203 1667 1308 1699; x_wconf 76' lang='lat' dir='ltr'>proprie</span> <span class='ocrx_word' id='word_1_908' title='bbox 1321 1667 1349 1690; x_wconf 87' lang='lat' dir='ltr'>in</span> <span class='ocrx_word' id='word_1_909' title='bbox 1362 1666 1440 1690; x_wconf 83' lang='lat' dir='ltr'>altum</span> <span class='ocrx_word' id='word_1_910' title='bbox 1452 1665 1536 1690; x_wconf 76' lang='lat' dir='ltr'>tollere</span> <span class='ocrx_word' id='word_1_911' title='bbox 1545 1682 1553 1694; x_wconf 97' lang='lat'>,</span> <span class='ocrx_word' id='word_1_912' title='bbox 1563 1665 1602 1688; x_wconf 72' lang='lat' dir='ltr'>vel</span> <span class='ocrx_word' id='word_1_913' title='bbox 1612 1663 1715 1696; x_wconf 58' lang='lat' dir='ltr'>pellea-e:</span> <span class='ocrx_word' id='word_1_914' title='bbox 1736 1662 1830 1688; x_wconf 67' lang='lat' dir='ltr'>Deinde</span> <span class='ocrx_word' id='word_1_915' title='bbox 1844 1664 1991 1688; x_wconf 71' lang='lat' dir='ltr'>neutraliter</span> <span class='ocrx_word' id='word_1_916' title='bbox 2005 1662 2143 1696; x_wconf 65' lang='lat' dir='ltr'>Praestare,</span> <span class='ocrx_word' id='word_1_917' title='bbox 2155 1674 2199 1690; x_wconf 82' lang='lat' dir='ltr'>an.</span> 
     </span>
    </p>
   </div>
   <div class='ocr_carea' id='block_1_27' title="bbox 0 1699 1092 1996">
    <p class='ocr_par' dir='ltr' id='par_1_32' title="bbox 2 1699 1092 1907">
     <span class='ocr_line' id='line_1_94' title="bbox 46 1699 1091 1735; baseline -0.002 -8"><span class='ocrx_word' id='word_1_918' title='bbox 46 1700 101 1728; x_wconf 85' lang='lat' dir='ltr'>tell.</span> <span class='ocrx_word' id='word_1_919' title='bbox 111 1709 133 1727; x_wconf 87' lang='lat' dir='ltr'>c.</span> <span class='ocrx_word' id='word_1_920' title='bbox 141 1709 171 1735; x_wconf 87' lang='lat'>17</span> <span class='ocrx_word' id='word_1_921' title='bbox 192 1700 268 1735; x_wconf 86' lang='lat' dir='ltr'>Apud</span> <span class='ocrx_word' id='word_1_922' title='bbox 276 1700 419 1727; x_wconf 87' lang='lat' dir='ltr'>Gemonias</span> <span class='ocrx_word' id='word_1_923' title='bbox 427 1699 603 1726; x_wconf 73' lang='lat' dir='ltr'>minutissimis</span> <span class='ocrx_word' id='word_1_924' title='bbox 618 1699 717 1726; x_wconf 64' lang='lat' dir='ltr'>ictibus</span> <span class='ocrx_word' id='word_1_925' title='bbox 729 1699 929 1726; x_wconf 82' lang='lat' dir='ltr'>excarnificatus</span> <span class='ocrx_word' id='word_1_926' title='bbox 938 1706 1017 1733; x_wconf 84' lang='lat' dir='ltr'>atque</span> <span class='ocrx_word' id='word_1_927' title='bbox 1029 1707 1091 1725; x_wconf 88' lang='lat' dir='ltr'>con-</span> 
     </span>
     <span class='ocr_line' id='line_1_95' title="bbox 6 1733 1092 1767; baseline -0.002 -5"><span class='ocrx_word' id='word_1_928' title='bbox 6 1733 7 1758; x_wconf 79' lang='lat' dir='ltr'>l</span> <span class='ocrx_word' id='word_1_929' title='bbox 44 1735 130 1762; x_wconf 59' lang='lat' dir='ltr'>fedius</span> <span class='ocrx_word' id='word_1_930' title='bbox 148 1735 193 1762; x_wconf 89' lang='lat' dir='ltr'>est.</span> <span class='ocrx_word' id='word_1_931' title='bbox 246 1736 302 1762; x_wconf 90' lang='lat' dir='ltr'>Cic.</span> <span class='ocrx_word' id='word_1_932' title='bbox 317 1735 349 1762; x_wconf 86' lang='lat' dir='ltr'>de</span> <span class='ocrx_word' id='word_1_933' title='bbox 363 1735 399 1762; x_wconf 84' lang='grc' dir='ltr'>Ν.</span> <span class='ocrx_word' id='word_1_934' title='bbox 413 1736 445 1762; x_wconf 83' lang='lat' dir='ltr'>D·</span> <span class='ocrx_word' id='word_1_935' title='bbox 465 1743 487 1767; x_wconf 81' lang='lat'>3,</span> <span class='ocrx_word' id='word_1_936' title='bbox 504 1740 535 1765; x_wconf 84' lang='lat'>82</span> <span class='ocrx_word' id='word_1_937' title='bbox 551 1745 572 1762; x_wconf 91' lang='lat' dir='ltr'>c.</span> <span class='ocrx_word' id='word_1_938' title='bbox 591 1744 618 1767; x_wconf 80' lang='lat'>33</span> <span class='ocrx_word' id='word_1_939' title='bbox 658 1735 843 1762; x_wconf 86' lang='lat' dir='ltr'>Anaxarchum</span> <span class='ocrx_word' id='word_1_940' title='bbox 862 1735 1064 1760; x_wconf 83' lang='lat' dir='ltr'>Democriteum</span> <span class='ocrx_word' id='word_1_941' title='bbox 1076 1742 1092 1759; x_wconf 87' lang='lat' dir='ltr'>a</span> 
     </span>
     <span class='ocr_line' id='line_1_96' title="bbox 6 1768 1091 1810; baseline -0.006 -12"><span class='ocrx_word' id='word_1_942' title='bbox 6 1782 8 1810; x_wconf 76' lang='grc' dir='ltr'>Ι</span> <span class='ocrx_word' id='word_1_943' title='bbox 45 1771 148 1809; x_wconf 86' lang='lat' dir='ltr'>Cyprio</span> <span class='ocrx_word' id='word_1_944' title='bbox 169 1777 281 1803; x_wconf 87' lang='lat' dir='ltr'>tyranno</span> <span class='ocrx_word' id='word_1_945' title='bbox 300 1770 513 1798; x_wconf 84' lang='lat' dir='ltr'>excarnificatum</span> <span class='ocrx_word' id='word_1_946' title='bbox 533 1771 688 1804; x_wconf 84' lang='lat' dir='ltr'>accepimus.</span> <span class='ocrx_word' id='word_1_947' title='bbox 755 1770 930 1795; x_wconf 83' lang='lat' dir='ltr'>Instrumenta</span> <span class='ocrx_word' id='word_1_948' title='bbox 952 1768 1091 1794; x_wconf 83' lang='lat' dir='ltr'>excarnifi-</span> 
     </span>
     <span class='ocr_line' id='line_1_97' title="bbox 45 1802 1090 1840; baseline -0.006 -8"><span class='ocrx_word' id='word_1_949' title='bbox 45 1806 192 1832; x_wconf 65' lang='lat' dir='ltr'>candi&#39;Sen.</span> <span class='ocrx_word' id='word_1_950' title='bbox 204 1807 251 1840; x_wconf 76' lang='lat' dir='ltr'>Ep.</span> <span class='ocrx_word' id='word_1_951' title='bbox 266 1815 310 1839; x_wconf 87' lang='lat'>24.</span> <span class='ocrx_word' id='word_1_952' title='bbox 382 1808 430 1832; x_wconf 75' lang='lat' dir='ltr'>Per</span> <span class='ocrx_word' id='word_1_953' title='bbox 452 1806 649 1831; x_wconf 82' lang='lat' dir='ltr'>translationem.</span> <span class='ocrx_word' id='word_1_954' title='bbox 685 1806 840 1836; x_wconf 87' lang='lat' dir='ltr'>Praeceptor</span> <span class='ocrx_word' id='word_1_955' title='bbox 854 1804 902 1836; x_wconf 87' lang='lat' dir='ltr'>qni</span> <span class='ocrx_word' id='word_1_956' title='bbox 921 1802 1090 1827; x_wconf 84' lang='lat' dir='ltr'>excarnificat</span> 
     </span>
     <span class='ocr_line' id='line_1_98' title="bbox 43 1840 529 1874; baseline -0.004 -8"><span class='ocrx_word' id='word_1_957' title='bbox 43 1840 186 1874; x_wconf 82' lang='lat' dir='ltr'>discipulos</span> <span class='ocrx_word' id='word_1_958' title='bbox 213 1841 286 1866; x_wconf 86' lang='lat' dir='ltr'>Idem</span> <span class='ocrx_word' id='word_1_959' title='bbox 299 1841 332 1866; x_wconf 88' lang='lat' dir='ltr'>de</span> <span class='ocrx_word' id='word_1_960' title='bbox 346 1841 433 1866; x_wconf 88' lang='lat' dir='ltr'>Clem.</span> <span class='ocrx_word' id='word_1_961' title='bbox 451 1847 472 1870; x_wconf 88' lang='lat'>1,</span> <span class='ocrx_word' id='word_1_962' title='bbox 493 1841 529 1864; x_wconf 88' lang='lat'>16.</span> 
     </span>
     <span class='ocr_line' id='line_1_99' title="bbox 2 1871 805 1907; baseline -0.007 -5"><span class='ocrx_word' id='word_1_963' title='bbox 2 1903 3 1907; x_wconf 56' lang='grc'>,</span> <span class='ocrx_word' id='word_1_964' title='bbox 36 1873 112 1902; x_wconf 73' lang='lat' dir='ltr'>&#39;mihi</span> <span class='ocrx_word' id='word_1_965' title='bbox 127 1883 168 1901; x_wconf 83' lang='lat' dir='ltr'>res</span> <span class='ocrx_word' id='word_1_966' title='bbox 181 1875 282 1907; x_wconf 86' lang='lat' dir='ltr'>semper</span> <span class='ocrx_word' id='word_1_967' title='bbox 295 1873 496 1899; x_wconf 87' lang='lat' dir='ltr'>comminiscere</span> <span class='ocrx_word' id='word_1_968' title='bbox 509 1871 557 1898; x_wconf 89' lang='lat' dir='ltr'>vbi</span> <span class='ocrx_word' id='word_1_969' title='bbox 571 1881 613 1898; x_wconf 89' lang='lat' dir='ltr'>me</span> <span class='ocrx_word' id='word_1_970' title='bbox 627 1871 805 1898; x_wconf 81' lang='lat' dir='ltr'>excarnifices.</span> 
     </span>
    </p>

    <p class='ocr_par' dir='ltr' id='par_1_33' title="bbox 0 1904 1087 1976">
     <span class='ocr_line' id='line_1_100' title="bbox 0 1904 1087 1940; baseline -0.006 -3"><span class='ocrx_word' id='word_1_971' title='bbox 0 1935 3 1940; x_wconf 80' lang='grc'>,</span> <span class='ocrx_word' id='word_1_972' title='bbox 77 1914 459 1939; x_wconf 66' lang='lat' dir='ltr'>EchxnmicA&#39;rvs,</span> <span class='ocrx_word' id='word_1_973' title='bbox 477 1915 509 1939; x_wconf 85' lang='lat' dir='ltr'>a,</span> <span class='ocrx_word' id='word_1_974' title='bbox 533 1915 588 1933; x_wconf 91' lang='lat' dir='ltr'>um.</span> <span class='ocrx_word' id='word_1_975' title='bbox 618 1908 686 1933; x_wconf 81' lang='lat' dir='ltr'>Part.</span> <span class='ocrx_word' id='word_1_976' title='bbox 723 1906 835 1937; x_wconf 84' lang='lat' dir='ltr'>Animus</span> <span class='ocrx_word' id='word_1_977' title='bbox 849 1904 907 1932; x_wconf 89' lang='lat' dir='ltr'>Sen.</span> <span class='ocrx_word' id='word_1_978' title='bbox 922 1904 954 1932; x_wconf 85' lang='lat' dir='ltr'>de</span> <span class='ocrx_word' id='word_1_979' title='bbox 968 1906 1010 1932; x_wconf 83' lang='lat' dir='ltr'>Ira</span> <span class='ocrx_word' id='word_1_980' title='bbox 1023 1913 1047 1938; x_wconf 84' lang='lat'>3,</span> <span class='ocrx_word' id='word_1_981' title='bbox 1059 1914 1087 1938; x_wconf 89' lang='lat'>4.</span> 
     </span>
     <span class='ocr_line' id='line_1_101' title="bbox 0 1942 854 1976; baseline -0.004 -5"><span class='ocrx_word' id='word_1_982' title='bbox 0 1966 3 1971; x_wconf 87' lang='lat'>.</span> <span class='ocrx_word' id='word_1_983' title='bbox 48 1943 470 1975; x_wconf 61' lang='lat' dir='ltr'>*EXCARNIFICATOR‚</span> <span class='ocrx_word' id='word_1_984' title='bbox 491 1942 556 1968; x_wconf 73' lang='lat' dir='ltr'>oris.</span> <span class='ocrx_word' id='word_1_985' title='bbox 582 1951 618 1968; x_wconf 90' lang='lat' dir='ltr'>m.</span> <span class='ocrx_word' id='word_1_986' title='bbox 657 1942 765 1976; x_wconf 82' lang='lat' dir='ltr'>August.</span> <span class='ocrx_word' id='word_1_987' title='bbox 802 1961 809 1968; x_wconf 88' lang='lat'>.</span> <span class='ocrx_word' id='word_1_988' title='bbox 847 1961 854 1968; x_wconf 93' lang='lat'>.</span> 
     </span>
    </p>

    <p class='ocr_par' dir='ltr' id='par_1_34' title="bbox 0 1986 3 1996">
     <span class='ocr_line' id='line_1_102' title="bbox 0 1986 3 1996; baseline 0 0"><span class='ocrx_word' id='word_1_989' title='bbox 0 1986 3 1996; x_wconf 54' lang='lat' dir='ltr'>v</span> 
     </span>
    </p>
   </div>
   <div class='ocr_carea' id='block_1_28' title="bbox 74 1961 1022 2011">
    <p class='ocr_par' dir='ltr' id='par_1_35' title="bbox 74 1961 1022 2011">
     <span class='ocr_line' id='line_1_103' title="bbox 74 1961 1022 2011; baseline -0.007 -3"><span class='ocrx_word' id='word_1_990' title='bbox 74 1979 96 2009; x_wconf 66' lang='lat' dir='ltr'>&#39;a</span> <span class='ocrx_word' id='word_1_991' title='bbox 105 1987 124 2007; x_wconf 87' lang='lat' dir='ltr'>x</span> <span class='ocrx_word' id='word_1_992' title='bbox 133 1987 151 2007; x_wconf 90' lang='lat' dir='ltr'>c</span> <span class='ocrx_word' id='word_1_993' title='bbox 159 1987 180 2007; x_wconf 80' lang='lat' dir='ltr'>A</span> <span class='ocrx_word' id='word_1_994' title='bbox 189 1987 202 2006; x_wconf 79' lang='lat' dir='ltr'>s</span> <span class='ocrx_word' id='word_1_995' title='bbox 211 1987 232 2007; x_wconf 88' lang='lat' dir='ltr'>T</span> <span class='ocrx_word' id='word_1_996' title='bbox 241 1985 261 2005; x_wconf 81' lang='lat' dir='ltr'>R</span> <span class='ocrx_word' id='word_1_997' title='bbox 269 1985 289 2006; x_wconf 93' lang='lat' dir='ltr'>o</span> <span class='ocrx_word' id='word_1_998' title='bbox 296 1998 305 2011; x_wconf 94' lang='lat'>,</span> <span class='ocrx_word' id='word_1_999' title='bbox 324 1982 378 2005; x_wconf 71' lang='lat' dir='ltr'>are.</span> <span class='ocrx_word' id='word_1_1000' title='bbox 414 1978 522 2010; x_wconf 56' lang='grc' dir='ltr'><strong>ἐκτέμῃ..</strong></span> <span class='ocrx_word' id='word_1_1001' title='bbox 535 1978 615 2004; x_wconf 79' lang='lat' dir='ltr'>Gloff.</span> <span class='ocrx_word' id='word_1_1002' title='bbox 628 1978 675 2004; x_wconf 71' lang='lat' dir='ltr'>Gr.</span> <span class='ocrx_word' id='word_1_1003' title='bbox 690 1978 747 2004; x_wconf 75' lang='lat' dir='ltr'>Lat.</span> <span class='ocrx_word' id='word_1_1004' title='bbox 767 1977 884 2010; x_wconf 61' lang='grc' dir='ltr'>ἐξοπλίςω</span> <span class='ocrx_word' id='word_1_1005' title='bbox 893 1961 936 2002; x_wconf 74' lang='lat' dir='ltr'>id.</span> <span class='ocrx_word' id='word_1_1006' title='bbox 954 1976 1022 2001; x_wconf 71' lang='lat' dir='ltr'>Hinc</span> 
     </span>
    </p>
   </div>
   <div class='ocr_carea' id='block_1_29' title="bbox 79 2011 1539 2054">
    <p class='ocr_par' dir='ltr' id='par_1_36' title="bbox 79 2011 1539 2054">
     <span class='ocr_line' id='line_1_104' title="bbox 79 2011 1539 2054; baseline -0.005 -12"><span class='ocrx_word' id='word_1_1007' title='bbox 79 2023 96 2044; x_wconf 82' lang='lat' dir='ltr'>E</span> <span class='ocrx_word' id='word_1_1008' title='bbox 106 2022 177 2042; x_wconf 77' lang='lat' dir='ltr'>XCA</span> <span class='ocrx_word' id='word_1_1009' title='bbox 186 2021 200 2042; x_wconf 86' lang='lat' dir='ltr'>s</span> <span class='ocrx_word' id='word_1_1010' title='bbox 209 2021 230 2040; x_wconf 89' lang='grc' dir='ltr'><strong>Τ</strong></span> <span class='ocrx_word' id='word_1_1011' title='bbox 239 2021 317 2041; x_wconf 83' lang='lat' dir='ltr'>RAT</span> <span class='ocrx_word' id='word_1_1012' title='bbox 327 2020 346 2039; x_wconf 92' lang='lat' dir='ltr'>V</span> <span class='ocrx_word' id='word_1_1013' title='bbox 356 2020 386 2046; x_wconf 87' lang='lat' dir='ltr'>S,</span> <span class='ocrx_word' id='word_1_1014' title='bbox 406 2022 436 2045; x_wconf 83' lang='lat' dir='ltr'>a,</span> <span class='ocrx_word' id='word_1_1015' title='bbox 456 2022 510 2039; x_wconf 88' lang='lat' dir='ltr'>um.</span> <span class='ocrx_word' id='word_1_1016' title='bbox 535 2014 604 2040; x_wconf 87' lang='lat' dir='ltr'>Part.</span> <span class='ocrx_word' id='word_1_1017' title='bbox 641 2014 727 2048; x_wconf 87' lang='lat' dir='ltr'>Caper</span> <span class='ocrx_word' id='word_1_1018' title='bbox 740 2013 854 2042; x_wconf 86' lang='lat' dir='ltr'>dicitur,</span> <span class='ocrx_word' id='word_1_1019' title='bbox 867 2012 915 2045; x_wconf 89' lang='lat' dir='ltr'>qui</span> <span class='ocrx_word' id='word_1_1020' title='bbox 930 2011 1088 2037; x_wconf 80' lang='lat' dir='ltr'>excastratus</span> <span class='ocrx_word' id='word_1_1021' title='bbox 1103 2028 1135 2054; x_wconf 77' lang='lat'>50</span> <span class='ocrx_word' id='word_1_1022' title='bbox 1151 2013 1241 2047; x_wconf 70' lang='lat' dir='ltr'>aliqua</span> <span class='ocrx_word' id='word_1_1023' title='bbox 1255 2014 1312 2039; x_wconf 79' lang='lat' dir='ltr'>Cic,</span> <span class='ocrx_word' id='word_1_1024' title='bbox 1328 2013 1360 2039; x_wconf 81' lang='lat' dir='ltr'>de</span> <span class='ocrx_word' id='word_1_1025' title='bbox 1375 2013 1482 2040; x_wconf 72' lang='lat' dir='ltr'>Amicit,</span> <span class='ocrx_word' id='word_1_1026' title='bbox 1498 2021 1539 2048; x_wconf 73' lang='lat'>75,</span> 
     </span>
    </p>
   </div>
   <div class='ocr_carea' id='block_1_30' title="bbox 0 2048 1088 2193">
    <p class='ocr_par' dir='ltr' id='par_1_37' title="bbox 0 2048 1088 2124">
     <span class='ocr_line' id='line_1_105' title="bbox 0 2048 1088 2085; baseline -0.006 -6"><span class='ocrx_word' id='word_1_1027' title='bbox 0 2064 3 2076; x_wconf 75' lang='lat' dir='ltr'>z</span> <span class='ocrx_word' id='word_1_1028' title='bbox 44 2051 80 2080; x_wconf 79' lang='lat' dir='ltr'>esi:</span> <span class='ocrx_word' id='word_1_1029' title='bbox 93 2050 159 2078; x_wconf 89' lang='lat' dir='ltr'>Gell.</span> <span class='ocrx_word' id='word_1_1030' title='bbox 174 2059 200 2085; x_wconf 91' lang='lat'>9,</span> <span class='ocrx_word' id='word_1_1031' title='bbox 213 2059 238 2083; x_wconf 89' lang='lat'>9.</span> <span class='ocrx_word' id='word_1_1032' title='bbox 275 2049 365 2084; x_wconf 87' lang='lat' dir='ltr'>Sinapi</span> <span class='ocrx_word' id='word_1_1033' title='bbox 377 2058 433 2076; x_wconf 90' lang='lat' dir='ltr'>non</span> <span class='ocrx_word' id='word_1_1034' title='bbox 445 2048 618 2076; x_wconf 84' lang='lat' dir='ltr'>excastratum</span> <span class='ocrx_word' id='word_1_1035' title='bbox 630 2048 752 2076; x_wconf 83' lang='lat' dir='ltr'>Scribon.</span> <span class='ocrx_word' id='word_1_1036' title='bbox 765 2049 888 2082; x_wconf 89' lang='lat' dir='ltr'>Compos.</span> <span class='ocrx_word' id='word_1_1037' title='bbox 900 2055 926 2080; x_wconf 87' lang='lat'>9.</span> <span class='ocrx_word' id='word_1_1038' title='bbox 943 2050 961 2074; x_wconf 83' lang='lat' dir='ltr'>i.</span> <span class='ocrx_word' id='word_1_1039' title='bbox 981 2049 1088 2073; x_wconf 67' lang='lat' dir='ltr'>aoruca-</span> 
     </span>
     <span class='ocr_line' id='line_1_106' title="bbox 0 2083 476 2124; baseline -0.013 -7"><span class='ocrx_word' id='word_1_1040' title='bbox 0 2099 2 2103; x_wconf 65' lang='lat'>*</span> <span class='ocrx_word' id='word_1_1041' title='bbox 44 2094 110 2123; x_wconf 75' lang='lat' dir='ltr'>tum,</span> <span class='ocrx_word' id='word_1_1042' title='bbox 125 2083 175 2124; x_wconf 69' lang='lat' dir='ltr'>fic.</span> <span class='ocrx_word' id='word_1_1043' title='bbox 197 2086 287 2113; x_wconf 84' lang='lat' dir='ltr'>Barth.</span> <span class='ocrx_word' id='word_1_1044' title='bbox 306 2085 372 2113; x_wconf 78' lang='lat' dir='ltr'>Adu.</span> <span class='ocrx_word' id='word_1_1045' title='bbox 383 2095 426 2120; x_wconf 80' lang='lat'>39,</span> <span class='ocrx_word' id='word_1_1046' title='bbox 439 2095 476 2120; x_wconf 90' lang='lat'>19.</span> 
     </span>
    </p>

    <p class='ocr_par' dir='ltr' id='par_1_38' title="bbox 57 2118 1020 2157">
     <span class='ocr_line' id='line_1_107' title="bbox 57 2118 1020 2157; baseline -0.008 -6"><span class='ocrx_word' id='word_1_1047' title='bbox 57 2147 59 2150; x_wconf 29' lang='lat'><em>⁴</em></span> <span class='ocrx_word' id='word_1_1048' title='bbox 79 2128 150 2153; x_wconf 67' lang='lat' dir='ltr'>exc</span> <span class='ocrx_word' id='word_1_1049' title='bbox 161 2129 205 2150; x_wconf 64' lang='lat' dir='ltr'>ns</span> <span class='ocrx_word' id='word_1_1050' title='bbox 216 2128 238 2149; x_wconf 70' lang='lat' dir='ltr'>‘r</span> <span class='ocrx_word' id='word_1_1051' title='bbox 251 2127 270 2147; x_wconf 81' lang='lat' dir='ltr'>R</span> <span class='ocrx_word' id='word_1_1052' title='bbox 279 2129 301 2148; x_wconf 82' lang='lat' dir='ltr'>A</span> <span class='ocrx_word' id='word_1_1053' title='bbox 312 2127 334 2147; x_wconf 72' lang='lat' dir='ltr'>rr</span> <span class='ocrx_word' id='word_1_1054' title='bbox 346 2127 384 2148; x_wconf 93' lang='lat'>10</span> <span class='ocrx_word' id='word_1_1055' title='bbox 393 2141 402 2154; x_wconf 89' lang='lat'>,</span> <span class='ocrx_word' id='word_1_1056' title='bbox 421 2121 488 2147; x_wconf 70' lang='lat' dir='ltr'>anis.</span> <span class='ocrx_word' id='word_1_1057' title='bbox 507 2120 527 2147; x_wconf 88' lang='lat' dir='ltr'>f.</span> <span class='ocrx_word' id='word_1_1058' title='bbox 548 2119 641 2153; x_wconf 70' lang='grc' dir='ltr'><strong><em>ἐκτομῆ</em></strong></span> <span class='ocrx_word' id='word_1_1059' title='bbox 660 2119 740 2146; x_wconf 82' lang='lat' dir='ltr'>Gloff.</span> <span class='ocrx_word' id='word_1_1060' title='bbox 754 2120 800 2147; x_wconf 86' lang='lat' dir='ltr'>Gr.</span> <span class='ocrx_word' id='word_1_1061' title='bbox 817 2118 875 2145; x_wconf 77' lang='lat' dir='ltr'>Lat.</span> <span class='ocrx_word' id='word_1_1062' title='bbox 1014 2151 1020 2157; x_wconf 30' lang='lat'><em>⁶</em></span> 
     </span>
    </p>

    <p class='ocr_par' dir='ltr' id='par_1_39' title="bbox 53 2151 1088 2193">
     <span class='ocr_line' id='line_1_108' title="bbox 53 2151 1088 2193; baseline -0.008 -7"><span class='ocrx_word' id='word_1_1063' title='bbox 53 2185 57 2190; x_wconf 56' lang='lat'>.</span> <span class='ocrx_word' id='word_1_1064' title='bbox 81 2161 266 2186; x_wconf 62' lang='grc' dir='ltr'>ΒΧωΑἮΑιι</span> <span class='ocrx_word' id='word_1_1065' title='bbox 277 2164 338 2184; x_wconf 75' lang='lat' dir='ltr'>R1z</span> <span class='ocrx_word' id='word_1_1066' title='bbox 349 2163 386 2189; x_wconf 92' lang='grc' dir='ltr'>ο,</span> <span class='ocrx_word' id='word_1_1067' title='bbox 410 2156 436 2193; x_wconf 86' lang='lat' dir='ltr'>s.</span> <span class='ocrx_word' id='word_1_1068' title='bbox 469 2162 486 2183; x_wconf 82' lang='lat' dir='ltr'>E</span> <span class='ocrx_word' id='word_1_1069' title='bbox 497 2162 571 2183; x_wconf 79' lang='lat' dir='ltr'>XCA</span> <span class='ocrx_word' id='word_1_1070' title='bbox 582 2162 770 2187; x_wconf 72' lang='lat' dir='ltr'>TARISSO,</span> <span class='ocrx_word' id='word_1_1071' title='bbox 796 2158 849 2180; x_wconf 72' lang='lat' dir='ltr'>are.</span> <span class='ocrx_word' id='word_1_1072' title='bbox 887 2151 1088 2180; x_wconf 76' lang='lat' dir='ltr'>Excatarnzasti</span> 
     </span>
    </p>
   </div>
   <div class='ocr_carea' id='block_1_31' title="bbox 1151 1697 2198 1836">
    <p class='ocr_par' dir='ltr' id='par_1_40' title="bbox 1151 1697 2198 1836">
     <span class='ocr_line' id='line_1_109' title="bbox 1153 1697 2198 1734; baseline 0 -8"><span class='ocrx_word' id='word_1_1073' title='bbox 1153 1700 1275 1732; x_wconf 68' lang='lat' dir='ltr'>recellere,</span> <span class='ocrx_word' id='word_1_1074' title='bbox 1290 1703 1401 1726; x_wconf 73' lang='lat' dir='ltr'>eminere.</span> <span class='ocrx_word' id='word_1_1075' title='bbox 1437 1699 1493 1725; x_wconf 87' lang='lat' dir='ltr'>Cic.</span> <span class='ocrx_word' id='word_1_1076' title='bbox 1506 1698 1538 1724; x_wconf 87' lang='lat' dir='ltr'>de</span> <span class='ocrx_word' id='word_1_1077' title='bbox 1554 1698 1647 1723; x_wconf 85' lang='lat' dir='ltr'>Diuin.</span> <span class='ocrx_word' id='word_1_1078' title='bbox 1661 1705 1680 1727; x_wconf 89' lang='lat'>1,</span> <span class='ocrx_word' id='word_1_1079' title='bbox 1693 1705 1722 1729; x_wconf 92' lang='lat'>91</span> <span class='ocrx_word' id='word_1_1080' title='bbox 1743 1697 1893 1722; x_wconf 78' lang='lat' dir='ltr'>Telmeffus</span> <span class='ocrx_word' id='word_1_1081' title='bbox 1907 1698 1935 1722; x_wconf 86' lang='lat' dir='ltr'>in</span> <span class='ocrx_word' id='word_1_1082' title='bbox 1950 1698 2027 1724; x_wconf 87' lang='lat' dir='ltr'>Caria</span> <span class='ocrx_word' id='word_1_1083' title='bbox 2039 1700 2091 1733; x_wconf 79' lang='lat' dir='ltr'>cst,</span> <span class='ocrx_word' id='word_1_1084' title='bbox 2104 1700 2131 1726; x_wconf 90' lang='lat' dir='ltr'>in</span> <span class='ocrx_word' id='word_1_1085' title='bbox 2146 1709 2198 1734; x_wconf 85' lang='lat' dir='ltr'>qua</span> 
     </span>
     <span class='ocr_line' id='line_1_110' title="bbox 1153 1731 2197 1767; baseline 0.002 -7"><span class='ocrx_word' id='word_1_1086' title='bbox 1153 1735 1220 1760; x_wconf 89' lang='lat' dir='ltr'>vrbe</span> <span class='ocrx_word' id='word_1_1087' title='bbox 1233 1735 1340 1760; x_wconf 83' lang='lat' dir='ltr'>excellit</span> <span class='ocrx_word' id='word_1_1088' title='bbox 1354 1734 1512 1767; x_wconf 85' lang='lat' dir='ltr'>Aruspicum</span> <span class='ocrx_word' id='word_1_1089' title='bbox 1525 1732 1672 1765; x_wconf 71' lang='lat' dir='ltr'>disciplina.</span> <span class='ocrx_word' id='word_1_1090' title='bbox 1728 1731 1799 1757; x_wconf 84' lang='lat' dir='ltr'>Idem</span> <span class='ocrx_word' id='word_1_1091' title='bbox 1814 1731 1846 1757; x_wconf 89' lang='lat' dir='ltr'>de</span> <span class='ocrx_word' id='word_1_1092' title='bbox 1859 1733 1967 1758; x_wconf 88' lang='lat' dir='ltr'>Amicit.</span> <span class='ocrx_word' id='word_1_1093' title='bbox 1982 1741 2013 1767; x_wconf 89' lang='lat'>75</span> <span class='ocrx_word' id='word_1_1094' title='bbox 2046 1734 2111 1760; x_wconf 88' lang='lat' dir='ltr'>Non</span> <span class='ocrx_word' id='word_1_1095' title='bbox 2123 1736 2197 1762; x_wconf 87' lang='lat' dir='ltr'>enim</span> 
     </span>
     <span class='ocr_line' id='line_1_111' title="bbox 1151 1766 2198 1805; baseline 0.003 -11"><span class='ocrx_word' id='word_1_1096' title='bbox 1151 1774 1180 1794; x_wconf 91' lang='lat' dir='ltr'>tu</span> <span class='ocrx_word' id='word_1_1097' title='bbox 1196 1769 1286 1802; x_wconf 77' lang='lat' dir='ltr'>poinS,</span> <span class='ocrx_word' id='word_1_1098' title='bbox 1307 1769 1478 1802; x_wconf 83' lang='lat' dir='ltr'>quantumuis</span> <span class='ocrx_word' id='word_1_1099' title='bbox 1493 1767 1554 1793; x_wconf 87' lang='lat' dir='ltr'>licet</span> <span class='ocrx_word' id='word_1_1100' title='bbox 1568 1766 1696 1797; x_wconf 63' lang='lat' dir='ltr'>excell-21⁵,</span> <span class='ocrx_word' id='word_1_1101' title='bbox 1715 1774 1808 1792; x_wconf 87' lang='lat' dir='ltr'>omnes</span> <span class='ocrx_word' id='word_1_1102' title='bbox 1823 1773 1882 1793; x_wconf 88' lang='lat' dir='ltr'>tuos</span> <span class='ocrx_word' id='word_1_1103' title='bbox 1901 1767 1933 1794; x_wconf 90' lang='lat' dir='ltr'>ad</span> <span class='ocrx_word' id='word_1_1104' title='bbox 1950 1767 2065 1795; x_wconf 81' lang='lat' dir='ltr'>honores</span> <span class='ocrx_word' id='word_1_1105' title='bbox 2078 1771 2198 1805; x_wconf 84' lang='lat' dir='ltr'>amplissi-</span> 
     </span>
     <span class='ocr_line' id='line_1_112' title="bbox 1151 1801 2198 1836; baseline 0.006 -9"><span class='ocrx_word' id='word_1_1106' title='bbox 1151 1811 1210 1828; x_wconf 86' lang='lat' dir='ltr'>mos</span> <span class='ocrx_word' id='word_1_1107' title='bbox 1224 1804 1378 1836; x_wconf 85' lang='lat' dir='ltr'>perducere.</span> <span class='ocrx_word' id='word_1_1108' title='bbox 1433 1804 1487 1829; x_wconf 91' lang='lat' dir='ltr'>Cic.</span> <span class='ocrx_word' id='word_1_1109' title='bbox 1501 1810 1549 1836; x_wconf 87' lang='lat' dir='ltr'>pro</span> <span class='ocrx_word' id='word_1_1110' title='bbox 1562 1801 1646 1827; x_wconf 85' lang='lat' dir='ltr'>Planc.</span> <span class='ocrx_word' id='word_1_1111' title='bbox 1661 1803 1695 1826; x_wconf 89' lang='lat'>60</span> <span class='ocrx_word' id='word_1_1112' title='bbox 1721 1801 1760 1827; x_wconf 86' lang='lat' dir='ltr'>Est</span> <span class='ocrx_word' id='word_1_1113' title='bbox 1772 1803 1843 1828; x_wconf 86' lang='lat' dir='ltr'>enim</span> <span class='ocrx_word' id='word_1_1114' title='bbox 1856 1803 1883 1829; x_wconf 89' lang='lat' dir='ltr'>in</span> <span class='ocrx_word' id='word_1_1115' title='bbox 1897 1803 1996 1830; x_wconf 83' lang='lat' dir='ltr'>virtute</span> <span class='ocrx_word' id='word_1_1116' title='bbox 2009 1806 2100 1831; x_wconf 89' lang='lat' dir='ltr'>multis</span> <span class='ocrx_word' id='word_1_1117' title='bbox 2113 1808 2198 1833; x_wconf 69' lang='lat' dir='ltr'>ascen·</span> 
     </span>
    </p>
   </div>
   <div class='ocr_carea' id='block_1_32' title="bbox 599 1835 2194 1875">
    <p class='ocr_par' dir='ltr' id='par_1_41' title="bbox 599 1835 2194 1875">
     <span class='ocr_line' id='line_1_113' title="bbox 599 1835 2194 1875; baseline 0.003 -12"><span class='ocrx_word' id='word_1_1118' title='bbox 599 1838 667 1864; x_wconf 87' lang='lat' dir='ltr'>Ter.</span> <span class='ocrx_word' id='word_1_1119' title='bbox 682 1839 778 1869; x_wconf 86' lang='lat' dir='ltr'>Heaut.</span> <span class='ocrx_word' id='word_1_1120' title='bbox 792 1846 821 1868; x_wconf 89' lang='lat'>4,</span> <span class='ocrx_word' id='word_1_1121' title='bbox 835 1839 861 1868; x_wconf 89' lang='lat'>6,</span> <span class='ocrx_word' id='word_1_1122' title='bbox 876 1845 893 1868; x_wconf 90' lang='lat'><em>9</em></span> <span class='ocrx_word' id='word_1_1123' title='bbox 925 1835 1089 1862; x_wconf 76' lang='lat' dir='ltr'>Huiusmodi</span> <span class='ocrx_word' id='word_1_1124' title='bbox 1103 1846 1136 1872; x_wconf 78' lang='lat'>45</span> <span class='ocrx_word' id='word_1_1125' title='bbox 1153 1837 1212 1868; x_wconf 73' lang='lat' dir='ltr'>suS,</span> <span class='ocrx_word' id='word_1_1126' title='bbox 1227 1837 1266 1862; x_wconf 90' lang='lat' dir='ltr'>vti</span> <span class='ocrx_word' id='word_1_1127' title='bbox 1290 1837 1313 1862; x_wconf 88' lang='lat' dir='ltr'>is</span> <span class='ocrx_word' id='word_1_1128' title='bbox 1335 1837 1421 1870; x_wconf 82' lang='lat' dir='ltr'>gloria</span> <span class='ocrx_word' id='word_1_1129' title='bbox 1443 1837 1560 1863; x_wconf 83' lang='lat' dir='ltr'>maxime</span> <span class='ocrx_word' id='word_1_1130' title='bbox 1579 1837 1705 1869; x_wconf 86' lang='lat' dir='ltr'>excellat,</span> <span class='ocrx_word' id='word_1_1131' title='bbox 1721 1838 1768 1871; x_wconf 89' lang='lat' dir='ltr'>qui</span> <span class='ocrx_word' id='word_1_1132' title='bbox 1787 1839 1888 1865; x_wconf 62' lang='lat' dir='ltr'>virtute</span> <span class='ocrx_word' id='word_1_1133' title='bbox 1910 1839 2057 1873; x_wconf 85' lang='lat' dir='ltr'>plurimum</span> <span class='ocrx_word' id='word_1_1134' title='bbox 2076 1842 2194 1875; x_wconf 79' lang='lat' dir='ltr'>praestat.</span> 
     </span>
    </p>
   </div>
   <div class='ocr_carea' id='block_1_33' title="bbox 1149 1871 2198 2195">
    <p class='ocr_par' dir='ltr' id='par_1_42' title="bbox 1149 1871 2198 2195">
     <span class='ocr_line' id='line_1_114' title="bbox 1151 1871 2197 1911; baseline 0.008 -15"><span class='ocrx_word' id='word_1_1135' title='bbox 1151 1871 1225 1897; x_wconf 89' lang='lat' dir='ltr'>Idem</span> <span class='ocrx_word' id='word_1_1136' title='bbox 1238 1871 1269 1897; x_wconf 89' lang='lat' dir='ltr'>de</span> <span class='ocrx_word' id='word_1_1137' title='bbox 1284 1871 1377 1898; x_wconf 90' lang='lat' dir='ltr'>Diuin.</span> <span class='ocrx_word' id='word_1_1138' title='bbox 1393 1880 1411 1902; x_wconf 90' lang='lat'>1,</span> <span class='ocrx_word' id='word_1_1139' title='bbox 1428 1878 1455 1904; x_wconf 83' lang='lat'>38</span> <span class='ocrx_word' id='word_1_1140' title='bbox 1470 1882 1491 1898; x_wconf 91' lang='lat' dir='ltr'>c.</span> <span class='ocrx_word' id='word_1_1141' title='bbox 1506 1880 1534 1905; x_wconf 87' lang='lat'>19</span> <span class='ocrx_word' id='word_1_1142' title='bbox 1562 1874 1595 1898; x_wconf 92' lang='lat' dir='ltr'>Vt</span> <span class='ocrx_word' id='word_1_1143' title='bbox 1608 1873 1691 1907; x_wconf 83' lang='lat' dir='ltr'>igitur</span> <span class='ocrx_word' id='word_1_1144' title='bbox 1705 1882 1774 1898; x_wconf 87' lang='lat' dir='ltr'>nunc</span> <span class='ocrx_word' id='word_1_1145' title='bbox 1786 1874 1890 1900; x_wconf 88' lang='lat' dir='ltr'>minore</span> <span class='ocrx_word' id='word_1_1146' title='bbox 1904 1874 1990 1908; x_wconf 86' lang='lat' dir='ltr'>gloria</span> <span class='ocrx_word' id='word_1_1147' title='bbox 2003 1875 2055 1908; x_wconf 85' lang='lat' dir='ltr'>est,</span> <span class='ocrx_word' id='word_1_1148' title='bbox 2069 1878 2131 1911; x_wconf 90' lang='lat' dir='ltr'>quia</span> <span class='ocrx_word' id='word_1_1149' title='bbox 2146 1878 2197 1904; x_wconf 89' lang='lat' dir='ltr'>mi-</span> 
     </span>
     <span class='ocr_line' id='line_1_115' title="bbox 1151 1907 2195 1941; baseline 0.008 -9"><span class='ocrx_word' id='word_1_1150' title='bbox 1151 1916 1199 1933; x_wconf 90' lang='lat' dir='ltr'>nus</span> <span class='ocrx_word' id='word_1_1151' title='bbox 1216 1907 1387 1934; x_wconf 87' lang='lat' dir='ltr'>oraculorum</span> <span class='ocrx_word' id='word_1_1152' title='bbox 1402 1909 1499 1935; x_wconf 85' lang='lat' dir='ltr'>veritas</span> <span class='ocrx_word' id='word_1_1153' title='bbox 1512 1908 1630 1934; x_wconf 77' lang='lat' dir='ltr'>excellit:</span> <span class='ocrx_word' id='word_1_1154' title='bbox 1663 1907 1695 1933; x_wconf 88' lang='lat' dir='ltr'>sic</span> <span class='ocrx_word' id='word_1_1155' title='bbox 1708 1914 1769 1934; x_wconf 88' lang='lat' dir='ltr'>tunc</span> <span class='ocrx_word' id='word_1_1156' title='bbox 1782 1909 1829 1934; x_wconf 88' lang='lat' dir='ltr'>nisi</span> <span class='ocrx_word' id='word_1_1157' title='bbox 1844 1910 1944 1935; x_wconf 62' lang='lat' dir='ltr'>sumnia</span> <span class='ocrx_word' id='word_1_1158' title='bbox 1958 1911 2069 1938; x_wconf 86' lang='lat' dir='ltr'>veritate</span> <span class='ocrx_word' id='word_1_1159' title='bbox 2084 1922 2111 1938; x_wconf 82' lang='lat' dir='ltr'>in</span> <span class='ocrx_word' id='word_1_1160' title='bbox 2125 1919 2195 1941; x_wconf 89' lang='lat' dir='ltr'>tanta</span> 
     </span>
     <span class='ocr_line' id='line_1_116' title="bbox 1152 1943 2196 1979; baseline 0.007 -11"><span class='ocrx_word' id='word_1_1161' title='bbox 1152 1943 1239 1976; x_wconf 82' lang='lat' dir='ltr'>gloria</span> <span class='ocrx_word' id='word_1_1162' title='bbox 1258 1951 1312 1968; x_wconf 91' lang='lat' dir='ltr'>non</span> <span class='ocrx_word' id='word_1_1163' title='bbox 1332 1943 1428 1969; x_wconf 73' lang='lat' dir='ltr'>fuisset.</span> <span class='ocrx_word' id='word_1_1164' title='bbox 1464 1945 1501 1970; x_wconf 85' lang='lat' dir='ltr'>De</span> <span class='ocrx_word' id='word_1_1165' title='bbox 1515 1945 1613 1969; x_wconf 73' lang='lat' dir='ltr'>oraculo</span> <span class='ocrx_word' id='word_1_1166' title='bbox 1625 1944 1753 1977; x_wconf 62' lang='lat' dir='ltr'>Delphico.</span> <span class='ocrx_word' id='word_1_1167' title='bbox 1825 1944 1906 1979; x_wconf 84' lang='lat' dir='ltr'>Super</span> <span class='ocrx_word' id='word_1_1168' title='bbox 1924 1953 2016 1972; x_wconf 86' lang='lat' dir='ltr'>omnes</span> <span class='ocrx_word' id='word_1_1169' title='bbox 2032 1948 2098 1974; x_wconf 88' lang='lat' dir='ltr'>alios</span> <span class='ocrx_word' id='word_1_1170' title='bbox 2112 1949 2196 1975; x_wconf 80' lang='lat' dir='ltr'>excel-</span> 
     </span>
     <span class='ocr_line' id='line_1_117' title="bbox 1151 1978 2197 2011; baseline 0.007 -7"><span class='ocrx_word' id='word_1_1171' title='bbox 1151 1978 1207 2004; x_wconf 87' lang='lat' dir='ltr'>lere</span> <span class='ocrx_word' id='word_1_1172' title='bbox 1225 1978 1286 2004; x_wconf 93' lang='lat' dir='ltr'>Liu.</span> <span class='ocrx_word' id='word_1_1173' title='bbox 1299 1984 1339 2009; x_wconf 78' lang='lat'>28,</span> <span class='ocrx_word' id='word_1_1174' title='bbox 1376 1997 1382 2004; x_wconf 96' lang='lat'>.</span> <span class='ocrx_word' id='word_1_1175' title='bbox 1422 1997 1429 2004; x_wconf 91' lang='lat'>.</span> <span class='ocrx_word' id='word_1_1176' title='bbox 1498 1978 1614 2004; x_wconf 85' lang='lat' dir='ltr'>Multum</span> <span class='ocrx_word' id='word_1_1177' title='bbox 1630 1979 1772 2011; x_wconf 81' lang='lat' dir='ltr'>excelluit,</span> <span class='ocrx_word' id='word_1_1178' title='bbox 1797 1980 1851 2007; x_wconf 74' lang='lat' dir='ltr'>vid.</span> <span class='ocrx_word' id='word_1_1179' title='bbox 1872 1987 1897 2006; x_wconf 83' lang='lat' dir='ltr'>M</span> <span class='ocrx_word' id='word_1_1180' title='bbox 1908 1988 1929 2008; x_wconf 91' lang='lat' dir='ltr'>V</span> <span class='ocrx_word' id='word_1_1181' title='bbox 1940 1987 1954 2006; x_wconf 79' lang='lat'>1.</span> <span class='ocrx_word' id='word_1_1182' title='bbox 1965 1988 1987 2008; x_wconf 85' lang='lat' dir='ltr'>‘r</span> <span class='ocrx_word' id='word_1_1183' title='bbox 1998 1989 2049 2009; x_wconf 86' lang='lat' dir='ltr'>VS.</span> <span class='ocrx_word' id='word_1_1184' title='bbox 2122 1985 2151 2010; x_wconf 88' lang='lat' dir='ltr'>In</span> <span class='ocrx_word' id='word_1_1185' title='bbox 2167 1993 2197 2011; x_wconf 86' lang='lat' dir='ltr'>re</span> 
     </span>
     <span class='ocr_line' id='line_1_118' title="bbox 1577 2013 2195 2054; baseline 0.013 -15"><span class='ocrx_word' id='word_1_1186' title='bbox 1577 2013 1649 2040; x_wconf 86' lang='lat' dir='ltr'>Idem</span> <span class='ocrx_word' id='word_1_1187' title='bbox 1664 2014 1743 2045; x_wconf 83' lang='lat' dir='ltr'>Acad.</span> <span class='ocrx_word' id='word_1_1188' title='bbox 1757 2024 1776 2046; x_wconf 91' lang='lat'>1,</span> <span class='ocrx_word' id='word_1_1189' title='bbox 1813 2034 1820 2041; x_wconf 82' lang='lat'>.</span> <span class='ocrx_word' id='word_1_1190' title='bbox 1858 2035 1865 2041; x_wconf 95' lang='lat'>.</span> <span class='ocrx_word' id='word_1_1191' title='bbox 1901 2017 2056 2044; x_wconf 80' lang='lat' dir='ltr'>Praesertim</span> <span class='ocrx_word' id='word_1_1192' title='bbox 2076 2025 2195 2054; x_wconf 82' lang='lat' dir='ltr'>quumet</span> 
     </span>
     <span class='ocr_line' id='line_1_119' title="bbox 1150 2049 2195 2086; baseline 0.007 -11"><span class='ocrx_word' id='word_1_1193' title='bbox 1150 2049 1205 2083; x_wconf 83' lang='lat' dir='ltr'>ipse</span> <span class='ocrx_word' id='word_1_1194' title='bbox 1220 2049 1247 2075; x_wconf 89' lang='lat' dir='ltr'>in</span> <span class='ocrx_word' id='word_1_1195' title='bbox 1262 2058 1294 2075; x_wconf 90' lang='lat' dir='ltr'>co</span> <span class='ocrx_word' id='word_1_1196' title='bbox 1308 2049 1427 2075; x_wconf 87' lang='lat' dir='ltr'>excellas.</span> <span class='ocrx_word' id='word_1_1197' title='bbox 1498 2049 1589 2083; x_wconf 88' lang='lat' dir='ltr'>Longe</span> <span class='ocrx_word' id='word_1_1198' title='bbox 1610 2049 1668 2075; x_wconf 85' lang='lat' dir='ltr'>aliis</span> <span class='ocrx_word' id='word_1_1199' title='bbox 1688 2050 1715 2075; x_wconf 89' lang='lat' dir='ltr'>in</span> <span class='ocrx_word' id='word_1_1200' title='bbox 1735 2051 1824 2084; x_wconf 89' lang='lat' dir='ltr'>aliqua</span> <span class='ocrx_word' id='word_1_1201' title='bbox 1843 2060 1873 2077; x_wconf 86' lang='lat' dir='ltr'>re</span> <span class='ocrx_word' id='word_1_1202' title='bbox 1899 2052 1954 2078; x_wconf 84' lang='lat' dir='ltr'>Cic.</span> <span class='ocrx_word' id='word_1_1203' title='bbox 1970 2052 2001 2079; x_wconf 89' lang='lat' dir='ltr'>de</span> <span class='ocrx_word' id='word_1_1204' title='bbox 2016 2054 2092 2081; x_wconf 86' lang='lat' dir='ltr'>Orat.</span> <span class='ocrx_word' id='word_1_1205' title='bbox 2106 2064 2130 2086; x_wconf 85' lang='lat'>2,</span> <span class='ocrx_word' id='word_1_1206' title='bbox 2143 2058 2195 2085; x_wconf 82' lang='lat'>216.</span> 
     </span>
     <span class='ocr_line' id='line_1_120' title="bbox 1149 2084 2196 2119; baseline 0.008 -9"><span class='ocrx_word' id='word_1_1207' title='bbox 1149 2091 1173 2112; x_wconf 79' lang='lat' dir='ltr'>et</span> <span class='ocrx_word' id='word_1_1208' title='bbox 1187 2084 1218 2110; x_wconf 87' lang='lat' dir='ltr'>de</span> <span class='ocrx_word' id='word_1_1209' title='bbox 1232 2086 1289 2111; x_wconf 92' lang='lat' dir='ltr'>Inu.</span> <span class='ocrx_word' id='word_1_1210' title='bbox 1304 2093 1316 2110; x_wconf 87' lang='lat'>2</span> <span class='ocrx_word' id='word_1_1211' title='bbox 1332 2094 1352 2113; x_wconf 71' lang='lat' dir='ltr'>c,</span> <span class='ocrx_word' id='word_1_1212' title='bbox 1367 2094 1386 2111; x_wconf 94' lang='lat'>1.</span> <span class='ocrx_word' id='word_1_1213' title='bbox 1456 2085 1488 2110; x_wconf 93' lang='lat' dir='ltr'>In</span> <span class='ocrx_word' id='word_1_1214' title='bbox 1509 2084 1601 2119; x_wconf 89' lang='lat' dir='ltr'>aliquo</span> <span class='ocrx_word' id='word_1_1215' title='bbox 1614 2094 1708 2119; x_wconf 81' lang='lat' dir='ltr'>genere</span> <span class='ocrx_word' id='word_1_1216' title='bbox 1722 2085 1831 2111; x_wconf 86' lang='lat' dir='ltr'>virtutis</span> <span class='ocrx_word' id='word_1_1217' title='bbox 1851 2086 1907 2113; x_wconf 88' lang='lat' dir='ltr'>Cic.</span> <span class='ocrx_word' id='word_1_1218' title='bbox 1922 2088 1994 2114; x_wconf 88' lang='lat' dir='ltr'>Fam.</span> <span class='ocrx_word' id='word_1_1219' title='bbox 2011 2098 2043 2119; x_wconf 87' lang='grc' dir='ltr'>ιι,</span> <span class='ocrx_word' id='word_1_1220' title='bbox 2057 2098 2095 2116; x_wconf 86' lang='lat'>21.</span> <span class='ocrx_word' id='word_1_1221' title='bbox 2164 2093 2196 2118; x_wconf 93' lang='lat' dir='ltr'>In</span> 
     </span>
     <span class='ocr_line' id='line_1_121' title="bbox 1150 2119 2198 2160; baseline 0.008 -14"><span class='ocrx_word' id='word_1_1222' title='bbox 1150 2120 1260 2147; x_wconf 85' lang='lat' dir='ltr'>scientia</span> <span class='ocrx_word' id='word_1_1223' title='bbox 1280 2120 1425 2152; x_wconf 83' lang='lat' dir='ltr'>excellcre,</span> <span class='ocrx_word' id='word_1_1224' title='bbox 1452 2119 1592 2154; x_wconf 85' lang='lat' dir='ltr'>pulchrum</span> <span class='ocrx_word' id='word_1_1225' title='bbox 1608 2120 1681 2147; x_wconf 84' lang='lat' dir='ltr'>Idem</span> <span class='ocrx_word' id='word_1_1226' title='bbox 1695 2120 1748 2147; x_wconf 84' lang='lat' dir='ltr'>Off.</span> <span class='ocrx_word' id='word_1_1227' title='bbox 1765 2129 1783 2152; x_wconf 87' lang='lat'>1,</span> <span class='ocrx_word' id='word_1_1228' title='bbox 1798 2127 1831 2150; x_wconf 88' lang='lat'>18.</span> <span class='ocrx_word' id='word_1_1229' title='bbox 1904 2124 1960 2150; x_wconf 89' lang='lat' dir='ltr'>Cic.</span> <span class='ocrx_word' id='word_1_1230' title='bbox 1980 2124 2012 2151; x_wconf 90' lang='lat' dir='ltr'>dc</span> <span class='ocrx_word' id='word_1_1231' title='bbox 2025 2127 2128 2153; x_wconf 87' lang='lat' dir='ltr'>Inuent.</span> <span class='ocrx_word' id='word_1_1232' title='bbox 2145 2136 2165 2160; x_wconf 85' lang='lat'>1,</span> <span class='ocrx_word' id='word_1_1233' title='bbox 2181 2136 2198 2155; x_wconf 77' lang='lat' dir='ltr'>z</span> 
     </span>
     <span class='ocr_line' id='line_1_122' title="bbox 1150 2156 2196 2195; baseline 0.008 -14"><span class='ocrx_word' id='word_1_1234' title='bbox 1150 2157 1186 2182; x_wconf 90' lang='lat' dir='ltr'>Vt</span> <span class='ocrx_word' id='word_1_1235' title='bbox 1198 2157 1268 2182; x_wconf 89' lang='lat' dir='ltr'>inter</span> <span class='ocrx_word' id='word_1_1236' title='bbox 1281 2165 1348 2190; x_wconf 89' lang='lat' dir='ltr'>quos</span> <span class='ocrx_word' id='word_1_1237' title='bbox 1366 2156 1446 2190; x_wconf 78' lang='lat' dir='ltr'>posset</span> <span class='ocrx_word' id='word_1_1238' title='bbox 1461 2156 1606 2190; x_wconf 86' lang='lat' dir='ltr'>excellcre,</span> <span class='ocrx_word' id='word_1_1239' title='bbox 1623 2165 1683 2182; x_wconf 88' lang='lat' dir='ltr'>cum</span> <span class='ocrx_word' id='word_1_1240' title='bbox 1696 2157 1729 2183; x_wconf 88' lang='lat' dir='ltr'>iis</span> <span class='ocrx_word' id='word_1_1241' title='bbox 1748 2157 1772 2183; x_wconf 91' lang='lat' dir='ltr'>se</span> <span class='ocrx_word' id='word_1_1242' title='bbox 1787 2163 1920 2191; x_wconf 84' lang='lat' dir='ltr'>pateretur</span> <span class='ocrx_word' id='word_1_1243' title='bbox 1932 2161 2050 2195; x_wconf 85' lang='lat' dir='ltr'>aequari.</span> <span class='ocrx_word' id='word_1_1244' title='bbox 2121 2162 2196 2189; x_wconf 88' lang='lat' dir='ltr'>Idem</span> 
     </span>
    </p>
   </div>
   <div class='ocr_carea' id='block_1_34' title="bbox 49 2185 2196 2228">
    <p class='ocr_par' dir='ltr' id='par_1_43' title="bbox 49 2185 2196 2228">
     <span class='ocr_line' id='line_1_123' title="bbox 49 2185 2196 2228; baseline -0.009 -7"><span class='ocrx_word' id='word_1_1245' title='bbox 49 2201 92 2221; x_wconf 76' lang='lat' dir='ltr'>me</span> <span class='ocrx_word' id='word_1_1246' title='bbox 103 2194 203 2223; x_wconf 82' lang='lat' dir='ltr'>Petron.</span> <span class='ocrx_word' id='word_1_1247' title='bbox 217 2203 238 2220; x_wconf 87' lang='lat' dir='ltr'>c.</span> <span class='ocrx_word' id='word_1_1248' title='bbox 252 2195 296 2228; x_wconf 92' lang='lat'>67.</span> <span class='ocrx_word' id='word_1_1249' title='bbox 315 2195 333 2219; x_wconf 90' lang='lat' dir='ltr'>i.</span> <span class='ocrx_word' id='word_1_1250' title='bbox 346 2195 453 2228; x_wconf 75' lang='lat' dir='ltr'>pecunia</span> <span class='ocrx_word' id='word_1_1251' title='bbox 470 2190 610 2225; x_wconf 74' lang='lat' dir='ltr'>emunxisti.</span> <span class='ocrx_word' id='word_1_1252' title='bbox 644 2189 760 2219; x_wconf 71' lang='lat' dir='ltr'>FluHuat</span> <span class='ocrx_word' id='word_1_1253' title='bbox 771 2188 860 2217; x_wconf 67' lang='lat' dir='ltr'>lei-iio:</span> <span class='ocrx_word' id='word_1_1254' title='bbox 882 2195 905 2216; x_wconf 85' lang='lat' dir='ltr'>et</span> <span class='ocrx_word' id='word_1_1255' title='bbox 918 2187 1041 2225; x_wconf 72' lang='lat' dir='ltr'>quidquid</span> <span class='ocrx_word' id='word_1_1256' title='bbox 1054 2185 1088 2222; x_wconf 71' lang='lat' dir='ltr'>est</span> <span class='ocrx_word' id='word_1_1257' title='bbox 1104 2199 1133 2226; x_wconf 74' lang='lat'>55</span> <span class='ocrx_word' id='word_1_1258' title='bbox 1151 2191 1180 2218; x_wconf 72' lang='lat' dir='ltr'>in</span> <span class='ocrx_word' id='word_1_1259' title='bbox 1194 2191 1269 2218; x_wconf 65' lang='lat' dir='ltr'>Orat,</span> <span class='ocrx_word' id='word_1_1260' title='bbox 1283 2194 1300 2218; x_wconf 78' lang='lat'>6</span> <span class='ocrx_word' id='word_1_1261' title='bbox 1313 2201 1334 2218; x_wconf 68' lang='grc' dir='ltr'>ς,</span> <span class='ocrx_word' id='word_1_1262' title='bbox 1345 2200 1358 2217; x_wconf 87' lang='lat'>2</span> <span class='ocrx_word' id='word_1_1263' title='bbox 1394 2192 1424 2218; x_wconf 84' lang='lat' dir='ltr'>1n</span> <span class='ocrx_word' id='word_1_1264' title='bbox 1444 2191 1603 2218; x_wconf 88' lang='lat' dir='ltr'>Oratoribus</span> <span class='ocrx_word' id='word_1_1265' title='bbox 1621 2201 1688 2218; x_wconf 65' lang='lat' dir='ltr'>vero</span> <span class='ocrx_word' id='word_1_1266' title='bbox 1707 2192 1814 2219; x_wconf 58' lang='lat' dir='ltr'>Graccis</span> <span class='ocrx_word' id='word_1_1267' title='bbox 1838 2194 1961 2227; x_wconf 58' lang='lat' dir='ltr'>quidem,</span> <span class='ocrx_word' id='word_1_1268' title='bbox 1979 2196 2140 2223; x_wconf 82' lang='lat' dir='ltr'>admirabile</span> <span class='ocrx_word' id='word_1_1269' title='bbox 2159 2198 2196 2225; x_wconf 63' lang='lat' dir='ltr'>est</span> 
     </span>
    </p>
   </div>
   <div class='ocr_carea' id='block_1_35' title="bbox 18 2227 1087 2398">
    <p class='ocr_par' dir='ltr' id='par_1_44' title="bbox 49 2227 645 2297">
     <span class='ocr_line' id='line_1_124' title="bbox 49 2227 312 2264; baseline -0.011 -6"><span class='ocrx_word' id='word_1_1270' title='bbox 49 2229 132 2262; x_wconf 62' lang='lat' dir='ltr'>berbi„</span> <span class='ocrx_word' id='word_1_1271' title='bbox 143 2228 257 2264; x_wconf 74' lang='lat' dir='ltr'>plebeium</span> <span class='ocrx_word' id='word_1_1272' title='bbox 270 2227 312 2262; x_wconf 80' lang='lat' dir='ltr'>est.</span> 
     </span>
     <span class='ocr_line' id='line_1_125' title="bbox 81 2263 645 2297; baseline -0.005 -5"><span class='ocrx_word' id='word_1_1273' title='bbox 81 2269 210 2292; x_wconf 76' lang='lat' dir='ltr'>Echv</span> <span class='ocrx_word' id='word_1_1274' title='bbox 221 2271 283 2291; x_wconf 83' lang='lat' dir='ltr'>D1c</span> <span class='ocrx_word' id='word_1_1275' title='bbox 295 2270 333 2297; x_wconf 91' lang='lat' dir='ltr'>o,</span> <span class='ocrx_word' id='word_1_1276' title='bbox 357 2263 410 2290; x_wconf 84' lang='lat' dir='ltr'>vid.</span> <span class='ocrx_word' id='word_1_1277' title='bbox 435 2268 645 2290; x_wconf 64' lang='lat' dir='ltr'>nxconxco.</span> 
     </span>
    </p>

    <p class='ocr_par' dir='ltr' id='par_1_45' title="bbox 48 2294 1086 2334">
     <span class='ocr_line' id='line_1_126' title="bbox 48 2294 1086 2334; baseline -0.008 -6"><span class='ocrx_word' id='word_1_1278' title='bbox 48 2325 51 2329; x_wconf 75' lang='grc'>,</span> <span class='ocrx_word' id='word_1_1279' title='bbox 79 2298 260 2333; x_wconf 68' lang='grc' dir='ltr'>ῈκοᾸνο,</span> <span class='ocrx_word' id='word_1_1280' title='bbox 280 2304 331 2326; x_wconf 70' lang='lat' dir='ltr'>are.</span> <span class='ocrx_word' id='word_1_1281' title='bbox 367 2299 517 2334; x_wconf 62' lang='grc' dir='ltr'>[ἐκκοιλόω]</span> <span class='ocrx_word' id='word_1_1282' title='bbox 549 2298 612 2324; x_wconf 81' lang='lat' dir='ltr'>vnde</span> <span class='ocrx_word' id='word_1_1283' title='bbox 641 2303 801 2325; x_wconf 64' lang='lat' dir='ltr'>excavA</span> <span class='ocrx_word' id='word_1_1284' title='bbox 812 2302 897 2322; x_wconf 74' lang='lat' dir='ltr'>Tvs.</span> <span class='ocrx_word' id='word_1_1285' title='bbox 933 2294 990 2322; x_wconf 86' lang='lat' dir='ltr'>Cic.</span> <span class='ocrx_word' id='word_1_1286' title='bbox 1006 2294 1086 2320; x_wconf 84' lang='lat' dir='ltr'>Verr.</span> 
     </span>
    </p>

    <p class='ocr_par' dir='ltr' id='par_1_46' title="bbox 44 2330 1087 2370">
     <span class='ocr_line' id='line_1_127' title="bbox 44 2330 1087 2370; baseline -0.006 -9"><span class='ocrx_word' id='word_1_1287' title='bbox 44 2343 64 2368; x_wconf 81' lang='grc'><strong>4</strong></span> <span class='ocrx_word' id='word_1_1288' title='bbox 76 2344 98 2361; x_wconf 89' lang='lat' dir='ltr'>c.</span> <span class='ocrx_word' id='word_1_1289' title='bbox 111 2343 145 2370; x_wconf 82' lang='lat'>27</span> <span class='ocrx_word' id='word_1_1290' title='bbox 169 2335 230 2363; x_wconf 88' lang='lat' dir='ltr'>Erat</span> <span class='ocrx_word' id='word_1_1291' title='bbox 243 2335 323 2362; x_wconf 87' lang='lat' dir='ltr'>etiam</span> <span class='ocrx_word' id='word_1_1292' title='bbox 337 2344 382 2361; x_wconf 91' lang='lat' dir='ltr'>vas</span> <span class='ocrx_word' id='word_1_1293' title='bbox 395 2335 530 2362; x_wconf 89' lang='lat' dir='ltr'>vinarium</span> <span class='ocrx_word' id='word_1_1294' title='bbox 544 2343 576 2361; x_wconf 89' lang='lat' dir='ltr'>ex</span> <span class='ocrx_word' id='word_1_1295' title='bbox 592 2343 643 2361; x_wconf 90' lang='lat' dir='ltr'>vna</span> <span class='ocrx_word' id='word_1_1296' title='bbox 656 2342 760 2368; x_wconf 81' lang='lat' dir='ltr'>gemma</span> <span class='ocrx_word' id='word_1_1297' title='bbox 774 2331 931 2368; x_wconf 87' lang='lat' dir='ltr'>pergrandi,</span> <span class='ocrx_word' id='word_1_1298' title='bbox 949 2330 1028 2357; x_wconf 89' lang='lat' dir='ltr'>trulla</span> <span class='ocrx_word' id='word_1_1299' title='bbox 1044 2339 1087 2356; x_wconf 85' lang='lat' dir='ltr'>ex-</span> 
     </span>
    </p>

    <p class='ocr_par' dir='ltr' id='par_1_47' title="bbox 18 2370 478 2398">
     <span class='ocr_line' id='line_1_128' title="bbox 18 2370 478 2398; baseline 0 -1"><span class='ocrx_word' id='word_1_1300' title='bbox 18 2379 24 2381; x_wconf 54' lang='lat'><em>*</em></span> <span class='ocrx_word' id='word_1_1301' title='bbox 43 2376 132 2398; x_wconf 73' lang='lat' dir='ltr'>cauata</span> <span class='ocrx_word' id='word_1_1302' title='bbox 149 2380 209 2398; x_wconf 86' lang='lat' dir='ltr'>curn</span> <span class='ocrx_word' id='word_1_1303' title='bbox 226 2370 369 2398; x_wconf 84' lang='lat' dir='ltr'>manubrio</span> <span class='ocrx_word' id='word_1_1304' title='bbox 387 2379 478 2398; x_wconf 88' lang='lat' dir='ltr'>aureo.</span> 
     </span>
    </p>
   </div>
   <div class='ocr_carea' id='block_1_36' title="bbox 44 2403 1087 2438">
    <p class='ocr_par' dir='ltr' id='par_1_48' title="bbox 44 2403 1087 2438">
     <span class='ocr_line' id='line_1_129' title="bbox 44 2403 1087 2438; baseline -0.005 -5"><span class='ocrx_word' id='word_1_1305' title='bbox 44 2413 165 2437; x_wconf 69' lang='lat' dir='ltr'>excauAta</span> <span class='ocrx_word' id='word_1_1306' title='bbox 183 2413 291 2434; x_wconf 84' lang='lat' dir='ltr'>anatum</span> <span class='ocrx_word' id='word_1_1307' title='bbox 310 2406 418 2433; x_wconf 86' lang='lat' dir='ltr'>stabula.</span> <span class='ocrx_word' id='word_1_1308' title='bbox 455 2406 522 2433; x_wconf 84' lang='lat' dir='ltr'>Plin.</span> <span class='ocrx_word' id='word_1_1309' title='bbox 538 2415 575 2437; x_wconf 82' lang='lat'>10,</span> <span class='ocrx_word' id='word_1_1310' title='bbox 587 2414 623 2438; x_wconf 80' lang='lat'>33.</span> <span class='ocrx_word' id='word_1_1311' title='bbox 695 2406 767 2432; x_wconf 90' lang='lat' dir='ltr'>Loca</span> <span class='ocrx_word' id='word_1_1312' title='bbox 790 2410 916 2430; x_wconf 86' lang='lat' dir='ltr'>excauata</span> <span class='ocrx_word' id='word_1_1313' title='bbox 935 2403 965 2429; x_wconf 90' lang='lat' dir='ltr'>in</span> <span class='ocrx_word' id='word_1_1314' title='bbox 982 2403 1087 2437; x_wconf 86' lang='lat' dir='ltr'>specum</span> 
     </span>
    </p>
   </div>
   <div class='ocr_carea' id='block_1_37' title="bbox 0 2442 1087 3040">
    <p class='ocr_par' dir='ltr' id='par_1_49' title="bbox 8 2442 494 2477">
     <span class='ocr_line' id='line_1_130' title="bbox 8 2442 494 2477; baseline -0.004 -8"><span class='ocrx_word' id='word_1_1315' title='bbox 8 2452 9 2459; x_wconf 60' lang='lat'>¹</span> <span class='ocrx_word' id='word_1_1316' title='bbox 43 2442 101 2469; x_wconf 88' lang='lat' dir='ltr'>Sen.</span> <span class='ocrx_word' id='word_1_1317' title='bbox 115 2443 161 2477; x_wconf 85' lang='lat' dir='ltr'>Ep.</span> <span class='ocrx_word' id='word_1_1318' title='bbox 174 2451 217 2475; x_wconf 86' lang='lat'>90.</span> <span class='ocrx_word' id='word_1_1319' title='bbox 253 2442 327 2477; x_wconf 78' lang='lat' dir='ltr'>Conf.</span> <span class='ocrx_word' id='word_1_1320' title='bbox 342 2442 418 2475; x_wconf 83' lang='lat' dir='ltr'>Apic.</span> <span class='ocrx_word' id='word_1_1321' title='bbox 431 2451 460 2474; x_wconf 91' lang='lat'>4,</span> <span class='ocrx_word' id='word_1_1322' title='bbox 475 2450 494 2468; x_wconf 94' lang='lat'>1.</span> 
     </span>
    </p>

    <p class='ocr_par' dir='ltr' id='par_1_50' title="bbox 41 2472 1086 2545">
     <span class='ocr_line' id='line_1_131' title="bbox 77 2472 1086 2509; baseline -0.005 -5"><span class='ocrx_word' id='word_1_1323' title='bbox 77 2485 94 2504; x_wconf 87' lang='lat' dir='ltr'><strong>E</strong></span> <span class='ocrx_word' id='word_1_1324' title='bbox 105 2484 122 2503; x_wconf 87' lang='lat' dir='ltr'>x</span> <span class='ocrx_word' id='word_1_1325' title='bbox 133 2484 151 2504; x_wconf 89' lang='lat' dir='ltr'>c</span> <span class='ocrx_word' id='word_1_1326' title='bbox 161 2484 243 2504; x_wconf 77' lang='lat' dir='ltr'>AvA</span> <span class='ocrx_word' id='word_1_1327' title='bbox 253 2484 273 2503; x_wconf 87' lang='lat' dir='ltr'>T</span> <span class='ocrx_word' id='word_1_1328' title='bbox 282 2484 292 2502; x_wconf 89' lang='lat'>1</span> <span class='ocrx_word' id='word_1_1329' title='bbox 301 2483 320 2502; x_wconf 93' lang='lat' dir='ltr'>o</span> <span class='ocrx_word' id='word_1_1330' title='bbox 329 2495 337 2508; x_wconf 96' lang='lat'>,</span> <span class='ocrx_word' id='word_1_1331' title='bbox 355 2477 424 2502; x_wconf 65' lang='lat' dir='ltr'>anis.</span> <span class='ocrx_word' id='word_1_1332' title='bbox 443 2476 463 2501; x_wconf 88' lang='lat' dir='ltr'>f.</span> <span class='ocrx_word' id='word_1_1333' title='bbox 502 2475 645 2509; x_wconf 74' lang='grc' dir='ltr'>[κοίλωσις]</span> <span class='ocrx_word' id='word_1_1334' title='bbox 681 2474 740 2500; x_wconf 89' lang='lat' dir='ltr'>Sen.</span> <span class='ocrx_word' id='word_1_1335' title='bbox 755 2474 818 2500; x_wconf 89' lang='lat' dir='ltr'>Nat.</span> <span class='ocrx_word' id='word_1_1336' title='bbox 834 2473 939 2507; x_wconf 76' lang='lat' dir='ltr'>Qiaest.</span> <span class='ocrx_word' id='word_1_1337' title='bbox 952 2482 981 2506; x_wconf 87' lang='lat'>4,</span> <span class='ocrx_word' id='word_1_1338' title='bbox 993 2481 1006 2506; x_wconf 84' lang='lat'>3</span> <span class='ocrx_word' id='word_1_1339' title='bbox 1027 2472 1086 2500; x_wconf 87' lang='lat' dir='ltr'>Stil-</span> 
     </span>
     <span class='ocr_line' id='line_1_132' title="bbox 41 2509 961 2545; baseline -0.003 -6"><span class='ocrx_word' id='word_1_1340' title='bbox 41 2512 130 2539; x_wconf 87' lang='lat' dir='ltr'>Iicidii</span> <span class='ocrx_word' id='word_1_1341' title='bbox 143 2513 214 2538; x_wconf 83' lang='lat' dir='ltr'>casus</span> <span class='ocrx_word' id='word_1_1342' title='bbox 227 2511 343 2545; x_wconf 89' lang='lat' dir='ltr'>lapidem</span> <span class='ocrx_word' id='word_1_1343' title='bbox 357 2517 445 2537; x_wconf 84' lang='lat' dir='ltr'>canat:</span> <span class='ocrx_word' id='word_1_1344' title='bbox 465 2517 490 2537; x_wconf 87' lang='lat' dir='ltr'>et</span> <span class='ocrx_word' id='word_1_1345' title='bbox 502 2511 566 2537; x_wconf 86' lang='lat' dir='ltr'>haec</span> <span class='ocrx_word' id='word_1_1346' title='bbox 580 2511 633 2545; x_wconf 88' lang='lat' dir='ltr'>ipsa</span> <span class='ocrx_word' id='word_1_1347' title='bbox 646 2510 784 2536; x_wconf 80' lang='lat' dir='ltr'>excauatio</span> <span class='ocrx_word' id='word_1_1348' title='bbox 797 2509 910 2535; x_wconf 87' lang='lat' dir='ltr'>rotunda</span> <span class='ocrx_word' id='word_1_1349' title='bbox 925 2509 961 2537; x_wconf 86' lang='lat' dir='ltr'>fit.</span> 
     </span>
    </p>

    <p class='ocr_par' dir='ltr' id='par_1_51' title="bbox 0 2545 1087 3040">
     <span class='ocr_line' id='line_1_133' title="bbox 79 2545 501 2579; baseline -0.002 -5"><span class='ocrx_word' id='word_1_1350' title='bbox 79 2549 245 2577; x_wconf 70' lang='lat' dir='ltr'>EerDQ</span> <span class='ocrx_word' id='word_1_1351' title='bbox 274 2545 317 2579; x_wconf 83' lang='lat' dir='ltr'>ffi,</span> <span class='ocrx_word' id='word_1_1352' title='bbox 342 2547 422 2579; x_wconf 67' lang='lat' dir='ltr'>ss&#39;um,</span> <span class='ocrx_word' id='word_1_1353' title='bbox 447 2548 501 2573; x_wconf 70' lang='lat' dir='ltr'>erc.</span> 
     </span>
     <span class='ocr_line' id='line_1_134' title="bbox 43 2581 1086 2617; baseline -0.002 -9"><span class='ocrx_word' id='word_1_1354' title='bbox 43 2583 121 2609; x_wconf 83' lang='lat' dir='ltr'>locum</span> <span class='ocrx_word' id='word_1_1355' title='bbox 141 2583 285 2617; x_wconf 76' lang='lat' dir='ltr'>relinquere.</span> <span class='ocrx_word' id='word_1_1356' title='bbox 332 2582 400 2610; x_wconf 88' lang='lat' dir='ltr'>Tac.</span> <span class='ocrx_word' id='word_1_1357' title='bbox 418 2583 504 2617; x_wconf 88' lang='lat' dir='ltr'>Agric.</span> <span class='ocrx_word' id='word_1_1358' title='bbox 524 2590 564 2614; x_wconf 91' lang='lat'>25,</span> <span class='ocrx_word' id='word_1_1359' title='bbox 580 2592 598 2615; x_wconf 89' lang='lat'>4</span> <span class='ocrx_word' id='word_1_1360' title='bbox 629 2581 812 2608; x_wconf 85' lang='lat' dir='ltr'>Excedendum</span> <span class='ocrx_word' id='word_1_1361' title='bbox 833 2582 936 2614; x_wconf 88' lang='lat' dir='ltr'>potius,</span> <span class='ocrx_word' id='word_1_1362' title='bbox 956 2589 1037 2615; x_wconf 87' lang='lat' dir='ltr'>quam</span> <span class='ocrx_word' id='word_1_1363' title='bbox 1057 2588 1086 2606; x_wconf 88' lang='lat' dir='ltr'>vt</span> 
     </span>
     <span class='ocr_line' id='line_1_135' title="bbox 44 2615 1087 2652; baseline -0.002 -8"><span class='ocrx_word' id='word_1_1364' title='bbox 44 2617 184 2652; x_wconf 85' lang='lat' dir='ltr'>pellamur.</span> <span class='ocrx_word' id='word_1_1365' title='bbox 251 2618 307 2644; x_wconf 89' lang='lat' dir='ltr'>Cic.</span> <span class='ocrx_word' id='word_1_1366' title='bbox 321 2617 350 2643; x_wconf 89' lang='lat' dir='ltr'>in</span> <span class='ocrx_word' id='word_1_1367' title='bbox 364 2618 442 2644; x_wconf 88' lang='lat' dir='ltr'>Catil.</span> <span class='ocrx_word' id='word_1_1368' title='bbox 456 2627 481 2650; x_wconf 88' lang='lat'>2,</span> <span class='ocrx_word' id='word_1_1369' title='bbox 497 2626 506 2644; x_wconf 82' lang='lat'>1</span> <span class='ocrx_word' id='word_1_1370' title='bbox 533 2617 625 2650; x_wconf 85' lang='lat' dir='ltr'>Abiit,</span> <span class='ocrx_word' id='word_1_1371' title='bbox 640 2617 759 2649; x_wconf 73' lang='lat' dir='ltr'>excellit,</span> <span class='ocrx_word' id='word_1_1372' title='bbox 779 2616 874 2647; x_wconf 86' lang='lat' dir='ltr'>euasit,</span> <span class='ocrx_word' id='word_1_1373' title='bbox 892 2616 994 2650; x_wconf 68' lang='lat' dir='ltr'>erupit}</span> <span class='ocrx_word' id='word_1_1374' title='bbox 1015 2615 1087 2642; x_wconf 83' lang='lat' dir='ltr'>nulla</span> 
     </span>
     <span class='ocr_line' id='line_1_136' title="bbox 0 2652 1087 2688; baseline -0.006 -7"><span class='ocrx_word' id='word_1_1375' title='bbox 0 2677 3 2681; x_wconf 93' lang='lat'>.</span> <span class='ocrx_word' id='word_1_1376' title='bbox 44 2653 99 2679; x_wconf 89' lang='lat' dir='ltr'>iam</span> <span class='ocrx_word' id='word_1_1377' title='bbox 111 2653 239 2687; x_wconf 83' lang='lat' dir='ltr'>pernicies</span> <span class='ocrx_word' id='word_1_1378' title='bbox 253 2662 268 2679; x_wconf 85' lang='lat' dir='ltr'>a</span> <span class='ocrx_word' id='word_1_1379' title='bbox 280 2653 398 2680; x_wconf 87' lang='lat' dir='ltr'>monstro</span> <span class='ocrx_word' id='word_1_1380' title='bbox 411 2653 462 2680; x_wconf 90' lang='lat' dir='ltr'>illo</span> <span class='ocrx_word' id='word_1_1381' title='bbox 476 2660 554 2688; x_wconf 89' lang='lat' dir='ltr'>atquc</span> <span class='ocrx_word' id='word_1_1382' title='bbox 567 2653 692 2688; x_wconf 84' lang='lat' dir='ltr'>prodigio</span> <span class='ocrx_word' id='word_1_1383' title='bbox 704 2652 845 2679; x_wconf 88' lang='lat' dir='ltr'>moenibus</span> <span class='ocrx_word' id='word_1_1384' title='bbox 858 2652 917 2686; x_wconf 82' lang='lat' dir='ltr'>ipsis</span> <span class='ocrx_word' id='word_1_1385' title='bbox 930 2652 1000 2678; x_wconf 87' lang='lat' dir='ltr'>intra</span> <span class='ocrx_word' id='word_1_1386' title='bbox 1014 2659 1087 2675; x_wconf 91' lang='lat' dir='ltr'>moe-</span> 
     </span>
     <span class='ocr_line' id='line_1_137' title="bbox 0 2685 1087 2723; baseline -0.006 -8"><span class='ocrx_word' id='word_1_1387' title='bbox 0 2693 1 2697; x_wconf 78' lang='grc'>’</span> <span class='ocrx_word' id='word_1_1388' title='bbox 43 2689 88 2715; x_wconf 89' lang='lat' dir='ltr'>nia</span> <span class='ocrx_word' id='word_1_1389' title='bbox 103 2688 308 2722; x_wconf 84' lang='lat' dir='ltr'>comparabitur.</span> <span class='ocrx_word' id='word_1_1390' title='bbox 363 2689 436 2715; x_wconf 88' lang='lat' dir='ltr'>Idem</span> <span class='ocrx_word' id='word_1_1391' title='bbox 450 2689 506 2723; x_wconf 84' lang='lat' dir='ltr'>post</span> <span class='ocrx_word' id='word_1_1392' title='bbox 519 2688 573 2714; x_wconf 89' lang='lat' dir='ltr'>red.</span> <span class='ocrx_word' id='word_1_1393' title='bbox 588 2688 615 2713; x_wconf 89' lang='lat' dir='ltr'>in</span> <span class='ocrx_word' id='word_1_1394' title='bbox 629 2689 687 2714; x_wconf 83' lang='lat' dir='ltr'>Sen.</span> <span class='ocrx_word' id='word_1_1395' title='bbox 702 2695 719 2721; x_wconf 91' lang='lat'>7</span> <span class='ocrx_word' id='word_1_1396' title='bbox 743 2689 836 2720; x_wconf 83' lang='lat' dir='ltr'>Qum</span> <span class='ocrx_word' id='word_1_1397' title='bbox 850 2688 872 2712; x_wconf 86' lang='lat' dir='ltr'>is</span> <span class='ocrx_word' id='word_1_1398' title='bbox 886 2685 1087 2718; x_wconf 74' lang='lat' dir='ltr'>excessiss‘et,qui</span> 
     </span>
     <span class='ocr_line' id='line_1_138' title="bbox 43 2723 442 2750; baseline -0.003 0"><span class='ocrx_word' id='word_1_1399' title='bbox 43 2724 117 2750; x_wconf 88' lang='lat' dir='ltr'>caedi</span> <span class='ocrx_word' id='word_1_1400' title='bbox 131 2730 156 2750; x_wconf 88' lang='lat' dir='ltr'>et</span> <span class='ocrx_word' id='word_1_1401' title='bbox 169 2724 290 2750; x_wconf 84' lang='lat' dir='ltr'>flammae</span> <span class='ocrx_word' id='word_1_1402' title='bbox 303 2723 442 2750; x_wconf 88' lang='lat' dir='ltr'>restiterat.</span> 
     </span>
     <span class='ocr_line' id='line_1_139' title="bbox 42 2756 1086 2790; baseline -0.005 -5"><span class='ocrx_word' id='word_1_1403' title='bbox 42 2759 211 2789; x_wconf 74' lang='lat' dir='ltr'>excesserunt.</span> <span class='ocrx_word' id='word_1_1404' title='bbox 284 2759 368 2785; x_wconf 87' lang='lat' dir='ltr'>Caelo</span> <span class='ocrx_word' id='word_1_1405' title='bbox 388 2758 491 2785; x_wconf 86' lang='lat' dir='ltr'>excedit</span> <span class='ocrx_word' id='word_1_1406' title='bbox 504 2758 613 2784; x_wconf 83' lang='lat' dir='ltr'>Lucifer</span> <span class='ocrx_word' id='word_1_1407' title='bbox 635 2756 715 2784; x_wconf 72' lang='lat' dir='ltr'>Otiid.</span> <span class='ocrx_word' id='word_1_1408' title='bbox 730 2757 794 2782; x_wconf 89' lang='lat' dir='ltr'>Met.</span> <span class='ocrx_word' id='word_1_1409' title='bbox 813 2764 844 2787; x_wconf 91' lang='grc' dir='ltr'>ιι,</span> <span class='ocrx_word' id='word_1_1410' title='bbox 857 2763 910 2790; x_wconf 83' lang='lat'>571.</span> <span class='ocrx_word' id='word_1_1411' title='bbox 982 2756 1020 2781; x_wconf 91' lang='lat' dir='ltr'>De</span> <span class='ocrx_word' id='word_1_1412' title='bbox 1033 2763 1086 2780; x_wconf 87' lang='lat' dir='ltr'>me-</span> 
     </span>
     <span class='ocr_line' id='line_1_140' title="bbox 44 2790 1085 2829; baseline -0.005 -8"><span class='ocrx_word' id='word_1_1413' title='bbox 44 2795 105 2825; x_wconf 87' lang='lat' dir='ltr'>dio,</span> <span class='ocrx_word' id='word_1_1414' title='bbox 125 2797 144 2821; x_wconf 88' lang='lat' dir='ltr'>i.</span> <span class='ocrx_word' id='word_1_1415' title='bbox 164 2796 242 2821; x_wconf 88' lang='lat' dir='ltr'>Mori.</span> <span class='ocrx_word' id='word_1_1416' title='bbox 279 2795 348 2821; x_wconf 89' lang='lat' dir='ltr'>Ter.</span> <span class='ocrx_word' id='word_1_1417' title='bbox 361 2794 467 2821; x_wconf 91' lang='lat' dir='ltr'>Phorm.</span> <span class='ocrx_word' id='word_1_1418' title='bbox 481 2801 502 2826; x_wconf 85' lang='lat'>5,</span> <span class='ocrx_word' id='word_1_1419' title='bbox 515 2802 542 2828; x_wconf 90' lang='lat'>7,</span> <span class='ocrx_word' id='word_1_1420' title='bbox 556 2801 592 2827; x_wconf 87' lang='lat'>74</span> <span class='ocrx_word' id='word_1_1421' title='bbox 625 2794 699 2819; x_wconf 84' lang='lat' dir='ltr'>Bono</span> <span class='ocrx_word' id='word_1_1422' title='bbox 721 2792 811 2818; x_wconf 85' lang='lat' dir='ltr'>animo</span> <span class='ocrx_word' id='word_1_1423' title='bbox 835 2800 876 2822; x_wconf 85' lang='lat' dir='ltr'>es,</span> <span class='ocrx_word' id='word_1_1424' title='bbox 896 2800 945 2825; x_wconf 84' lang='lat' dir='ltr'>ego</span> <span class='ocrx_word' id='word_1_1425' title='bbox 967 2790 1085 2829; x_wconf 75' lang='lat' dir='ltr'>redigam</span> 
     </span>
     <span class='ocr_line' id='line_1_141' title="bbox 3 2823 1085 2864; baseline -0.006 -6"><span class='ocrx_word' id='word_1_1426' title='bbox 3 2853 5 2855; x_wconf 87' lang='lat'>.</span> <span class='ocrx_word' id='word_1_1427' title='bbox 42 2823 91 2858; x_wconf 44' lang='lat' dir='ltr'>{Vos</span> <span class='ocrx_word' id='word_1_1428' title='bbox 106 2831 134 2856; x_wconf 91' lang='lat' dir='ltr'>in</span> <span class='ocrx_word' id='word_1_1429' title='bbox 150 2830 277 2864; x_wconf 82' lang='lat' dir='ltr'>gratiam,</span> <span class='ocrx_word' id='word_1_1430' title='bbox 298 2829 350 2856; x_wconf 85' lang='lat' dir='ltr'>hoc</span> <span class='ocrx_word' id='word_1_1431' title='bbox 368 2830 452 2857; x_wconf 88' lang='lat' dir='ltr'>fretus</span> <span class='ocrx_word' id='word_1_1432' title='bbox 472 2829 602 2861; x_wconf 87' lang='lat' dir='ltr'>Chreme,</span> <span class='ocrx_word' id='word_1_1433' title='bbox 619 2837 701 2863; x_wconf 88' lang='lat' dir='ltr'>quum</span> <span class='ocrx_word' id='word_1_1434' title='bbox 720 2828 752 2853; x_wconf 89' lang='lat' dir='ltr'>de</span> <span class='ocrx_word' id='word_1_1435' title='bbox 770 2826 858 2853; x_wconf 88' lang='lat' dir='ltr'>medio</span> <span class='ocrx_word' id='word_1_1436' title='bbox 879 2826 995 2858; x_wconf 82' lang='lat' dir='ltr'>excellit,</span> <span class='ocrx_word' id='word_1_1437' title='bbox 1016 2825 1085 2852; x_wconf 86' lang='lat' dir='ltr'>vnde</span> 
     </span>
     <span class='ocr_line' id='line_1_142' title="bbox 41 2862 1083 2900; baseline -0.005 -8"><span class='ocrx_word' id='word_1_1438' title='bbox 41 2865 105 2894; x_wconf 87' lang='lat' dir='ltr'>haec</span> <span class='ocrx_word' id='word_1_1439' title='bbox 119 2866 233 2900; x_wconf 82' lang='lat' dir='ltr'>suscepta</span> <span class='ocrx_word' id='word_1_1440' title='bbox 248 2865 284 2891; x_wconf 87' lang='lat' dir='ltr'>est</span> <span class='ocrx_word' id='word_1_1441' title='bbox 297 2866 357 2892; x_wconf 88' lang='lat' dir='ltr'>tibi.</span> <span class='ocrx_word' id='word_1_1442' title='bbox 428 2866 468 2892; x_wconf 93' lang='lat' dir='ltr'>De</span> <span class='ocrx_word' id='word_1_1443' title='bbox 479 2864 587 2900; x_wconf 61' lang='lat' dir='ltr'>pediore</span> <span class='ocrx_word' id='word_1_1444' title='bbox 599 2870 677 2890; x_wconf 87' lang='lat' dir='ltr'>notae</span> <span class='ocrx_word' id='word_1_1445' title='bbox 691 2862 777 2890; x_wconf 85' lang='lat' dir='ltr'>caedis</span> <span class='ocrx_word' id='word_1_1446' title='bbox 790 2862 917 2889; x_wconf 77' lang='lat' dir='ltr'>excessere</span> <span class='ocrx_word' id='word_1_1447' title='bbox 929 2862 1010 2889; x_wconf 89' lang='lat' dir='ltr'>Ouid.</span> <span class='ocrx_word' id='word_1_1448' title='bbox 1019 2862 1083 2887; x_wconf 87' lang='lat' dir='ltr'>Met.</span> 
     </span>
     <span class='ocr_line' id='line_1_143' title="bbox 43 2900 475 2936; baseline -0.002 -8"><span class='ocrx_word' id='word_1_1449' title='bbox 43 2903 71 2934; x_wconf 80' lang='grc'>6,</span> <span class='ocrx_word' id='word_1_1450' title='bbox 83 2904 143 2936; x_wconf 85' lang='lat'>670.</span> <span class='ocrx_word' id='word_1_1451' title='bbox 178 2900 225 2928; x_wconf 76' lang='lat' dir='ltr'>Sed</span> <span class='ocrx_word' id='word_1_1452' title='bbox 239 2902 322 2927; x_wconf 84' lang='lat' dir='ltr'>Burm.</span> <span class='ocrx_word' id='word_1_1453' title='bbox 336 2901 475 2928; x_wconf 82' lang='lat' dir='ltr'>Effluxere.</span> 
     </span>
     <span class='ocr_line' id='line_1_144' title="bbox 45 2933 1083 2971; baseline -0.004 -8"><span class='ocrx_word' id='word_1_1454' title='bbox 45 2945 122 2971; x_wconf 87' lang='lat' dir='ltr'>quam</span> <span class='ocrx_word' id='word_1_1455' title='bbox 136 2945 167 2963; x_wconf 85' lang='lat' dir='ltr'>ex</span> <span class='ocrx_word' id='word_1_1456' title='bbox 186 2936 271 2963; x_wconf 84' lang='lat' dir='ltr'>isthoc</span> <span class='ocrx_word' id='word_1_1457' title='bbox 286 2936 389 2963; x_wconf 80' lang='lat' dir='ltr'>exceffis</span> <span class='ocrx_word' id='word_1_1458' title='bbox 408 2937 477 2963; x_wconf 87' lang='lat' dir='ltr'>loco.</span> <span class='ocrx_word' id='word_1_1459' title='bbox 557 2936 576 2961; x_wconf 88' lang='lat' dir='ltr'>E</span> <span class='ocrx_word' id='word_1_1460' title='bbox 589 2936 650 2968; x_wconf 90' lang='lat' dir='ltr'>via,</span> <span class='ocrx_word' id='word_1_1461' title='bbox 662 2937 702 2961; x_wconf 75' lang='lat' dir='ltr'>vel</span> <span class='ocrx_word' id='word_1_1462' title='bbox 714 2935 751 2961; x_wconf 89' lang='lat' dir='ltr'>Ex</span> <span class='ocrx_word' id='word_1_1463' title='bbox 769 2934 813 2961; x_wconf 87' lang='lat' dir='ltr'>via</span> <span class='ocrx_word' id='word_1_1464' title='bbox 833 2934 904 2960; x_wconf 86' lang='lat' dir='ltr'>Caes.</span> <span class='ocrx_word' id='word_1_1465' title='bbox 919 2934 947 2960; x_wconf 88' lang='lat' dir='ltr'>B.</span> <span class='ocrx_word' id='word_1_1466' title='bbox 964 2933 996 2960; x_wconf 89' lang='lat' dir='ltr'>G.</span> <span class='ocrx_word' id='word_1_1467' title='bbox 1008 2940 1031 2965; x_wconf 89' lang='lat'>5,</span> <span class='ocrx_word' id='word_1_1468' title='bbox 1047 2941 1083 2965; x_wconf 88' lang='lat'>19.</span> 
     </span>
     <span class='ocr_line' id='line_1_145' title="bbox 45 2969 1084 3007; baseline -0.004 -9"><span class='ocrx_word' id='word_1_1469' title='bbox 45 2973 101 3000; x_wconf 86' lang='lat' dir='ltr'>Cic.</span> <span class='ocrx_word' id='word_1_1470' title='bbox 113 2972 225 3007; x_wconf 86' lang='lat' dir='ltr'>Philipp.</span> <span class='ocrx_word' id='word_1_1471' title='bbox 240 2981 260 3005; x_wconf 90' lang='lat'>1,</span> <span class='ocrx_word' id='word_1_1472' title='bbox 274 2980 290 3004; x_wconf 90' lang='grc'><strong><em>9</em></strong></span> <span class='ocrx_word' id='word_1_1473' title='bbox 317 2973 414 3007; x_wconf 88' lang='lat' dir='ltr'>Turpe</span> <span class='ocrx_word' id='word_1_1474' title='bbox 432 2971 502 2998; x_wconf 89' lang='lat' dir='ltr'>mihi</span> <span class='ocrx_word' id='word_1_1475' title='bbox 521 2971 567 3006; x_wconf 84' lang='lat' dir='ltr'>ipsi</span> <span class='ocrx_word' id='word_1_1476' title='bbox 583 2971 738 3003; x_wconf 85' lang='lat' dir='ltr'>videbatur,</span> <span class='ocrx_word' id='word_1_1477' title='bbox 760 2970 787 2996; x_wconf 92' lang='lat' dir='ltr'>in</span> <span class='ocrx_word' id='word_1_1478' title='bbox 801 2978 859 2996; x_wconf 82' lang='lat' dir='ltr'>eam</span> <span class='ocrx_word' id='word_1_1479' title='bbox 873 2969 967 2997; x_wconf 85' lang='lat' dir='ltr'>vrbem</span> <span class='ocrx_word' id='word_1_1480' title='bbox 982 2978 1025 2995; x_wconf 89' lang='lat' dir='ltr'>me</span> <span class='ocrx_word' id='word_1_1481' title='bbox 1040 2977 1084 2995; x_wconf 92' lang='lat' dir='ltr'>au-</span> 
     </span>
     <span class='ocr_line' id='line_1_146' title="bbox 701 3004 1087 3040; baseline -0.005 -8"><span class='ocrx_word' id='word_1_1482' title='bbox 701 3007 721 3032; x_wconf 88' lang='grc' dir='ltr'>Ε</span> <span class='ocrx_word' id='word_1_1483' title='bbox 734 3014 845 3040; x_wconf 86' lang='lat' dir='ltr'>corpore</span> <span class='ocrx_word' id='word_1_1484' title='bbox 864 3006 967 3032; x_wconf 84' lang='lat' dir='ltr'>animus</span> <span class='ocrx_word' id='word_1_1485' title='bbox 982 3004 1087 3031; x_wconf 85' lang='lat' dir='ltr'>excedit</span> 
     </span>
    </p>
   </div>
   <div class='ocr_carea' id='block_1_38' title="bbox 46 3006 1085 3075">
    <p class='ocr_par' dir='ltr' id='par_1_52' title="bbox 46 3006 1085 3075">
     <span class='ocr_line' id='line_1_147' title="bbox 46 3006 632 3043; baseline 0 -10"><span class='ocrx_word' id='word_1_1486' title='bbox 46 3007 107 3034; x_wconf 74' lang='lat' dir='ltr'>dere</span> <span class='ocrx_word' id='word_1_1487' title='bbox 124 3009 237 3040; x_wconf 88' lang='lat' dir='ltr'>reuerti,</span> <span class='ocrx_word' id='word_1_1488' title='bbox 255 3016 287 3034; x_wconf 87' lang='lat' dir='ltr'>cx</span> <span class='ocrx_word' id='word_1_1489' title='bbox 308 3017 360 3043; x_wconf 87' lang='lat' dir='ltr'>qua</span> <span class='ocrx_word' id='word_1_1490' title='bbox 372 3009 467 3035; x_wconf 79' lang='lat' dir='ltr'>Brutus</span> <span class='ocrx_word' id='word_1_1491' title='bbox 487 3006 632 3034; x_wconf 83' lang='lat' dir='ltr'>excederet.</span> 
     </span>
     <span class='ocr_line' id='line_1_148' title="bbox 924 3040 1085 3075; baseline -0.012 -7"><span class='ocrx_word' id='word_1_1492' title='bbox 924 3042 961 3068; x_wconf 86' lang='lat' dir='ltr'>Ex</span> <span class='ocrx_word' id='word_1_1493' title='bbox 976 3040 1085 3075; x_wconf 79' lang='lat' dir='ltr'>ephebis</span> 
     </span>
    </p>
   </div>
   <div class='ocr_carea' id='block_1_39' title="bbox 0 3043 1090 4032">
    <p class='ocr_par' dir='ltr' id='par_1_53' title="bbox 47 3043 854 3077">
     <span class='ocr_line' id='line_1_149' title="bbox 47 3043 854 3077; baseline -0.004 -7"><span class='ocrx_word' id='word_1_1494' title='bbox 47 3043 104 3070; x_wconf 88' lang='lat' dir='ltr'>Cic.</span> <span class='ocrx_word' id='word_1_1495' title='bbox 116 3043 199 3070; x_wconf 89' lang='lat' dir='ltr'>Tusc.</span> <span class='ocrx_word' id='word_1_1496' title='bbox 215 3053 235 3076; x_wconf 94' lang='lat'>1,</span> <span class='ocrx_word' id='word_1_1497' title='bbox 249 3052 291 3077; x_wconf 85' lang='lat'>29.</span> <span class='ocrx_word' id='word_1_1498' title='bbox 364 3045 401 3070; x_wconf 89' lang='lat' dir='ltr'>Ex</span> <span class='ocrx_word' id='word_1_1499' title='bbox 417 3043 497 3070; x_wconf 89' lang='lat' dir='ltr'>corde</span> <span class='ocrx_word' id='word_1_1500' title='bbox 510 3051 572 3069; x_wconf 89' lang='lat' dir='ltr'>cura</span> <span class='ocrx_word' id='word_1_1501' title='bbox 585 3043 653 3069; x_wconf 90' lang='lat' dir='ltr'>Ter.</span> <span class='ocrx_word' id='word_1_1502' title='bbox 668 3043 734 3069; x_wconf 86' lang='lat' dir='ltr'>Hec.</span> <span class='ocrx_word' id='word_1_1503' title='bbox 747 3050 770 3074; x_wconf 76' lang='lat'>3,</span> <span class='ocrx_word' id='word_1_1504' title='bbox 781 3050 805 3071; x_wconf 85' lang='lat'>2,</span> <span class='ocrx_word' id='word_1_1505' title='bbox 819 3050 854 3067; x_wconf 90' lang='lat'>12.</span> 
     </span>
    </p>

    <p class='ocr_par' dir='ltr' id='par_1_54' title="bbox 0 3077 1090 4030">
     <span class='ocr_line' id='line_1_150' title="bbox 5 3077 888 3114; baseline -0.001 -10"><span class='ocrx_word' id='word_1_1506' title='bbox 5 3096 9 3100; x_wconf 65' lang='grc'><strong>.</strong></span> <span class='ocrx_word' id='word_1_1507' title='bbox 48 3077 121 3104; x_wconf 82' lang='lat' dir='ltr'>Idem</span> <span class='ocrx_word' id='word_1_1508' title='bbox 134 3078 212 3106; x_wconf 70' lang='lat' dir='ltr'>Andr.</span> <span class='ocrx_word' id='word_1_1509' title='bbox 226 3088 247 3112; x_wconf 90' lang='lat'>1,</span> <span class='ocrx_word' id='word_1_1510' title='bbox 261 3089 281 3111; x_wconf 91' lang='lat'>1,</span> <span class='ocrx_word' id='word_1_1511' title='bbox 294 3088 339 3114; x_wconf 91' lang='lat'>24.</span> <span class='ocrx_word' id='word_1_1512' title='bbox 409 3080 446 3106; x_wconf 91' lang='lat' dir='ltr'>Ex</span> <span class='ocrx_word' id='word_1_1513' title='bbox 467 3080 556 3114; x_wconf 87' lang='lat' dir='ltr'>pueris</span> <span class='ocrx_word' id='word_1_1514' title='bbox 578 3079 634 3105; x_wconf 90' lang='lat' dir='ltr'>Cic.</span> <span class='ocrx_word' id='word_1_1515' title='bbox 648 3087 697 3112; x_wconf 87' lang='lat' dir='ltr'>pro</span> <span class='ocrx_word' id='word_1_1516' title='bbox 710 3077 787 3106; x_wconf 84' lang='lat' dir='ltr'>Arch.</span> <span class='ocrx_word' id='word_1_1517' title='bbox 800 3086 818 3110; x_wconf 89' lang='lat'><strong>4</strong></span> <span class='ocrx_word' id='word_1_1518' title='bbox 832 3086 852 3103; x_wconf 88' lang='lat' dir='ltr'>c.</span> <span class='ocrx_word' id='word_1_1519' title='bbox 866 3085 888 3110; x_wconf 83' lang='lat'>3.</span> 
     </span>
     <span class='ocr_line' id='line_1_151' title="bbox 49 3112 1084 3150; baseline -0.001 -11"><span class='ocrx_word' id='word_1_1520' title='bbox 49 3112 90 3139; x_wconf 85' lang='lat' dir='ltr'>ria</span> <span class='ocrx_word' id='word_1_1521' title='bbox 101 3113 160 3140; x_wconf 89' lang='lat' dir='ltr'>Liu.</span> <span class='ocrx_word' id='word_1_1522' title='bbox 195 3133 202 3140; x_wconf 88' lang='lat'>.</span> <span class='ocrx_word' id='word_1_1523' title='bbox 238 3135 245 3141; x_wconf 98' lang='lat'>.</span> <span class='ocrx_word' id='word_1_1524' title='bbox 281 3135 288 3142; x_wconf 95' lang='lat'>.</span> <span class='ocrx_word' id='word_1_1525' title='bbox 358 3115 378 3142; x_wconf 89' lang='grc' dir='ltr'>Ε</span> <span class='ocrx_word' id='word_1_1526' title='bbox 397 3115 470 3148; x_wconf 89' lang='lat' dir='ltr'>vita,</span> <span class='ocrx_word' id='word_1_1527' title='bbox 491 3115 531 3141; x_wconf 73' lang='lat' dir='ltr'>vel</span> <span class='ocrx_word' id='word_1_1528' title='bbox 544 3115 621 3145; x_wconf 85' lang='lat' dir='ltr'>Vita,</span> <span class='ocrx_word' id='word_1_1529' title='bbox 640 3122 687 3150; x_wconf 84' lang='lat' dir='ltr'>pro</span> <span class='ocrx_word' id='word_1_1530' title='bbox 707 3114 778 3141; x_wconf 79' lang='lat' dir='ltr'>Mori</span> <span class='ocrx_word' id='word_1_1531' title='bbox 797 3113 852 3141; x_wconf 89' lang='lat' dir='ltr'>Cic.</span> <span class='ocrx_word' id='word_1_1532' title='bbox 872 3113 903 3138; x_wconf 88' lang='lat' dir='ltr'>de</span> <span class='ocrx_word' id='word_1_1533' title='bbox 924 3113 995 3139; x_wconf 88' lang='lat' dir='ltr'>Clar.</span> <span class='ocrx_word' id='word_1_1534' title='bbox 1008 3114 1084 3139; x_wconf 85' lang='lat' dir='ltr'>Orat.</span> 
     </span>
     <span class='ocr_line' id='line_1_152' title="bbox 50 3149 1084 3188; baseline 0.001 -15"><span class='ocrx_word' id='word_1_1535' title='bbox 50 3150 109 3188; x_wconf 65' lang='lat'>562.</span> <span class='ocrx_word' id='word_1_1536' title='bbox 127 3154 149 3174; x_wconf 79' lang='lat' dir='ltr'>et</span> <span class='ocrx_word' id='word_1_1537' title='bbox 165 3149 219 3176; x_wconf 81' lang='lat' dir='ltr'>Off.</span> <span class='ocrx_word' id='word_1_1538' title='bbox 232 3158 242 3176; x_wconf 79' lang='grc' dir='ltr'>ι</span> <span class='ocrx_word' id='word_1_1539' title='bbox 258 3159 279 3176; x_wconf 88' lang='lat' dir='ltr'>c.</span> <span class='ocrx_word' id='word_1_1540' title='bbox 293 3159 334 3184; x_wconf 83' lang='lat'>43.</span> <span class='ocrx_word' id='word_1_1541' title='bbox 371 3152 435 3179; x_wconf 83' lang='lat' dir='ltr'>Vita</span> <span class='ocrx_word' id='word_1_1542' title='bbox 448 3151 504 3178; x_wconf 89' lang='lat' dir='ltr'>Cic.</span> <span class='ocrx_word' id='word_1_1543' title='bbox 519 3151 602 3177; x_wconf 89' lang='lat' dir='ltr'>Tusc.</span> <span class='ocrx_word' id='word_1_1544' title='bbox 618 3159 637 3182; x_wconf 92' lang='lat'>1,</span> <span class='ocrx_word' id='word_1_1545' title='bbox 651 3158 682 3182; x_wconf 79' lang='lat'>39</span> <span class='ocrx_word' id='word_1_1546' title='bbox 700 3158 721 3176; x_wconf 92' lang='lat' dir='ltr'>c.</span> <span class='ocrx_word' id='word_1_1547' title='bbox 737 3158 771 3182; x_wconf 82' lang='lat'>13.</span> <span class='ocrx_word' id='word_1_1548' title='bbox 842 3149 860 3175; x_wconf 86' lang='lat' dir='ltr'>E</span> <span class='ocrx_word' id='word_1_1549' title='bbox 873 3149 945 3181; x_wconf 87' lang='lat' dir='ltr'>vita,</span> <span class='ocrx_word' id='word_1_1550' title='bbox 957 3156 980 3174; x_wconf 77' lang='lat' dir='ltr'>et</span> <span class='ocrx_word' id='word_1_1551' title='bbox 994 3149 1084 3175; x_wconf 87' lang='lat' dir='ltr'>Manc-</span> 
     </span>
     <span class='ocr_line' id='line_1_153' title="bbox 51 3183 1083 3219; baseline -0.002 -8"><span class='ocrx_word' id='word_1_1552' title='bbox 51 3192 80 3211; x_wconf 84' lang='lat' dir='ltr'>re</span> <span class='ocrx_word' id='word_1_1553' title='bbox 93 3191 122 3209; x_wconf 83' lang='lat' dir='ltr'>in</span> <span class='ocrx_word' id='word_1_1554' title='bbox 133 3183 187 3210; x_wconf 78' lang='lat' dir='ltr'>vita</span> <span class='ocrx_word' id='word_1_1555' title='bbox 195 3190 341 3216; x_wconf 75' lang='lat' dir='ltr'>,contraria</span> <span class='ocrx_word' id='word_1_1556' title='bbox 352 3186 426 3214; x_wconf 86' lang='lat' dir='ltr'>Idem</span> <span class='ocrx_word' id='word_1_1557' title='bbox 441 3186 473 3213; x_wconf 88' lang='lat' dir='ltr'>de</span> <span class='ocrx_word' id='word_1_1558' title='bbox 487 3187 544 3213; x_wconf 88' lang='lat' dir='ltr'>Fin.</span> <span class='ocrx_word' id='word_1_1559' title='bbox 560 3195 583 3219; x_wconf 81' lang='lat'>3,</span> <span class='ocrx_word' id='word_1_1560' title='bbox 595 3188 639 3212; x_wconf 90' lang='lat'>60.</span> <span class='ocrx_word' id='word_1_1561' title='bbox 693 3185 748 3212; x_wconf 88' lang='lat' dir='ltr'>Cic.</span> <span class='ocrx_word' id='word_1_1562' title='bbox 760 3184 793 3211; x_wconf 86' lang='lat' dir='ltr'>de</span> <span class='ocrx_word' id='word_1_1563' title='bbox 807 3185 929 3211; x_wconf 85' lang='lat' dir='ltr'>Vniuers.</span> <span class='ocrx_word' id='word_1_1564' title='bbox 945 3193 975 3218; x_wconf 92' lang='lat'>14</span> <span class='ocrx_word' id='word_1_1565' title='bbox 1000 3184 1041 3210; x_wconf 89' lang='lat' dir='ltr'>Sic</span> <span class='ocrx_word' id='word_1_1566' title='bbox 1056 3184 1083 3209; x_wconf 91' lang='lat' dir='ltr'>in</span> 
     </span>
     <span class='ocr_line' id='line_1_154' title="bbox 51 3219 1086 3258; baseline 0 -13"><span class='ocrx_word' id='word_1_1567' title='bbox 51 3219 126 3258; x_wconf 75' lang='lat' dir='ltr'>omni</span> <span class='ocrx_word' id='word_1_1568' title='bbox 139 3219 237 3246; x_wconf 87' lang='lat' dir='ltr'>mundo</span> <span class='ocrx_word' id='word_1_1569' title='bbox 257 3227 340 3254; x_wconf 86' lang='lat' dir='ltr'>partes</span> <span class='ocrx_word' id='word_1_1570' title='bbox 358 3231 449 3249; x_wconf 81' lang='lat' dir='ltr'>omnes</span> <span class='ocrx_word' id='word_1_1571' title='bbox 467 3222 610 3249; x_wconf 87' lang='lat' dir='ltr'>collocatae</span> <span class='ocrx_word' id='word_1_1572' title='bbox 625 3222 698 3253; x_wconf 89' lang='lat' dir='ltr'>sunt,</span> <span class='ocrx_word' id='word_1_1573' title='bbox 715 3226 744 3247; x_wconf 91' lang='lat' dir='ltr'>vt</span> <span class='ocrx_word' id='word_1_1574' title='bbox 757 3220 830 3247; x_wconf 89' lang='lat' dir='ltr'>nulla</span> <span class='ocrx_word' id='word_1_1575' title='bbox 842 3229 900 3255; x_wconf 87' lang='lat' dir='ltr'>pars</span> <span class='ocrx_word' id='word_1_1576' title='bbox 921 3219 1029 3246; x_wconf 87' lang='lat' dir='ltr'>huiusce</span> <span class='ocrx_word' id='word_1_1577' title='bbox 1043 3227 1086 3253; x_wconf 85' lang='lat' dir='ltr'>gc-</span> 
     </span>
     <span class='ocr_line' id='line_1_155' title="bbox 49 3254 360 3284; baseline 0.013 -4"><span class='ocrx_word' id='word_1_1578' title='bbox 49 3262 121 3283; x_wconf 83' lang='lat' dir='ltr'>nerts</span> <span class='ocrx_word' id='word_1_1579' title='bbox 135 3254 269 3282; x_wconf 77' lang='lat' dir='ltr'>excederet</span> <span class='ocrx_word' id='word_1_1580' title='bbox 275 3257 360 3284; x_wconf 88' lang='lat' dir='ltr'>Extra.</span> 
     </span>
     <span class='ocr_line' id='line_1_156' title="bbox 51 3290 690 3330; baseline 0.005 -14"><span class='ocrx_word' id='word_1_1581' title='bbox 51 3290 139 3316; x_wconf 91' lang='lat' dir='ltr'>Domo</span> <span class='ocrx_word' id='word_1_1582' title='bbox 151 3291 318 3325; x_wconf 71' lang='lat' dir='ltr'>excesserant,</span> <span class='ocrx_word' id='word_1_1583' title='bbox 337 3293 512 3330; x_wconf 80' lang='lat' dir='ltr'>Rhenumque</span> <span class='ocrx_word' id='word_1_1584' title='bbox 528 3293 690 3320; x_wconf 83' lang='lat' dir='ltr'>transierant.</span> 
     </span>
     <span class='ocr_line' id='line_1_157' title="bbox 51 3325 1084 3365; baseline 0.006 -15"><span class='ocrx_word' id='word_1_1585' title='bbox 51 3325 101 3353; x_wconf 84' lang='lat' dir='ltr'>bus</span> <span class='ocrx_word' id='word_1_1586' title='bbox 121 3333 194 3352; x_wconf 87' lang='lat' dir='ltr'>meae</span> <span class='ocrx_word' id='word_1_1587' title='bbox 209 3327 360 3360; x_wconf 86' lang='lat' dir='ltr'>prouinciae</span> <span class='ocrx_word' id='word_1_1588' title='bbox 377 3339 513 3365; x_wconf 87' lang='lat' dir='ltr'>nunquam</span> <span class='ocrx_word' id='word_1_1589' title='bbox 526 3328 624 3356; x_wconf 77' lang='lat' dir='ltr'>excelli.</span> <span class='ocrx_word' id='word_1_1590' title='bbox 640 3361 651 3362; x_wconf 24' lang='grc' dir='ltr'><strong><em>ἶ</em></strong></span> <span class='ocrx_word' id='word_1_1591' title='bbox 695 3328 809 3355; x_wconf 90' lang='lat' dir='ltr'>Foribns</span> <span class='ocrx_word' id='word_1_1592' title='bbox 829 3327 911 3355; x_wconf 88' lang='lat' dir='ltr'>Ouid.</span> <span class='ocrx_word' id='word_1_1593' title='bbox 926 3327 990 3354; x_wconf 88' lang='lat' dir='ltr'>Met.</span> <span class='ocrx_word' id='word_1_1594' title='bbox 1005 3335 1033 3359; x_wconf 82' lang='lat'>4,</span> <span class='ocrx_word' id='word_1_1595' title='bbox 1047 3331 1084 3359; x_wconf 71' lang='grc'>85-</span> 
     </span>
     <span class='ocr_line' id='line_1_158' title="bbox 5 3361 1086 3401; baseline 0.002 -15"><span class='ocrx_word' id='word_1_1596' title='bbox 5 3379 9 3386; x_wconf 79' lang='grc'><em>,</em></span> <span class='ocrx_word' id='word_1_1597' title='bbox 50 3362 82 3388; x_wconf 91' lang='lat' dir='ltr'>In</span> <span class='ocrx_word' id='word_1_1598' title='bbox 94 3361 181 3401; x_wconf 78' lang='lat' dir='ltr'>locum</span> <span class='ocrx_word' id='word_1_1599' title='bbox 199 3361 363 3390; x_wconf 80' lang='lat' dir='ltr'>Pseudo-Cic.</span> <span class='ocrx_word' id='word_1_1600' title='bbox 374 3365 402 3392; x_wconf 89' lang='lat' dir='ltr'>in</span> <span class='ocrx_word' id='word_1_1601' title='bbox 410 3366 511 3393; x_wconf 82' lang='lat' dir='ltr'>Sallust.</span> <span class='ocrx_word' id='word_1_1602' title='bbox 527 3371 561 3395; x_wconf 86' lang='lat'>18.</span> <span class='ocrx_word' id='word_1_1603' title='bbox 582 3376 590 3379; x_wconf 29' lang='lat' dir='ltr'>a</span> <span class='ocrx_word' id='word_1_1604' title='bbox 631 3365 662 3391; x_wconf 89' lang='lat' dir='ltr'>In</span> <span class='ocrx_word' id='word_1_1605' title='bbox 675 3364 880 3391; x_wconf 88' lang='lat' dir='ltr'>Altercationem</span> <span class='ocrx_word' id='word_1_1606' title='bbox 900 3372 933 3389; x_wconf 90' lang='lat' dir='ltr'>ne</span> <span class='ocrx_word' id='word_1_1607' title='bbox 948 3362 1086 3388; x_wconf 83' lang='lat' dir='ltr'>excederet</span> 
     </span>
     <span class='ocr_line' id='line_1_159' title="bbox 50 3397 1085 3437; baseline -0.005 -9"><span class='ocrx_word' id='word_1_1608' title='bbox 50 3405 92 3422; x_wconf 67' lang='lat' dir='ltr'>res</span> <span class='ocrx_word' id='word_1_1609' title='bbox 114 3397 173 3437; x_wconf 63' lang='lat'>17¹1}-</span> <span class='ocrx_word' id='word_1_1610' title='bbox 187 3404 222 3428; x_wconf 76' lang='lat'>33,</span> <span class='ocrx_word' id='word_1_1611' title='bbox 236 3404 271 3430; x_wconf 75' lang='lat'>35-</span> <span class='ocrx_word' id='word_1_1612' title='bbox 324 3399 354 3425; x_wconf 92' lang='lat' dir='ltr'>In</span> <span class='ocrx_word' id='word_1_1613' title='bbox 366 3409 488 3436; x_wconf 83' lang='lat' dir='ltr'>magnum</span> <span class='ocrx_word' id='word_1_1614' title='bbox 501 3408 633 3427; x_wconf 79' lang='lat' dir='ltr'>certamen</span> <span class='ocrx_word' id='word_1_1615' title='bbox 646 3409 686 3427; x_wconf 86' lang='lat' dir='ltr'>res</span> <span class='ocrx_word' id='word_1_1616' title='bbox 700 3400 801 3426; x_wconf 83' lang='lat' dir='ltr'>excellit</span> <span class='ocrx_word' id='word_1_1617' title='bbox 813 3399 886 3426; x_wconf 85' lang='lat' dir='ltr'>Idem</span> <span class='ocrx_word' id='word_1_1618' title='bbox 900 3407 940 3432; x_wconf 82' lang='lat'>34,</span> <span class='ocrx_word' id='word_1_1619' title='bbox 955 3407 974 3424; x_wconf 95' lang='lat'>1.</span> <span class='ocrx_word' id='word_1_1620' title='bbox 1029 3398 1085 3424; x_wconf 90' lang='lat' dir='ltr'>Cic.</span> 
     </span>
     <span class='ocr_line' id='line_1_160' title="bbox 50 3431 921 3472; baseline -0.001 -10"><span class='ocrx_word' id='word_1_1621' title='bbox 50 3431 83 3458; x_wconf 74' lang='lat' dir='ltr'>de</span> <span class='ocrx_word' id='word_1_1622' title='bbox 97 3432 189 3472; x_wconf 64' lang='lat' dir='ltr'>Dium·</span> <span class='ocrx_word' id='word_1_1623' title='bbox 204 3440 212 3457; x_wconf 90' lang='lat'><em>¹</em></span> <span class='ocrx_word' id='word_1_1624' title='bbox 226 3440 247 3457; x_wconf 74' lang='lat' dir='ltr'>c·</span> <span class='ocrx_word' id='word_1_1625' title='bbox 263 3440 289 3463; x_wconf 84' lang='lat'>23</span> <span class='ocrx_word' id='word_1_1626' title='bbox 327 3434 410 3468; x_wconf 89' lang='lat' dir='ltr'>Cum,</span> <span class='ocrx_word' id='word_1_1627' title='bbox 434 3452 479 3457; x_wconf 92' lang='lat'>-—</span> <span class='ocrx_word' id='word_1_1628' title='bbox 504 3437 532 3463; x_wconf 90' lang='lat' dir='ltr'>in</span> <span class='ocrx_word' id='word_1_1629' title='bbox 545 3438 643 3463; x_wconf 90' lang='lat' dir='ltr'>Lucem</span> <span class='ocrx_word' id='word_1_1630' title='bbox 663 3436 764 3462; x_wconf 82' lang='lat' dir='ltr'>animus</span> <span class='ocrx_word' id='word_1_1631' title='bbox 779 3435 921 3462; x_wconf 81' lang='lat' dir='ltr'>excesserit.</span> 
     </span>
     <span class='ocr_line' id='line_1_161' title="bbox 49 3468 1084 3506; baseline 0.001 -11"><span class='ocrx_word' id='word_1_1632' title='bbox 49 3472 150 3502; x_wconf 83' lang='lat' dir='ltr'>patrios</span> <span class='ocrx_word' id='word_1_1633' title='bbox 174 3468 270 3493; x_wconf 82' lang='lat' dir='ltr'>Lucan.</span> <span class='ocrx_word' id='word_1_1634' title='bbox 287 3475 306 3499; x_wconf 79' lang='grc' dir='ltr'>ι,</span> <span class='ocrx_word' id='word_1_1635' title='bbox 319 3476 377 3501; x_wconf 82' lang='lat'>492.</span> <span class='ocrx_word' id='word_1_1636' title='bbox 443 3473 530 3501; x_wconf 82' lang='lat' dir='ltr'>Patria</span> <span class='ocrx_word' id='word_1_1637' title='bbox 554 3472 630 3506; x_wconf 84' lang='lat' dir='ltr'>Virg.</span> <span class='ocrx_word' id='word_1_1638' title='bbox 643 3472 708 3498; x_wconf 83' lang='lat' dir='ltr'>Aen.</span> <span class='ocrx_word' id='word_1_1639' title='bbox 729 3479 749 3504; x_wconf 92' lang='lat'>1,</span> <span class='ocrx_word' id='word_1_1640' title='bbox 767 3474 819 3504; x_wconf 77' lang='lat'>361.</span> <span class='ocrx_word' id='word_1_1641' title='bbox 876 3470 934 3496; x_wconf 79' lang='lat' dir='ltr'>Val.</span> <span class='ocrx_word' id='word_1_1642' title='bbox 949 3470 1021 3496; x_wconf 77' lang='lat' dir='ltr'>Max.</span> <span class='ocrx_word' id='word_1_1643' title='bbox 1036 3476 1058 3502; x_wconf 83' lang='grc' dir='ltr'>ς,</span> <span class='ocrx_word' id='word_1_1644' title='bbox 1072 3477 1084 3501; x_wconf 79' lang='lat'>3</span> 
     </span>
     <span class='ocr_line' id='line_1_162' title="bbox 18 3502 1085 3543; baseline 0.002 -14"><span class='ocrx_word' id='word_1_1645' title='bbox 18 3512 25 3515; x_wconf 54' lang='grc'><strong>“</strong></span> <span class='ocrx_word' id='word_1_1646' title='bbox 51 3510 116 3530; x_wconf 75' lang='lat' dir='ltr'>extr.</span> <span class='ocrx_word' id='word_1_1647' title='bbox 129 3511 151 3535; x_wconf 85' lang='lat'>3.</span> <span class='ocrx_word' id='word_1_1648' title='bbox 223 3502 304 3528; x_wconf 73' lang='lat' dir='ltr'>Pestes</span> <span class='ocrx_word' id='word_1_1649' title='bbox 317 3504 442 3543; x_wconf 80' lang='lat' dir='ltr'>excedunt</span> <span class='ocrx_word' id='word_1_1650' title='bbox 454 3508 528 3542; x_wconf 84' lang='lat' dir='ltr'>Virg.</span> <span class='ocrx_word' id='word_1_1651' title='bbox 545 3508 608 3535; x_wconf 87' lang='lat' dir='ltr'>Aen.</span> <span class='ocrx_word' id='word_1_1652' title='bbox 622 3510 647 3538; x_wconf 86' lang='lat'>6,</span> <span class='ocrx_word' id='word_1_1653' title='bbox 662 3515 721 3542; x_wconf 79' lang='lat'>737.</span> <span class='ocrx_word' id='word_1_1654' title='bbox 793 3508 879 3540; x_wconf 86' lang='lat' dir='ltr'>Pugna</span> <span class='ocrx_word' id='word_1_1655' title='bbox 892 3506 966 3532; x_wconf 85' lang='lat' dir='ltr'>Idem</span> <span class='ocrx_word' id='word_1_1656' title='bbox 980 3506 1046 3532; x_wconf 89' lang='lat' dir='ltr'>Aen.</span> <span class='ocrx_word' id='word_1_1657' title='bbox 1062 3512 1085 3538; x_wconf 80' lang='grc' dir='ltr'>ς,</span> 
     </span>
     <span class='ocr_line' id='line_1_163' title="bbox 0 3537 1085 3579; baseline -0.004 -8"><span class='ocrx_word' id='word_1_1658' title='bbox 0 3562 9 3574; x_wconf 52' lang='lat'><em>2</em></span> <span class='ocrx_word' id='word_1_1659' title='bbox 53 3543 108 3579; x_wconf 61' lang='lat'>5230·</span> <span class='ocrx_word' id='word_1_1660' title='bbox 160 3537 366 3579; x_wconf 76' lang='lat' dir='ltr'>Qatnordectm</span> <span class='ocrx_word' id='word_1_1661' title='bbox 384 3539 437 3568; x_wconf 73' lang='lat' dir='ltr'>dieo</span> <span class='ocrx_word' id='word_1_1662' title='bbox 449 3544 556 3570; x_wconf 78' lang='lat' dir='ltr'>morbus</span> <span class='ocrx_word' id='word_1_1663' title='bbox 570 3543 666 3570; x_wconf 83' lang='lat' dir='ltr'>dicitur</span> <span class='ocrx_word' id='word_1_1664' title='bbox 682 3541 809 3569; x_wconf 86' lang='lat' dir='ltr'>excedere</span> <span class='ocrx_word' id='word_1_1665' title='bbox 827 3541 894 3569; x_wconf 88' lang='lat' dir='ltr'>Cels.</span> <span class='ocrx_word' id='word_1_1666' title='bbox 909 3550 932 3574; x_wconf 85' lang='lat'>3,</span> <span class='ocrx_word' id='word_1_1667' title='bbox 946 3549 980 3573; x_wconf 81' lang='lat'>23.</span> <span class='ocrx_word' id='word_1_1668' title='bbox 1035 3541 1085 3567; x_wconf 88' lang='lat' dir='ltr'>Re-</span> 
     </span>
     <span class='ocr_line' id='line_1_164' title="bbox 0 3574 1085 3614; baseline 0.003 -16"><span class='ocrx_word' id='word_1_1669' title='bbox 0 3591 11 3596; x_wconf 57' lang='lat'>..</span> <span class='ocrx_word' id='word_1_1670' title='bbox 53 3581 131 3607; x_wconf 65' lang='lat' dir='ltr'>grone</span> <span class='ocrx_word' id='word_1_1671' title='bbox 142 3583 247 3601; x_wconf 78' lang='lat' dir='ltr'>viarum</span> <span class='ocrx_word' id='word_1_1672' title='bbox 259 3574 334 3608; x_wconf 82' lang='lat' dir='ltr'>Virg.</span> <span class='ocrx_word' id='word_1_1673' title='bbox 350 3575 413 3602; x_wconf 85' lang='lat' dir='ltr'>Aen.</span> <span class='ocrx_word' id='word_1_1674' title='bbox 425 3585 450 3609; x_wconf 89' lang='lat'>2,</span> <span class='ocrx_word' id='word_1_1675' title='bbox 459 3585 518 3613; x_wconf 83' lang='lat'>737.</span> <span class='ocrx_word' id='word_1_1676' title='bbox 589 3578 686 3614; x_wconf 84' lang='lat' dir='ltr'>Regnis</span> <span class='ocrx_word' id='word_1_1677' title='bbox 707 3577 808 3605; x_wconf 60' lang='lat' dir='ltr'>exceffit</span> <span class='ocrx_word' id='word_1_1678' title='bbox 827 3578 907 3604; x_wconf 87' lang='lat' dir='ltr'>auitis</span> <span class='ocrx_word' id='word_1_1679' title='bbox 932 3577 972 3604; x_wconf 91' lang='lat' dir='ltr'>Id.</span> <span class='ocrx_word' id='word_1_1680' title='bbox 987 3576 1085 3609; x_wconf 81' lang='lat' dir='ltr'>Georg.</span> 
     </span>
     <span class='ocr_line' id='line_1_165' title="bbox 53 3610 954 3647; baseline 0.004 -12"><span class='ocrx_word' id='word_1_1681' title='bbox 53 3616 78 3641; x_wconf 78' lang='lat'>3,</span> <span class='ocrx_word' id='word_1_1682' title='bbox 89 3615 141 3639; x_wconf 78' lang='lat'>228.</span> <span class='ocrx_word' id='word_1_1683' title='bbox 213 3610 296 3635; x_wconf 85' lang='lat' dir='ltr'>Roma</span> <span class='ocrx_word' id='word_1_1684' title='bbox 308 3611 348 3635; x_wconf 77' lang='lat' dir='ltr'>vel</span> <span class='ocrx_word' id='word_1_1685' title='bbox 359 3610 434 3637; x_wconf 86' lang='lat' dir='ltr'>Italia</span> <span class='ocrx_word' id='word_1_1686' title='bbox 444 3613 503 3639; x_wconf 89' lang='lat' dir='ltr'>Liu.</span> <span class='ocrx_word' id='word_1_1687' title='bbox 519 3623 544 3646; x_wconf 84' lang='lat'>2,</span> <span class='ocrx_word' id='word_1_1688' title='bbox 578 3634 585 3642; x_wconf 83' lang='grc'><strong>.</strong></span> <span class='ocrx_word' id='word_1_1689' title='bbox 624 3634 630 3640; x_wconf 96' lang='grc'><strong>.</strong></span> <span class='ocrx_word' id='word_1_1690' title='bbox 702 3615 775 3641; x_wconf 82' lang='lat' dir='ltr'>Caes.</span> <span class='ocrx_word' id='word_1_1691' title='bbox 790 3614 818 3640; x_wconf 81' lang='lat' dir='ltr'>B.</span> <span class='ocrx_word' id='word_1_1692' title='bbox 834 3615 864 3640; x_wconf 83' lang='lat' dir='ltr'>C.</span> <span class='ocrx_word' id='word_1_1693' title='bbox 879 3622 898 3644; x_wconf 90' lang='lat'>1,</span> <span class='ocrx_word' id='word_1_1694' title='bbox 911 3620 954 3647; x_wconf 82' lang='lat'>27.</span> 
     </span>
     <span class='ocr_line' id='line_1_166' title="bbox 53 3643 1085 3683; baseline 0.002 -13"><span class='ocrx_word' id='word_1_1695' title='bbox 53 3643 102 3671; x_wconf 82' lang='lat' dir='ltr'>bns</span> <span class='ocrx_word' id='word_1_1696' title='bbox 113 3644 231 3671; x_wconf 88' lang='lat' dir='ltr'>nefandis</span> <span class='ocrx_word' id='word_1_1697' title='bbox 251 3645 311 3671; x_wconf 85' lang='lat' dir='ltr'>Stat.</span> <span class='ocrx_word' id='word_1_1698' title='bbox 321 3645 412 3672; x_wconf 87' lang='lat' dir='ltr'>Theb.</span> <span class='ocrx_word' id='word_1_1699' title='bbox 426 3654 460 3679; x_wconf 93' lang='lat'>11,</span> <span class='ocrx_word' id='word_1_1700' title='bbox 472 3650 528 3682; x_wconf 83' lang='lat'>⁶93·</span> <span class='ocrx_word' id='word_1_1701' title='bbox 583 3649 680 3677; x_wconf 73' lang='lat' dir='ltr'>Teffis</span> <span class='ocrx_word' id='word_1_1702' title='bbox 694 3649 776 3677; x_wconf 89' lang='lat' dir='ltr'>Ouid.</span> <span class='ocrx_word' id='word_1_1703' title='bbox 790 3650 854 3676; x_wconf 90' lang='lat' dir='ltr'>Met.</span> <span class='ocrx_word' id='word_1_1704' title='bbox 868 3658 893 3682; x_wconf 88' lang='lat'>9,</span> <span class='ocrx_word' id='word_1_1705' title='bbox 907 3652 961 3683; x_wconf 83' lang='lat'>148.</span> <span class='ocrx_word' id='word_1_1706' title='bbox 1014 3647 1085 3673; x_wconf 86' lang='lat' dir='ltr'>Ter-</span> 
     </span>
     <span class='ocr_line' id='line_1_167' title="bbox 52 3680 1084 3717; baseline 0 -9"><span class='ocrx_word' id='word_1_1707' title='bbox 52 3688 83 3708; x_wconf 76' lang='lat' dir='ltr'>ra</span> <span class='ocrx_word' id='word_1_1708' title='bbox 101 3680 222 3708; x_wconf 86' lang='lat' dir='ltr'>scelerata</span> <span class='ocrx_word' id='word_1_1709' title='bbox 249 3681 323 3716; x_wconf 85' lang='lat' dir='ltr'>Virg.</span> <span class='ocrx_word' id='word_1_1710' title='bbox 339 3681 403 3708; x_wconf 86' lang='lat' dir='ltr'>Aen.</span> <span class='ocrx_word' id='word_1_1711' title='bbox 418 3689 441 3714; x_wconf 82' lang='lat'>3,</span> <span class='ocrx_word' id='word_1_1712' title='bbox 454 3684 496 3708; x_wconf 88' lang='lat'>60.</span> <span class='ocrx_word' id='word_1_1713' title='bbox 564 3685 637 3712; x_wconf 73' lang='lat' dir='ltr'>Vrbe</span> <span class='ocrx_word' id='word_1_1714' title='bbox 668 3686 724 3712; x_wconf 67' lang='grc' dir='ltr'>Εἰς,</span> <span class='ocrx_word' id='word_1_1715' title='bbox 741 3685 773 3712; x_wconf 73' lang='lat' dir='ltr'>ad</span> <span class='ocrx_word' id='word_1_1716' title='bbox 786 3685 858 3712; x_wconf 76' lang='lat' dir='ltr'>Brut.</span> <span class='ocrx_word' id='word_1_1717' title='bbox 877 3692 910 3717; x_wconf 78' lang='lat'>¹3-</span> <span class='ocrx_word' id='word_1_1718' title='bbox 983 3682 1084 3708; x_wconf 86' lang='lat' dir='ltr'>Vrbem</span> 
     </span>
     <span class='ocr_line' id='line_1_168' title="bbox 54 3713 1086 3756; baseline -0.004 -9"><span class='ocrx_word' id='word_1_1719' title='bbox 54 3713 115 3742; x_wconf 68' lang='lat' dir='ltr'>Liss·</span> <span class='ocrx_word' id='word_1_1720' title='bbox 129 3725 152 3747; x_wconf 79' lang='lat'>2,</span> <span class='ocrx_word' id='word_1_1721' title='bbox 165 3723 196 3752; x_wconf 79' lang='lat'>37</span> <span class='ocrx_word' id='word_1_1722' title='bbox 209 3723 274 3743; x_wconf 79' lang='lat' dir='ltr'>extr.</span> <span class='ocrx_word' id='word_1_1723' title='bbox 301 3752 306 3756; x_wconf 50' lang='grc'>,</span> <span class='ocrx_word' id='word_1_1724' title='bbox 388 3751 393 3756; x_wconf 92' lang='lat'>.</span> <span class='ocrx_word' id='word_1_1725' title='bbox 468 3715 488 3753; x_wconf 57' lang='lat' dir='ltr'><strong>ff</strong></span> <span class='ocrx_word' id='word_1_1726' title='bbox 505 3726 522 3744; x_wconf 81' lang='lat'>2</span> <span class='ocrx_word' id='word_1_1727' title='bbox 556 3720 687 3755; x_wconf 76' lang='lat' dir='ltr'>superare:</span> <span class='ocrx_word' id='word_1_1728' title='bbox 715 3720 820 3747; x_wconf 78' lang='lat' dir='ltr'>Excessit</span> <span class='ocrx_word' id='word_1_1729' title='bbox 833 3728 915 3747; x_wconf 86' lang='lat' dir='ltr'>annos</span> <span class='ocrx_word' id='word_1_1730' title='bbox 931 3718 1022 3744; x_wconf 87' lang='lat' dir='ltr'>decem</span> <span class='ocrx_word' id='word_1_1731' title='bbox 1035 3718 1086 3744; x_wconf 89' lang='lat' dir='ltr'>Co-</span> 
     </span>
     <span class='ocr_line' id='line_1_169' title="bbox 13 3748 1085 3792; baseline 0.003 -16"><span class='ocrx_word' id='word_1_1732' title='bbox 13 3762 16 3776; x_wconf 77' lang='grc' dir='ltr'>ι</span> <span class='ocrx_word' id='word_1_1733' title='bbox 43 3748 182 3792; x_wconf 24' lang='lat' dir='ltr'>,iumel.·6,</span> <span class='ocrx_word' id='word_1_1734' title='bbox 195 3760 233 3778; x_wconf 92' lang='lat'>21.</span> <span class='ocrx_word' id='word_1_1735' title='bbox 269 3752 334 3778; x_wconf 84' lang='lat' dir='ltr'>Plin.</span> <span class='ocrx_word' id='word_1_1736' title='bbox 348 3751 425 3786; x_wconf 82' lang='lat' dir='ltr'>Epist.</span> <span class='ocrx_word' id='word_1_1737' title='bbox 441 3760 462 3784; x_wconf 84' lang='lat'>2,</span> <span class='ocrx_word' id='word_1_1738' title='bbox 477 3760 496 3784; x_wconf 85' lang='lat'>1,</span> <span class='ocrx_word' id='word_1_1739' title='bbox 509 3761 528 3785; x_wconf 93' lang='lat'>4</span> <span class='ocrx_word' id='word_1_1740' title='bbox 551 3755 654 3782; x_wconf 86' lang='lat' dir='ltr'>Annum</span> <span class='ocrx_word' id='word_1_1741' title='bbox 671 3757 782 3783; x_wconf 88' lang='lat' dir='ltr'>tertium</span> <span class='ocrx_word' id='word_1_1742' title='bbox 799 3762 825 3783; x_wconf 87' lang='lat' dir='ltr'>et</span> <span class='ocrx_word' id='word_1_1743' title='bbox 839 3753 1028 3789; x_wconf 63' lang='lat' dir='ltr'>octogefimum</span> <span class='ocrx_word' id='word_1_1744' title='bbox 1041 3762 1085 3779; x_wconf 88' lang='lat' dir='ltr'>ex-</span> 
     </span>
     <span class='ocr_line' id='line_1_170' title="bbox 14 3779 540 3822; baseline 0.01 -13"><span class='ocrx_word' id='word_1_1745' title='bbox 14 3779 16 3809; x_wconf 88' lang='lat' dir='ltr'>l</span> <span class='ocrx_word' id='word_1_1746' title='bbox 59 3785 122 3813; x_wconf 81' lang='lat' dir='ltr'>cellit</span> <span class='ocrx_word' id='word_1_1747' title='bbox 144 3796 172 3813; x_wconf 88' lang='lat' dir='ltr'>m</span> <span class='ocrx_word' id='word_1_1748' title='bbox 193 3787 312 3814; x_wconf 86' lang='lat' dir='ltr'>altissima</span> <span class='ocrx_word' id='word_1_1749' title='bbox 339 3787 540 3822; x_wconf 86' lang='lat' dir='ltr'>tranquillitate.</span> 
     </span>
     <span class='ocr_line' id='line_1_171' title="bbox 60 3818 1085 3860; baseline 0.005 -14"><span class='ocrx_word' id='word_1_1750' title='bbox 60 3818 137 3849; x_wconf 73' lang='lat' dir='ltr'>Rutu.</span> <span class='ocrx_word' id='word_1_1751' title='bbox 150 3819 210 3850; x_wconf 88' lang='lat' dir='ltr'>Itin.</span> <span class='ocrx_word' id='word_1_1752' title='bbox 226 3832 245 3855; x_wconf 92' lang='lat'>1,</span> <span class='ocrx_word' id='word_1_1753' title='bbox 260 3832 302 3856; x_wconf 86' lang='lat'>92.</span> <span class='ocrx_word' id='word_1_1754' title='bbox 372 3824 432 3849; x_wconf 92' lang='lat' dir='ltr'>Liu.</span> <span class='ocrx_word' id='word_1_1755' title='bbox 448 3832 488 3855; x_wconf 81' lang='lat'>30,</span> <span class='ocrx_word' id='word_1_1756' title='bbox 504 3825 534 3849; x_wconf 81' lang='lat'>26</span> <span class='ocrx_word' id='word_1_1757' title='bbox 562 3825 631 3851; x_wconf 84' lang='lat' dir='ltr'>Haec</span> <span class='ocrx_word' id='word_1_1758' title='bbox 644 3835 677 3853; x_wconf 83' lang='lat' dir='ltr'>co</span> <span class='ocrx_word' id='word_1_1759' title='bbox 694 3837 764 3854; x_wconf 88' lang='lat' dir='ltr'>anno</span> <span class='ocrx_word' id='word_1_1760' title='bbox 777 3828 805 3854; x_wconf 90' lang='lat' dir='ltr'>in</span> <span class='ocrx_word' id='word_1_1761' title='bbox 820 3827 911 3853; x_wconf 86' lang='lat' dir='ltr'>Africa</span> <span class='ocrx_word' id='word_1_1762' title='bbox 931 3825 1007 3860; x_wconf 84' lang='lat' dir='ltr'>gesta.</span> <span class='ocrx_word' id='word_1_1763' title='bbox 1044 3826 1085 3851; x_wconf 90' lang='lat' dir='ltr'>In-</span> 
     </span>
     <span class='ocr_line' id='line_1_172' title="bbox 59 3854 1086 3896; baseline 0.005 -14"><span class='ocrx_word' id='word_1_1764' title='bbox 59 3854 187 3890; x_wconf 73' lang='lat' dir='ltr'>sequentia</span> <span class='ocrx_word' id='word_1_1765' title='bbox 209 3860 336 3886; x_wconf 86' lang='lat' dir='ltr'>excedunt</span> <span class='ocrx_word' id='word_1_1766' title='bbox 357 3859 386 3885; x_wconf 86' lang='lat' dir='ltr'>in</span> <span class='ocrx_word' id='word_1_1767' title='bbox 405 3868 465 3885; x_wconf 86' lang='lat' dir='ltr'>eum</span> <span class='ocrx_word' id='word_1_1768' title='bbox 481 3867 593 3888; x_wconf 79' lang='lat' dir='ltr'>annui-n,</span> <span class='ocrx_word' id='word_1_1769' title='bbox 606 3869 659 3894; x_wconf 90' lang='lat' dir='ltr'>qno</span> <span class='ocrx_word' id='word_1_1770' title='bbox 681 3863 716 3888; x_wconf 89' lang='lat' dir='ltr'>M.</span> <span class='ocrx_word' id='word_1_1771' title='bbox 731 3863 860 3890; x_wconf 79' lang='lat' dir='ltr'>Seruilius</span> <span class='ocrx_word' id='word_1_1772' title='bbox 876 3863 1019 3893; x_wconf 85' lang='lat' dir='ltr'>Geminus,</span> <span class='ocrx_word' id='word_1_1773' title='bbox 1039 3861 1086 3896; x_wconf 91' lang='lat' dir='ltr'>qui</span> 
     </span>
     <span class='ocr_line' id='line_1_173' title="bbox 58 3892 1086 3929; baseline 0.004 -11"><span class='ocrx_word' id='word_1_1774' title='bbox 58 3893 113 3918; x_wconf 72' lang='lat' dir='ltr'>tum</span> <span class='ocrx_word' id='word_1_1775' title='bbox 125 3892 244 3928; x_wconf 80' lang='lat' dir='ltr'>Magister</span> <span class='ocrx_word' id='word_1_1776' title='bbox 257 3894 381 3929; x_wconf 87' lang='lat' dir='ltr'>Equitum</span> <span class='ocrx_word' id='word_1_1777' title='bbox 396 3902 450 3922; x_wconf 88' lang='lat' dir='ltr'>erat</span> <span class='ocrx_word' id='word_1_1778' title='bbox 459 3915 467 3927; x_wconf 91' lang='lat'>,</span> <span class='ocrx_word' id='word_1_1779' title='bbox 487 3900 512 3921; x_wconf 88' lang='lat' dir='ltr'>et</span> <span class='ocrx_word' id='word_1_1780' title='bbox 525 3893 563 3920; x_wconf 91' lang='lat' dir='ltr'>T.</span> <span class='ocrx_word' id='word_1_1781' title='bbox 578 3894 703 3922; x_wconf 83' lang='lat' dir='ltr'>Claudius</span> <span class='ocrx_word' id='word_1_1782' title='bbox 716 3893 792 3925; x_wconf 84' lang='lat' dir='ltr'>Nero</span> <span class='ocrx_word' id='word_1_1783' title='bbox 813 3905 830 3926; x_wconf 87' lang='lat' dir='ltr'>C</span> <span class='ocrx_word' id='word_1_1784' title='bbox 839 3905 857 3925; x_wconf 94' lang='grc' dir='ltr'>ο</span> <span class='ocrx_word' id='word_1_1785' title='bbox 866 3905 879 3925; x_wconf 88' lang='lat' dir='ltr'>s</span> <span class='ocrx_word' id='word_1_1786' title='bbox 890 3904 912 3924; x_wconf 86' lang='lat' dir='ltr'>s.</span> <span class='ocrx_word' id='word_1_1787' title='bbox 932 3897 997 3924; x_wconf 54' lang='lat' dir='ltr'>facti</span> <span class='ocrx_word' id='word_1_1788' title='bbox 1020 3898 1086 3923; x_wconf 89' lang='lat' dir='ltr'>sunt.</span> 
     </span>
     <span class='ocr_line' id='line_1_174' title="bbox 57 3927 1090 3969; baseline 0.006 -18"><span class='ocrx_word' id='word_1_1789' title='bbox 57 3927 76 3952; x_wconf 73' lang='lat' dir='ltr'>i.</span> <span class='ocrx_word' id='word_1_1790' title='bbox 94 3936 140 3953; x_wconf 83' lang='lat' dir='ltr'>non</span> <span class='ocrx_word' id='word_1_1791' title='bbox 158 3932 205 3956; x_wconf 86' lang='lat' dir='ltr'>iam</span> <span class='ocrx_word' id='word_1_1792' title='bbox 221 3934 347 3966; x_wconf 77' lang='lat' dir='ltr'>pertinent</span> <span class='ocrx_word' id='word_1_1793' title='bbox 367 3931 400 3957; x_wconf 82' lang='lat' dir='ltr'>ad</span> <span class='ocrx_word' id='word_1_1794' title='bbox 416 3931 480 3957; x_wconf 85' lang='lat' dir='ltr'>hunc</span> <span class='ocrx_word' id='word_1_1795' title='bbox 497 3939 601 3960; x_wconf 86' lang='lat' dir='ltr'>annum,</span> <span class='ocrx_word' id='word_1_1796' title='bbox 622 3933 690 3956; x_wconf 82' lang='lat' dir='ltr'>cuius</span> <span class='ocrx_word' id='word_1_1797' title='bbox 709 3941 748 3958; x_wconf 80' lang='lat' dir='ltr'>res</span> <span class='ocrx_word' id='word_1_1798' title='bbox 766 3934 807 3960; x_wconf 81' lang='lat' dir='ltr'>hic</span> <span class='ocrx_word' id='word_1_1799' title='bbox 820 3943 979 3965; x_wconf 75' lang='lat' dir='ltr'>enarramus,</span> <span class='ocrx_word' id='word_1_1800' title='bbox 991 3933 1039 3969; x_wconf 80' lang='lat' dir='ltr'>fid</span> <span class='ocrx_word' id='word_1_1801' title='bbox 1055 3931 1090 3958; x_wconf 79' lang='lat' dir='ltr'>ad</span> 
     </span>
     <span class='ocr_line' id='line_1_175' title="bbox 51 3964 983 4030; baseline 0.008 -42"><span class='ocrx_word' id='word_1_1802' title='bbox 51 3965 198 3997; x_wconf 68' lang='lat' dir='ltr'>proximum.</span> <span class='ocrx_word' id='word_1_1803' title='bbox 269 3965 401 4030; x_wconf 62' lang='lat' dir='ltr'>Exceltllens</span> <span class='ocrx_word' id='word_1_1804' title='bbox 416 3966 531 3994; x_wconf 86' lang='lat' dir='ltr'>humana</span> <span class='ocrx_word' id='word_1_1805' title='bbox 542 3964 622 3993; x_wconf 79' lang='lat' dir='ltr'>fidem</span> <span class='ocrx_word' id='word_1_1806' title='bbox 636 3967 768 3994; x_wconf 77' lang='lat' dir='ltr'>temeritas</span> <span class='ocrx_word' id='word_1_1807' title='bbox 785 3969 855 3996; x_wconf 70' lang='lat' dir='ltr'>Vell.</span> <span class='ocrx_word' id='word_1_1808' title='bbox 867 3977 894 4002; x_wconf 87' lang='lat'>2,</span> <span class='ocrx_word' id='word_1_1809' title='bbox 908 3977 948 4002; x_wconf 88' lang='lat'>52,</span> <span class='ocrx_word' id='word_1_1810' title='bbox 960 3977 983 4002; x_wconf 78' lang='lat'>3.</span> 
     </span>
    </p>

    <p class='ocr_par' dir='ltr' id='par_1_55' title="bbox 205 4007 367 4032">
     <span class='ocr_line' id='line_1_176' title="bbox 205 4007 367 4032; baseline -0.006 -3"><span class='ocrx_word' id='word_1_1811' title='bbox 205 4007 227 4029; x_wconf 81' lang='lat' dir='ltr'>V</span> <span class='ocrx_word' id='word_1_1812' title='bbox 236 4007 256 4032; x_wconf 84' lang='lat'>0</span> <span class='ocrx_word' id='word_1_1813' title='bbox 265 4009 292 4028; x_wconf 82' lang='lat' dir='ltr'>L.</span> <span class='ocrx_word' id='word_1_1814' title='bbox 361 4021 367 4028; x_wconf 91' lang='lat'>.</span> 
     </span>
    </p>
   </div>
   <div class='ocr_carea' id='block_1_40' title="bbox 762 3291 1086 3324">
    <p class='ocr_par' dir='ltr' id='par_1_56' title="bbox 762 3291 1086 3324">
     <span class='ocr_line' id='line_1_177' title="bbox 762 3291 1086 3324; baseline -0.009 -5"><span class='ocrx_word' id='word_1_1815' title='bbox 762 3292 817 3319; x_wconf 89' lang='lat' dir='ltr'>Cic.</span> <span class='ocrx_word' id='word_1_1816' title='bbox 831 3293 904 3319; x_wconf 84' lang='lat' dir='ltr'>Fam.</span> <span class='ocrx_word' id='word_1_1817' title='bbox 918 3296 941 3324; x_wconf 81' lang='lat'>8,</span> <span class='ocrx_word' id='word_1_1818' title='bbox 955 3299 985 3323; x_wconf 80' lang='lat'>32</span> <span class='ocrx_word' id='word_1_1819' title='bbox 1014 3291 1086 3317; x_wconf 85' lang='lat' dir='ltr'>Fini-</span> 
     </span>
    </p>
   </div>
   <div class='ocr_carea' id='block_1_41' title="bbox 532 2366 1944 2405">
    <p class='ocr_par' dir='ltr' id='par_1_57' title="bbox 532 2366 1944 2405">
     <span class='ocr_line' id='line_1_178' title="bbox 532 2366 1944 2405; baseline 0.002 -9"><span class='ocrx_word' id='word_1_1820' title='bbox 532 2371 620 2397; x_wconf 83' lang='lat' dir='ltr'>Varro</span> <span class='ocrx_word' id='word_1_1821' title='bbox 633 2370 665 2397; x_wconf 89' lang='lat' dir='ltr'>de</span> <span class='ocrx_word' id='word_1_1822' title='bbox 679 2370 711 2396; x_wconf 81' lang='lat' dir='ltr'>R.</span> <span class='ocrx_word' id='word_1_1823' title='bbox 727 2370 759 2396; x_wconf 83' lang='lat' dir='ltr'>R.</span> <span class='ocrx_word' id='word_1_1824' title='bbox 772 2377 795 2401; x_wconf 80' lang='lat'>3,</span> <span class='ocrx_word' id='word_1_1825' title='bbox 809 2375 822 2400; x_wconf 76' lang='grc' dir='ltr'><strong><em>ς</em></strong></span> <span class='ocrx_word' id='word_1_1826' title='bbox 850 2368 881 2394; x_wconf 81' lang='lat' dir='ltr'>Et</span> <span class='ocrx_word' id='word_1_1827' title='bbox 896 2366 1015 2394; x_wconf 85' lang='lat' dir='ltr'>natatilia</span> <span class='ocrx_word' id='word_1_1828' title='bbox 1029 2366 1087 2392; x_wconf 74' lang='lat' dir='ltr'>sunt</span> <span class='ocrx_word' id='word_1_1829' title='bbox 1100 2375 1135 2400; x_wconf 84' lang='lat'>60</span> <span class='ocrx_word' id='word_1_1830' title='bbox 1149 2370 1219 2397; x_wconf 89' lang='lat' dir='ltr'>hunc</span> <span class='ocrx_word' id='word_1_1831' title='bbox 1236 2370 1373 2397; x_wconf 86' lang='lat' dir='ltr'>hominem</span> <span class='ocrx_word' id='word_1_1832' title='bbox 1391 2376 1493 2396; x_wconf 86' lang='lat' dir='ltr'>tantum</span> <span class='ocrx_word' id='word_1_1833' title='bbox 1515 2370 1644 2397; x_wconf 84' lang='lat' dir='ltr'>excellere</span> <span class='ocrx_word' id='word_1_1834' title='bbox 1662 2376 1786 2403; x_wconf 87' lang='lat' dir='ltr'>caeteris,</span> <span class='ocrx_word' id='word_1_1835' title='bbox 1800 2371 1883 2405; x_wconf 85' lang='lat' dir='ltr'>cuius,</span> <span class='ocrx_word' id='word_1_1836' title='bbox 1898 2380 1944 2400; x_wconf 73' lang='lat' dir='ltr'>etc.</span> 
     </span>
    </p>
   </div>
   <div class='ocr_carea' id='block_1_42' title="bbox 431 3255 2067 3472">
    <p class='ocr_par' dir='ltr' id='par_1_58' title="bbox 431 3255 2067 3472">
     <span class='ocr_line' id='line_1_179' title="bbox 431 3255 1190 3293; baseline -0.007 -8"><span class='ocrx_word' id='word_1_1837' title='bbox 431 3259 502 3286; x_wconf 87' lang='lat' dir='ltr'>Caes.</span> <span class='ocrx_word' id='word_1_1838' title='bbox 517 3259 545 3284; x_wconf 91' lang='lat' dir='ltr'>B.</span> <span class='ocrx_word' id='word_1_1839' title='bbox 563 3258 595 3284; x_wconf 91' lang='lat' dir='ltr'>G.</span> <span class='ocrx_word' id='word_1_1840' title='bbox 609 3266 681 3293; x_wconf 78' lang='lat'>4,14</span> <span class='ocrx_word' id='word_1_1841' title='bbox 717 3257 788 3284; x_wconf 91' lang='lat' dir='ltr'>Nam</span> <span class='ocrx_word' id='word_1_1842' title='bbox 809 3265 868 3282; x_wconf 87' lang='lat' dir='ltr'>cum</span> <span class='ocrx_word' id='word_1_1843' title='bbox 887 3255 1012 3282; x_wconf 78' lang='lat' dir='ltr'>omnibus</span> <span class='ocrx_word' id='word_1_1844' title='bbox 1033 3255 1085 3281; x_wconf 80' lang='lat' dir='ltr'>suis</span> <span class='ocrx_word' id='word_1_1845' title='bbox 1100 3260 1129 3289; x_wconf 77' lang='lat'>85</span> <span class='ocrx_word' id='word_1_1846' title='bbox 1146 3266 1190 3289; x_wconf 78' lang='lat'>29,</span> 
     </span>
     <span class='ocr_line' id='line_1_180' title="bbox 1144 3400 2067 3436; baseline 0.003 -10"><span class='ocrx_word' id='word_1_1847' title='bbox 1144 3409 1205 3427; x_wconf 89' lang='lat' dir='ltr'>rum</span> <span class='ocrx_word' id='word_1_1848' title='bbox 1218 3401 1340 3427; x_wconf 89' lang='lat' dir='ltr'>omnium</span> <span class='ocrx_word' id='word_1_1849' title='bbox 1358 3400 1515 3435; x_wconf 86' lang='lat' dir='ltr'>praestantia</span> <span class='ocrx_word' id='word_1_1850' title='bbox 1529 3401 1684 3427; x_wconf 84' lang='lat' dir='ltr'>excellentes</span> <span class='ocrx_word' id='word_1_1851' title='bbox 1698 3401 1736 3428; x_wconf 82' lang='lat' dir='ltr'>dii</span> <span class='ocrx_word' id='word_1_1852' title='bbox 1755 3403 1810 3428; x_wconf 88' lang='lat' dir='ltr'>Cic.</span> <span class='ocrx_word' id='word_1_1853' title='bbox 1826 3402 1857 3428; x_wconf 84' lang='lat' dir='ltr'>de</span> <span class='ocrx_word' id='word_1_1854' title='bbox 1870 3403 1961 3429; x_wconf 89' lang='lat' dir='ltr'>Diuin.</span> <span class='ocrx_word' id='word_1_1855' title='bbox 1976 3411 1998 3435; x_wconf 85' lang='lat'>2,</span> <span class='ocrx_word' id='word_1_1856' title='bbox 2013 3411 2067 3436; x_wconf 87' lang='lat'>129.</span> 
     </span>
     <span class='ocr_line' id='line_1_181' title="bbox 992 3434 1880 3472; baseline 0.005 -12"><span class='ocrx_word' id='word_1_1857' title='bbox 992 3434 1085 3460; x_wconf 85' lang='lat' dir='ltr'>Muros</span> <span class='ocrx_word' id='word_1_1858' title='bbox 1094 3443 1131 3468; x_wconf 88' lang='lat'>90</span> <span class='ocrx_word' id='word_1_1859' title='bbox 1146 3445 1192 3463; x_wconf 91' lang='lat' dir='ltr'>mo</span> <span class='ocrx_word' id='word_1_1860' title='bbox 1205 3442 1231 3463; x_wconf 89' lang='lat' dir='ltr'>et</span> <span class='ocrx_word' id='word_1_1861' title='bbox 1243 3436 1344 3463; x_wconf 86' lang='lat' dir='ltr'>virtute</span> <span class='ocrx_word' id='word_1_1862' title='bbox 1358 3435 1496 3462; x_wconf 82' lang='lat' dir='ltr'>excellenti</span> <span class='ocrx_word' id='word_1_1863' title='bbox 1510 3436 1593 3463; x_wconf 89' lang='lat' dir='ltr'>homo</span> <span class='ocrx_word' id='word_1_1864' title='bbox 1611 3436 1684 3463; x_wconf 84' lang='lat' dir='ltr'>Idem</span> <span class='ocrx_word' id='word_1_1865' title='bbox 1698 3447 1747 3472; x_wconf 84' lang='lat' dir='ltr'>pro</span> <span class='ocrx_word' id='word_1_1866' title='bbox 1760 3437 1837 3464; x_wconf 83' lang='lat' dir='ltr'>Arch.</span> <span class='ocrx_word' id='word_1_1867' title='bbox 1873 3457 1880 3464; x_wconf 93' lang='lat'>.</span> 
     </span>
    </p>
   </div>
   <div class='ocr_carea' id='block_1_43' title="bbox 1014 3611 1596 3647">
    <p class='ocr_par' dir='ltr' id='par_1_59' title="bbox 1014 3611 1596 3647">
     <span class='ocr_line' id='line_1_182' title="bbox 1014 3611 1596 3647; baseline 0.002 -7"><span class='ocrx_word' id='word_1_1868' title='bbox 1014 3611 1086 3638; x_wconf 79' lang='lat' dir='ltr'>Sedi-</span> <span class='ocrx_word' id='word_1_1869' title='bbox 1098 3620 1130 3646; x_wconf 84' lang='lat'>95</span> <span class='ocrx_word' id='word_1_1870' title='bbox 1146 3614 1275 3641; x_wconf 80' lang='lat' dir='ltr'>excellens</span> <span class='ocrx_word' id='word_1_1871' title='bbox 1291 3614 1364 3641; x_wconf 89' lang='lat' dir='ltr'>Idem</span> <span class='ocrx_word' id='word_1_1872' title='bbox 1378 3614 1410 3641; x_wconf 87' lang='lat' dir='ltr'>de</span> <span class='ocrx_word' id='word_1_1873' title='bbox 1422 3615 1523 3642; x_wconf 89' lang='lat' dir='ltr'>Inuent.</span> <span class='ocrx_word' id='word_1_1874' title='bbox 1539 3625 1560 3647; x_wconf 68' lang='lat' dir='ltr'>c,</span> <span class='ocrx_word' id='word_1_1875' title='bbox 1577 3624 1596 3641; x_wconf 94' lang='lat'>1.</span> 
     </span>
    </p>
   </div>
   <div class='ocr_carea' id='block_1_44' title="bbox 610 3790 1482 3826">
    <p class='ocr_par' dir='ltr' id='par_1_60' title="bbox 610 3790 1482 3826">
     <span class='ocr_line' id='line_1_183' title="bbox 610 3790 1482 3826; baseline -0.001 -10"><span class='ocrx_word' id='word_1_1876' title='bbox 610 3792 717 3819; x_wconf 86' lang='lat' dir='ltr'>Excedis</span> <span class='ocrx_word' id='word_1_1877' title='bbox 736 3792 813 3818; x_wconf 65' lang='lat' dir='ltr'>saetis</span> <span class='ocrx_word' id='word_1_1878' title='bbox 832 3791 942 3826; x_wconf 83' lang='lat' dir='ltr'>grandia</span> <span class='ocrx_word' id='word_1_1879' title='bbox 961 3790 1014 3816; x_wconf 86' lang='lat' dir='ltr'>fata</span> <span class='ocrx_word' id='word_1_1880' title='bbox 1033 3790 1085 3815; x_wconf 86' lang='lat' dir='ltr'>tuis</span> <span class='ocrx_word' id='word_1_1881' title='bbox 1093 3801 1139 3820; x_wconf 80' lang='lat'>100</span> <span class='ocrx_word' id='word_1_1882' title='bbox 1148 3791 1237 3823; x_wconf 76' lang='lat' dir='ltr'>vitiis,</span> <span class='ocrx_word' id='word_1_1883' title='bbox 1257 3796 1299 3818; x_wconf 78' lang='lat' dir='ltr'>vel</span> <span class='ocrx_word' id='word_1_1884' title='bbox 1322 3793 1351 3818; x_wconf 85' lang='lat' dir='ltr'>in</span> <span class='ocrx_word' id='word_1_1885' title='bbox 1373 3793 1482 3819; x_wconf 80' lang='lat' dir='ltr'>virtute.</span> 
     </span>
    </p>
   </div>
   <div class='ocr_carea' id='block_1_45' title="bbox 1149 2227 2198 2546">
    <p class='ocr_par' dir='ltr' id='par_1_61' title="bbox 1149 2227 2198 2476">
     <span class='ocr_line' id='line_1_184' title="bbox 1151 2227 2196 2268; baseline 0.007 -15"><span class='ocrx_word' id='word_1_1886' title='bbox 1151 2233 1279 2262; x_wconf 86' lang='lat' dir='ltr'>quantum</span> <span class='ocrx_word' id='word_1_1887' title='bbox 1298 2227 1369 2254; x_wconf 88' lang='lat' dir='ltr'>inter</span> <span class='ocrx_word' id='word_1_1888' title='bbox 1387 2235 1479 2254; x_wconf 84' lang='lat' dir='ltr'>omnes</span> <span class='ocrx_word' id='word_1_1889' title='bbox 1498 2236 1564 2253; x_wconf 87' lang='lat' dir='ltr'>vnus</span> <span class='ocrx_word' id='word_1_1890' title='bbox 1579 2227 1697 2254; x_wconf 83' lang='lat' dir='ltr'>excellat.</span> <span class='ocrx_word' id='word_1_1891' title='bbox 1768 2230 1874 2256; x_wconf 82' lang='lat' dir='ltr'>Praeter</span> <span class='ocrx_word' id='word_1_1892' title='bbox 1892 2237 2008 2258; x_wconf 84' lang='lat' dir='ltr'>caeteros</span> <span class='ocrx_word' id='word_1_1893' title='bbox 2023 2232 2051 2258; x_wconf 93' lang='lat' dir='ltr'>in</span> <span class='ocrx_word' id='word_1_1894' title='bbox 2065 2233 2154 2268; x_wconf 86' lang='lat' dir='ltr'>aliqua</span> <span class='ocrx_word' id='word_1_1895' title='bbox 2166 2243 2196 2261; x_wconf 89' lang='lat' dir='ltr'>re</span> 
     </span>
     <span class='ocr_line' id='line_1_185' title="bbox 1150 2263 2196 2299; baseline 0.005 -8"><span class='ocrx_word' id='word_1_1896' title='bbox 1150 2263 1206 2291; x_wconf 90' lang='lat' dir='ltr'>Cic.</span> <span class='ocrx_word' id='word_1_1897' title='bbox 1222 2263 1254 2290; x_wconf 90' lang='lat' dir='ltr'>de</span> <span class='ocrx_word' id='word_1_1898' title='bbox 1269 2263 1344 2290; x_wconf 90' lang='lat' dir='ltr'>Orat.</span> <span class='ocrx_word' id='word_1_1899' title='bbox 1359 2272 1381 2295; x_wconf 85' lang='lat'>2,</span> <span class='ocrx_word' id='word_1_1900' title='bbox 1397 2265 1452 2289; x_wconf 86' lang='lat'>216.</span> <span class='ocrx_word' id='word_1_1901' title='bbox 1526 2263 1691 2299; x_wconf 83' lang='lat' dir='ltr'>Abstinentia</span> <span class='ocrx_word' id='word_1_1902' title='bbox 1705 2263 1774 2297; x_wconf 86' lang='lat' dir='ltr'>Nep.</span> <span class='ocrx_word' id='word_1_1903' title='bbox 1787 2273 1810 2296; x_wconf 81' lang='lat'>3,</span> <span class='ocrx_word' id='word_1_1904' title='bbox 1825 2273 1844 2296; x_wconf 90' lang='lat'>1,</span> <span class='ocrx_word' id='word_1_1905' title='bbox 1858 2274 1878 2292; x_wconf 82' lang='lat'>2.</span> <span class='ocrx_word' id='word_1_1906' title='bbox 1915 2266 2014 2293; x_wconf 87' lang='lat' dir='ltr'>Animo</span> <span class='ocrx_word' id='word_1_1907' title='bbox 2030 2268 2086 2295; x_wconf 87' lang='lat' dir='ltr'>Cic.</span> <span class='ocrx_word' id='word_1_1908' title='bbox 2096 2269 2128 2295; x_wconf 88' lang='lat' dir='ltr'>cle</span> <span class='ocrx_word' id='word_1_1909' title='bbox 2136 2270 2196 2297; x_wconf 87' lang='lat' dir='ltr'>Fin.</span> 
     </span>
     <span class='ocr_line' id='line_1_186' title="bbox 1150 2298 2197 2336; baseline 0.007 -11"><span class='ocrx_word' id='word_1_1910' title='bbox 1150 2309 1178 2333; x_wconf 90' lang='lat'>4,</span> <span class='ocrx_word' id='word_1_1911' title='bbox 1200 2318 1206 2325; x_wconf 97' lang='lat'>.</span> <span class='ocrx_word' id='word_1_1912' title='bbox 1229 2319 1236 2325; x_wconf 91' lang='lat'>.</span> <span class='ocrx_word' id='word_1_1913' title='bbox 1274 2298 1393 2326; x_wconf 86' lang='lat' dir='ltr'>Consilio</span> <span class='ocrx_word' id='word_1_1914' title='bbox 1408 2299 1461 2325; x_wconf 88' lang='lat' dir='ltr'>Att.</span> <span class='ocrx_word' id='word_1_1915' title='bbox 1478 2307 1495 2330; x_wconf 90' lang='lat'>1,</span> <span class='ocrx_word' id='word_1_1916' title='bbox 1510 2306 1542 2324; x_wconf 90' lang='lat'>12.</span> <span class='ocrx_word' id='word_1_1917' title='bbox 1579 2299 1692 2334; x_wconf 84' lang='lat' dir='ltr'>Ingenio</span> <span class='ocrx_word' id='word_1_1918' title='bbox 1710 2299 1762 2325; x_wconf 80' lang='lat' dir='ltr'>Off.</span> <span class='ocrx_word' id='word_1_1919' title='bbox 1778 2308 1796 2332; x_wconf 90' lang='lat'>1,</span> <span class='ocrx_word' id='word_1_1920' title='bbox 1811 2307 1847 2334; x_wconf 88' lang='lat'>71.</span> <span class='ocrx_word' id='word_1_1921' title='bbox 1882 2301 2018 2336; x_wconf 86' lang='lat' dir='ltr'>Dignitate</span> <span class='ocrx_word' id='word_1_1922' title='bbox 2034 2304 2105 2330; x_wconf 86' lang='lat' dir='ltr'>Caes.</span> <span class='ocrx_word' id='word_1_1923' title='bbox 2121 2305 2148 2331; x_wconf 80' lang='grc' dir='ltr'><strong>Β.</strong></span> <span class='ocrx_word' id='word_1_1924' title='bbox 2164 2306 2197 2332; x_wconf 89' lang='lat' dir='ltr'>G.</span> 
     </span>
     <span class='ocr_line' id='line_1_187' title="bbox 1149 2334 2198 2371; baseline 0.006 -10"><span class='ocrx_word' id='word_1_1925' title='bbox 1149 2337 1176 2367; x_wconf 82' lang='lat'>6,</span> <span class='ocrx_word' id='word_1_1926' title='bbox 1190 2343 1224 2361; x_wconf 76' lang='lat'>12.</span> <span class='ocrx_word' id='word_1_1927' title='bbox 1296 2335 1355 2360; x_wconf 88' lang='lat' dir='ltr'>Cum</span> <span class='ocrx_word' id='word_1_1928' title='bbox 1376 2336 1471 2360; x_wconf 82' lang='lat' dir='ltr'>Datiuo</span> <span class='ocrx_word' id='word_1_1929' title='bbox 1488 2334 1622 2370; x_wconf 75' lang='lat' dir='ltr'>personae:</span> <span class='ocrx_word' id='word_1_1930' title='bbox 1643 2335 1699 2361; x_wconf 91' lang='lat' dir='ltr'>Cic.</span> <span class='ocrx_word' id='word_1_1931' title='bbox 1717 2343 1766 2369; x_wconf 88' lang='lat' dir='ltr'>pro</span> <span class='ocrx_word' id='word_1_1932' title='bbox 1780 2336 1808 2361; x_wconf 92' lang='lat' dir='ltr'>L.</span> <span class='ocrx_word' id='word_1_1933' title='bbox 1825 2336 1919 2364; x_wconf 87' lang='lat' dir='ltr'>Manil.</span> <span class='ocrx_word' id='word_1_1934' title='bbox 1933 2346 1964 2371; x_wconf 86' lang='lat'>39</span> <span class='ocrx_word' id='word_1_1935' title='bbox 2001 2340 2053 2365; x_wconf 82' lang='lat' dir='ltr'>Hic</span> <span class='ocrx_word' id='word_1_1936' title='bbox 2067 2341 2198 2368; x_wconf 83' lang='lat' dir='ltr'>miramur</span> 
     </span>
     <span class='ocr_line' id='line_1_188' title="bbox 2015 2375 2195 2404; baseline 0 -3"><span class='ocrx_word' id='word_1_1937' title='bbox 2015 2375 2079 2401; x_wconf 88' lang='lat' dir='ltr'>Iden</span> <span class='ocrx_word' id='word_1_1938' title='bbox 2188 2397 2195 2404; x_wconf 88' lang='lat'>.</span> 
     </span>
     <span class='ocr_line' id='line_1_189' title="bbox 1149 2377 2195 2441; baseline 0.006 -8"><span class='ocrx_word' id='word_1_1939' title='bbox 1149 2405 1243 2434; x_wconf 89' lang='lat' dir='ltr'>Manil.</span> <span class='ocrx_word' id='word_1_1940' title='bbox 1256 2415 1286 2440; x_wconf 87' lang='lat'>41</span> <span class='ocrx_word' id='word_1_1941' title='bbox 1324 2407 1359 2432; x_wconf 93' lang='lat' dir='ltr'>Vt</span> <span class='ocrx_word' id='word_1_1942' title='bbox 1379 2405 1472 2441; x_wconf 84' lang='lat' dir='ltr'>is,qui</span> <span class='ocrx_word' id='word_1_1943' title='bbox 1486 2405 1615 2440; x_wconf 82' lang='lat' dir='ltr'>dignitate</span> <span class='ocrx_word' id='word_1_1944' title='bbox 1634 2406 1800 2441; x_wconf 80' lang='lat' dir='ltr'>principibus</span> <span class='ocrx_word' id='word_1_1945' title='bbox 1820 2409 1940 2440; x_wconf 88' lang='lat' dir='ltr'>excellit,</span> <span class='ocrx_word' id='word_1_1946' title='bbox 1955 2377 2195 2439; x_wconf 51' lang='lat' dir='ltr'>facilitatelifiirhpnlie</span> 
     </span>
     <span class='ocr_line' id='line_1_190' title="bbox 1150 2441 1401 2476; baseline -0.004 -8"><span class='ocrx_word' id='word_1_1947' title='bbox 1150 2451 1197 2476; x_wconf 85' lang='lat' dir='ltr'>par</span> <span class='ocrx_word' id='word_1_1948' title='bbox 1211 2442 1259 2468; x_wconf 82' lang='lat' dir='ltr'>esse</span> <span class='ocrx_word' id='word_1_1949' title='bbox 1272 2441 1401 2468; x_wconf 88' lang='lat' dir='ltr'>videatur.</span> 
     </span>
    </p>

    <p class='ocr_par' dir='ltr' id='par_1_62' title="bbox 1149 2477 1444 2546">
     <span class='ocr_line' id='line_1_191' title="bbox 1151 2477 1444 2511; baseline -0.003 -7"><span class='ocrx_word' id='word_1_1950' title='bbox 1151 2478 1207 2504; x_wconf 78' lang='lat' dir='ltr'>Cic:</span> <span class='ocrx_word' id='word_1_1951' title='bbox 1222 2477 1299 2504; x_wconf 86' lang='lat' dir='ltr'>Acad.</span> <span class='ocrx_word' id='word_1_1952' title='bbox 1313 2486 1341 2511; x_wconf 87' lang='lat'>4,</span> <span class='ocrx_word' id='word_1_1953' title='bbox 1354 2488 1372 2511; x_wconf 90' lang='lat'>4</span> <span class='ocrx_word' id='word_1_1954' title='bbox 1385 2486 1406 2503; x_wconf 93' lang='lat' dir='ltr'>c.</span> <span class='ocrx_word' id='word_1_1955' title='bbox 1422 2485 1444 2503; x_wconf 84' lang='lat'>2.</span> 
     </span>
     <span class='ocr_line' id='line_1_192' title="bbox 1149 2518 1301 2546; baseline 0 -7"><span class='ocrx_word' id='word_1_1956' title='bbox 1149 2519 1212 2540; x_wconf 89' lang='lat' dir='ltr'>cret.</span> <span class='ocrx_word' id='word_1_1957' title='bbox 1229 2522 1249 2546; x_wconf 94' lang='lat'>1,</span> <span class='ocrx_word' id='word_1_1958' title='bbox 1264 2518 1301 2543; x_wconf 83' lang='lat'>28.</span> 
     </span>
    </p>
   </div>
   <div class='ocr_carea' id='block_1_46' title="bbox 1371 2441 2195 2549">
    <p class='ocr_par' dir='ltr' id='par_1_63' title="bbox 1371 2441 2195 2549">
     <span class='ocr_line' id='line_1_193' title="bbox 1474 2441 2195 2482; baseline 0.008 -15"><span class='ocrx_word' id='word_1_1959' title='bbox 1474 2442 1553 2468; x_wconf 87' lang='lat' dir='ltr'>Fama</span> <span class='ocrx_word' id='word_1_1960' title='bbox 1563 2441 1638 2482; x_wconf 44' lang='lat' dir='ltr'>·bona</span> <span class='ocrx_word' id='word_1_1961' title='bbox 1652 2443 1756 2469; x_wconf 82' lang='lat' dir='ltr'>Lucrct.</span> <span class='ocrx_word' id='word_1_1962' title='bbox 1769 2445 1837 2475; x_wconf 81' lang='lat'>6,13.</span> <span class='ocrx_word' id='word_1_1963' title='bbox 1908 2445 2018 2478; x_wconf 80' lang='lat' dir='ltr'>Ingenio</span> <span class='ocrx_word' id='word_1_1964' title='bbox 2034 2447 2195 2481; x_wconf 84' lang='lat' dir='ltr'>scientiaque</span> 
     </span>
     <span class='ocr_line' id='line_1_194' title="bbox 1517 2477 2194 2512; baseline 0.009 -9"><span class='ocrx_word' id='word_1_1965' title='bbox 1517 2477 1620 2512; x_wconf 80' lang='lat' dir='ltr'>Opibus</span> <span class='ocrx_word' id='word_1_1966' title='bbox 1632 2478 1691 2504; x_wconf 91' lang='lat' dir='ltr'>Liu.</span> <span class='ocrx_word' id='word_1_1967' title='bbox 1701 2486 1743 2510; x_wconf 75' lang='lat'>34,</span> <span class='ocrx_word' id='word_1_1968' title='bbox 1780 2497 1786 2503; x_wconf 91' lang='lat'>.</span> <span class='ocrx_word' id='word_1_1969' title='bbox 1825 2498 1831 2504; x_wconf 94' lang='lat'>.</span> <span class='ocrx_word' id='word_1_1970' title='bbox 1904 2480 1991 2505; x_wconf 86' lang='lat' dir='ltr'>Rebus</span> <span class='ocrx_word' id='word_1_1971' title='bbox 2003 2481 2127 2507; x_wconf 84' lang='lat' dir='ltr'>omnibus</span> <span class='ocrx_word' id='word_1_1972' title='bbox 2142 2483 2194 2509; x_wconf 93' lang='lat' dir='ltr'>Lu-</span> 
     </span>
     <span class='ocr_line' id='line_1_195' title="bbox 1371 2513 2194 2549; baseline 0.006 -11"><span class='ocrx_word' id='word_1_1973' title='bbox 1371 2514 1495 2547; x_wconf 86' lang='lat' dir='ltr'>Aliquem</span> <span class='ocrx_word' id='word_1_1974' title='bbox 1517 2513 1637 2547; x_wconf 85' lang='lat' dir='ltr'>pluribus</span> <span class='ocrx_word' id='word_1_1975' title='bbox 1656 2513 1734 2539; x_wconf 84' lang='lat' dir='ltr'>rebus</span> <span class='ocrx_word' id='word_1_1976' title='bbox 1754 2513 1809 2538; x_wconf 86' lang='lat' dir='ltr'>Cic.</span> <span class='ocrx_word' id='word_1_1977' title='bbox 1825 2513 1856 2539; x_wconf 87' lang='lat' dir='ltr'>de</span> <span class='ocrx_word' id='word_1_1978' title='bbox 1871 2514 1941 2540; x_wconf 84' lang='lat' dir='ltr'>Clar.</span> <span class='ocrx_word' id='word_1_1979' title='bbox 1957 2515 2030 2541; x_wconf 88' lang='lat' dir='ltr'>Orat.</span> <span class='ocrx_word' id='word_1_1980' title='bbox 2047 2521 2087 2549; x_wconf 88' lang='lat'>84.</span> <span class='ocrx_word' id='word_1_1981' title='bbox 2161 2519 2194 2544; x_wconf 81' lang='lat' dir='ltr'>In</span> 
     </span>
    </p>
   </div>
   <div class='ocr_carea' id='block_1_47' title="bbox 537 2543 2195 2586">
    <p class='ocr_par' dir='ltr' id='par_1_64' title="bbox 537 2543 2195 2586">
     <span class='ocr_line' id='line_1_196' title="bbox 537 2543 2195 2586; baseline 0.004 -13"><span class='ocrx_word' id='word_1_1982' title='bbox 537 2547 682 2582; x_wconf 70' lang='grc' dir='ltr'>[ἕκχωρέω,</span> <span class='ocrx_word' id='word_1_1983' title='bbox 699 2546 849 2580; x_wconf 74' lang='grc' dir='ltr'>σι’ποχωρέω]</span> <span class='ocrx_word' id='word_1_1984' title='bbox 886 2544 982 2579; x_wconf 70' lang='lat' dir='ltr'>Egredi</span> <span class='ocrx_word' id='word_1_1985' title='bbox 1001 2543 1086 2576; x_wconf 71' lang='lat' dir='ltr'>Festo,</span> <span class='ocrx_word' id='word_1_1986' title='bbox 1100 2551 1132 2583; x_wconf 87' lang='lat'>65</span> <span class='ocrx_word' id='word_1_1987' title='bbox 1149 2551 1238 2576; x_wconf 84' lang='lat' dir='ltr'>malam</span> <span class='ocrx_word' id='word_1_1988' title='bbox 1249 2555 1349 2584; x_wconf 79' lang='lat' dir='ltr'>partem</span> <span class='ocrx_word' id='word_1_1989' title='bbox 1367 2548 1440 2574; x_wconf 78' lang='lat' dir='ltr'>Ideni</span> <span class='ocrx_word' id='word_1_1990' title='bbox 1453 2549 1481 2574; x_wconf 88' lang='lat' dir='ltr'>in</span> <span class='ocrx_word' id='word_1_1991' title='bbox 1495 2549 1580 2574; x_wconf 88' lang='lat' dir='ltr'>Pison.</span> <span class='ocrx_word' id='word_1_1992' title='bbox 1595 2557 1631 2581; x_wconf 86' lang='lat'>94</span> <span class='ocrx_word' id='word_1_1993' title='bbox 1669 2549 1733 2574; x_wconf 90' lang='lat' dir='ltr'>Non</span> <span class='ocrx_word' id='word_1_1994' title='bbox 1747 2547 1818 2573; x_wconf 72' lang='lat' dir='ltr'>enini</span> <span class='ocrx_word' id='word_1_1995' title='bbox 1833 2548 1936 2580; x_wconf 88' lang='lat' dir='ltr'>dubito,</span> <span class='ocrx_word' id='word_1_1996' title='bbox 1946 2551 2012 2583; x_wconf 84' lang='lat' dir='ltr'>quin</span> <span class='ocrx_word' id='word_1_1997' title='bbox 2026 2561 2106 2585; x_wconf 89' lang='lat' dir='ltr'>quum</span> <span class='ocrx_word' id='word_1_1998' title='bbox 2122 2552 2195 2586; x_wconf 81' lang='lat' dir='ltr'>haec,</span> 
     </span>
    </p>
   </div>
   <div class='ocr_carea' id='block_1_48' title="bbox 1149 2583 2193 2651">
    <p class='ocr_par' dir='ltr' id='par_1_65' title="bbox 1149 2583 2193 2651">
     <span class='ocr_line' id='line_1_197' title="bbox 1150 2583 2193 2622; baseline 0.005 -12"><span class='ocrx_word' id='word_1_1999' title='bbox 1150 2593 1218 2619; x_wconf 89' lang='lat' dir='ltr'>quae</span> <span class='ocrx_word' id='word_1_2000' title='bbox 1239 2583 1388 2615; x_wconf 83' lang='lat' dir='ltr'>excellunt,</span> <span class='ocrx_word' id='word_1_2001' title='bbox 1408 2592 1450 2608; x_wconf 86' lang='lat' dir='ltr'>me</span> <span class='ocrx_word' id='word_1_2002' title='bbox 1471 2584 1540 2609; x_wconf 78' lang='lat' dir='ltr'>nosse</span> <span class='ocrx_word' id='word_1_2003' title='bbox 1554 2583 1661 2614; x_wconf 83' lang='lat' dir='ltr'>videas,</span> <span class='ocrx_word' id='word_1_2004' title='bbox 1680 2592 1733 2608; x_wconf 92' lang='lat' dir='ltr'>non</span> <span class='ocrx_word' id='word_1_2005' title='bbox 1746 2583 1894 2615; x_wconf 77' lang='lat' dir='ltr'>existime5‚</span> <span class='ocrx_word' id='word_1_2006' title='bbox 1912 2584 2027 2612; x_wconf 84' lang='lat' dir='ltr'>mediam</span> <span class='ocrx_word' id='word_1_2007' title='bbox 2041 2587 2116 2613; x_wconf 88' lang='lat' dir='ltr'>illam</span> <span class='ocrx_word' id='word_1_2008' title='bbox 2136 2598 2193 2622; x_wconf 85' lang='lat' dir='ltr'>par-</span> 
     </span>
     <span class='ocr_line' id='line_1_198' title="bbox 1149 2617 1998 2651; baseline 0.002 -6"><span class='ocrx_word' id='word_1_2009' title='bbox 1149 2626 1204 2645; x_wconf 88' lang='lat' dir='ltr'>tem</span> <span class='ocrx_word' id='word_1_2010' title='bbox 1225 2625 1251 2644; x_wconf 89' lang='lat' dir='ltr'>ct</span> <span class='ocrx_word' id='word_1_2011' title='bbox 1266 2618 1371 2644; x_wconf 87' lang='lat' dir='ltr'>turbam</span> <span class='ocrx_word' id='word_1_2012' title='bbox 1391 2618 1555 2651; x_wconf 82' lang='lat' dir='ltr'>flagitiorum</span> <span class='ocrx_word' id='word_1_2013' title='bbox 1572 2624 1681 2644; x_wconf 88' lang='lat' dir='ltr'>tuorum</span> <span class='ocrx_word' id='word_1_2014' title='bbox 1699 2617 1768 2644; x_wconf 89' lang='lat' dir='ltr'>mihi</span> <span class='ocrx_word' id='word_1_2015' title='bbox 1783 2618 1831 2644; x_wconf 81' lang='lat' dir='ltr'>csse</span> <span class='ocrx_word' id='word_1_2016' title='bbox 1843 2619 1998 2647; x_wconf 86' lang='lat' dir='ltr'>inauditam.</span> 
     </span>
    </p>
   </div>
   <div class='ocr_carea' id='block_1_49' title="bbox 1149 2623 2193 2687">
    <p class='ocr_par' dir='ltr' id='par_1_66' title="bbox 1149 2623 2193 2687">
     <span class='ocr_line' id='line_1_199' title="bbox 1325 2623 2193 2657; baseline -0.002 -5"><span class='ocrx_word' id='word_1_2017' title='bbox 1325 2654 1329 2657; x_wconf 72' lang='grc'>,</span> <span class='ocrx_word' id='word_1_2018' title='bbox 2055 2623 2096 2650; x_wconf 86' lang='lat' dir='ltr'>Sic</span> <span class='ocrx_word' id='word_1_2019' title='bbox 2112 2625 2193 2650; x_wconf 85' lang='lat' dir='ltr'>Vitiis</span> 
     </span>
     <span class='ocr_line' id='line_1_200' title="bbox 1149 2653 1524 2687; baseline -0.005 -7"><span class='ocrx_word' id='word_1_2020' title='bbox 1149 2655 1203 2680; x_wconf 89' lang='lat' dir='ltr'>Cic.</span> <span class='ocrx_word' id='word_1_2021' title='bbox 1219 2653 1251 2679; x_wconf 87' lang='lat' dir='ltr'>de</span> <span class='ocrx_word' id='word_1_2022' title='bbox 1266 2653 1360 2687; x_wconf 86' lang='lat' dir='ltr'>Legib.</span> <span class='ocrx_word' id='word_1_2023' title='bbox 1376 2661 1394 2683; x_wconf 89' lang='lat'>1,</span> <span class='ocrx_word' id='word_1_2024' title='bbox 1407 2660 1431 2685; x_wconf 88' lang='lat'>51</span> <span class='ocrx_word' id='word_1_2025' title='bbox 1453 2661 1474 2678; x_wconf 93' lang='lat' dir='ltr'>c.</span> <span class='ocrx_word' id='word_1_2026' title='bbox 1488 2661 1524 2684; x_wconf 92' lang='lat'>19.</span> 
     </span>
    </p>
   </div>
   <div class='ocr_carea' id='block_1_50' title="bbox 1147 2651 2193 2731">
    <p class='ocr_par' dir='ltr' id='par_1_67' title="bbox 1147 2651 2193 2731">
     <span class='ocr_line' id='line_1_201' title="bbox 1722 2651 2193 2693; baseline 0.017 -15"><span class='ocrx_word' id='word_1_2027' title='bbox 1722 2651 1743 2689; x_wconf 57' lang='grc' dir='ltr'><strong><em>ἢ</em></strong></span> <span class='ocrx_word' id='word_1_2028' title='bbox 1765 2662 1777 2679; x_wconf 90' lang='lat'>2</span> <span class='ocrx_word' id='word_1_2029' title='bbox 1815 2655 1889 2689; x_wconf 66' lang='lat' dir='ltr'>‚Quod</span> <span class='ocrx_word' id='word_1_2030' title='bbox 1905 2659 1981 2682; x_wconf 82' lang='lat' dir='ltr'>initio</span> <span class='ocrx_word' id='word_1_2031' title='bbox 1999 2656 2027 2682; x_wconf 72' lang='lat' dir='ltr'>dc</span> <span class='ocrx_word' id='word_1_2032' title='bbox 2037 2662 2193 2693; x_wconf 70' lang='lat' dir='ltr'>proprietate</span> 
     </span>
     <span class='ocr_line' id='line_1_202' title="bbox 1147 2687 2193 2731; baseline 0.007 -17"><span class='ocrx_word' id='word_1_2033' title='bbox 1147 2689 1217 2714; x_wconf 74' lang='lat' dir='ltr'>verbi</span> <span class='ocrx_word' id='word_1_2034' title='bbox 1234 2691 1386 2719; x_wconf 80' lang='lat' dir='ltr'>monuimus,</span> <span class='ocrx_word' id='word_1_2035' title='bbox 1406 2697 1466 2723; x_wconf 73' lang='lat' dir='ltr'>quae</span> <span class='ocrx_word' id='word_1_2036' title='bbox 1478 2687 1538 2724; x_wconf 77' lang='lat' dir='ltr'>fere</span> <span class='ocrx_word' id='word_1_2037' title='bbox 1556 2687 1704 2718; x_wconf 82' lang='lat' dir='ltr'>intercidit,</span> <span class='ocrx_word' id='word_1_2038' title='bbox 1722 2695 1752 2714; x_wconf 84' lang='lat' dir='ltr'>vt</span> <span class='ocrx_word' id='word_1_2039' title='bbox 1765 2696 1855 2715; x_wconf 85' lang='lat' dir='ltr'>motum</span> <span class='ocrx_word' id='word_1_2040' title='bbox 1876 2691 2036 2718; x_wconf 67' lang='lat' dir='ltr'>vehementem</span> <span class='ocrx_word' id='word_1_2041' title='bbox 2053 2694 2137 2730; x_wconf 70' lang='lat' dir='ltr'>versus</span> <span class='ocrx_word' id='word_1_2042' title='bbox 2149 2696 2193 2731; x_wconf 68' lang='lat' dir='ltr'>fii—</span> 
     </span>
    </p>
   </div>
   <div class='ocr_carea' id='block_1_51' title="bbox 497 2719 2194 2763">
    <p class='ocr_par' dir='ltr' id='par_1_68' title="bbox 497 2719 2194 2763">
     <span class='ocr_line' id='line_1_203' title="bbox 497 2719 2194 2763; baseline 0.004 -12"><span class='ocrx_word' id='word_1_2043' title='bbox 497 2723 569 2749; x_wconf 69' lang='lat' dir='ltr'>Caes·</span> <span class='ocrx_word' id='word_1_2044' title='bbox 581 2723 609 2748; x_wconf 80' lang='lat' dir='ltr'>B·</span> <span class='ocrx_word' id='word_1_2045' title='bbox 627 2723 658 2748; x_wconf 86' lang='lat' dir='ltr'>G·</span> <span class='ocrx_word' id='word_1_2046' title='bbox 672 2731 701 2755; x_wconf 86' lang='grc'>4,</span> <span class='ocrx_word' id='word_1_2047' title='bbox 714 2727 739 2751; x_wconf 83' lang='lat'>18</span> <span class='ocrx_word' id='word_1_2048' title='bbox 763 2720 894 2746; x_wconf 60' lang='lat' dir='ltr'>Sicambri</span> <span class='ocrx_word' id='word_1_2049' title='bbox 915 2720 1013 2746; x_wconf 67' lang='lat' dir='ltr'>finibus</span> <span class='ocrx_word' id='word_1_2050' title='bbox 1034 2719 1087 2745; x_wconf 68' lang='lat' dir='ltr'>suis</span> <span class='ocrx_word' id='word_1_2051' title='bbox 1095 2734 1131 2761; x_wconf 88' lang='lat'>70</span> <span class='ocrx_word' id='word_1_2052' title='bbox 1142 2727 1246 2759; x_wconf 74' lang='lat' dir='ltr'>periora</span> <span class='ocrx_word' id='word_1_2053' title='bbox 1264 2730 1346 2754; x_wconf 82' lang='lat' dir='ltr'>notet,</span> <span class='ocrx_word' id='word_1_2054' title='bbox 1365 2730 1394 2749; x_wconf 81' lang='lat' dir='ltr'>vt</span> <span class='ocrx_word' id='word_1_2055' title='bbox 1413 2726 1440 2750; x_wconf 87' lang='lat' dir='ltr'>in</span> <span class='ocrx_word' id='word_1_2056' title='bbox 1453 2723 1586 2758; x_wconf 88' lang='lat' dir='ltr'>procello,</span> <span class='ocrx_word' id='word_1_2057' title='bbox 1599 2723 1712 2754; x_wconf 82' lang='lat' dir='ltr'>recello;</span> <span class='ocrx_word' id='word_1_2058' title='bbox 1732 2725 1801 2749; x_wconf 79' lang='lat' dir='ltr'>illius</span> <span class='ocrx_word' id='word_1_2059' title='bbox 1819 2726 1857 2750; x_wconf 85' lang='lat' dir='ltr'>rei</span> <span class='ocrx_word' id='word_1_2060' title='bbox 1876 2735 1923 2752; x_wconf 87' lang='lat' dir='ltr'>non</span> <span class='ocrx_word' id='word_1_2061' title='bbox 1940 2728 2009 2754; x_wconf 81' lang='lat' dir='ltr'>mado</span> <span class='ocrx_word' id='word_1_2062' title='bbox 2021 2729 2109 2755; x_wconf 83' lang='lat' dir='ltr'>Festus</span> <span class='ocrx_word' id='word_1_2063' title='bbox 2124 2730 2194 2763; x_wconf 75' lang='lat' dir='ltr'>ttflis</span> 
     </span>
    </p>
   </div>
   <div class='ocr_carea' id='block_1_52' title="bbox 1147 2758 2193 2908">
    <p class='ocr_par' dir='ltr' id='par_1_69' title="bbox 1147 2758 2193 2908">
     <span class='ocr_line' id='line_1_204' title="bbox 1147 2758 2193 2793; baseline 0.008 -9"><span class='ocrx_word' id='word_1_2064' title='bbox 1147 2758 1188 2792; x_wconf 63' lang='lat' dir='ltr'>est.</span> <span class='ocrx_word' id='word_1_2065' title='bbox 1215 2758 1273 2784; x_wconf 64' lang='lat' dir='ltr'>isid.</span> <span class='ocrx_word' id='word_1_2066' title='bbox 1287 2758 1585 2790; x_wconf 85' lang='lat' dir='ltr'>Recellere‚reclinare:</span> <span class='ocrx_word' id='word_1_2067' title='bbox 1606 2765 1632 2785; x_wconf 88' lang='lat' dir='ltr'>et</span> <span class='ocrx_word' id='word_1_2068' title='bbox 1644 2758 1780 2785; x_wconf 84' lang='lat' dir='ltr'>Excellerc</span> <span class='ocrx_word' id='word_1_2069' title='bbox 1788 2759 1816 2785; x_wconf 93' lang='lat' dir='ltr'>in</span> <span class='ocrx_word' id='word_1_2070' title='bbox 1830 2760 1911 2788; x_wconf 87' lang='lat' dir='ltr'>altum</span> <span class='ocrx_word' id='word_1_2071' title='bbox 1932 2764 2074 2790; x_wconf 78' lang='lat' dir='ltr'>extollere:</span> <span class='ocrx_word' id='word_1_2072' title='bbox 2101 2766 2147 2791; x_wconf 62' lang='lat' dir='ltr'>Feci</span> <span class='ocrx_word' id='word_1_2073' title='bbox 2159 2773 2193 2793; x_wconf 70' lang='lat' dir='ltr'>et-</span> 
     </span>
     <span class='ocr_line' id='line_1_205' title="bbox 1147 2793 2192 2830; baseline 0.007 -9"><span class='ocrx_word' id='word_1_2074' title='bbox 1147 2798 1196 2822; x_wconf 83' lang='lat' dir='ltr'>iam</span> <span class='ocrx_word' id='word_1_2075' title='bbox 1211 2795 1278 2821; x_wconf 91' lang='lat' dir='ltr'>Cato</span> <span class='ocrx_word' id='word_1_2076' title='bbox 1291 2793 1358 2829; x_wconf 80' lang='lat' dir='ltr'>apud</span> <span class='ocrx_word' id='word_1_2077' title='bbox 1370 2793 1436 2820; x_wconf 87' lang='lat' dir='ltr'>Gell.</span> <span class='ocrx_word' id='word_1_2078' title='bbox 1450 2802 1477 2828; x_wconf 87' lang='lat'>7,</span> <span class='ocrx_word' id='word_1_2079' title='bbox 1491 2803 1503 2826; x_wconf 82' lang='lat'>3</span> <span class='ocrx_word' id='word_1_2080' title='bbox 1523 2794 1583 2820; x_wconf 86' lang='lat' dir='ltr'>Scio</span> <span class='ocrx_word' id='word_1_2081' title='bbox 1596 2794 1679 2820; x_wconf 85' lang='lat' dir='ltr'>solere</span> <span class='ocrx_word' id='word_1_2082' title='bbox 1699 2794 1832 2830; x_wconf 86' lang='lat' dir='ltr'>plerisque</span> <span class='ocrx_word' id='word_1_2083' title='bbox 1847 2796 2000 2825; x_wconf 84' lang='lat' dir='ltr'>hominibus</span> <span class='ocrx_word' id='word_1_2084' title='bbox 2014 2800 2091 2826; x_wconf 87' lang='lat' dir='ltr'>rebus</span> <span class='ocrx_word' id='word_1_2085' title='bbox 2106 2802 2192 2828; x_wconf 77' lang='lat' dir='ltr'>secun·</span> 
     </span>
     <span class='ocr_line' id='line_1_206' title="bbox 1147 2829 2192 2870; baseline 0.008 -14"><span class='ocrx_word' id='word_1_2086' title='bbox 1147 2830 1187 2856; x_wconf 88' lang='lat' dir='ltr'>dis</span> <span class='ocrx_word' id='word_1_2087' title='bbox 1207 2835 1285 2864; x_wconf 87' lang='lat' dir='ltr'>atque</span> <span class='ocrx_word' id='word_1_2088' title='bbox 1308 2829 1439 2863; x_wconf 89' lang='lat' dir='ltr'>prosperis</span> <span class='ocrx_word' id='word_1_2089' title='bbox 1455 2836 1533 2864; x_wconf 89' lang='lat' dir='ltr'>atque</span> <span class='ocrx_word' id='word_1_2090' title='bbox 1552 2829 1666 2864; x_wconf 86' lang='lat' dir='ltr'>prolixis</span> <span class='ocrx_word' id='word_1_2091' title='bbox 1683 2831 1803 2857; x_wconf 76' lang='lat' dir='ltr'>animum</span> <span class='ocrx_word' id='word_1_2092' title='bbox 1822 2833 1968 2867; x_wconf 87' lang='lat' dir='ltr'>excellere,</span> <span class='ocrx_word' id='word_1_2093' title='bbox 1987 2836 2134 2870; x_wconf 86' lang='lat' dir='ltr'>superbiam</span> <span class='ocrx_word' id='word_1_2094' title='bbox 2156 2844 2192 2864; x_wconf 90' lang='lat' dir='ltr'>at-</span> 
     </span>
     <span class='ocr_line' id='line_1_207' title="bbox 1147 2864 2192 2908; baseline 0.009 -17"><span class='ocrx_word' id='word_1_2095' title='bbox 1147 2874 1198 2900; x_wconf 88' lang='lat' dir='ltr'>que</span> <span class='ocrx_word' id='word_1_2096' title='bbox 1213 2864 1342 2892; x_wconf 89' lang='lat' dir='ltr'>ferociam</span> <span class='ocrx_word' id='word_1_2097' title='bbox 1359 2865 1506 2898; x_wconf 82' lang='lat' dir='ltr'>augescere.</span> <span class='ocrx_word' id='word_1_2098' title='bbox 1543 2865 1611 2900; x_wconf 56' lang='lat' dir='ltr'>‚Quid</span> <span class='ocrx_word' id='word_1_2099' title='bbox 1629 2865 1695 2901; x_wconf 82' lang='lat' dir='ltr'>quod</span> <span class='ocrx_word' id='word_1_2100' title='bbox 1714 2867 1804 2901; x_wconf 86' lang='lat' dir='ltr'>chct.</span> <span class='ocrx_word' id='word_1_2101' title='bbox 1824 2869 1972 2903; x_wconf 81' lang='lat' dir='ltr'>Mulom,3,</span> <span class='ocrx_word' id='word_1_2102' title='bbox 1987 2880 2004 2901; x_wconf 83' lang='lat'>1,</span> <span class='ocrx_word' id='word_1_2103' title='bbox 2023 2882 2035 2897; x_wconf 85' lang='lat'><strong>2</strong></span> <span class='ocrx_word' id='word_1_2104' title='bbox 2055 2875 2082 2897; x_wconf 84' lang='lat' dir='ltr'>in</span> <span class='ocrx_word' id='word_1_2105' title='bbox 2102 2877 2192 2908; x_wconf 79' lang='lat' dir='ltr'>optimo</span> 
     </span>
    </p>
   </div>
   <div class='ocr_carea' id='block_1_53' title="bbox 546 2899 2192 2945">
    <p class='ocr_par' dir='ltr' id='par_1_70' title="bbox 546 2899 2192 2945">
     <span class='ocr_line' id='line_1_208' title="bbox 546 2899 2192 2945; baseline 0.009 -23"><span class='ocrx_word' id='word_1_2106' title='bbox 546 2900 704 2927; x_wconf 58' lang='lat' dir='ltr'>Tel-,Amin</span> <span class='ocrx_word' id='word_1_2107' title='bbox 717 2908 746 2932; x_wconf 85' lang='lat'>4,</span> <span class='ocrx_word' id='word_1_2108' title='bbox 759 2905 781 2932; x_wconf 77' lang='grc' dir='ltr'>ς,</span> <span class='ocrx_word' id='word_1_2109' title='bbox 795 2907 823 2925; x_wconf 89' lang='lat'>21</span> <span class='ocrx_word' id='word_1_2110' title='bbox 843 2899 930 2930; x_wconf 80' lang='lat' dir='ltr'>Mane,</span> <span class='ocrx_word' id='word_1_2111' title='bbox 944 2906 1006 2924; x_wconf 81' lang='lat' dir='ltr'>caue</span> <span class='ocrx_word' id='word_1_2112' title='bbox 1020 2906 1086 2931; x_wconf 89' lang='lat' dir='ltr'>quo-</span> <span class='ocrx_word' id='word_1_2113' title='bbox 1101 2909 1133 2937; x_wconf 78' lang='lat'>75</span> <span class='ocrx_word' id='word_1_2114' title='bbox 1147 2901 1205 2928; x_wconf 86' lang='lat' dir='ltr'>MS.</span> <span class='ocrx_word' id='word_1_2115' title='bbox 1213 2900 1253 2934; x_wconf 81' lang='lat' dir='ltr'>fic</span> <span class='ocrx_word' id='word_1_2116' title='bbox 1268 2901 1377 2936; x_wconf 80' lang='lat' dir='ltr'>legitur,</span> <span class='ocrx_word' id='word_1_2117' title='bbox 1401 2902 1435 2927; x_wconf 91' lang='lat' dir='ltr'>Vt</span> <span class='ocrx_word' id='word_1_2118' title='bbox 1456 2901 1565 2935; x_wconf 80' lang='lat' dir='ltr'>pestifer</span> <span class='ocrx_word' id='word_1_2119' title='bbox 1585 2900 1683 2928; x_wconf 90' lang='lat' dir='ltr'>humor</span> <span class='ocrx_word' id='word_1_2120' title='bbox 1702 2903 1820 2933; x_wconf 86' lang='lat' dir='ltr'>recedat,</span> <span class='ocrx_word' id='word_1_2121' title='bbox 1832 2910 1857 2930; x_wconf 91' lang='lat' dir='ltr'>et</span> <span class='ocrx_word' id='word_1_2122' title='bbox 1870 2905 1956 2940; x_wconf 82' lang='lat' dir='ltr'>frigus</span> <span class='ocrx_word' id='word_1_2123' title='bbox 1970 2907 2129 2935; x_wconf 72' lang='lat' dir='ltr'>excelletur:</span> <span class='ocrx_word' id='word_1_2124' title='bbox 2142 2917 2192 2945; x_wconf 78' lang='lat' dir='ltr'>pro</span> 
     </span>
    </p>
   </div>
   <div class='ocr_carea' id='block_1_54' title="bbox 1145 2934 2193 3084">
    <p class='ocr_par' dir='ltr' id='par_1_71' title="bbox 1145 2934 2193 3047">
     <span class='ocr_line' id='line_1_209' title="bbox 1145 2934 2192 2973; baseline 0.008 -11"><span class='ocrx_word' id='word_1_2125' title='bbox 1145 2946 1191 2973; x_wconf 85' lang='lat' dir='ltr'>quo</span> <span class='ocrx_word' id='word_1_2126' title='bbox 1209 2937 1242 2963; x_wconf 86' lang='lat' dir='ltr'>al.</span> <span class='ocrx_word' id='word_1_2127' title='bbox 1262 2935 1414 2971; x_wconf 83' lang='lat' dir='ltr'>expellitur.</span> <span class='ocrx_word' id='word_1_2128' title='bbox 1548 2934 1569 2973; x_wconf 58' lang='lat' dir='ltr'><strong>ff</strong></span> <span class='ocrx_word' id='word_1_2129' title='bbox 1596 2945 1608 2968; x_wconf 76' lang='lat'>3</span> <span class='ocrx_word' id='word_1_2130' title='bbox 1645 2937 1780 2970; x_wconf 88' lang='lat' dir='ltr'>Excelleo,</span> <span class='ocrx_word' id='word_1_2131' title='bbox 1794 2942 1847 2965; x_wconf 69' lang='lat' dir='ltr'>ere.</span> <span class='ocrx_word' id='word_1_2132' title='bbox 1867 2940 1986 2969; x_wconf 66' lang='lat' dir='ltr'>dixerunt</span> <span class='ocrx_word' id='word_1_2133' title='bbox 2005 2950 2106 2972; x_wconf 69' lang='lat' dir='ltr'>veteres.</span> <span class='ocrx_word' id='word_1_2134' title='bbox 2150 2946 2192 2972; x_wconf 83' lang='lat' dir='ltr'>Sic</span> 
     </span>
     <span class='ocr_line' id='line_1_210' title="bbox 1147 2970 2193 3016; baseline 0.008 -17"><span class='ocrx_word' id='word_1_2135' title='bbox 1147 2973 1238 2999; x_wconf 89' lang='lat' dir='ltr'>Macer</span> <span class='ocrx_word' id='word_1_2136' title='bbox 1250 2971 1317 3007; x_wconf 71' lang='lat' dir='ltr'>aPud</span> <span class='ocrx_word' id='word_1_2137' title='bbox 1329 2970 1453 2998; x_wconf 88' lang='lat' dir='ltr'>Diomed.</span> <span class='ocrx_word' id='word_1_2138' title='bbox 1466 2981 1491 3006; x_wconf 93' lang='lat' dir='ltr'>p.</span> <span class='ocrx_word' id='word_1_2139' title='bbox 1508 2979 1550 3006; x_wconf 79' lang='lat'>371</span> <span class='ocrx_word' id='word_1_2140' title='bbox 1580 2972 1648 2999; x_wconf 91' lang='lat' dir='ltr'>Cum</span> <span class='ocrx_word' id='word_1_2141' title='bbox 1668 2973 1745 2999; x_wconf 90' lang='lat' dir='ltr'>laude</span> <span class='ocrx_word' id='word_1_2142' title='bbox 1767 2975 1877 3003; x_wconf 84' lang='lat' dir='ltr'>excellet</span> <span class='ocrx_word' id='word_1_2143' title='bbox 1897 2985 1998 3004; x_wconf 85' lang='lat' dir='ltr'>omnes.</span> <span class='ocrx_word' id='word_1_2144' title='bbox 2050 2980 2106 3005; x_wconf 88' lang='lat' dir='ltr'>Cic.</span> <span class='ocrx_word' id='word_1_2145' title='bbox 2126 2979 2193 3016; x_wconf 74' lang='lat' dir='ltr'>apud</span> 
     </span>
     <span class='ocr_line' id='line_1_211' title="bbox 1146 3006 2102 3047; baseline 0.006 -12"><span class='ocrx_word' id='word_1_2146' title='bbox 1146 3008 1269 3035; x_wconf 86' lang='lat' dir='ltr'>Priscian.</span> <span class='ocrx_word' id='word_1_2147' title='bbox 1283 3017 1307 3042; x_wconf 85' lang='lat' dir='ltr'>p.</span> <span class='ocrx_word' id='word_1_2148' title='bbox 1323 3012 1366 3039; x_wconf 77' lang='lat'>838</span> <span class='ocrx_word' id='word_1_2149' title='bbox 1391 3006 1470 3034; x_wconf 88' lang='lat' dir='ltr'>Effice</span> <span class='ocrx_word' id='word_1_2150' title='bbox 1484 3014 1509 3033; x_wconf 88' lang='lat' dir='ltr'>et</span> <span class='ocrx_word' id='word_1_2151' title='bbox 1521 3007 1645 3041; x_wconf 86' lang='lat' dir='ltr'>elabora,</span> <span class='ocrx_word' id='word_1_2152' title='bbox 1659 3015 1688 3036; x_wconf 90' lang='lat' dir='ltr'>vt</span> <span class='ocrx_word' id='word_1_2153' title='bbox 1703 3010 1838 3037; x_wconf 71' lang='lat' dir='ltr'>excellens.</span> <span class='ocrx_word' id='word_1_2154' title='bbox 1874 3012 1941 3039; x_wconf 79' lang='lat' dir='ltr'>Add.</span> <span class='ocrx_word' id='word_1_2155' title='bbox 1956 3014 1992 3040; x_wconf 92' lang='lat' dir='ltr'>ib.</span> <span class='ocrx_word' id='word_1_2156' title='bbox 2008 3023 2031 3047; x_wconf 84' lang='lat' dir='ltr'>p.</span> <span class='ocrx_word' id='word_1_2157' title='bbox 2045 3016 2102 3046; x_wconf 83' lang='lat'>896.</span> 
     </span>
    </p>

    <p class='ocr_par' dir='ltr' id='par_1_72' title="bbox 1182 3043 2191 3084">
     <span class='ocr_line' id='line_1_212' title="bbox 1182 3043 2191 3084; baseline 0.006 -14"><span class='ocrx_word' id='word_1_2158' title='bbox 1182 3050 1198 3070; x_wconf 84' lang='lat' dir='ltr'>E</span> <span class='ocrx_word' id='word_1_2159' title='bbox 1210 3050 1228 3069; x_wconf 86' lang='lat' dir='ltr'><strong>X</strong></span> <span class='ocrx_word' id='word_1_2160' title='bbox 1238 3050 1254 3070; x_wconf 96' lang='lat' dir='ltr'>C</span> <span class='ocrx_word' id='word_1_2161' title='bbox 1265 3049 1280 3068; x_wconf 87' lang='lat' dir='ltr'>E</span> <span class='ocrx_word' id='word_1_2162' title='bbox 1289 3050 1305 3069; x_wconf 93' lang='lat' dir='ltr'>L</span> <span class='ocrx_word' id='word_1_2163' title='bbox 1315 3050 1330 3068; x_wconf 92' lang='lat' dir='ltr'>L</span> <span class='ocrx_word' id='word_1_2164' title='bbox 1341 3050 1358 3070; x_wconf 86' lang='lat' dir='ltr'>E</span> <span class='ocrx_word' id='word_1_2165' title='bbox 1368 3050 1389 3069; x_wconf 89' lang='grc' dir='ltr'>Ν</span> <span class='ocrx_word' id='word_1_2166' title='bbox 1398 3050 1427 3075; x_wconf 88' lang='lat' dir='ltr'>S,</span> <span class='ocrx_word' id='word_1_2167' title='bbox 1445 3043 1521 3069; x_wconf 85' lang='lat' dir='ltr'>entis.</span> <span class='ocrx_word' id='word_1_2168' title='bbox 1541 3044 1634 3070; x_wconf 88' lang='lat' dir='ltr'>Partic.</span> <span class='ocrx_word' id='word_1_2169' title='bbox 1672 3045 1814 3080; x_wconf 77' lang='grc' dir='ltr'>[προέχων,</span> <span class='ocrx_word' id='word_1_2170' title='bbox 1835 3047 1943 3081; x_wconf 76' lang='grc' dir='ltr'>ἕξὲχων]</span> <span class='ocrx_word' id='word_1_2171' title='bbox 1981 3050 2037 3075; x_wconf 80' lang='lat' dir='ltr'>Cic.</span> <span class='ocrx_word' id='word_1_2172' title='bbox 2051 3050 2123 3075; x_wconf 76' lang='lat' dir='ltr'>Fam.</span> <span class='ocrx_word' id='word_1_2173' title='bbox 2140 3059 2160 3082; x_wconf 90' lang='lat'>1,</span> <span class='ocrx_word' id='word_1_2174' title='bbox 2172 3057 2191 3084; x_wconf 74' lang='grc'>’1</span> 
     </span>
    </p>
   </div>
   <div class='ocr_carea' id='block_1_55' title="bbox 953 3078 2190 3115">
    <p class='ocr_par' dir='ltr' id='par_1_73' title="bbox 953 3078 2190 3115">
     <span class='ocr_line' id='line_1_213' title="bbox 953 3078 2190 3115; baseline 0.006 -12"><span class='ocrx_word' id='word_1_2175' title='bbox 953 3078 971 3103; x_wconf 89' lang='grc' dir='ltr'>Ε</span> <span class='ocrx_word' id='word_1_2176' title='bbox 986 3085 1086 3103; x_wconf 89' lang='lat' dir='ltr'>memo·</span> <span class='ocrx_word' id='word_1_2177' title='bbox 1099 3083 1131 3110; x_wconf 82' lang='lat'>80</span> <span class='ocrx_word' id='word_1_2178' title='bbox 1146 3080 1242 3106; x_wconf 89' lang='lat' dir='ltr'>Virum</span> <span class='ocrx_word' id='word_1_2179' title='bbox 1255 3078 1326 3105; x_wconf 86' lang='lat' dir='ltr'>enim</span> <span class='ocrx_word' id='word_1_2180' title='bbox 1345 3079 1531 3112; x_wconf 81' lang='lat' dir='ltr'>excellentem,</span> <span class='ocrx_word' id='word_1_2181' title='bbox 1549 3086 1574 3106; x_wconf 89' lang='lat' dir='ltr'>et</span> <span class='ocrx_word' id='word_1_2182' title='bbox 1587 3079 1639 3106; x_wconf 92' lang='lat' dir='ltr'>tibi</span> <span class='ocrx_word' id='word_1_2183' title='bbox 1653 3086 1697 3108; x_wconf 88' lang='lat' dir='ltr'>tua</span> <span class='ocrx_word' id='word_1_2184' title='bbox 1710 3082 1847 3115; x_wconf 82' lang='lat' dir='ltr'>praestanti</span> <span class='ocrx_word' id='word_1_2185' title='bbox 1863 3083 1889 3108; x_wconf 89' lang='lat' dir='ltr'>in</span> <span class='ocrx_word' id='word_1_2186' title='bbox 1903 3092 1963 3110; x_wconf 90' lang='lat' dir='ltr'>eum</span> <span class='ocrx_word' id='word_1_2187' title='bbox 1978 3084 2135 3111; x_wconf 55' lang='lat' dir='ltr'>liberalitate</span> <span class='ocrx_word' id='word_1_2188' title='bbox 2147 3086 2190 3111; x_wconf 88' lang='lat' dir='ltr'>de-</span> 
     </span>
    </p>
   </div>
   <div class='ocr_carea' id='block_1_56' title="bbox 1146 3113 2190 3365">
    <p class='ocr_par' dir='ltr' id='par_1_74' title="bbox 1146 3113 2190 3365">
     <span class='ocr_line' id='line_1_214' title="bbox 1146 3113 2189 3152; baseline 0.005 -10"><span class='ocrx_word' id='word_1_2189' title='bbox 1146 3115 1284 3146; x_wconf 62' lang='lat' dir='ltr'>vinffism,</span> <span class='ocrx_word' id='word_1_2190' title='bbox 1300 3113 1334 3140; x_wconf 81' lang='lat' dir='ltr'>ad</span> <span class='ocrx_word' id='word_1_2191' title='bbox 1345 3115 1473 3141; x_wconf 81' lang='lat' dir='ltr'>Lentulum</span> <span class='ocrx_word' id='word_1_2192' title='bbox 1486 3115 1515 3140; x_wconf 79' lang='lat' dir='ltr'>de</span> <span class='ocrx_word' id='word_1_2193' title='bbox 1529 3116 1650 3150; x_wconf 72' lang='lat' dir='ltr'>Pompeio.</span> <span class='ocrx_word' id='word_1_2194' title='bbox 1723 3117 1778 3143; x_wconf 91' lang='lat' dir='ltr'>Cic.</span> <span class='ocrx_word' id='word_1_2195' title='bbox 1793 3117 1825 3143; x_wconf 88' lang='lat' dir='ltr'>de</span> <span class='ocrx_word' id='word_1_2196' title='bbox 1839 3118 1874 3144; x_wconf 90' lang='lat' dir='ltr'>N.</span> <span class='ocrx_word' id='word_1_2197' title='bbox 1890 3119 1922 3145; x_wconf 92' lang='lat' dir='ltr'>D.</span> <span class='ocrx_word' id='word_1_2198' title='bbox 1938 3127 1958 3151; x_wconf 90' lang='lat'>1,</span> <span class='ocrx_word' id='word_1_2199' title='bbox 1972 3122 2003 3152; x_wconf 85' lang='lat'>56</span> <span class='ocrx_word' id='word_1_2200' title='bbox 2028 3120 2072 3147; x_wconf 75' lang='lat' dir='ltr'>Pie</span> <span class='ocrx_word' id='word_1_2201' title='bbox 2092 3120 2189 3147; x_wconf 63' lang='lat' dir='ltr'>sanc&#39;ie-</span> 
     </span>
     <span class='ocr_line' id='line_1_215' title="bbox 1147 3150 2188 3186; baseline 0.007 -10"><span class='ocrx_word' id='word_1_2202' title='bbox 1147 3159 1200 3185; x_wconf 91' lang='lat' dir='ltr'>que</span> <span class='ocrx_word' id='word_1_2203' title='bbox 1212 3150 1324 3176; x_wconf 88' lang='lat' dir='ltr'>colimus</span> <span class='ocrx_word' id='word_1_2204' title='bbox 1338 3156 1458 3176; x_wconf 87' lang='lat' dir='ltr'>naturam</span> <span class='ocrx_word' id='word_1_2205' title='bbox 1473 3151 1645 3178; x_wconf 86' lang='lat' dir='ltr'>excellentem</span> <span class='ocrx_word' id='word_1_2206' title='bbox 1659 3157 1737 3186; x_wconf 87' lang='lat' dir='ltr'>atque</span> <span class='ocrx_word' id='word_1_2207' title='bbox 1752 3153 1930 3186; x_wconf 85' lang='lat' dir='ltr'>praestantem.</span> <span class='ocrx_word' id='word_1_2208' title='bbox 1984 3154 2057 3182; x_wconf 87' lang='lat' dir='ltr'>Idem</span> <span class='ocrx_word' id='word_1_2209' title='bbox 2072 3156 2099 3181; x_wconf 93' lang='lat' dir='ltr'>in</span> <span class='ocrx_word' id='word_1_2210' title='bbox 2113 3156 2188 3182; x_wconf 87' lang='lat' dir='ltr'>Orat.</span> 
     </span>
     <span class='ocr_line' id='line_1_216' title="bbox 1146 3185 2190 3223; baseline 0.005 -10"><span class='ocrx_word' id='word_1_2211' title='bbox 1146 3188 1195 3213; x_wconf 82' lang='lat'>266</span> <span class='ocrx_word' id='word_1_2212' title='bbox 1226 3187 1261 3213; x_wconf 91' lang='lat' dir='ltr'>Vt</span> <span class='ocrx_word' id='word_1_2213' title='bbox 1280 3185 1364 3220; x_wconf 85' lang='lat' dir='ltr'>igitur</span> <span class='ocrx_word' id='word_1_2214' title='bbox 1384 3186 1413 3212; x_wconf 91' lang='lat' dir='ltr'>in</span> <span class='ocrx_word' id='word_1_2215' title='bbox 1425 3186 1520 3213; x_wconf 89' lang='lat' dir='ltr'>formis</span> <span class='ocrx_word' id='word_1_2216' title='bbox 1534 3192 1559 3213; x_wconf 88' lang='lat' dir='ltr'>et</span> <span class='ocrx_word' id='word_1_2217' title='bbox 1573 3186 1664 3222; x_wconf 84' lang='lat' dir='ltr'>figuris</span> <span class='ocrx_word' id='word_1_2218' title='bbox 1679 3188 1715 3213; x_wconf 86' lang='lat' dir='ltr'>est</span> <span class='ocrx_word' id='word_1_2219' title='bbox 1730 3188 1833 3222; x_wconf 82' lang='lat' dir='ltr'>aliquid</span> <span class='ocrx_word' id='word_1_2220' title='bbox 1853 3189 2000 3223; x_wconf 61' lang='lat' dir='ltr'>perfeetum</span> <span class='ocrx_word' id='word_1_2221' title='bbox 2014 3197 2038 3217; x_wconf 87' lang='lat' dir='ltr'>et</span> <span class='ocrx_word' id='word_1_2222' title='bbox 2051 3191 2190 3222; x_wconf 76' lang='lat' dir='ltr'>excellem.</span> 
     </span>
     <span class='ocr_line' id='line_1_217' title="bbox 1147 3220 2189 3259; baseline 0.006 -12"><span class='ocrx_word' id='word_1_2223' title='bbox 1147 3222 1221 3248; x_wconf 78' lang='lat' dir='ltr'>cuius</span> <span class='ocrx_word' id='word_1_2224' title='bbox 1234 3220 1267 3248; x_wconf 91' lang='lat' dir='ltr'>ad</span> <span class='ocrx_word' id='word_1_2225' title='bbox 1282 3221 1473 3255; x_wconf 79' lang='lat' dir='ltr'>excogitatam,</span> <span class='ocrx_word' id='word_1_2226' title='bbox 1489 3229 1535 3248; x_wconf 74' lang='lat' dir='ltr'>etc.</span> <span class='ocrx_word' id='word_1_2227' title='bbox 1606 3223 1740 3249; x_wconf 83' lang='lat' dir='ltr'>Excellens</span> <span class='ocrx_word' id='word_1_2228' title='bbox 1760 3224 1885 3251; x_wconf 85' lang='lat' dir='ltr'>omnibus</span> <span class='ocrx_word' id='word_1_2229' title='bbox 1903 3226 1947 3252; x_wconf 86' lang='lat' dir='ltr'>vir</span> <span class='ocrx_word' id='word_1_2230' title='bbox 1976 3226 2032 3253; x_wconf 87' lang='lat' dir='ltr'>Cic.</span> <span class='ocrx_word' id='word_1_2231' title='bbox 2047 3227 2078 3254; x_wconf 90' lang='lat' dir='ltr'>de</span> <span class='ocrx_word' id='word_1_2232' title='bbox 2092 3228 2150 3253; x_wconf 86' lang='lat' dir='ltr'>Fin.</span> <span class='ocrx_word' id='word_1_2233' title='bbox 2164 3236 2189 3259; x_wconf 77' lang='lat'>3,</span> 
     </span>
     <span class='ocr_line' id='line_1_218' title="bbox 1262 3258 2185 3292; baseline 0.007 -9"><span class='ocrx_word' id='word_1_2234' title='bbox 1262 3258 1334 3284; x_wconf 92' lang='lat' dir='ltr'>Inter</span> <span class='ocrx_word' id='word_1_2235' title='bbox 1354 3263 1393 3283; x_wconf 91' lang='lat' dir='ltr'>tot</span> <span class='ocrx_word' id='word_1_2236' title='bbox 1416 3258 1538 3292; x_wconf 84' lang='lat' dir='ltr'>aequales</span> <span class='ocrx_word' id='word_1_2237' title='bbox 1557 3267 1624 3284; x_wconf 86' lang='lat' dir='ltr'>vnus</span> <span class='ocrx_word' id='word_1_2238' title='bbox 1648 3259 1777 3285; x_wconf 82' lang='lat' dir='ltr'>excellens</span> <span class='ocrx_word' id='word_1_2239' title='bbox 1799 3260 1882 3287; x_wconf 83' lang='lat' dir='ltr'>Galba</span> <span class='ocrx_word' id='word_1_2240' title='bbox 1899 3261 1953 3288; x_wconf 86' lang='lat' dir='ltr'>fuit</span> <span class='ocrx_word' id='word_1_2241' title='bbox 1978 3261 2050 3288; x_wconf 87' lang='lat' dir='ltr'>Idem</span> <span class='ocrx_word' id='word_1_2242' title='bbox 2070 3262 2102 3289; x_wconf 87' lang='lat' dir='ltr'>de</span> <span class='ocrx_word' id='word_1_2243' title='bbox 2115 3262 2185 3289; x_wconf 85' lang='lat' dir='ltr'>Clar.</span> 
     </span>
     <span class='ocr_line' id='line_1_219' title="bbox 1147 3293 2188 3329; baseline 0.005 -10"><span class='ocrx_word' id='word_1_2244' title='bbox 1147 3294 1222 3321; x_wconf 89' lang='lat' dir='ltr'>Orat.</span> <span class='ocrx_word' id='word_1_2245' title='bbox 1236 3301 1286 3325; x_wconf 82' lang='lat'>333.</span> <span class='ocrx_word' id='word_1_2246' title='bbox 1357 3293 1493 3321; x_wconf 85' lang='lat' dir='ltr'>Excellens</span> <span class='ocrx_word' id='word_1_2247' title='bbox 1506 3294 1581 3320; x_wconf 91' lang='lat' dir='ltr'>omni</span> <span class='ocrx_word' id='word_1_2248' title='bbox 1596 3303 1690 3328; x_wconf 86' lang='lat' dir='ltr'>genere</span> <span class='ocrx_word' id='word_1_2249' title='bbox 1704 3295 1788 3321; x_wconf 86' lang='lat' dir='ltr'>laudis</span> <span class='ocrx_word' id='word_1_2250' title='bbox 1808 3295 1845 3322; x_wconf 88' lang='lat' dir='ltr'>Id.</span> <span class='ocrx_word' id='word_1_2251' title='bbox 1862 3297 1939 3323; x_wconf 82' lang='lat' dir='ltr'>Acad.</span> <span class='ocrx_word' id='word_1_2252' title='bbox 1955 3305 1974 3327; x_wconf 88' lang='lat'>1,</span> <span class='ocrx_word' id='word_1_2253' title='bbox 1989 3306 2013 3322; x_wconf 85' lang='lat'>12</span> <span class='ocrx_word' id='word_1_2254' title='bbox 2026 3306 2046 3322; x_wconf 89' lang='lat' dir='ltr'>c.</span> <span class='ocrx_word' id='word_1_2255' title='bbox 2062 3306 2084 3329; x_wconf 79' lang='lat'>3.</span> <span class='ocrx_word' id='word_1_2256' title='bbox 2140 3299 2188 3324; x_wconf 87' lang='lat' dir='ltr'>Ex-</span> 
     </span>
     <span class='ocr_line' id='line_1_220' title="bbox 1146 3328 1719 3365; baseline 0.003 -11"><span class='ocrx_word' id='word_1_2257' title='bbox 1146 3329 1244 3355; x_wconf 89' lang='lat' dir='ltr'>cellens</span> <span class='ocrx_word' id='word_1_2258' title='bbox 1267 3328 1358 3355; x_wconf 87' lang='lat' dir='ltr'>animo</span> <span class='ocrx_word' id='word_1_2259' title='bbox 1380 3334 1406 3355; x_wconf 87' lang='lat' dir='ltr'>et</span> <span class='ocrx_word' id='word_1_2260' title='bbox 1425 3329 1512 3356; x_wconf 87' lang='lat' dir='ltr'>forma</span> <span class='ocrx_word' id='word_1_2261' title='bbox 1538 3328 1719 3365; x_wconf 84' lang='lat' dir='ltr'>Plin.24,17.</span> 
     </span>
    </p>
   </div>
   <div class='ocr_carea' id='block_1_57' title="bbox 1147 3331 2188 3397">
    <p class='ocr_par' dir='ltr' id='par_1_75' title="bbox 1147 3331 2188 3397">
     <span class='ocr_line' id='line_1_221' title="bbox 1174 3331 2188 3369; baseline 0.008 -17"><span class='ocrx_word' id='word_1_2262' title='bbox 1174 3364 1179 3369; x_wconf 41' lang='grc'><em>.</em></span> <span class='ocrx_word' id='word_1_2263' title='bbox 1318 3364 1323 3369; x_wconf 89' lang='lat'>.</span> <span class='ocrx_word' id='word_1_2264' title='bbox 1344 3364 1349 3369; x_wconf 76' lang='lat'>.</span> <span class='ocrx_word' id='word_1_2265' title='bbox 1791 3331 1925 3358; x_wconf 84' lang='lat' dir='ltr'>Excellens</span> <span class='ocrx_word' id='word_1_2266' title='bbox 1948 3332 2081 3359; x_wconf 81' lang='lat' dir='ltr'>amicitiae</span> <span class='ocrx_word' id='word_1_2267' title='bbox 2103 3333 2188 3368; x_wconf 83' lang='lat' dir='ltr'>gloria</span> 
     </span>
     <span class='ocr_line' id='line_1_222' title="bbox 1147 3364 1407 3397; baseline 0.004 -7"><span class='ocrx_word' id='word_1_2268' title='bbox 1147 3365 1204 3391; x_wconf 77' lang='lat' dir='ltr'>Cic.</span> <span class='ocrx_word' id='word_1_2269' title='bbox 1218 3364 1250 3391; x_wconf 90' lang='lat' dir='ltr'>de</span> <span class='ocrx_word' id='word_1_2270' title='bbox 1263 3365 1371 3392; x_wconf 81' lang='lat' dir='ltr'>Amicit.</span> <span class='ocrx_word' id='word_1_2271' title='bbox 1386 3372 1407 3397; x_wconf 92' lang='lat'>5.</span> 
     </span>
    </p>
   </div>
   <div class='ocr_carea' id='block_1_58' title="bbox 1145 3365 2188 3967">
    <p class='ocr_par' dir='ltr' id='par_1_76' title="bbox 1145 3365 2188 3967">
     <span class='ocr_line' id='line_1_223' title="bbox 1477 3365 2187 3402; baseline 0.008 -12"><span class='ocrx_word' id='word_1_2272' title='bbox 1477 3365 1531 3391; x_wconf 87' lang='lat' dir='ltr'>Ore</span> <span class='ocrx_word' id='word_1_2273' title='bbox 1550 3365 1694 3398; x_wconf 87' lang='lat' dir='ltr'>excellens,</span> <span class='ocrx_word' id='word_1_2274' title='bbox 1711 3369 1729 3392; x_wconf 73' lang='lat' dir='ltr'>i.</span> <span class='ocrx_word' id='word_1_2275' title='bbox 1750 3367 1868 3402; x_wconf 68' lang='lat' dir='ltr'>Eloquens</span> <span class='ocrx_word' id='word_1_2276' title='bbox 1894 3368 1938 3394; x_wconf 90' lang='lat' dir='ltr'>Sil.</span> <span class='ocrx_word' id='word_1_2277' title='bbox 1954 3376 1979 3398; x_wconf 89' lang='lat'>1,</span> <span class='ocrx_word' id='word_1_2278' title='bbox 2015 3388 2021 3394; x_wconf 92' lang='lat'>.</span> <span class='ocrx_word' id='word_1_2279' title='bbox 2060 3388 2066 3395; x_wconf 96' lang='lat'>.</span> <span class='ocrx_word' id='word_1_2280' title='bbox 2138 3370 2187 3396; x_wconf 81' lang='lat' dir='ltr'>Re-</span> 
     </span>
     <span class='ocr_line' id='line_1_224' title="bbox 2124 3405 2188 3431; baseline 0 0"><span class='ocrx_word' id='word_1_2281' title='bbox 2124 3405 2188 3431; x_wconf 85' lang='lat' dir='ltr'>Ani-</span> 
     </span>
     <span class='ocr_line' id='line_1_225' title="bbox 2041 3440 2187 3467; baseline 0.014 -2"><span class='ocrx_word' id='word_1_2282' title='bbox 2041 3440 2090 3465; x_wconf 88' lang='lat' dir='ltr'>Ars</span> <span class='ocrx_word' id='word_1_2283' title='bbox 2105 3446 2131 3467; x_wconf 87' lang='lat' dir='ltr'>et</span> <span class='ocrx_word' id='word_1_2284' title='bbox 2144 3449 2187 3467; x_wconf 80' lang='lat' dir='ltr'>ve-</span> 
     </span>
     <span class='ocr_line' id='line_1_226' title="bbox 1146 3471 2186 3507; baseline 0.004 -9"><span class='ocrx_word' id='word_1_2285' title='bbox 1146 3472 1232 3498; x_wconf 86' lang='lat' dir='ltr'>nustas</span> <span class='ocrx_word' id='word_1_2286' title='bbox 1256 3472 1386 3498; x_wconf 82' lang='lat' dir='ltr'>excellens</span> <span class='ocrx_word' id='word_1_2287' title='bbox 1416 3471 1455 3498; x_wconf 94' lang='lat' dir='ltr'>Id.</span> <span class='ocrx_word' id='word_1_2288' title='bbox 1473 3481 1520 3506; x_wconf 90' lang='lat' dir='ltr'>pro</span> <span class='ocrx_word' id='word_1_2289' title='bbox 1537 3472 1615 3499; x_wconf 91' lang='lat' dir='ltr'>Arch.</span> <span class='ocrx_word' id='word_1_2290' title='bbox 1633 3480 1670 3507; x_wconf 90' lang='lat'>17.</span> <span class='ocrx_word' id='word_1_2291' title='bbox 1742 3472 1888 3499; x_wconf 84' lang='lat' dir='ltr'>Excellenti</span> <span class='ocrx_word' id='word_1_2292' title='bbox 1904 3473 1997 3500; x_wconf 85' lang='lat' dir='ltr'>Gratia</span> <span class='ocrx_word' id='word_1_2293' title='bbox 2014 3473 2135 3502; x_wconf 84' lang='lat' dir='ltr'>homines</span> <span class='ocrx_word' id='word_1_2294' title='bbox 2152 3475 2186 3503; x_wconf 85' lang='lat' dir='ltr'>ad</span> 
     </span>
     <span class='ocr_line' id='line_1_227' title="bbox 1146 3507 2187 3546; baseline 0.005 -12"><span class='ocrx_word' id='word_1_2295' title='bbox 1146 3507 1322 3534; x_wconf 86' lang='lat' dir='ltr'>conficiendas</span> <span class='ocrx_word' id='word_1_2296' title='bbox 1344 3507 1476 3534; x_wconf 83' lang='lat' dir='ltr'>centurias</span> <span class='ocrx_word' id='word_1_2297' title='bbox 1499 3509 1535 3541; x_wconf 79' lang='lat' dir='ltr'>Q</span> <span class='ocrx_word' id='word_1_2298' title='bbox 1558 3508 1614 3534; x_wconf 91' lang='lat' dir='ltr'>Cic.</span> <span class='ocrx_word' id='word_1_2299' title='bbox 1629 3508 1661 3535; x_wconf 85' lang='lat' dir='ltr'>de</span> <span class='ocrx_word' id='word_1_2300' title='bbox 1674 3508 1749 3534; x_wconf 86' lang='lat' dir='ltr'>Petit.</span> <span class='ocrx_word' id='word_1_2301' title='bbox 1763 3509 1839 3534; x_wconf 85' lang='lat' dir='ltr'>Cons.</span> <span class='ocrx_word' id='word_1_2302' title='bbox 1854 3516 1890 3541; x_wconf 85' lang='lat'>25.</span> <span class='ocrx_word' id='word_1_2303' title='bbox 1962 3510 2095 3537; x_wconf 84' lang='lat' dir='ltr'>Excellens</span> <span class='ocrx_word' id='word_1_2304' title='bbox 2114 3512 2187 3546; x_wconf 81' lang='lat' dir='ltr'>Inge-</span> 
     </span>
     <span class='ocr_line' id='line_1_228' title="bbox 1146 3543 2187 3582; baseline 0.002 -13"><span class='ocrx_word' id='word_1_2305' title='bbox 1146 3544 1220 3570; x_wconf 91' lang='lat' dir='ltr'>nium</span> <span class='ocrx_word' id='word_1_2306' title='bbox 1235 3544 1293 3570; x_wconf 90' lang='lat' dir='ltr'>Liu.</span> <span class='ocrx_word' id='word_1_2307' title='bbox 1308 3552 1324 3570; x_wconf 88' lang='lat'>2</span> <span class='ocrx_word' id='word_1_2308' title='bbox 1343 3553 1364 3569; x_wconf 95' lang='lat' dir='ltr'>c.</span> <span class='ocrx_word' id='word_1_2309' title='bbox 1379 3552 1420 3576; x_wconf 78' lang='lat'>43.</span> <span class='ocrx_word' id='word_1_2310' title='bbox 1491 3544 1607 3577; x_wconf 79' lang='lat' dir='ltr'>[ngeniis</span> <span class='ocrx_word' id='word_1_2311' title='bbox 1619 3543 1806 3570; x_wconf 84' lang='lat' dir='ltr'>excellentibus</span> <span class='ocrx_word' id='word_1_2312' title='bbox 1822 3543 1933 3577; x_wconf 87' lang='lat' dir='ltr'>praediti</span> <span class='ocrx_word' id='word_1_2313' title='bbox 1947 3544 2068 3572; x_wconf 82' lang='lat' dir='ltr'>homines</span> <span class='ocrx_word' id='word_1_2314' title='bbox 2082 3548 2124 3580; x_wconf 84' lang='lat' dir='ltr'>spe</span> <span class='ocrx_word' id='word_1_2315' title='bbox 2133 3548 2187 3582; x_wconf 83' lang='lat' dir='ltr'>glo.</span> 
     </span>
     <span class='ocr_line' id='line_1_229' title="bbox 1145 3578 2186 3614; baseline 0.005 -9"><span class='ocrx_word' id='word_1_2316' title='bbox 1145 3580 1202 3606; x_wconf 90' lang='lat' dir='ltr'>riae</span> <span class='ocrx_word' id='word_1_2317' title='bbox 1220 3579 1369 3606; x_wconf 87' lang='lat' dir='ltr'>excitantur</span> <span class='ocrx_word' id='word_1_2318' title='bbox 1394 3579 1450 3606; x_wconf 92' lang='lat' dir='ltr'>Cic.</span> <span class='ocrx_word' id='word_1_2319' title='bbox 1466 3579 1498 3606; x_wconf 83' lang='lat' dir='ltr'>de</span> <span class='ocrx_word' id='word_1_2320' title='bbox 1510 3580 1568 3606; x_wconf 88' lang='lat' dir='ltr'>Fin.</span> <span class='ocrx_word' id='word_1_2321' title='bbox 1582 3590 1603 3612; x_wconf 77' lang='lat'>2,</span> <span class='ocrx_word' id='word_1_2322' title='bbox 1617 3588 1658 3614; x_wconf 83' lang='lat'>43.</span> <span class='ocrx_word' id='word_1_2323' title='bbox 1729 3578 1870 3605; x_wconf 76' lang='lat' dir='ltr'>Muliebris</span> <span class='ocrx_word' id='word_1_2324' title='bbox 1890 3579 1993 3607; x_wconf 85' lang='lat' dir='ltr'>formae</span> <span class='ocrx_word' id='word_1_2325' title='bbox 2013 3582 2186 3610; x_wconf 86' lang='lat' dir='ltr'>Pulchritudo</span> 
     </span>
     <span class='ocr_line' id='line_1_230' title="bbox 1667 3614 2186 3647; baseline 0.015 -9"><span class='ocrx_word' id='word_1_2326' title='bbox 1667 3615 1698 3640; x_wconf 83' lang='lat' dir='ltr'>Et</span> <span class='ocrx_word' id='word_1_2327' title='bbox 1713 3614 1784 3639; x_wconf 85' lang='lat' dir='ltr'>Fam.</span> <span class='ocrx_word' id='word_1_2328' title='bbox 1798 3622 1823 3647; x_wconf 85' lang='lat'>4.</span> <span class='ocrx_word' id='word_1_2329' title='bbox 1838 3623 1849 3647; x_wconf 84' lang='lat'><em>3</em></span> <span class='ocrx_word' id='word_1_2330' title='bbox 1870 3615 1950 3642; x_wconf 87' lang='lat' dir='ltr'>Tuae</span> <span class='ocrx_word' id='word_1_2331' title='bbox 1962 3617 2089 3644; x_wconf 73' lang='lat' dir='ltr'>scientiae</span> <span class='ocrx_word' id='word_1_2332' title='bbox 2103 3619 2186 3645; x_wconf 85' lang='lat' dir='ltr'>excel-</span> 
     </span>
     <span class='ocr_line' id='line_1_231' title="bbox 1146 3649 2183 3684; baseline 0.006 -9"><span class='ocrx_word' id='word_1_2333' title='bbox 1146 3650 1212 3676; x_wconf 87' lang='lat' dir='ltr'>lenti</span> <span class='ocrx_word' id='word_1_2334' title='bbox 1233 3658 1262 3676; x_wconf 88' lang='lat' dir='ltr'>ac</span> <span class='ocrx_word' id='word_1_2335' title='bbox 1284 3650 1410 3684; x_wconf 78' lang='lat' dir='ltr'>singulari</span> <span class='ocrx_word' id='word_1_2336' title='bbox 1429 3659 1483 3677; x_wconf 88' lang='lat' dir='ltr'>non</span> <span class='ocrx_word' id='word_1_2337' title='bbox 1506 3651 1591 3677; x_wconf 86' lang='lat' dir='ltr'>multo</span> <span class='ocrx_word' id='word_1_2338' title='bbox 1612 3649 1685 3683; x_wconf 89' lang='lat' dir='ltr'>plus,</span> <span class='ocrx_word' id='word_1_2339' title='bbox 1706 3658 1784 3683; x_wconf 83' lang='lat' dir='ltr'>quam</span> <span class='ocrx_word' id='word_1_2340' title='bbox 1804 3650 1906 3677; x_wconf 83' lang='lat' dir='ltr'>nostrae</span> <span class='ocrx_word' id='word_1_2341' title='bbox 1926 3652 2049 3679; x_wconf 59' lang='lat' dir='ltr'>relie‘ium</span> <span class='ocrx_word' id='word_1_2342' title='bbox 2067 3654 2103 3680; x_wconf 82' lang='lat' dir='ltr'>est</span> <span class='ocrx_word' id='word_1_2343' title='bbox 2124 3655 2183 3681; x_wconf 88' lang='lat' dir='ltr'>loci.</span> 
     </span>
     <span class='ocr_line' id='line_1_232' title="bbox 1147 3684 2183 3724; baseline 0.005 -12"><span class='ocrx_word' id='word_1_2344' title='bbox 1147 3684 1315 3712; x_wconf 87' lang='lat' dir='ltr'>Pseudo-Cic.</span> <span class='ocrx_word' id='word_1_2345' title='bbox 1329 3686 1424 3720; x_wconf 78' lang='lat' dir='ltr'>Anteq.</span> <span class='ocrx_word' id='word_1_2346' title='bbox 1438 3686 1488 3712; x_wconf 81' lang='lat' dir='ltr'>iret</span> <span class='ocrx_word' id='word_1_2347' title='bbox 1502 3686 1528 3712; x_wconf 89' lang='lat' dir='ltr'>in</span> <span class='ocrx_word' id='word_1_2348' title='bbox 1542 3685 1603 3711; x_wconf 83' lang='lat' dir='ltr'>exil.</span> <span class='ocrx_word' id='word_1_2349' title='bbox 1619 3692 1649 3716; x_wconf 68' lang='lat'>.⁵4</span> <span class='ocrx_word' id='word_1_2350' title='bbox 1690 3685 1736 3710; x_wconf 92' lang='lat' dir='ltr'>Dii</span> <span class='ocrx_word' id='word_1_2351' title='bbox 1755 3684 1871 3720; x_wconf 85' lang='lat' dir='ltr'>deaeque</span> <span class='ocrx_word' id='word_1_2352' title='bbox 1884 3687 2060 3717; x_wconf 85' lang='lat' dir='ltr'>immortales.</span> <span class='ocrx_word' id='word_1_2353' title='bbox 2080 3691 2127 3724; x_wconf 89' lang='lat' dir='ltr'>qui</span> <span class='ocrx_word' id='word_1_2354' title='bbox 2141 3699 2183 3716; x_wconf 82' lang='lat' dir='ltr'>cx-</span> 
     </span>
     <span class='ocr_line' id='line_1_233' title="bbox 1147 3719 2186 3756; baseline 0.004 -10"><span class='ocrx_word' id='word_1_2355' title='bbox 1147 3720 1252 3747; x_wconf 89' lang='lat' dir='ltr'>cellenti</span> <span class='ocrx_word' id='word_1_2356' title='bbox 1269 3721 1373 3747; x_wconf 84' lang='lat' dir='ltr'>tumulo</span> <span class='ocrx_word' id='word_1_2357' title='bbox 1386 3722 1502 3747; x_wconf 80' lang='lat' dir='ltr'>ciuitatis</span> <span class='ocrx_word' id='word_1_2358' title='bbox 1520 3720 1605 3747; x_wconf 85' lang='lat' dir='ltr'>sedem</span> <span class='ocrx_word' id='word_1_2359' title='bbox 1618 3719 1745 3753; x_wconf 87' lang='lat' dir='ltr'>Capitolii</span> <span class='ocrx_word' id='word_1_2360' title='bbox 1763 3720 1792 3746; x_wconf 86' lang='lat' dir='ltr'>in</span> <span class='ocrx_word' id='word_1_2361' title='bbox 1807 3722 1867 3748; x_wconf 80' lang='lat' dir='ltr'>saxo</span> <span class='ocrx_word' id='word_1_2362' title='bbox 1880 3722 1996 3750; x_wconf 84' lang='lat' dir='ltr'>incolitis</span> <span class='ocrx_word' id='word_1_2363' title='bbox 2010 3726 2186 3756; x_wconf 80' lang='lat' dir='ltr'>constitutam,</span> 
     </span>
     <span class='ocr_line' id='line_1_234' title="bbox 1147 3753 2185 3794; baseline 0.003 -12"><span class='ocrx_word' id='word_1_2364' title='bbox 1147 3763 1193 3782; x_wconf 82' lang='lat' dir='ltr'>etc.</span> <span class='ocrx_word' id='word_1_2365' title='bbox 1265 3757 1378 3794; x_wconf 75' lang='lat' dir='ltr'>Compar.</span> <span class='ocrx_word' id='word_1_2366' title='bbox 1405 3757 1474 3790; x_wconf 89' lang='lat' dir='ltr'>Nep.</span> <span class='ocrx_word' id='word_1_2367' title='bbox 1487 3765 1514 3791; x_wconf 92' lang='lat'>7,</span> <span class='ocrx_word' id='word_1_2368' title='bbox 1532 3765 1550 3788; x_wconf 89' lang='lat'>1,</span> <span class='ocrx_word' id='word_1_2369' title='bbox 1566 3764 1575 3781; x_wconf 94' lang='lat'>1</span> <span class='ocrx_word' id='word_1_2370' title='bbox 1594 3753 1672 3780; x_wconf 89' lang='lat' dir='ltr'>Nihil</span> <span class='ocrx_word' id='word_1_2371' title='bbox 1687 3755 1827 3783; x_wconf 85' lang='lat' dir='ltr'>Alcibiade</span> <span class='ocrx_word' id='word_1_2372' title='bbox 1844 3758 1898 3785; x_wconf 86' lang='lat' dir='ltr'>suit</span> <span class='ocrx_word' id='word_1_2373' title='bbox 1918 3760 2087 3787; x_wconf 76' lang='lat' dir='ltr'>excellentius</span> <span class='ocrx_word' id='word_1_2374' title='bbox 2101 3761 2140 3786; x_wconf 86' lang='lat' dir='ltr'>vel</span> <span class='ocrx_word' id='word_1_2375' title='bbox 2157 3761 2185 3786; x_wconf 85' lang='lat' dir='ltr'>in</span> 
     </span>
     <span class='ocr_line' id='line_1_235' title="bbox 1552 3790 2183 3829; baseline 0.011 -14"><span class='ocrx_word' id='word_1_2376' title='bbox 1552 3790 1649 3816; x_wconf 85' lang='lat' dir='ltr'>Lucan.</span> <span class='ocrx_word' id='word_1_2377' title='bbox 1663 3790 1695 3817; x_wconf 88' lang='lat' dir='ltr'>ad</span> <span class='ocrx_word' id='word_1_2378' title='bbox 1706 3792 1851 3826; x_wconf 66' lang='lat' dir='ltr'>Pison.240</span> <span class='ocrx_word' id='word_1_2379' title='bbox 1880 3795 1990 3829; x_wconf 84' lang='lat' dir='ltr'>Ipsaque</span> <span class='ocrx_word' id='word_1_2380' title='bbox 2010 3797 2096 3822; x_wconf 86' lang='lat' dir='ltr'>nescio</span> <span class='ocrx_word' id='word_1_2381' title='bbox 2118 3795 2183 3829; x_wconf 88' lang='lat' dir='ltr'>quid</span> 
     </span>
     <span class='ocr_line' id='line_1_236' title="bbox 1148 3826 2185 3865; baseline 0.004 -13"><span class='ocrx_word' id='word_1_2382' title='bbox 1148 3836 1220 3853; x_wconf 79' lang='lat' dir='ltr'>mens</span> <span class='ocrx_word' id='word_1_2383' title='bbox 1243 3827 1414 3854; x_wconf 86' lang='lat' dir='ltr'>excellentius</span> <span class='ocrx_word' id='word_1_2384' title='bbox 1434 3826 1520 3853; x_wconf 76' lang='lat' dir='ltr'>audet.</span> <span class='ocrx_word' id='word_1_2385' title='bbox 1595 3827 1688 3860; x_wconf 67' lang='lat' dir='ltr'>Superi.</span> <span class='ocrx_word' id='word_1_2386' title='bbox 1724 3828 1780 3854; x_wconf 90' lang='lat' dir='ltr'>Cic.</span> <span class='ocrx_word' id='word_1_2387' title='bbox 1799 3828 1830 3855; x_wconf 89' lang='lat' dir='ltr'>de</span> <span class='ocrx_word' id='word_1_2388' title='bbox 1845 3829 1879 3856; x_wconf 86' lang='lat' dir='ltr'>N.</span> <span class='ocrx_word' id='word_1_2389' title='bbox 1896 3831 1927 3856; x_wconf 92' lang='lat' dir='ltr'>D.</span> <span class='ocrx_word' id='word_1_2390' title='bbox 1946 3840 1965 3862; x_wconf 92' lang='lat'>1,</span> <span class='ocrx_word' id='word_1_2391' title='bbox 1978 3841 1995 3863; x_wconf 89' lang='lat'>4</span> <span class='ocrx_word' id='word_1_2392' title='bbox 2015 3841 2036 3857; x_wconf 91' lang='lat' dir='ltr'>c.</span> <span class='ocrx_word' id='word_1_2393' title='bbox 2054 3840 2068 3857; x_wconf 84' lang='lat'>2</span> <span class='ocrx_word' id='word_1_2394' title='bbox 2099 3833 2185 3865; x_wconf 73' lang='lat' dir='ltr'>Atque</span> 
     </span>
     <span class='ocr_line' id='line_1_237' title="bbox 1147 3861 2187 3898; baseline 0.001 -8"><span class='ocrx_word' id='word_1_2395' title='bbox 1147 3862 1217 3890; x_wconf 84' lang='lat' dir='ltr'>hand</span> <span class='ocrx_word' id='word_1_2396' title='bbox 1231 3863 1285 3889; x_wconf 90' lang='lat' dir='ltr'>scio</span> <span class='ocrx_word' id='word_1_2397' title='bbox 1306 3872 1338 3890; x_wconf 89' lang='lat' dir='ltr'>an</span> <span class='ocrx_word' id='word_1_2398' title='bbox 1357 3864 1452 3898; x_wconf 85' lang='lat' dir='ltr'>pietate</span> <span class='ocrx_word' id='word_1_2399' title='bbox 1472 3861 1593 3887; x_wconf 77' lang='lat' dir='ltr'>aduersus</span> <span class='ocrx_word' id='word_1_2400' title='bbox 1607 3861 1669 3888; x_wconf 71' lang='lat' dir='ltr'>deos</span> <span class='ocrx_word' id='word_1_2401' title='bbox 1683 3862 1797 3896; x_wconf 87' lang='lat' dir='ltr'>sublata,</span> <span class='ocrx_word' id='word_1_2402' title='bbox 1818 3864 1880 3890; x_wconf 81' lang='lat' dir='ltr'>sides</span> <span class='ocrx_word' id='word_1_2403' title='bbox 1894 3867 1970 3892; x_wconf 82' lang='lat' dir='ltr'>etiam</span> <span class='ocrx_word' id='word_1_2404' title='bbox 1986 3873 2011 3892; x_wconf 83' lang='lat' dir='ltr'>et</span> <span class='ocrx_word' id='word_1_2405' title='bbox 2024 3867 2130 3892; x_wconf 80' lang='lat' dir='ltr'>societas</span> <span class='ocrx_word' id='word_1_2406' title='bbox 2145 3875 2187 3898; x_wconf 69' lang='lat' dir='ltr'>ge-</span> 
     </span>
     <span class='ocr_line' id='line_1_238' title="bbox 1148 3896 2187 3929; baseline 0.001 -4"><span class='ocrx_word' id='word_1_2407' title='bbox 1148 3898 1219 3925; x_wconf 81' lang='lat' dir='ltr'>neris</span> <span class='ocrx_word' id='word_1_2408' title='bbox 1235 3897 1357 3929; x_wconf 83' lang='lat' dir='ltr'>humani,</span> <span class='ocrx_word' id='word_1_2409' title='bbox 1377 3905 1402 3924; x_wconf 87' lang='lat' dir='ltr'>et</span> <span class='ocrx_word' id='word_1_2410' title='bbox 1415 3905 1464 3923; x_wconf 84' lang='lat' dir='ltr'>vna</span> <span class='ocrx_word' id='word_1_2411' title='bbox 1483 3896 1691 3923; x_wconf 76' lang='lat' dir='ltr'>excellentiffima</span> <span class='ocrx_word' id='word_1_2412' title='bbox 1706 3899 1791 3925; x_wconf 84' lang='lat' dir='ltr'>virtus</span> <span class='ocrx_word' id='word_1_2413' title='bbox 1808 3900 1908 3928; x_wconf 81' lang='lat' dir='ltr'>iustitia</span> <span class='ocrx_word' id='word_1_2414' title='bbox 1921 3903 2038 3928; x_wconf 81' lang='lat' dir='ltr'>tollatur.</span> <span class='ocrx_word' id='word_1_2415' title='bbox 2094 3902 2130 3927; x_wconf 86' lang='lat' dir='ltr'>Ex</span> <span class='ocrx_word' id='word_1_2416' title='bbox 2146 3901 2187 3926; x_wconf 88' lang='lat' dir='ltr'>his</span> 
     </span>
     <span class='ocr_line' id='line_1_239' title="bbox 1151 3933 1685 3967; baseline -0.002 -7"><span class='ocrx_word' id='word_1_2417' title='bbox 1151 3933 1355 3961; x_wconf 84' lang='lat' dir='ltr'>excellentiffimi</span> <span class='ocrx_word' id='word_1_2418' title='bbox 1375 3934 1482 3959; x_wconf 85' lang='lat' dir='ltr'>fuerunt</span> <span class='ocrx_word' id='word_1_2419' title='bbox 1496 3933 1564 3967; x_wconf 88' lang='lat' dir='ltr'>Nep.</span> <span class='ocrx_word' id='word_1_2420' title='bbox 1579 3941 1616 3965; x_wconf 88' lang='lat'>21,</span> <span class='ocrx_word' id='word_1_2421' title='bbox 1630 3941 1647 3959; x_wconf 94' lang='lat'>1.</span> <span class='ocrx_word' id='word_1_2422' title='bbox 1661 3942 1685 3959; x_wconf 89' lang='lat'>2.</span> 
     </span>
    </p>
   </div>
   <div class='ocr_carea' id='block_1_59' title="bbox 1046 3967 2189 4007">
    <p class='ocr_par' dir='ltr' id='par_1_77' title="bbox 1046 3967 2189 4007">
     <span class='ocr_line' id='line_1_240' title="bbox 1046 3967 2189 4007; baseline 0.002 -12"><span class='ocrx_word' id='word_1_2423' title='bbox 1046 3968 1089 3995; x_wconf 82' lang='lat' dir='ltr'>Fi·</span> <span class='ocrx_word' id='word_1_2424' title='bbox 1100 3981 1144 4007; x_wconf 84' lang='lat'>105</span> <span class='ocrx_word' id='word_1_2425' title='bbox 1188 3976 1204 3997; x_wconf 81' lang='grc' dir='ltr'><strong>Ε</strong></span> <span class='ocrx_word' id='word_1_2426' title='bbox 1213 3976 1230 3995; x_wconf 87' lang='lat' dir='ltr'>X</span> <span class='ocrx_word' id='word_1_2427' title='bbox 1240 3974 1258 3995; x_wconf 93' lang='lat' dir='ltr'>C</span> <span class='ocrx_word' id='word_1_2428' title='bbox 1270 3975 1312 3996; x_wconf 83' lang='lat' dir='ltr'>EI.</span> <span class='ocrx_word' id='word_1_2429' title='bbox 1321 3976 1362 3996; x_wconf 86' lang='lat' dir='ltr'>LE</span> <span class='ocrx_word' id='word_1_2430' title='bbox 1373 3976 1392 3993; x_wconf 83' lang='lat' dir='ltr'>N</span> <span class='ocrx_word' id='word_1_2431' title='bbox 1403 3975 1424 3994; x_wconf 86' lang='lat' dir='ltr'>T</span> <span class='ocrx_word' id='word_1_2432' title='bbox 1437 3975 1443 3993; x_wconf 93' lang='grc'>1</span> <span class='ocrx_word' id='word_1_2433' title='bbox 1456 3975 1495 4001; x_wconf 83' lang='lat' dir='ltr'>A,</span> <span class='ocrx_word' id='word_1_2434' title='bbox 1513 3977 1552 3996; x_wconf 84' lang='lat' dir='ltr'>ae.</span> <span class='ocrx_word' id='word_1_2435' title='bbox 1573 3969 1593 3995; x_wconf 89' lang='lat' dir='ltr'>f.</span> <span class='ocrx_word' id='word_1_2436' title='bbox 1615 3967 1752 4005; x_wconf 69' lang='grc' dir='ltr'>[ὖπιρσχῆ]</span> <span class='ocrx_word' id='word_1_2437' title='bbox 1778 3969 1951 4004; x_wconf 63' lang='lat' dir='ltr'>Pruzstantia,</span> <span class='ocrx_word' id='word_1_2438' title='bbox 1967 3972 2114 3997; x_wconf 75' lang='lat' dir='ltr'>Eminentia.</span> <span class='ocrx_word' id='word_1_2439' title='bbox 2142 3971 2189 3997; x_wconf 79' lang='lat' dir='ltr'>Ex—</span> 
     </span>
    </p>
   </div>
   <div class='ocr_carea' id='block_1_60' title="bbox 1349 4005 2191 4034">
    <p class='ocr_par' dir='ltr' id='par_1_78' title="bbox 1349 4005 2191 4034">
     <span class='ocr_line' id='line_1_241' title="bbox 1349 4005 2191 4034; baseline 0.004 -4"><span class='ocrx_word' id='word_1_2440' title='bbox 1349 4005 1378 4030; x_wconf 92' lang='lat' dir='ltr'>M</span> <span class='ocrx_word' id='word_1_2441' title='bbox 1399 4012 1426 4030; x_wconf 91' lang='lat' dir='ltr'>m</span> <span class='ocrx_word' id='word_1_2442' title='bbox 1445 4012 1472 4030; x_wconf 82' lang='lat' dir='ltr'>in</span> <span class='ocrx_word' id='word_1_2443' title='bbox 2069 4006 2191 4034; x_wconf 81' lang='lat' dir='ltr'>cellentia</span> 
     </span>
    </p>
   </div>
  </div>
 </body>
</html>
