2479 4225
262 229 313 256 ego
327 219 388 246 istos
402 217 494 249 fiaes,
514 213 687 249 compositos,
706 213 819 247 crispos,
839 208 938 235 Cinnos
956 210 1033 238 ωος,
1052 207 1242 239 vnguentatos,
1259 210 1302 228 vs-

264 265 316 291 que
330 263 361 281 ex
375 253 485 280 cerebro
499 251 635 286 expellam
706 247 825 276 Crimina
845 243 912 269 Tac.
929 241 996 281 Ann.
1011 249 1040 273 3,
1054 248 1094 280 37.
1161 237 1303 264 eumancio

263 291 338 320 Idem
351 291 418 316 Ann.
433 297 454 321 1,
467 290 512 321 46.
582 287 651 313 Deus
672 285 747 310 fietus
767 288 791 307 et
812 282 1012 304 commenticius
1033 277 1089 302 Cic.
1104 275 1135 301 de
1148 274 1208 300 Nat.
1223 273 1304 299 Deor-

264 335 292 360 2,
303 334 338 360 70
358 334 380 351 c.
392 330 429 353 28.
500 321 619 349 Ebrietas
637 319 717 347 Ouid.
737 317 768 343 de
782 316 845 341 Arte
859 314 918 339 Am.
935 321 953 343 1,
973 319 1032 346 597.
1125 309 1223 336 Fabula
1242 308 1303 334 fieta

266 368 293 388 et
306 359 493 387 commenticia
510 359 566 385 Cic.
580 357 632 384 Off.
645 364 667 387 3,
681 362 710 386 39
735 361 755 377 c.
771 359 796 382 9.
866 348 964 374 Fabula
978 347 1038 373 fieta
1055 347 1083 372 in
1097 353 1195 372 vanum
1214 344 1304 384 iocum
1328 348 1342 374 5

265 396 375 423 Tibull.
389 404 412 428 3,
426 405 454 429 4,
469 397 508 425 68.
578 392 696 418 Gemitus
714 387 756 413 dat
775 384 850 410 fictos
871 383 954 410 Ouid.
969 383 1034 410 Met.
1048 384 1075 415 6,
1089 383 1142 414 565.
1212 380 1304 405 Gratia

268 432 330 458 fidia
341 432 446 466 linguae
459 430 531 462 Idem
546 427 622 462 Epist.
638 434 674 455 12,
689 431 723 448 12.
798 456 803 460 ³
817 419 950 460 Homulus
969 427 1001 445 ex
1014 417 1105 452 argilla
1118 425 1143 442 et
1158 416 1214 442 luto
1227 414 1305 441 fictus

268 468 324 495 Cic.
339 468 368 494 in
381 467 465 493 Pison.
481 474 510 498 59
529 473 550 490 c.
564 470 599 494 25.
670 460 761 490 Imago
779 456 848 490 p1&a
867 461 893 482 et
909 454 970 495 fifta
988 453 1026 494 Id.
1041 454 1112 480 Fam.
1126 459 1147 485 5,
1163 460 1197 477 12.
1247 451 1305 476 Ma-

267 503 336 531 teria
348 512 402 529 non
415 500 545 528 inerudite
565 497 596 522 ad
610 491 805 519 declamandum
821 490 881 517 fieta
901 489 1033 524 Qunfihl.
1046 498 1066 520 1,
1080 497 1116 514 10.
1221 486 1305 512 Plaut.

268 538 349 566 Stich.
364 546 386 572 ς,
402 546 424 570 5,
437 547 455 569 4
475 536 542 562 Nam
559 532 594 557 ita
614 528 649 554 est
663 528 799 562 ingenium
813 526 966 559 Muliebre,
987 527 1053 551 bene
1074 531 1157 558 quum
1169 522 1239 548 lauta
1259 521 1306 553 est,
1332 529 1361 547 10
1372 520 1458 547 Valer.
1471 522 1579 548 Maxim.
1594 530 1621 554 4,
1636 530 1663 554 4.

269 575 351 605 tersa,
372 578 477 601 ornata,
504 567 561 593 fieta
582 564 634 596 est,
660 563 759 590 infecta
781 563 818 589 est
841 569 935 589 tamen.
978 561 1036 588 Vid.
1049 560 1162 593 Fingere
1176 558 1224 597 Se,
1242 566 1268 584 n.
1283 565 1304 589 3.

270 608 367 637 Officio
388 607 462 636 ἥξω,
481 601 651 634 fimulataque
669 599 807 625 sedulitate
827 597 982 625 coniunctus
1001 597 1058 623 Cic.
1076 603 1125 629 pro
1142 594 1247 620 Caecm.
1268 601 1307 625 14.

271 646 411 672 Orationes
432 636 559 671 Qinc‘til.
580 638 613 668 6,
634 644 654 661 1.
725 634 834 661 Peelore
854 633 915 660 ficio
933 633 1004 659 fatur
1021 630 1117 665 Virgil.
1131 630 1195 656 Aen.
1210 637 1235 663 2,
1250 636 1306 662 107.

271 680 376 713 Religio
391 677 443 703 Cic.
452 675 523 699 Fam.
538 681 558 704 1,
569 680 595 704 4.
667 670 717 696 Res
732 669 808 696 fictae
821 675 846 696 et
857 669 1025 696 adumbratae
1037 666 1112 694 Idem
1126 666 1158 691 de
1170 665 1254 690 Amic.
1262 671 1307 698 79.

270 717 320 743 Res
343 713 416 739 fictae
437 715 461 734 et
483 706 683 735 commenticiae
703 706 759 732 Cic.
779 714 827 739 pro
839 706 959 731 Muraen.
975 713 1011 736 23.

270 746 406 778 subornari
419 745 483 770 solet
501 749 527 770 et
539 742 642 777 imponi
656 741 734 768 falsae
747 741 852 767 tabulae
869 740 942 766 Idem
957 748 1007 774 pro
1019 738 1126 765 Caecin.
1139 744 1178 771 71.
1209 748 1211 750 ·
1233 736 1306 761 Voce

271 785 329 812 ficia
342 781 453 817 gloriam
466 779 515 806 libi
528 787 653 813 quaerere
666 777 746 804 Ouid.
761 778 826 803 Met.
839 784 865 808 9,
880 784 919 809 54.
991 775 1087 800 Tenax
1103 772 1160 798 fieti
1178 771 1308 806 prauique

267 820 341 852 Vir-g.
356 817 421 842 Aen.
437 824 465 848 4,
477 820 517 845 188
538 814 567 840 de
583 815 666 840 Fama.
737 810 905 846 Sufflantiuc,
926 810 999 838 Ficta
1015 812 1070 837 cito
1087 808 1120 836 ad
1133 814 1255 835 naturam
1267 815 1308 834 re-

267 853 378 880 ciderint
396 852 468 878 suam
483 852 508 876 P.
524 850 611 882 Syrus.

303 893 471 919 FlCTOR,
498 885 563 912 oris.
597 894 634 911 m.
669 882 801 918 [πλοῖςης,
820 880 960 916 ‚rhus-mnis]
1002 882 1053 916 Qi
1064 880 1155 917 fingit.
1197 878 1254 905 Cic.
1274 877 1350 904 dezo

266 924 361 951 Natur.
373 923 453 948 Deor.
467 930 493 953 2,
508 928 543 956 72
563 929 585 946 c.
599 929 630 953 29
651 919 779 954 Reliquos
793 918 857 945 deos
875 927 905 944 ea
919 917 985 943 facie
1000 917 1141 948 nouimus,
1157 923 1208 949 qua
1223 913 1307 949 picio-

265 968 320 990 res,
341 957 499 992 fictoresque
518 956 668 983 voluerunt.
759 955 849 981 Fioor
872 953 959 988 legum
978 953 1059 979 Plaut.
1079 952 1154 986 Epid.
1175 960 1198 983 3,
1218 959 1246 983 4,
1266 951 1307 979 86.

265 993 287 1032 5
311 1003 324 1020 2
360 993 453 1020 Fictor
469 992 622 1028 appellatur,
646 990 736 1017 Isidor.
758 1000 787 1017 10
819 999 834 1016 a
853 988 991 1023 Fingendo
1013 994 1039 1014 et
1057 986 1241 1022 componendo
1260 985 1308 1011 ali-

266 1028 333 1065 quid
347 1040 352 1055 :
385 1028 463 1060 sicut,
486 1028 541 1062 Qi
562 1027 668 1062 capillos
688 1027 831 1053 mulierum
846 1025 922 1056 linit,
937 1030 963 1051 et
975 1023 1128 1059 pei-traebat.
1146 1029 1172 1049 et
1187 1022 1270 1056 vngit‚
1284 1024 1312 1046 et

265 1064 371 1092 nitidat.
427 1063 475 1091 Sed
494 1070 518 1090 et
530 1064 581 1090 Dei
595 1062 726 1090 habebant
742 1063 802 1089 suos
816 1061 951 1093 Fidiorcs,
969 1060 1019 1086 hoc
1039 1059 1090 1091 est,
1108 1059 1155 1093 qui
1172 1056 1344 1084 finmlacrasss

266 1109 360 1128 eorum
375 1099 548 1126 exornabant.
618 1099 707 1126 Senec.
720 1098 787 1134 apud
797 1097 930 1131 Augustin.
949 1095 981 1122 de
994 1096 1053 1121 Ciu.
1068 1095 1119 1121 Dei
1131 1096 1155 1125 6,
1178 1102 1206 1120 10
1232 1093 1309 1119 Alius

266 1137 376 1163 nomina
388 1136 446 1161 Deo
463 1134 588 1167 subiicit,
605 1135 673 1161 alius
694 1134 771 1161 horas
790 1135 850 1160 Ioui
869 1132 991 1162 nunciat,
1009 1131 1076 1157 alius
1096 1130 1174 1156 fi&or
1193 1129 1229 1155 est
1249 1129 1310 1162 (ita

265 1175 330 1199 enim
343 1181 395 1198 cum
408 1170 489 1206 Lipfio
502 1170 650 1206 legendum)
668 1170 734 1197 alius
747 1169 848 1196 audior.
902 1167 1037 1195 FICTO
1047 1167 1069 1193 R
1078 1167 1096 1192 E
1105 1166 1120 1192 S
1158 1165 1207 1191 ΡΟ
1217 1164 1312 1191 ΝΤΙ-

265 1207 402 1234 FICVM
438 1212 464 1233 ct
498 1207 521 1232 V
532 1206 757 1232 ESTALIVM
794 1208 822 1231 in
845 1207 901 1231 anti
918 1206 958 1230 uis
976 1204 1000 1229 la
1018 1202 1100 1229 idibus
1116 1202 1138 1228 le
1157 1207 1234 1227 untur
1246 1210 1256 1229 ;
1287 1205 1312 1225 et

264 1243 294 1271 bi
313 1249 398 1275 erant,
415 1243 456 1268 vel
472 1242 523 1277 ⁸Qui
540 1242 581 1267 vel
598 1241 626 1267 de
641 1248 707 1277 pane
724 1247 769 1267 aut
789 1250 846 1267 cera
857 1213 937 1276 fidas
955 1211 1048 1272 hosiias
1060 1210 1194 1274 facieliiznt
1209 1243 1259 1271 pro
1278 1241 1312 1261 te·
1324 1237 1355 1261 30

265 1278 407 1309 nuioribus,
432 1279 472 1304 vel
491 1278 542 1312 Qti
559 1280 627 1303 inter
644 1275 782 1310 ministeria
793 1277 924 1313 fita-rorum
943 1275 992 1301 liba
1003 1274 1136 1310 fingebant
1152 1283 1160 1297 :
1186 1269 1312 1306 posterius

265 1314 357 1349 dtstrte
369 1315 456 1339 Varro
473 1317 511 1339 ait
529 1312 561 1339 de
575 1313 604 1338 L.
619 1312 648 1338 L.
663 1315 689 1345 6,
704 1322 715 1343 3
740 1321 766 1347 p.
779 1319 821 1346 73,
835 1320 861 1344 23
886 1310 1005 1338 Fistores
1018 1309 1085 1335 dicti
1104 1317 1118 1334 a
1131 1306 1258 1341 fingendis
1278 1306 1310 1332 li-

266 1350 316 1376 bis.
359 1348 433 1384 Conf.
452 1351 519 1384 inpr.
533 1349 620 1374 Gracu-
635 1348 669 1374 ad
681 1349 737 1374 Cic.
752 1357 801 1382 pro
814 1348 903 1374 Domo
922 1356 944 1373 c.
958 1354 998 1379 54.
1102 1343 1222 1370 Fioores
1236 1345 1310 1368 etiam

265 1385 410 1411 dicebantur
420 1385 549 1411 Dulciarii
566 1386 648 1419 operis
654 1380 773 1420 fatiores
790 1385 844 1410 alii.
886 1382 943 1412 Vid.
959 1380 1059 1418 Cafizub.
1077 1379 1111 1407 ad
1123 1379 1229 1406 Sueton.
1243 1379 1311 1412 Aug.

266 1430 294 1448 ca
314 1441 320 1447 .
335 1430 353 1454 4
379 1426 444 1447 extr.
1316 1416 1345 1443 35

296 1431 322 1482 PF
333 1464 341 1482 1
353 1461 369 1482 c
382 1463 430 1482 ΤΚ
441 1461 495 1487 ιΧ,
519 1454 576 1480 icis·
612 1455 632 1481 f.
669 1455 795 1489 [πλαςίς]
832 1454 889 1481 Cic.
905 1453 936 1480 de
949 1453 1044 1480 Natur.
1058 1452 1140 1478 Deor.
1151 1458 1173 1482 3,
1188 1458 1216 1482 9ι
1242 1458 1264 1475 c.
1279 1457 1310 1481 39

267 1492 329 1519 Eius
345 1496 432 1518 autem
444 1491 582 1518 Vniuersae
595 1490 723 1517 fictricem
737 1497 762 1517 et
775 1490 993 1521 moderatricem,
1013 1487 1131 1514 diuinam
1152 1486 1200 1511 esse
1218 1485 1310 1519 proui-

267 1527 392 1556 dentiam.
462 1526 587 1553 Fietrices
605 1533 628 1553 ct
643 1526 791 1552 Veratrices
811 1527 868 1552 olim
882 1523 963 1550 diffie
975 1525 1087 1550 mulleres
1101 1521 1221 1556 veneficae
1236 1527 1259 1546 ct
1268 1520 1312 1555 sa-

267 1572 326 1599 gae,
344 1562 372 1588 de
392 1562 477 1597 quibus
496 1562 588 1597 Scalig.
605 1565 632 1588 in
647 1561 706 1588 Ciri
739 1572 763 1596 p.
778 1569 809 1596 75
828 1560 961 1596 laudatque
975 1559 1091 1586 Calicem
1111 1556 1240 1584 infectum
1261 1555 1310 1591 spi-

269 1598 324 1624 ritu
338 1597 445 1623 ficii-icis
460 1597 578 1623 Tertull.
598 1597 629 1623 de
643 1598 700 1624 Res.
715 1598 792 1624 Carn.
812 1606 833 1623 c.
848 1599 885 1623 16.
922 1595 975 1622 vid.
990 1597 1048 1622 lun.
1062 1597 1089 1620 in
1102 1600 1153 1620 not.

305 1639 339 1659 ΡΙ
351 1638 367 1658 C
379 1639 399 1658 Τ
410 1640 419 1657 1
430 1637 466 1662 Ο,
485 1632 552 1657 anis.
580 1632 600 1659 f.
636 1633 754 1659 Laftant.
768 1633 800 1658 de
814 1632 910 1667 Opific.
924 1630 976 1658 Dei
1000 1640 1022 1658 c.
1043 1639 1070 1656 12.
1099 1630 1130 1655 Iu
1144 1627 1236 1656 auium
1250 1627 1311 1654 feti-

269 1668 319 1695 bus
331 1668 447 1702 primum
460 1666 550 1692 oculos
563 1666 644 1700 fingi,
659 1668 770 1693 dubium
785 1676 838 1694 non
852 1668 887 1693 est
901 1679 907 1693 :
932 1666 1003 1702 quod
1019 1667 1046 1692 in
1060 1666 1119 1691 ouis
1132 1665 1206 1698 saepe
1220 1664 1311 1698 depre-

269 1703 419 1731 hendimus.
475 1701 549 1728 Vnde
571 1701 630 1727 fieri
651 1712 704 1728 non
722 1703 789 1736 poss'e
809 1702 940 1734 arbitror,
960 1702 1026 1736 quin
1041 1701 1116 1728 fictio
1134 1709 1148 1726 a
1168 1699 1252 1734 capite
1272 1700 1312 1725 su-

271 1744 325 1765 mat
339 1738 486 1765 exordium.
558 1737 685 1771 Corporis
705 1737 779 1763 fiffio
798 1737 914 1763 Laciant.
933 1745 963 1768 2,
982 1745 1018 1762 12.
1090 1735 1216 1761 Hominis
1236 1735 1311 1760 fiffio

269 1773 344 1800 Idem
355 1782 384 1806 4,
399 1782 425 1805 4.
496 1771 568 1799 La&
586 1772 645 1801 Inst.
661 1781 680 1805 1,
693 1782 705 1798 2
728 1771 896 1799 Fic‘tionibus
909 1771 1025 1797 credere.
1306 1768 1351 1794 .45

268 1808 394 1834 Inducere
407 1809 543 1841 Deorum,
562 1808 650 1834 nescio
665 1817 728 1843 quas
742 1807 872 1834 fictiones
924 1804 1050 1832 Fallitatis
1069 1803 1169 1830 Arnob.
1189 1811 1201 1835 5
1221 1804 1309 1836 p.166.

273 1842 340 1878 Vsus
359 1840 392 1873 ⁶st
410 1848 434 1868 e!
448 1842 558 1879 Qintssk.
572 1850 595 1873 5,
609 1851 647 1868 10.
684 1849 707 1868 et
725 1850 748 1878 8,
765 1845 791 1869 6.
826 1846 857 1869 it.
870 1851 906 1875 79,
921 1850 934 1873 3
960 1841 1004 1868 vbi
1018 1840 1217 1876 Prosopopoeiam
1231 1838 1312 1873 appel-

268 1879 333 1905 lauit
346 1876 472 1902 Personae
485 1875 630 1901 fichonem.

306 1918 324 1938 Ρ
336 1918 372 1938 lc
386 1917 515 1942 TVRA,
541 1918 580 1936 ae.
616 1910 636 1936 f.
674 1909 741 1935 Gell.
763 1918 806 1941 10,
824 1916 838 1941 5
862 1910 890 1934 de
909 1912 1005 1934 nomine
1024 1909 1144 1933 Auarus:
1168 1909 1223 1933 Cur
1241 1907 1313 1932 enim

268 1957 324 1975 non
337 1946 424 1974 videri
440 1945 511 1980 poffit
528 1945 560 1971 ab
578 1954 633 1971 vno
647 1945 732 1971 solum
746 1943 831 1970 verbo
844 1943 1014 1974 inclinatum,
1035 1941 1107 1976 quod
1121 1941 1156 1966 est
1171 1949 1245 1968 aueo,·
1272 1949 1313 1966 ea·
1321 1943 1352 1967 50

270 1984 382 2018 demque
395 1981 505 2013 fictura,
525 1990 576 2015 qua
590 1980 626 2007 cst
639 1990 746 2007 amarus.
782 1977 824 2013 Est
837 1982 919 2015 igitur
931 1977 1024 2004 fictura
1039 1976 1133 2008 cadem,
1153 1984 1212 2011 quae
1231 1974 1315 2010 figura

269 2026 293 2047 et
302 2021 369 2046 velut
381 2017 546 2053 conformatio
556 2019 634 2043 vocis.

306 2060 396 2082 FICT
407 2060 428 2078 v
439 2060 468 2085 s,
488 2051 528 2079 fis.
564 2061 600 2078 m.
635 2050 730 2078 Sarisb.
745 2059 772 2082 2,
786 2057 821 2085 27
842 2049 1002 2084 Disciplinae
1014 2048 1105 2074 fidium
1118 2046 1241 2082 effugere.

307 2097 326 2117 F
336 2098 345 2116 1
355 2096 402 2116 CT
412 2095 427 2115 E
437 2108 443 2114 .
480 2088 548 2114 Adu.
583 2088 718 2122 [πλαςῶς]
755 2086 809 2112 Cic.
819 2086 890 2111 Fam.
905 2093 926 2116 3,
942 2093 967 2110 12
984 2088 1031 2116 (13)
1053 2084 1124 2110 Nam
1138 2089 1166 2108 w
1179 2088 1254 2109 vetus
1266 2090 1313 2108 no-

271 2125 323 2153 stra
335 2125 450 2151 simultas
463 2130 538 2150 antea
546 2123 695 2150 stimulabat
707 2130 760 2154 me,
778 2125 806 2147 vt
814 2129 944 2151 canerem,
960 2127 993 2145 ne
1006 2118 1050 2145 cui
1062 2118 1238 2151 suspicionem
1253 2117 1314 2143 fiete
1321 2121 1349 2147 55

272 2160 458 2189 reconciliatae
472 2160 570 2194 gratiae
583 2158 681 2186 darem.
754 2158 887 2183 Contraria
902 2166 909 2181 :
946 2155 1019 2181 Idem
1037 2162 1085 2187 pro
1097 2153 1187 2179 Domo
1205 2160 1241 2186 77
1269 2154 1312 2178 Ius

272 2206 288 2224 a
299 2195 447 2223 maioribus
460 2195 570 2226 nostris,
590 2195 637 2229 qui
653 2203 706 2219 non
721 2192 781 2219 flue
796 2198 821 2218 et
833 2191 963 2219 fallaciter
976 2188 1130 2225 populares,
1149 2187 1192 2214 scd
1206 2196 1269 2214 vere
1288 2192 1315 2213 et

272 2231 412 2291 sapiente}
421 2230 546 2262 fuerunt,
564 2230 602 2256 ita
616 2234 795 2264 comparatum
808 2227 860 2260 est,
880 2234 926 2254 etc.
982 2224 1055 2252 ficte
1070 2229 1095 2250 et
1108 2222 1225 2249 simulate
1237 2222 1315 2257 loqui

273 2268 331 2294 Cic.
373 2286 379 2292 .
413 2271 476 2292 ratr.
490 2274 499 2291 1
527 2274 535 2291 1
587 2285 593 2291 .

311 2308 327 2328 F
337 2267 409 2328 1}M
421 2307 437 2326 E
448 2307 487 2333 N,
502 2273 584 2326 inis.4
603 2309 630 2326 n.
664 2299 785 2326 Prudent.
800 2297 898 2332 Apoth.
913 2301 963 2332 798
986 2295 1081 2322 Fauor
1093 2292 1315 2356 vtroqueEhomi-
1323 2290 1358 2315 60

1228 2335 1240 2356 t
1260 2336 1315 2361 1035

1317 1595 1355 1620 40

1097 1769 1198 1796 Arnob.
1210 1778 1237 1800 4,
1267 1788 1273 1793 .

274 2347 336 2364 nem
349 2336 478 2363 meditans
497 2335 528 2362 de
543 2335 650 2369 figmine
665 2334 779 2361 iunc‘lim
816 2332 961 2359 Aedificare
974 2332 1012 2358 sui
1026 2331 1146 2357 similem.

275 2374 312 2400 Os
327 2381 433 2407 capere,
447 2377 473 2398 et
483 2371 561 2398 fabro
574 2370 678 2397 deitatis
693 2370 801 2404 tigmine
819 2368 896 2395 nasci.

313 2415 347 2435 ιη
358 2414 574 2441 GMENTVM,
588 2406 607 2433 i.
627 2415 654 2432 n.
689 2405 836 2440 [πλάσμα]
872 2401 1041 2440 Qodfiftum
1053 2400 1095 2435 est.
1132 2401 1188 2428 Cic.
1202 2400 1233 2426 de
1241 2401 1315 2426 Orat.

278 2452 303 2477 2,
319 2449 359 2474 188
379 2444 501 2469 Tantum
520 2442 556 2468 est
568 2442 668 2468 flumen
684 2440 908 2475 grauisshnorum,
928 2439 1146 2472 optimorumque
1162 2436 1318 2466 verborum,

275 2485 330 2506 tam
347 2479 465 2513 integrae
485 2478 643 2508 sententiae,
659 2483 713 2503 tam
730 2484 824 2507 verae,
841 2481 895 2501 tam
909 2483 1011 2505 nouae,
1030 2480 1082 2499 tam
1103 2473 1154 2499 line
1176 2472 1318 2506 figmentis,
1330 2469 1361 2501 65

274 2515 394 2549 fucoque
412 2513 525 2548 puerili,
545 2518 574 2538 vt
588 2512 671 2543 mihi,
689 2518 735 2538 etc.
807 2510 875 2537 Gell.
895 2518 924 2543 5,
946 2519 972 2536 12
992 2510 1091 2542 Caprae
1105 2508 1275 2542 figmentum,
1299 2509 1318 2532 i.

276 2548 384 2586 effigies,
407 2554 496 2585 imago.
549 2548 623 2583 Conf.
637 2547 754 2574 Laclant.
769 2554 796 2581 7,
810 2554 851 2572 22.
901 2552 924 2571 et
936 2544 1012 2579 Apul.
1028 2545 1091 2570 Met.
1104 2553 1122 2577 4
1140 2553 1164 2577 p.
1180 2550 1228 2575 155.
1263 2543 1319 2568 alii-

276 2595 321 2623 que
339 2585 405 2621 apud
417 2585 504 2611 Cellar.
519 2584 576 2610 Cur.
592 2582 658 2616 Psfi.
676 2590 702 2618 p.
717 2592 767 2617 14¹·
819 2582 861 2609 Sic
877 2581 1008 2607 Ammian.
1022 2580 1102 2605 Marc.
1125 2587 1162 2610 22,
1184 2586 1208 2609 13
1235 2577 1320 2603 Ascle-

277 2621 368 2657 piades
390 2619 563 2653 Philosophus
598 2634 643 2639 —-
680 2619 750 2645 Deae
769 2616 883 2644 caelestis
900 2620 1051 2651 argenteum
1070 2614 1152 2640 breue
1164 2612 1320 2647 figmentum

278 2665 438 2693 quocunque
451 2655 507 2681 ibat
520 2655 606 2680 secum
620 2654 711 2680 solitus
723 2653 816 2680 efferre
824 2673 832 2685 ,
849 2659 895 2678 etc.
926 2656 945 2678 i.
964 2654 1013 2677 ima
1032 2651 1154 2676 unculam.
1328 2652 1364 2680 70

318 2698 336 2718 F
347 2689 509 2721 Ιοῢινε,
530 2689 549 2715 i.
587 2698 623 2716 m.
659 2688 808 2724 [κεραμεὸς,
827 2686 950 2723 χυτρεύς]
987 2688 1002 2713 Ι
1020 2696 1069 2717 cm,
1088 2688 1131 2721 qui
1148 2674 1242 2710 Fifior.
1278 2683 1320 2710 Sic

279 2727 369 2761 Figuli
385 2727 486 2752 faciunt
507 2723 579 2751 dolia
592 2725 669 2750 Varr.
686 2725 716 2750 R.
730 2724 761 2749 R.
776 2732 796 2755 3,
816 2731 851 2754 ι5,
870 2732 890 2748 2.
960 2722 1027 2748 Plin.
1041 2729 1084 2754 35,
1107 2729 1131 2746 12
1158 2720 1269 2753 Fingere
1287 2726 1319 2744 ex

279 2762 374 2796 argilla
389 2760 588 2790 similitudines,
607 2759 751 2786 Dibutades
765 2758 902 2789 Sicyonius
922 2757 1015 2791 figulus
1033 2757 1133 2790 primus
1152 2755 1256 2780 inuenit
1271 2755 1322 2781 Co-

281 2797 383 2829 rinthi,
402 2796 472 2822 filiae
486 2804 574 2829 opera.
647 2793 777 2820 Columcl.
793 2800 826 2825 11,
841 2801 862 2825 1,
880 2801 896 2825 9
920 2793 993 2819 Tam
1012 2791 1144 2818 docendus
1162 2790 1197 2816 est
1217 2790 1322 2816 futurus

281 2833 404 2864 villicus,
431 2840 511 2866 quam
528 2830 632 2856 futurus
652 2829 746 2864 figulus
763 2834 807 2855 aut
827 2828 910 2854 faber.
1107 2824 1127 2863 ff
1153 2835 1169 2852 2
1205 2826 1323 2860 Figulus,
1336 2827 1367 2856 73

282 2877 429 2905 cognomen,
453 2876 479 2893 v.
491 2876 516 2902 g.
530 2865 700 2902 Nigidiorum.
742 2864 800 2891 Vid.
816 2864 872 2890 Cic.
888 2864 960 2890 Brut.
973 2871 1015 2889 20.
1052 2868 1076 2888 ct
1088 2861 1120 2887 de
1134 2862 1213 2894 Legg.
1228 2871 1250 2893 2,
1265 2869 1304 2894 25.

320 2911 336 2930 F
346 2911 355 2930 1
365 2910 386 2930 G
395 2910 416 2929 V
425 2909 442 2928 L
453 2903 466 2929 i
476 2909 526 2928 NA
535 2922 544 2934 ‚
567 2910 605 2928 ae.
641 2900 663 2929 f.
699 2899 711 2934 [
724 2901 845 2934 κεμμᾶιν
858 2901 870 2934 ]
900 2899 955 2935 stu,
968 2897 1032 2934 quod
1044 2900 1124 2934 magis
1139 2896 1221 2923 doeh}
1229 2898 1323 2932 placet,

278 2947 326 2976 per
337 2938 464 2975 ιβιηθορενι
486 2943 684 2967 ΡΙΟῑιΝΑς
723 2934 831 2970 Officina
854 2933 901 2967 est,
926 2938 953 2960 in
975 2943 1024 2969 qua
1037 2933 1134 2971 figulus
1155 2940 1228 2968 opera
1243 2933 1323 2968 jacit.

283 2975 350 3001 Plin.
365 2982 390 3009 7,
404 2975 434 3006 56
458 2973 572 3008 Figlinas
586 2971 725 2999 Coroebus
732 2970 893 2997 Athenienfis
900 2970 1018 2996 snuenit.
1088 2969 1163 2995 Varr.
1176 2968 1207 2994 de
1222 2969 1252 2994 R.
1262 2969 1292 2994 R.
1304 2977 1324 2999 1,

283 3019 310 3043 2,
325 3019 356 3042 23
384 3009 514 3043 Figlinam
526 3017 664 3040 exercere,
681 3007 723 3033 vbi
737 3010 809 3033 etiam
822 3013 897 3032 artem
908 3006 982 3040 postis
993 3004 1073 3030 intelli
1092 3014 1139 3030 cre.
1175 3003 1243 3030 Add.
1259 3004 1325 3029 Plin.
1338 3008 1370 3033 80

284 3051 324 3078 28,
338 3054 362 3072 2.
399 3052 423 3071 ct
434 3052 470 3078 35,
484 3053 520 3071 12.
590 3043 664 3070 Idem
676 3050 713 3075 35,
726 3050 753 3069 12
773 3042 936 3075 Figlinarum
949 3050 1029 3075 opera
1043 3014 1202 3066 infin-itibus
1215 3039 1324 3069 tubulis,

284 3081 434 3116 tegulisque
447 3079 479 3106 ad
491 3079 607 3107 balineas
620 3078 747 3110 hamatis,
767 3077 809 3104 vel
823 3076 855 3103 ad
869 3076 934 3102 tecla
953 3076 1094 3102 coffllibus
1107 3075 1239 3102 laterculis
1252 3075 1325 3101 fron-

285 3117 414 3151 tatisque,
435 3121 479 3142 aut
493 3124 560 3150 quae
574 3120 632 3142 rota
645 3114 720 3140 fiunt.
761 3113 819 3139 Vid.
842 3112 858 3138 l.
872 3114 888 3138 6
908 3112 934 3137 ff.
949 3111 980 3138 de
994 3112 1083 3137 seruit.
1097 3111 1158 3137 rust.

323 3157 562 3183 F1GvL1st‚
589 3157 612 3176 et
633 3149 804 3176 F1GLINV
817 3154 847 3180 s,
866 3155 889 3179 a,
908 3156 962 3173 um.
998 3146 1058 3172 Adi.
1094 3146 1244 3181 [κεράμεος]
1282 3146 1324 3172 Fi-

286 3188 358 3221 glina
372 3192 457 3219 creta,
478 3195 524 3221 qua
531 3186 611 3222 figuli
624 3192 731 3212 utuntur
745 3183 810 3210 Plin.
826 3191 864 3215 ιο,
878 3191 915 3209 21.
949 3188 973 3207 et
986 3182 1036 3217 ipse
1050 3183 1135 3208 Varro
1151 3183 1221 3208 KR.
1236 3191 1257 3214 3,
1269 3184 1361 3214 9,3.85

288 3222 450 3250 Fornacibus
473 3221 576 3248 incoeta
592 3221 708 3255 figulinis
725 3219 826 3246 Aruob.
841 3221 856 3245 6
887 3227 911 3252 p.
928 3226 986 3243 200.
1094 3217 1227 3251 Figlinum
1242 3225 1324 3251 opus,

287 3260 356 3293 quale
363 3258 442 3295 figuli
455 3257 698 3293 szisacer·eJolerzt.-
713 3255 840 3288 Plin.31‚3
861 3253 982 3288 Ollisque
994 3261 1008 3278 e
1021 3252 1114 3287 figlino
1129 3253 1225 3279 crudis.
1251 3252 1326 3289 Cous.

288 3294 361 3320 Idem
376 3302 411 3326 15,
425 3300 462 3328 17.
509 3292 615 3318 Vitruu.
628 3299 656 3324 5,
670 3301 707 3318 10.

326 3335 549 3359 FlGLlNVM,
568 3327 587 3354 i.
624 3335 650 3352 n.
687 3325 834 3360 [κεράμιον]
872 3325 941 3360 opus
959 3322 1128 3359 ipsumfiguli.
1163 3323 1228 3348 Plin.
1243 3330 1285 3356 34,
1301 3328 1326 3352 18

289 3365 345 3390 Alii
360 3365 476 3391 limatam
489 3362 609 3396 scobem,
625 3362 655 3389 in
667 3361 745 3388 fictili
757 3361 839 3387 crudo
852 3365 971 3395 coquunt
987 3359 1015 3385 in
1029 3358 1154 3389 caminis,
1173 3358 1257 3384 donec
1273 3366 1328 3391 per·
1336 3366 1371 3390 90

290 3406 418 3434 coquatur
430 3399 559 3435 figlinum.

330 3440 619 3466 1³1GL1NAR1vs,
638 3433 659 3460 i.
695 3440 731 3459 m.
768 3430 848 3462 Mem,
868 3432 911 3474 qui
927 3431 1028 3466 Figulus
1041 3432 1067 3454 in
1080 3429 1176 3462 Digest.
1215 3448 1222 3455 .

328 3476 345 3495 1³
354 3477 363 3495 1
372 3475 392 3495 G
402 3477 422 3495 V
434 3477 449 3495 L
458 3472 521 3497 ᾸΚΙ
531 3476 560 3504 S,
584 3478 607 3496 e.
642 3466 703 3494 Adi.
741 3468 886 3501 [κεροιμικος
898 3467 910 3499 ]
952 3464 1024 3500 Qiod
1041 3468 1152 3500 pertinet
1167 3464 1200 3491 ad
1214 3463 1330 3500 figulum.

294 3504 375 3529 Plaut.
388 3505 461 3538 Epid.
478 3515 497 3536 ς,
513 3513 539 3537 2,
559 3512 585 3537 35
609 3504 750 3530 Versutior
770 3510 811 3533 cs,
831 3510 909 3535 quam
928 3507 986 3527 rota
1006 3500 1130 3534 figularis
1201 3500 1331 3534 Figulat-is

295 3545 381 3569 creta,
400 3548 447 3574 qua
457 3539 535 3575 figuli
547 3546 653 3566 utuntur
666 3537 795 3566 Columel.
809 3539 835 3568 6,
850 3544 887 3570 ιγ,
899 3537 923 3562 6.
963 3535 1020 3562 l'id.
1036 3543 1082 3561 Au
1093 3542 1113 3561 G
1123 3543 1131 3560 1
1142 3541 1156 3559 ι
1167 3542 1183 3561 1.
1194 3543 1224 3561 A.
1260 3536 1329 3562 Add.

294 3573 368 3599 ldem
382 3578 405 3604 8,
417 3582 441 3599 2.
511 3575 677 3608 Figularibus
690 3573 777 3605 tritis,
796 3578 820 3599 et
832 3572 897 3606 picis
912 3570 1029 3605 liquidae
1046 3577 1071 3597 et
1085 3569 1160 3596 fricti
1174 3569 1232 3596 salis
1247 3571 1329 3606 [ingu-

288 3609 335 3640 ,los
350 3609 474 3634 sextarios
487 3609 629 3636 infundunt
646 3608 778 3637 Columel.
790 3616 817 3643 7,
834 3614 856 3640 ς,
876 3616 893 3640 9
919 3606 1052 3641 Figularia
1070 3612 1159 3638 vocat,
1181 3608 1330 3643 Fragmenta

293 3642 397 3677 testacea
405 3663 414 3675 ,
431 3645 471 3669 vel
483 3645 603 3670 lateritia.

331 3676 427 3705 F1Gx7
437 3685 497 3710 Lo,
514 3683 565 3705 are.
598 3685 647 3713 pro
662 3680 775 3716 Fingere.
810 3677 929 3706 Tertull.
942 3677 1001 3704 adu.
1012 3676 1114 3703 Valent.
1136 3685 1158 3703 c.
1176 3684 1208 3711 24
1228 3678 1331 3713 Figulat

294 3714 432 3741 hominem
446 3713 612 3748 Demiurgus.

331 3757 348 3776 r
358 3757 365 3775 1
377 3755 511 3776 GvrAT
521 3755 540 3772 v
550 3756 578 3779 S,
597 3757 621 3779 a,
639 3757 692 3776 um.
728 3750 820 3776 Partic.
855 3749 930 3776 Idem
942 3748 973 3775 de
986 3748 1071 3774 Carne
1083 3747 1178 3774 Christ.
1192 3757 1214 3775 c.
1229 3757 1246 3781 9
1264 3749 1329 3776 Cor-

295 3793 342 3820 pus
357 3785 408 3811 hoc
419 3784 539 3811 nostrum
551 3783 582 3809 de
595 3784 661 3809 li1n0
674 3784 818 3818 figulatum.

293 3855 310 3883 d
332 3827 367 3882 12³1
377 3827 398 3860 o
408 3827 427 3845 v
438 3827 453 3846 ι,
462 3826 529 3846 ΑΤι
541 3826 560 3845 0
569 3838 578 3851 ,
598 3819 666 3845 onis.
701 3820 721 3844 f.
757 3819 877 3846 Tertull.
890 3819 922 3846 de
935 3818 1082 3846 Rerum-eci.
1097 3819 1173 3846 Carn.
1192 3829 1214 3846 c.
1227 3827 1249 3853 ς.

313 3865 326 3882 e
363 3864 434 3882 mma
457 3864 479 3882 c.
497 3862 535 3888 25.

1299 3820 1331 3846 Et

1363 553 1446 588 stant.
1472 557 1579 588 Pione,
1610 556 1740 592 Qudquid
1757 565 1785 582 ex
1800 563 1869 582 terra
1880 555 2003 592 fingitur.
2037 555 2105 585 Pun.
2125 562 2169 588 35,
2182 564 2210 581 12
2232 553 2369 588 Q10niam
2380 561 2418 587 eo)

1118 701 1209 728 Testis
1230 699 1308 726 fietus
1335 703 1362 731 15
1372 697 1445 724 Idem
1460 699 1511 725 Sat.
1532 708 1576 730 10,
1596 706 1635 730 25.

1338 3543 1369 3569 95
1393 3535 1442 3562 riis
1457 3534 1588 3560 causarum
1603 3531 1699 3565 figuris.

1339 3723 1386 3741 100
1396 3711 1467 3742 sarii,
1479 3710 1551 3737 velut
1564 3707 1730 3740 ostendentis,
1744 3717 1789 3737 cur
1802 3711 1850 3738 fibi
1862 3711 1905 3739 isti
1918 3721 2009 3738 omnes
2022 3711 2182 3745 displiceant.
2218 3715 2303 3748 Igitur
2318 3712 2428 3747 figurate

1778 111 1812 150 F
1905 110 1922 150 1
2008 111 2068 167 N,
2337 113 2411 158 668
2453 152 2475 155 „

1406 207 1442 228 1³1
1452 207 1501 229 ὒν
1511 206 1671 231 LARlvs,
1696 199 1716 226 i.
1752 207 1788 225 m.
1826 199 1905 227 Gloss.
1918 200 1975 227 Lat.
1989 201 2036 228 Gr.
2056 200 2221 236 Figularius‚
2237 199 2362 236 κεραμεύς.
2413 216 2415 219 -

1407 244 1495 264 F1CT
1506 236 1602 269 les,
1621 245 1644 262 e.
1677 235 1737 261 Adi.
1762 236 1894 270 [naas-0¹5]
1930 236 2002 271 Quod
2014 236 2157 273 estsafflum
2168 234 2290 273 fififfum
2303 235 2410 271 afigultr.
2442 246 2443 253 ¹

1369 271 1436 299 Plin.
1452 281 1488 305 35,
1504 281 1528 298 12
1549 274 1624 306 Qiae
1637 276 1696 297 rota
1710 270 1785 302 fiunt,
1798 271 1879 298 etiam
1890 270 2020 298 fictilibus
2034 272 2115 299 doliis
2130 273 2162 299 ad
2174 273 2237 298 vina
2251 270 2412 306 excogitatis,
2442 282 2444 290 ν

1371 307 1445 334 et'ad
1459 317 1546 343 aquas.
1616 306 1685 333 Ibid.
1701 314 1717 341 7
1738 305 1845 333 Fienles
1859 307 1887 333 in
1903 307 2010 341 fastigio
2026 309 2119 343 templi
2136 309 2192 334 eius
2207 306 2361 342 quadrigas,
2378 305 2419 332 de*

1371 343 1484 377 quibus,
1506 350 1552 370 etc.
1627 341 1661 368 Di
1679 341 1775 368 fictiles
1784 341 1960 377 simplicitatis
1979 346 2094 378 antiquae
2111 350 2281 380 argumentum
2294 342 2412 375 Propert.
2442 349 2444 361 ¹

1371 387 1399 412 4,
1413 387 1434 411 ι,
1451 387 1473 412 5.
1544 379 1656 413 Figurae
1676 378 1731 404 Cic.
1745 377 1778 403 de
1790 378 1885 404 Natur.
1900 378 1980 405 Deor.
1995 387 2023 410 1,
2036 385 2066 412 71
2090 388 2111 405 c.
2125 382 2167 406 26.
2238 379 2329 411 Imago
2350 377 2419 412 Pro-¹·

1371 419 1437 447 pert.
1456 423 1485 447 3,
1504 423 1525 447 3,
1547 424 1584 446 30.
1665 414 1826 440 Mortarium
1846 414 1964 440 Scribon.
1986 422 2030 440 ιιι.
2110 414 2250 441 Olearium
2270 412 2342 439 Idem
2364 409 2445 439 161*ss

1370 449 1466 476 Pocula
1485 450 1592 476 Tibull.
1608 458 1628 481 1,
1643 458 1663 482 1,
1677 455 1714 482 38.
1786 449 1929 475 simulacra
1949 449 2060 476 deorum
2078 448 2172 476 fictilia
2190 451 2219 476 in
2238 447 2357 474 delubris
2374 446 2412 473 die

1372 490 1427 511 cata
1448 485 1513 512 Plin.
1534 495 1582 518 34,
1600 493 1626 519 7.
1698 486 1747 511 Vas
1765 484 1886 513 Scribon.
1906 487 1945 518 65.
1965 487 2026 518 269.
2095 486 2161 512 Vasa
2179 486 2236 512 Cic.
2250 484 2330 510 Attic.
2344 484 2374 512 6,
2394 490 2413 509 1.
2444 485 2446 495 ³

1734 521 1807 547 Vrna
1827 520 1883 547 Cic.
1902 520 1931 547 in
1948 520 2035 547 Parad.
2049 529 2068 546 1.
2264 517 2285 556 fl
2307 528 2320 545 2
2356 517 2418 552 Sub-¹

1371 592 1495 625 peruenit
1514 592 1635 623 luxuria,
1653 598 1682 618 vt
1704 592 1782 618 etiam
1802 591 1896 618 fictilia
1916 592 1998 625 pluris
2019 591 2150 623 constent,
2168 599 2248 625 quam
2267 589 2418 616 mun-lunas,

1373 626 1502 653 Gulosum
1522 628 1641 654 quenal.
1657 627 1706 653 Sat.
1721 636 1752 658 11,
1766 636 1805 653 20.
1875 628 1941 654 Pura
1962 626 2072 653 Tibull.
2086 635 2106 660 1,
2127 636 2147 659 1,
2167 632 2204 658 38.
2275 624 2414 651 Fic'lilibus

1372 671 1483 697 coenare
1495 663 1575 698 pudet
1587 662 1705 689 quenal.
1720 663 1769 690 Sat.
1784 672 1805 696 3,
1819 665 1872 693 168.
1934 662 2018 689 Nulla
2029 663 2132 689 aconita
2146 662 2276 689 bibuntur
2287 659 2419 686 fietilibus'

1677 698 1735 724 Vni.
1749 698 1872 725 Brouckh.
1892 697 1927 724 ad
1938 697 2047 724 Tibull.
2065 706 2086 730 1,
2104 706 2124 728 1,
2140 706 2179 730 30.
2234 696 2309 731 Conf.
2328 693 2422 723 Senecs·

1372 733 1449 768 Epist.
1465 742 1486 767 5.
1521 741 1544 761 et
1557 735 1655 760 Auson.
1669 734 1757 769 Epigr.
1772 739 1794 765 Β.
1829 733 1874 761 Ad
1878 733 2014 768 simulacra
2026 736 2101 760 etiam
2114 733 2239 769 refertur:
2259 733 2319 759 Liu.
2333 739 2373 765 34,
2395 730 2418 765 11.¹

1370 769 1477 796 Fictilia
1496 769 1615 797 deorum.
1732 770 1733 773 ’

1409 811 1427 831 F
1438 812 1472 832 IC
1480 813 1501 832 T
1511 814 1520 832 1
1531 812 1547 832 L
1556 813 1566 832 1
1575 807 1622 832 ᾹΚ
1632 813 1641 831 1
1650 811 1671 830 V
1679 811 1692 832 S
1700 827 1709 841 ‚
1727 804 1748 831 i.
1776 814 1812 831 m.
1848 805 1926 831 Gloss.
1941 805 1988 831 Gr.
2001 804 2058 831 Lat.
2072 802 2229 838 deganan-0165,
2243 801 2418 829 Fi&iliarius.*

1407 840 1551 868 Flc'ri'c
1563 848 1643 873 IVS,
1662 849 1693 873 a,
1719 850 1774 867 um.
1809 840 1871 868 Adi.
1907 840 1974 867 Plin.
1991 849 2034 872 23,
2056 848 2067 865 ι
2098 839 2238 865 Ρὶᾶὶὶςὶυηι
2257 847 2311 865 non
2331 837 2422 871 potesti

1370 876 1515 911 appellari,
1538 877 1610 912 quod
1622 876 1688 903 bion
1705 875 1911 911 appellauimus‚
1928 876 1966 912 sc.
1982 876 2086 907 vinum.
2160 875 2267 901 Firmic.
2281 873 2313 899 de
2327 874 2415 900 Error.

1371 912 1441 946 prof.
1456 913 1513 939 Rel.
1551 933 1558 940 .
1596 933 1602 939 .
1639 912 1753 945 Videtis,
1773 918 1802 939 vt
1818 912 1918 939 vestros
1932 911 2073 939 ementitos
2086 917 2111 938 et
2124 910 2237 937 fielicios
2250 909 2313 936 deos
2325 908 2417 935 turbu-

1371 948 1456 974 lentus
1473 956 1549 974 error
1562 948 1763 983 excogitauerit.
2416 953 2429 968 '1

1407 990 1424 1010 F
1433 990 1473 1010 1N
1483 990 1504 1010 G
1516 983 1527 1010 ἴ
1536 990 1552 1010 Β
1563 983 1597 1011 ir.
1609 991 1619 1010 1
1631 992 1644 1010 s
1653 1003 1661 1016 ,
1677 993 1700 1010 e.
1737 983 1797 1010 Adi.
1836 984 1912 1019 Fingi
1925 989 2014 1019 aptus,
2034 989 2077 1009 aut
2081 980 2164 1018 finctus
2177 981 2245 1009 adeo.
2282 979 2356 1007 Cael.
2365 979 2416 1006 Au-

1371 1018 1420 1046 rel.
1433 1019 1519 1046 Tard.
1534 1028 1553 1050 1,
1565 1029 1592 1053 4,
1606 1028 1655 1053 ¹04
1678 1021 1741 1046 Prae
1753 1018 1839 1046 oculis
1852 1019 2027 1046 scintillarum
2039 1018 2167 1054 fingibilis
2181 1018 2261 1044 visus.
2412 1021 2424 1051 ζ

1410 1061 1427 1081 F
1438 1061 1448 1080 1
1460 1056 1536 1082 GVR
1546 1063 1566 1082 A
1576 1076 1584 1088 ‚
1604 1064 1645 1082 ae.
1681 1055 1701 1081 f.
1737 1053 1823 1090 [ἵδέοῃ
1843 1057 1938 1092 χῆμαι,
1957 1055 2043 1090 τύπος,
2058 1054 2209 1089 χαρακτήρ]
2247 1054 2345 1084 Forma,
2358 1057 2424 1087 quae*

1374 1090 1500 1130 F-ingendo
1512 1090 1627 1125 efficitur.
1683 1091 1751 1118 Gell.
1765 1100 1798 1122 12,
1812 1097 1839 1120 28
1868 1091 1926 1123 Est,
1944 1097 1974 1117 vt
1991 1094 2030 1118 ait
2044 1090 2171 1116 Asconius
2187 1090 2234 1122 (in
2248 1089 2324 1115 Verr.
2333 1096 2353 1118 3,
2367 1088 2418 1121 57)

1375 1133 1445 1151 circa
1458 1126 1566 1160 gestum,
1587 1126 1718 1162 situmque
1731 1127 1923 1153 membrorum.
1996 1126 2064 1152 Ter.
2078 1127 2144 1152 Eun.
2158 1134 2182 1156 2,
2197 1134 2218 1157 3,
2231 1132 2268 1158 24
2287 1122 2361 1156 Qud
2373 1113 2428 1149 tua?

1375 1160 1496 1188 isthaec3
1531 1169 1585 1190 CH.
1611 1172 1683 1189 noua
1702 1163 1786 1197 figura
1805 1162 1879 1188 oris:
1909 1162 1938 1188 de
1956 1161 2074 1196 inusitata
2088 1160 2287 1196 pulchritudine.
2361 1145 2425 1193 Cir}t

1376 1196 1429 1225 Off.
1443 1205 1464 1229 1,
1484 1199 1525 1224 116
1553 1198 1690 1232 Principio
1709 1199 1830 1233 corporis
1847 1198 1932 1224 nostri
1951 1206 2045 1232 magna
2065 1204 2158 1223 natura
2175 1197 2230 1231 ipsa
2247 1194 2356 1222 videtur
2374 1193 2426 1220 ha·¹

1375 1232 1458 1260 buiffe
1470 1234 1618 1266 rationem,
1637 1243 1704 1268 quae
1717 1235 1833 1261 formam
1848 1234 1980 1266 nostram,
1998 1233 2184 1267 reliquamque
2198 1232 2309 1266 figuram
2327 1230 2356 1256 in
2369 1233 2433 1264 qua'

1376 1269 1436 1295 esset
1454 1269 1550 1303 species
1569 1270 1693 1302 honesta,
1717 1279 1774 1296 eam
1795 1270 1883 1305 posuit
1907 1270 1936 1295 in
1954 1275 2071 1304 promtu.
2150 1268 2180 1295 111
2201 1268 2286 1302 figura
2303 1262 2451 1300 bonfinius&

1373 1304 1467 1331 feritas
1480 1304 1582 1332 belluae
1599 1306 1655 1332 Cic.
1669 1305 1722 1333 Off.
1736 1316 1755 1338 3,
1770 1315 1796 1332 12
1816 1315 1838 1332 c.
1853 1308 1878 1332 6.
1951 1305 2049 1339 Figura
2065 1310 2091 1331 et
2105 1304 2203 1339 species
2215 1304 2329 1330 humana
2345 1301 2456 1335 Ideinff.⁶

1374 1339 1407 1367 de
1420 1340 1516 1368 Natur.
1529 1341 1610 1368 Deor.
1624 1350 1644 1376 1,
1657 1349 1702 1376 47.
1759 1343 1789 1368 Et
1804 1350 1853 1376 pro
1868 1341 1944 1367 Rosc.
1958 1342 2047 1367 Amer.
2061 1349 2104 1366 20.
2464 1338 2465 1342 ’

2151 1341 2201 1366 Hic
2214 1339 2332 1365 videntur
2345 1338 2394 1370 Syn
2408 1339 2437 1364 *Ἀ
2451 1363 2453 1366 ,
2464 1347 2467 1361 ι

1372 1385 1455 1411 nyma.
1505 1377 1547 1404 Sit:
1564 1379 1613 1403 alio
1627 1377 1702 1413 sensis
1722 1378 1836 1412 Figurae
1857 1376 1980 1403 Scribon.
1997 1385 2052 1408 199.
2078 1379 2097 1402 i.
2108 1375 2241 1411 speciess.
2256 1345 2426 1506 formam}
2457 1395 2459 1397 .

1373 1411 1546 1439 medicamento
1569 1422 1598 1439 cx
1610 1413 1726 1447 pluribus
1745 1412 1881 1448 composito.
1939 1412 1986 1439 Sed
1998 1411 2136 1446 Emplastri
2151 1410 2262 1445 figuram
2275 1409 2354 1436 habet
2364 1414 2410 1434 me
2426 1411 2428 1413 ’
2462 1416 2470 1443 Ἰ

1374 1447 1553 1474 dicamentum
1571 1447 1645 1474 Idem
1660 1455 1713 1482 157.
1784 1449 1898 1482 Figura,
1917 1448 2022 1478 forma,
2040 1453 2065 1473 et
2083 1447 2179 1474 statura
2197 1445 2316 1480 corporis
2337 1452 2373 1470 no

1373 1483 1407 1510 ad
1418 1489 1537 1509 naturam
1551 1489 1610 1517 apta
1621 1483 1677 1510 Cic.
1692 1483 1725 1510 de
1738 1482 1824 1510 Finib.
1842 1491 1865 1515 5,
1881 1490 1920 1515 35.
1990 1483 2102 1508 Formae
2122 1482 2205 1516 figura
2224 1482 2298 1507 Idem
2311 1479 2343 1506 de
2357 1479 2406 1514 Nl„
2421 1507 2423 1510 ,
2450 1484 2463 1503 ‚¹

1373 1519 1457 1545 Deor.
1474 1527 1495 1551 1,
1508 1526 1547 1551 91.
1619 1519 1809 1545 Conformatio
1822 1519 1952 1552 quaedam
1971 1524 1997 1544 et
2015 1517 2099 1552 figura
2111 1518 2191 1543 totius
2206 1517 2268 1543 Oris
2286 1522 2312 1542 et
2328 1513 2420 1549 corpo-

1373 1554 1412 1581 ris
1426 1554 1482 1580 Cic.
1497 1554 1528 1580 de
1542 1554 1616 1580 Orat.
1631 1563 1650 1586 1,
1664 1562 1715 1586 114.
1787 1553 1862 1580 Idem
1874 1554 1906 1580 de
1918 1555 2023 1580 Inuent.
2037 1562 2062 1585 1,
2074 1561 2105 1586 41
2130 1553 2217 1579 Maius
2232 1558 2258 1579 et
2274 1551 2375 1583 minus,
2394 1554 2420 1577 et

1373 1598 1457 1624 aeque
1474 1597 1615 1624 magnum,
1632 1598 1663 1615 ex
1676 1590 1705 1615 vi
1723 1595 1749 1616 et
1761 1598 1891 1622 numero,
1907 1595 1934 1615 et
1954 1598 1987 1615 ex
2001 1589 2084 1623 figura
2097 1588 2223 1623 Negossi,
2243 1587 2306 1614 ficut
2322 1595 2354 1612 cx
2371 1585 2420 1612 sta-

1374 1631 1433 1652 tura
1448 1625 1568 1659 corporis
1582 1624 1770 1652 consideratur.
1841 1625 1923 1652 Vocis
1942 1624 2026 1660 figura
2046 1624 2147 1651 Auctor
2164 1624 2196 1650 ad
2211 1625 2323 1651 Herenn.
2337 1631 2365 1656 3,
2380 1627 2419 1653 25.

1375 1662 1510 1693 Concors,
1528 1661 1583 1687 vid.
1599 1666 1759 1688 CONCORS.
1831 1660 1971 1687 claudian.
1993 1660 2024 1687 de
2037 1661 2114 1695 Rapt.
2127 1661 2288 1694 Proserp.2,
2306 1666 2344 1689 131
2372 1656 2420 1682 Te

1376 1705 1485 1731 quoque
1497 1695 1632 1723 flebilibus
1646 1705 1767 1723 moerens
1781 1696 1933 1729 Hyacinthe
1949 1696 2056 1732 figuris,
2079 1699 2098 1723 i.
2116 1698 2198 1722 literis
2212 1695 2256 1722 A1.
2321 1690 2424 1718 Moest³

1376 1732 1457 1759 Ouid.
1472 1732 1550 1766 Epist.
1567 1741 1606 1764 10,
1622 1741 1674 1765 134.
1745 1732 1888 1759 Muliebris
1903 1732 1960 1758 Cic.
1975 1733 2007 1759 de
2020 1732 2143 1759 Vniuers.
2152 1740 2192 1765 39.
2261 1727 2424 1756 Muliebrem

1376 1767 1405 1792 in
1419 1767 1530 1806 figuram
1548 1767 1722 1801 habitumque
1735 1768 1851 1794 formata
1870 1768 1953 1794 statua
1971 1768 2044 1795 Idem
2057 1769 2134 1794 Verr.
2149 1775 2171 1799 2,
2185 1772 2227 1801 87.
2296 1764 2377 1791 Noua
2393 1760 2423 1787 fi-

1376 1809 1441 1834 gura
1460 1808 1516 1826 oris
1535 1801 1603 1827 Ter.
1618 1802 1684 1827 Eun.
1699 1810 1723 1832 2,
1744 1811 1772 1833 3,
1791 1811 1828 1836 24
1855 1806 1883 1828 in
1901 1802 1996 1836 laudem
2010 1803 2107 1837 puellae
2124 1802 2234 1832 dic'i‘um,
2257 1805 2287 1826 vt
2307 1799 2427 1833 vidtmus.

1375 1835 1448 1871 Ipfiu*
1462 1844 1554 1871 quoque
1562 1835 1660 1870 puellas
1673 1837 1783 1870 Figuras
1799 1845 1972 1872 nonnunquam
1990 1836 2073 1863 diflas
2089 1837 2157 1863 docet
2170 1837 2255 1862 Burm.
2269 1834 2304 1861 ad
2314 1832 2416 1867 Qun&

1378 1871 1449 1897 Decl.
1467 1879 1510 1902 12,
1529 1879 1545 1896 2
1570 1880 1594 1905 p.
1613 1878 1672 1905 307.
1723 1873 1815 1907 Nempe
1835 1879 1865 1898 vt
1884 1872 2013 1904 Formae,
2037 1882 2063 1899 υ.
2077 1882 2103 1899 υ.
2124 1881 2150 1897 n.
2162 1880 2187 1898 2..
2265 1870 2443 1901 Simillimae.

1379 1906 1435 1931 Cic·
1450 1905 1482 1943 de,
1494 1906 1616 1944 Vniuers·
1631 1915 1672 1937 39-
1739 1903 1769 1940 0
1869 1905 1890 1943 q
1908 1916 1924 1933 2
1955 1907 2053 1934 Verba:
2078 1907 2160 1933 Ouid.
2174 1907 2238 1932 Met.
2253 1914 2275 1936 ε,
2286 1913 2342 1940 474
2360 1901 2434 1937 Adi-1³

1378 1947 1448 1977 mam
1464 1938 1516 1964 tibi
1533 1947 1648 1972 namque
1661 1940 1789 1972 figuram,
1814 1942 1875 1972 Qra
1887 1941 1940 1966 tibi
1956 1950 2061 1975 quaque
2076 1942 2159 1974 places
2173 1941 2261 1966 nostra
2272 1940 2438 1974 importuna·v

1378 1978 1486 2013 marito.
1523 1973 1564 2000 Sic
1577 1982 1633 1999 mox
1646 1974 1796 2000 Immutata.
1869 1975 1996 2002 Animare
2009 1984 2103 2002 aurum
2117 1975 2243 2010 impreffis
2256 1975 2347 2010 figuris
2362 1976 2424 2002 Stat.

1379 2008 1443 2034 Silu.
1458 2016 1478 2041 5,
1493 2017 1513 2041 1,
1529 2016 1551 2035 2.
1621 2008 1763 2036 Confidere
1784 2009 1874 2036 fallaci
1893 2010 1993 2045 figurae
2007 2011 2123 2047 formae,
2137 2012 2324 2047 pulchritudini
2341 2010 2423 2038 Ouid.

1380 2043 1412 2070 de
1427 2044 1490 2070 Arte
1506 2044 1564 2070 Am.
1577 2053 1603 2078 2,
1617 2053 1671 2078 143.
1760 2045 1841 2072 Dedit
1852 2052 1947 2073 natura
1964 2046 2082 2074 habilem
2102 2052 2128 2074 et
2144 2053 2229 2082 aptam
2246 2047 2354 2082 ingenio
2373 2046 2422 2072 hu-

1379 2088 1459 2106 mano
1473 2078 1584 2113 figuram
1596 2080 1716 2114 corporis
1730 2081 1786 2107 Cic.
1801 2080 1833 2107 de
1845 2082 1939 2117 Legib.
1953 2091 1973 2115 1,
1985 2085 2026 2109 26.
2095 2084 2198 2110 Ducere
2217 2082 2276 2109 veri
2293 2081 2422 2116 figuram,
2454 2111 2455 2114 Ἰ

1378 2115 1423 2143 Ad
1442 2121 1558 2141 naturam
1578 2116 1657 2152 ipstzm
1673 2119 1777 2152 propius
1793 2117 1905 2144 accedere
1924 2118 1953 2144 de
1969 2120 2056 2146 textili
2062 2117 2170 2154 piHura
2187 2118 2278 2145 Claud.
2297 2116 2329 2144 de
2347 2117 2422 2152 Rape.
2466 2123 2479 2141 c

1377 2151 1497 2185 Proserp.
1510 2160 1534 2182 2,
1554 2159 1596 2184 43.
1668 2151 1797 2187 Effingere
1818 2153 1903 2181 varias
1922 2153 2017 2188 figuras
2036 2155 2141 2181 Lucret.
2159 2163 2191 2186 2,
2210 2159 2262 2187 588.
2331 2152 2423 2187 Expri-
2465 2159 2479 2179 J:

1378 2194 1451 2213 mere
1465 2186 1595 2220 quandam
1608 2187 1723 2213 formam
1737 2189 1903 2223 figuramque
1918 2189 2024 2217 dicendi
2044 2191 2100 2217 Cic.
2115 2190 2146 2217 de
2158 2191 2232 2216 Orat.
2246 2198 2272 2221 2,
2283 2196 2328 2222 90.
2371 2189 2422 2215 Im·
2468 2190 2479 2214 ,Ζ

1378 2227 1478 2248 mutata
1489 2221 1575 2256 figura
1588 2222 1670 2248 Ouid.
1681 2223 1744 2248 Met.
1753 2230 1780 2257 7,
1793 2230 1854 2257 722.
1961 2225 2085 2258 Signatur
2100 2234 2158 2251 cera
2169 2225 2260 2258 figuris
2273 2223 2346 2250 Idem
2357 2223 2420 2251 Met.

1380 2265 1415 2289 15,
1431 2259 1486 2289 169.
1556 2257 1663 2284 Sumere
1677 2256 1772 2292 figuras
1785 2259 1871 2285 varias
1883 2259 1966 2285 Ouid.
1978 2261 2043 2286 Met.
2058 2268 2095 2291 12,
2110 2262 2164 2291 556.
2236 2258 2309 2284 Idem
2323 2259 2382 2289 Met.
2390 2261 2416 2292 ’3,

1378 2300 1425 2325 399
1451 2292 1510 2318 Offa
1523 2292 1612 2319 ferunt
1630 2293 1724 2327 lapidis
1742 2295 1845 2320 traxisse
1864 2294 1984 2329 figuram.
2045 2295 2153 2322 Variata
2166 2293 2257 2328 figuris
2270 2293 2416 2329 multigenis
2464 2295 2466 2299 '

1378 2328 1484 2354 Lucrct.
1498 2336 1520 2360 2,
1535 2336 1584 2361 335.
1656 2330 1736 2355 Versa
1756 2330 1837 2356 Ouid.
1850 2331 1914 2357 Met.
1930 2339 1968 2365 ιο,
1980 2339 2038 2363 234.
2107 2330 2196 2355 Vincit
2208 2328 2326 2357 hominis
2339 2330 2419 2364 figura
2471 2329 2474 2338 ’

1379 2363 1501 2389 omnium
1520 2364 1695 2391 animantium
1709 2365 1824 2391 formam
1839 2367 1894 2392 Cic.
1907 2366 1939 2392 de
1954 2367 1990 2392 N.
2006 2367 2038 2392 D.
2052 2373 2071 2397 1,
2086 2369 2119 2398 48
2140 2372 2161 2389 c·
2174 2369 2208 2393 18-
2362 2364 2384 2402 ff
2403 2373 2419 2397 3
2452 2369 2453 2372 ’

1380 2399 1493 2439 Figura,
1511 2399 1578 2434 apud
1590 2401 1769 2426 Grammaticos
1790 2407 1813 2426 et
1825 2402 1947 2427 Rhetoras
1966 2400 2002 2426 est
2020 2399 2207 2426 Conformatio
2222 2399 2347 2434 quaedam
2361 2407 2419 2427 ora·
2452 2414 2455 2427 ι

1382 2435 1479 2474 tionls,
1506 2440 1610 2461 remota
1628 2443 1643 2461 a
1661 2436 1796 2462 communi
1819 2442 1844 2462 et
1863 2437 1978 2470 primum
2001 2437 2027 2462 se
2048 2435 2175 2462 offerente
2198 2435 2311 2466 ratione,
2330 2441 2360 2461 vt
2379 2437 2419 2461 ait
2452 2444 2456 2464 s

1383 2470 1514 2503 Qunffil.
1528 2480 1551 2503 9,
1568 2479 1588 2503 1,
1603 2479 1630 2503 4.
1662 2472 1716 2504 vel,
1741 2478 1770 2497 vt
1787 2472 1805 2498 s.
1825 2480 1854 2505 14
1880 2472 1943 2498 Arte
1968 2471 2057 2506 aliqua
2078 2477 2175 2498 nouata
2197 2470 2284 2496 forma
2307 2468 2420 2496 dicendi.

1384 2508 1477 2540 Nempe
1496 2506 1561 2532 alias
1581 2509 1660 2532 omnis
1676 2507 1843 2542 conformatio
1862 2510 1931 2534 vocis
1950 2505 1984 2540 cst
2002 2507 2094 2541 figura.
2171 2504 2308 2539 Qaedam
2329 2505 2423 2532 tertiae

1384 2541 1490 2567 demum
1510 2542 1635 2575 personae
1655 2541 1738 2576 figura
1757 2543 1897 2575 dicuntur,
1921 2547 1950 2568 vt
1967 2542 2045 2575 licet,
2064 2543 2135 2576 piget
2153 2542 2263 2576 Qun&
2282 2549 2303 2572 1,
2322 2549 2341 2573 4
2359 2545 2423 2567 extr.

1383 2576 1463 2611 Sequi
1477 2577 1603 2603 Graecam
1622 2576 1732 2610 figuram
1748 2578 1822 2604 malit
1840 2578 1914 2604 Idem
1928 2586 1953 2608 1,
1975 2586 1996 2610 5.
2067 2579 2193 2609 Variare,
2209 2586 2238 2603 ac
2257 2577 2360 2603 versare
2378 2575 2425 2602 ali-

1385 2612 1451 2645 quid
1472 2612 1547 2637 mille
1569 2612 1660 2646 figuris
1679 2612 1788 2646 QiinGi.
1808 2622 1837 2646 5,
1862 2622 1892 2646 14
1921 2620 1968 2639 cte.
2165 2611 2186 2650 ff
2207 2622 2226 2646 4
2263 2610 2439 2638 Peculiariter?

1384 2647 1502 2673 Rhetores
1516 2647 1640 2680 Figuram
1660 2655 1750 2673 uocant
1768 2648 1830 2674 illud
1842 2658 1918 2683 genus
1932 2651 2068 2679 orationis,
2090 2648 2119 2674 in
2134 2658 2202 2683 quo,
2220 2654 2249 2674 vt
2265 2651 2303 2674 ait
2316 2647 2391 2680 Qiin
2424 2644 2433 2650 “’

1385 2690 1412 2715 9,
1425 2690 1448 2714 2,
1460 2684 1492 2722 65
1514 2691 1560 2716 per
1576 2683 1705 2716 quandam
1718 2684 1904 2718 suspicionem,
1916 2684 1987 2718 quod
2001 2693 2054 2710 non
2068 2683 2179 2710 dicimus
2192 2683 2277 2718 accipi
2288 2682 2399 2709 volumu

1385 2726 1440 2743 non
1453 2723 1545 2758 vtique
1564 2718 1743 2753 contrarmm,
1764 2725 1793 2746 vt
1814 2719 1844 2746 in
1863 2721 1970 2752 Ironia,
1989 2719 2034 2746 sed
2052 2719 2126 2746 aliud
2148 2720 2245 2751 latens,
2264 2724 2289 2745 et
2309 2717 2399 2744 audito

1387 2753 1459 2787 quasi
1482 2753 1671 2780 inueniendum
1691 2766 1696 2780 ι
1733 2754 1804 2788 quod
1824 2757 1877 2781 iam
1897 2755 1953 2782 scre
1975 2755 2060 2782 solum
2081 2756 2184 2782 schema
2203 2764 2218 2781 a
2236 2753 2332 2780 nostris
2349 2762 2399 2780 voc

1386 2793 1444 2819 tur,
1464 2794 1489 2815 et
1509 2789 1578 2829 vnde
1591 2790 1917 2827 controuersiaefiguratac
1931 2791 2062 2818 dicuntur.
2116 2791 2177 2817 Eius
2193 2789 2288 2823 triplex
2307 2790 2366 2815 vsus
2379 2798 2393 2815 e
2437 2811 2449 2817 0

1387 2833 1470 2864 vnus,
1490 2823 1508 2849 fi
1523 2824 1610 2850 dicere
1623 2825 1708 2859 palam
1721 2834 1813 2860 parum
1832 2831 1918 2853 tutum
1934 2826 1969 2853 'est
1983 2837 1991 2858 ;
2020 2827 2094 2858 alter,
2109 2826 2127 2852 fi
2140 2835 2192 2852 non
2206 2824 2280 2851 decet
2294 2835 2302 2856 3
2323 2825 2404 2851 tertiu
2428 2842 2431 2847 -

1388 2868 1435 2894 qui
1454 2860 1595 2886 venustatis
1616 2860 1697 2887 modo
1720 2861 1804 2895 gratia
1822 2861 1980 2894 adhibetur,
2002 2869 2047 2889 etc.
2105 2860 2198 2888 Dedita
2218 2864 2280 2886 enim
2300 2866 2372 2895 opera
2391 2859 2434 2891 ibi·

1387 2896 1432 2922 boc
1451 2903 1527 2930 genus
1543 2894 1689 2928 trat‘Jatur,
1713 2904 1735 2923 et
1754 2906 1825 2932 quam
1839 2898 1913 2934 saepe
1932 2907 2022 2924 vanum
2033 2896 2073 2930 fit
2088 2895 2232 2928 ostenditur.
2286 2897 2432 2931 Exemplum'

1386 2929 1455 2957 modo
1475 2939 1549 2956 vnum
1567 2932 1716 2966 alterumque
1733 2932 1863 2966 addemus,
1885 2935 1915 2959 In
1930 2932 2045 2967 suspe6ka
2057 2939 2141 2963 nuru,
2162 2931 2241 2965 (dicit
2250 2932 2322 2965 filius
2323 2933 2343 2966 )
2355 2929 2436 2963 Duxi,

1387 2974 1513 2997 vxorem,
1533 2974 1599 3000 quac
1614 2967 1682 3001 patri
1697 2967 1796 3001 placuit
1812 2978 1817 2994 :
1851 2968 1915 2994 illud
1931 2967 2029 3002 placuit
2041 2965 2121 3001 potest
2135 2965 2257 3000 honestum
2272 2966 2331 3000 Qffi’,
2347 2964 2426 3001 potest

1388 3001 1421 3028 ad
1440 3000 1554 3033 incestam
1574 3002 1752 3037 turpitudinem
1767 3007 1902 3038 pertinere.
1960 3002 2000 3029 Sic
2018 3002 2128 3028 Infamis
2148 3011 2239 3029 amore
2258 3002 2327 3029 filiae
2344 3001 2426 3036 virgi·
2456 3026 2458 3031 ,

1388 3037 1429 3063 nis
1449 3042 1522 3076 pater
1534 3043 1635 3070 raptam
1649 3046 1705 3064 eam
1723 3038 1884 3073 interrogat,
1903 3047 1918 3065 a
1931 3046 1984 3072 quo
1998 3037 2092 3064 vitiata
2104 3037 2134 3063 sit
2148 3039 2156 3064 3
2182 3039 2251 3071 Qiis
2265 3044 2306 3071 te,
2326 3036 2435 3072 inquit,
2456 3061 2460 3072 ,

1387 3072 1492 3112 rapiat?
1521 3072 1757 3111 (illa—rtsponclet)
1775 3080 1818 3106 tu,
1840 3080 1926 3108 pater,
1947 3072 2027 3098 nescis
2043 3073 2052 3098 3
2117 3073 2184 3099 ΑΜ.
2204 3074 2275 3100 Idem
2293 3082 2325 3108 9,
2349 3081 2426 3106 1,*14
2452 3086 2453 3090 ¹

1390 3108 1478 3134 Zodus
1514 3121 1560 3128 ·——·
1595 3107 1622 3133 id
1642 3108 1729 3134 solum
1749 3110 1853 3143 putauit
1870 3108 1970 3135 schema
1991 3108 2137 3144 (figuram)
2158 3118 2212 3144 quo
2231 3109 2303 3136 aliud
2322 3104 2435 3136 urnula-⁴
2452 3123 2453 3126 =

1389 3150 1433 3170 tur
1452 3143 1520 3174 dici,
1548 3151 1627 3177 quam
1647 3142 1762 3176 dicitur,
1788 3144 1859 3179 quod
1881 3145 1938 3170 sane
1960 3143 2041 3177 vulgo
2065 3153 2172 3179 quoque
2191 3144 2224 3171 sic
2249 3144 2331 3180 accipi
2351 3145 2405 3171 scio
2418 3154 2430 3171 ε,

1390 3179 1459 3206 vnde
1472 3184 1496 3205 et
1508 3178 1633 3213 figuratae
1652 3180 1844 3207 controuersiae
1858 3178 1984 3214 quaedam
2019 3193 2064 3198 ——
2099 3186 2236 3207 vocantur.
2307 3180 2380 3208 Idem
2399 3180 2433 3214 7‚'

1390 3226 1424 3248 4,
1441 3220 1471 3245 28
1510 3215 1532 3240 A
1552 3222 1605 3248 quo
1624 3213 1780 3242 dissensuros
1799 3221 1878 3249 puto,
1903 3215 1949 3249 qui
1967 3214 2080 3241 libenter
2104 3221 2189 3250 patres
2208 3216 2291 3251 figura
2308 3205 2435 3242 laedunt)

1392 3252 1498 3277 Sueton.
1519 3250 1548 3276 in
1560 3249 1661 3283 Vespas.
1682 3260 1703 3276 c.
1716 3259 1739 3282 ¹3
1764 3251 1917 3277 Amicorum
1932 3249 2092 3284 libertatem,
2106 3251 2303 3279 Causidicorum
2320 3251 2426 3286 figuras,

1391 3285 1609 3321 philosophorum
1621 3287 1812 3312 contumaciam
1827 3284 1949 3311 lenissiine
1963 3286 2031 3312 tulit.
2137 3286 2210 3313 Idem
2230 3288 2331 3314 Domit.
2355 3296 2376 3313 c.
2397 3295 2432 3312 10.
2452 3290 2453 3311 l

1392 3322 1497 3349 Occidit
1514 3327 1539 3347 et
1550 3321 1745 3354 Hermogenem
1758 3322 1913 3348 Tarsensem
1935 3330 2040 3355 propter
2052 3322 2176 3356 quasdam
2196 3323 2225 3349 in
2237 3323 2349 3350 historia
2361 3323 2435 3355 figuss·
2452 3314 2454 3347 l

1391 3367 1447 3388 raa,
1468 3364 1513 3383 etc.
1554 3355 1611 3382 Vid.
1626 3356 1756 3391 Cajaubon.
1769 3355 1803 3382 ad
1815 3357 1832 3382 Ι.
1857 3363 1879 3382 et
1899 3356 1961 3389 ls'offi
1975 3357 2034 3390 lusi.
2043 3358 2115 3385 Orat.
2127 3368 2151 3392 5,
2165 3362 2191 3390 6,
2202 3369 2227 3393 7.
2369 3357 2390 3396 q
2411 3356 2430 3391 ς’
2452 3371 2454 3384 ι

1393 3392 1580 3420 Mathematicis
1600 3392 1696 3425 Figura
1714 3390 1761 3424 ist,
1782 3400 1841 3426 quae
1854 3391 1901 3427 fid'
1917 3395 2013 3428 aliquo,
2033 3394 2075 3421 vel
2091 3394 2213 3428 aliquibus
2231 3397 2346 3420 terminis
2363 3387 2454 3425 com-sl

1388 3427 1561 3463 prehenditur.
1606 3428 1673 3453 Euct.
1694 3429 1778 3461 primo
1800 3427 1912 3453 Element.
2108 3426 2128 3466 fi
2151 3431 2168 3455 6
2206 3431 2274 3456 ICtis
2292 3432 2365 3456 etiam
2384 3429 2432 3456 Fia
2452 3428 2453 3463 l

1394 3472 1458 3497 gura
1471 3462 1513 3496 est,
1533 3471 1604 3498 quam
1615 3463 1680 3488 alias
1691 3462 1809 3496 Speciem
1823 3462 1915 3494 dicunt,
1933 3470 1962 3490 vt
1981 3463 2032 3494 1.a1
2051 3463 2084 3490 D.
2099 3464 2132 3490 de
2145 3465 2238 3491 mortis
2251 3466 2324 3491 causa
2337 3460 2433 3492 donat).

1398 3499 1516 3533 Exceptis
1529 3498 1569 3524 his
1583 3497 1702 3531 capiendi
1716 3496 1815 3531 figuris.
1889 3501 1921 3525 It.
1940 3499 1957 3525 l.
1974 3508 1983 3525 1
2004 3499 2035 3525 D.
2044 3499 2076 3526 de
2089 3499 2196 3533 obligat.
2216 3506 2242 3527 et
2255 3501 2304 3527 261.
2329 3501 2366 3526 Ex
2382 3501 2434 3527 va·->

1434 3570 1439 3575 .
1601 3569 1606 3572 -
1773 3534 1802 3558 Et
1821 3543 1858 3568 pr.
1873 3534 1955 3561 Instit.
1968 3534 2000 3561 de
2013 3535 2129 3569 Legatis,
2149 3536 2188 3561 De
2200 3535 2232 3562 iis
2246 3536 2312 3562 iuris
2324 3535 2429 3571 figuris„

1393 3569 1490 3606 quibus
1505 3577 1550 3603 per
1562 3567 1757 3594 vnxuersitatem
1769 3577 1809 3594 res
1827 3569 1904 3596 nobis
1916 3571 2098 3604 acquiruntur.

1429 3611 1446 3632 F
1457 3612 1464 3630 1
1475 3611 1550 3644 ‹av-R
1560 3610 1581 3629 A
1592 3608 1614 3629 T
1624 3610 1649 3629 E.
1677 3602 1752 3643 Adu.
1773 3604 1902 3640 fignificat
1916 3607 1962 3632 Per
1969 3605 2088 3642 figuram.
2124 3606 2182 3632 Cum
2196 3605 2305 3642 rcspcflu
2319 3606 2353 3633 ad
2365 3606 2430 3633 Rhe--

1394 3644 1498 3667 toi-icam
1505 3637 1710 3678 significationem
1724 3639 1841 3672 F1gurae.
1860 3642 1890 3667 de
1902 3651 1949 3677 qua
1969 3650 1993 3666 n.
2010 3652 2035 3674 4.
2064 3641 2155 3667 Ascon.
2169 3641 2227 3668 Ped.
2242 3651 2360 3676 prooem.
2369 3641 2428 3668 Ac'l’:

1396 3676 1474 3702 Verr.
1489 3684 1520 3708 3ο
1539 3684 1560 3700 c.
1575 3682 1602 3699 10
1628 3672 1697 3699 Vide
1710 3673 1818 3706 figurate
1837 3676 1943 3710 lingulis
1962 3675 2077 3703 additam
2095 3676 2199 3702 laudem
2216 3687 2248 3704 ex
2268 3687 2316 3704 ore
2336 3673 2433 3712 aducrffi

1395 3751 1468 3774 ctiam
1486 3747 1543 3772 licet
1560 3743 1669 3771 laudan.
1724 3781 1729 3785 ,
1751 3747 1890 3782 Comparat.
1924 3747 2013 3774 Sidon.
2028 3746 2103 3780 Epist.
2119 3752 2166 3778 5,8
2186 3748 2335 3782 Figuratius
2349 3755 2426 3783 quem
2456 3768 2459 3771 .

1395 3789 1517 3817 pungere.
1588 3780 1681 3814 Supcrl.
1701 3781 1899 3815 Figuratiffime,
1918 3782 1983 3817 apud
1996 3782 2071 3808 Mart.
2086 3782 2183 3816 Capell.

1392 3822 1527 3879 51¹}in
1534 3820 1656 3882 EATO.
1691 3817 1763 3843 Idem.
1799 3818 1877 3853 Apud
1889 3817 2050 3845 Tertullian.
2068 3817 2128 3844 adn.
2148 3817 2204 3847 Iud.
2225 3828 2247 3845 c.
2266 3827 2292 3852 9.
2327 3825 2350 3845 et
2367 3817 2425 3844 adu.-

1424 3861 1437 3878 ἃ
1469 3870 1475 3876 ·
1489 3859 1514 3882 3,
1567 3869 1573 3875 .

334 3898 347 3917 1·
358 3899 366 3917 1
376 3898 396 3918 G
406 3899 426 3919 v
435 3898 451 3918 L
460 3896 510 3918 AT
519 3896 584 3923 OR,
602 3888 665 3917 orie.
702 3898 738 3917 m.
773 3889 852 3917 Gloss.
866 3890 924 3917 Vct.
938 3887 1069 3925 κιραμιῦς,
1083 3887 1164 3917 Faber
1177 3889 1310 3925 figulator.
1339 3895 1385 3921 105
1430 3892 1463 3914 1²1
1472 3891 1493 3913 G
1503 3885 1524 3912 ὗ
1532 3891 1550 3912 R
1559 3891 1579 3912 ο
1588 3904 1597 3916 ,
1618 3889 1670 3913 are.
1705 3886 1885 3924 [χηματίξω]
1921 3889 2024 3924 fingere
2044 3893 2068 3915 et
2082 3887 2208 3923 formare.
2243 3889 2300 3917 Cic.
2321 3888 2352 3916 dc
2365 3887 2426 3916 Vni.

2359 3923 2425 3952 vers.
