2479 4225
0 228 114 276 1¹75?
417 211 453 251 F
530 210 582 251 .V
670 211 709 252 G
1529 209 1562 249 F
1654 209 1691 249 V
1783 212 1819 252 L
2114 229 2186 273 753

46 309 127 336 letare
140 304 228 339 fugam
262 303 324 329 Stat.
337 300 429 328 Theb.
443 307 471 334 ς,
485 305 544 336 278.
635 301 720 335 Agere
734 301 762 327 in
779 300 884 334 fugam,
920 297 974 324 viil.
992 303 1079 325 AGO.
1143 301 1231 327 Carm.
1244 308 1267 332 3,
1281 307 1319 330 21,
1332 306 1388 337 24..
1447 298 1468 324 C
1471 299 1555 324 lali'em
1583 298 1652 333 Nep.
1666 307 1689 331 ¹3
1698 319 1706 331 ,
1719 307 1751 331 2,
1764 308 1784 325 1.
1857 302 2000 336 Lapitlibus
2013 308 2130 343 aliquem
2144 309 2185 335 fu-

10 359 12 362 ,
46 337 151 379 Agitare*
160 341 248 374 fugam
274 337 453 371 Virg.Aen.2,
466 339 528 370 640.
601 337 731 363 Amittere
743 336 847 369 fugam,
867 331 920 360 vicl.
936 339 1078 372 AMljr‘ro.
1144 345 1206 370 gai-e
1220 342 1245 361 et
1258 335 1331 361 ferro
1357 334 1412 359 cic.
1426 331 1458 359 de
1475 335 1565 367 Arusp.
1580 335 1678 368 Resp.6
1693 343 1749 368 c.4.
1822 335 1932 364 Somnos
1945 342 2039 369 damea
2059 345 2129 378 pulsa
2144 346 2185 371 fu,

45 377 154 414 Aperuit
167 376 210 401 lux
224 374 312 407 fugam
325 373 440 398 hostium
470 372 532 398 Liu.
547 379 597 406 27,
611 380 626 398 2
638 379 703 398 extr.
769 369 879 404 Aperite
892 368 982 403 fugam
996 369 1079 394 inclu-
1146 377 1205 405 gant
1231 369 1328 396 Tibul.
1343 377 1363 401 1,
1377 377 1386 394 1
1395 386 1402 398 ,
1415 376 1442 400 4.
1513 367 1576 401 Pafl.
1613 370 1678 396 Plin.
1692 378 1730 401 11,
1744 378 1770 403 33
1799 371 1923 399 Vultures
1938 384 2068 409 vnguento
2081 382 2129 414 qui
2142 380 2185 406 fu-

7 412 11 432 ῖ
46 413 77 442 fi,
101 410 189 440 Claud,
202 409 234 436 de
247 410 274 435 B.
288 409 346 434 Get.
358 416 402 442 97.
496 408 628 441 Apparare
647 407 753 441 fugam,
790 406 917 431 Auertere
933 404 960 429 in
972 403 1079 438 fugam,
1145 412 1254 440 gantur,
1280 405 1346 432 alios
1365 409 1489 438 appetunt
1509 404 1611 431 odores„
1693 406 1782 432 Armis
1801 405 1865 440 pelli
1886 413 1912 434 et
1930 409 2017 443 fugari
2058 414 2114 441 Cic.
2134 425 2184 450 pro

45 448 99 476 vid.
111 447 150 474 hh.
165 454 206 472 vv.
273 443 386 470 Auferte
400 443 491 477 fugam
516 443 587 469 Flor.
601 452 631 476 3,
647 451 683 474 10,
693 451 716 474 3.
781 441 882 473 Capcre
896 439 986 473 fugam
1006 441 1078 466 Caes.
1101 444 1115 471 5
1145 441 1251 468 Caecin.
1265 448 1301 472 33.
1429 473 1435 478 ι
1556 473 1560 478 ἢ

6 483 9 502 ῑ
46 485 76 513 13„
86 484 115 510 G.
129 490 161 516 7,
174 482 216 507 26.
266 480 324 507 Vid.
340 480 438 513 Capere
452 478 541 513 fugam
556 481 583 504 in
597 484 615 504 c
625 485 671 505 ΑΡ
681 485 690 503 1
700 484 729 504 o.
776 474 858 501 Ouid.
879 475 943 500 Falt.
967 482 979 505 3
991 494 999 506 ‚
1019 478 1077 510 867.
1180 482 1287 503 FVGA
1299 481 1321 500 N
1334 482 1364 508 s,
1382 479 1458 500 antis.
1493 473 1586 501 Partic.
1637 475 1754 510 Propert.
1770 485 1794 509 3,
1805 485 1831 509 2,
1845 486 1867 504 ii
1893 479 2104 516 Annibalemqiie
2116 484 2183 513 iare,

46 518 175 553 Capess‘ere
187 515 277 550 fugam
286 535 295 547 ,
321 515 373 541 vid.
388 520 404 540 C
413 521 435 540 A
444 521 459 540 Ρ
468 521 484 540 E
494 521 506 541 s
516 522 529 541 s
538 520 566 540 o.
638 513 759 540 Celerare
772 510 863 544 fugam
889 510 964 543 Virg.
980 512 1044 537 Aen.
1059 520 1079 543 ι,
1146 512 1265 539 Romana
1280 510 1338 536 sede
1357 509 1484 543 fugantes.

43 555 94 589 3⁶¹·
164 550 293 578 Claudere
306 550 385 576 alicui
401 549 505 584 fugam,
531 549 586 575 vid.
608 555 624 575 c
635 555 651 574 1.
660 555 682 575 A
691 552 738 572 VD
747 552 777 572 o.
869 545 975 572 Clandit
988 546 1077 580 fugam
1183 553 1200 573 F
1212 555 1232 573 v
1242 553 1263 573 G
1272 553 1294 573 Α
1305 552 1327 572 Τ
1339 553 1359 571 ν
1368 552 1380 571 s
1389 564 1396 576 ‚
1414 553 1444 576 a,
1463 552 1518 570 um.
1554 544 1648 570 Partic.
1663 578 1667 582 Ι
1685 545 1787 572 Concio
1804 547 1861 573 Cic.
1871 547 1982 584 Philipp.
1996 553 2021 581 6,
2029 559 2051 583 3.
2105 554 2185 588 Equi-

44 586 158 616 custodia
183 586 337 614 Ouid.Met.
347 588 372 617 6,
386 593 443 620 572.
514 585 648 611 Cohibere
661 583 766 617 fugam,
803 581 994 607 Commendare
1004 582 1077 607 sefu-
1144 588 1199 609 tatu
1221 582 1329 608 Caes.B.
1343 581 1374 606 G.
1382 587 1410 614 7,
1419 582 1458 608 68.
1526 579 1616 606 l-lostis
1637 579 1692 605 Cic.
1703 580 1732 605 ad
1741 581 1836 609 (man,
1856 603 1863 609 ,
1884 603 1892 619 ,-
1963 586 2052 613 Ladm-
2066 587 2099 614 ad
2108 590 2183 616 Vesc-

42 633 104 660 gae,
127 622 180 649 vid.
194 622 235 649 hh.
251 631 294 647 vv.
365 620 504 647 Commisit
524 621 549 647 se
565 621 642 654 fugae
664 617 839 652 fortunaeque
874 617 970 643 Paterc-
985 625 1000 643 2
1012 636 1018 647 ,
1035 625 1077 652 72.
1096 629 1125 647 ιο
1145 619 1197 646 rim
1211 617 1259 644 fusi
1274 615 1410 650 fugatique
1436 613 1534 654 [dois.
1548 623 1560 646 3
1573 623 1638 646 c.3i.
1710 616 1799 642 Virtus
1820 618 1915 645 Lucan.
1929 628 1952 652 2,
1965 629 2022 654 242.
2094 624 2186 659 Longe

43 659 213 694 Compescere
231 657 319 691 fugam
338 656 449 683 alicuius
477 655 569 683 Claud.
585 655 616 682 de
627 654 656 680 B.
671 653 730 679 Get.
744 659 790 684 313.
861 652 990 679 Conferre
1004 653 1029 678 se
1049 654 1078 679 in
1145 654 1231 688 fugati
1245 661 1276 678 ex
1290 649 1427 685 conspeetu
1442 649 1581 676 hominum
1608 651 1713 676 Lucret.
1728 659 1748 682 3,
1762 657 1804 685 48.
1859 654 1928 680 add,
1943 657 2185 692 propert-&maz

41 695 132 729 fugam
156 694 211 720 Cic.
226 701 274 727 pro
286 693 390 719 Caecin.
405 700 439 718 22
458 700 479 718 c.
494 696 516 721 8.
619 688 760 716 Coniicere
774 689 798 716 se
819 688 848 715 in
861 687 949 721 fugam
975 687 1013 714 ld.
1029 697 1078 722 pro
1183 693 1231 715 F'V
1241 694 1292 715 GA
1302 688 1377 712 TxssvR
1387 692 1446 717 vs,
1465 694 1495 724 a,
1516 694 1570 711 um.
1607 686 1699 724 Pa'rtic.
1734 685 1923 723 [φυγαδεύσων]
1959 691 2040 719 Ouid.
2053 694 2132 729 Epist.
2148 702 2186 730 18,

42 730 113 758 Cael.
129 731 158 761 63
177 738 198 755 e.
215 730 257 755 26.
297 727 356 754 Vid.
379 734 396 754 c
407 733 427 753 Ο
437 734 478 754 Νι
487 734 496 753 1
505 733 521 753 c
530 732 539 752 1
548 731 577 753 Ο.
671 723 811 751 Coniicere
830 722 916 750 hostes
938 724 967 748 in
988 723 1078 757 fugam
1145 733 1167 751 11
1201 725 1308 758 Iamque
1319 722 1443 756 fugatura
1455 720 1573 747 Tithoni
1585 729 1696 755 coniuge
1709 722 1831 755 noctem,
1849 730 1895 751 etc.

41 766 113 794 Caes.
128 765 156 791 B.
166 764 198 791 G.
211 771 237 798 7,
250 771 294 798 70.
364 762 528 790 Consciscere
541 761 629 795 fugam
657 759 748 786 Tacit.
762 758 829 785 Hist.
843 767 865 791 3,
878 766 905 792 9.
977 754 1036 786 Liu.
1050 767 1078 792 ς,
1180 766 1224 786 ι-’ν
1233 765 1284 785 GA
1293 763 1314 783 Τ
1323 764 1332 783 1
1341 764 1374 787 0,
1394 757 1462 795 onis.
1490 755 1510 782 f.
1546 756 1622 792 Apud
1634 757 1711 783 Mart.
1726 757 1825 791 capell,
1861 778 1868 785 ,

41 809 69 836 53
93 800 278 834 Exiliumque‚
295 808 327 825 ae
334 799 424 833 fugam
436 796 513 824 nobis
526 805 557 823 ex
579 805 611 822 eo
628 795 688 821 loco
701 795 923 822 conscisceremus.
994 794 1031 820 Id.
1041 803 1079 827 10,
1103 804 1130 830 ¹5
1181 801 1197 821 F
1208 801 1228 820 v
1237 799 1288 820 ΘΑ
1298 799 1371 819 TOR
1380 811 1389 824 ,
1414 794 1478 818 oris.
1510 800 1545 818 in.
1603 793 1690 825 Qiam
1709 800 1791 818 vnum
1802 793 1873 820 diem
1885 804 2036 831 nuncupare
2055 798 2184 828 solinu„

41 844 75 871 43
105 836 201 862 Incerti
216 843 295 869 quam
309 834 337 860 iii
349 840 449 869 partem
465 832 631 859 intenderent
645 831 710 864 iter,
730 831 759 857 in
770 830 859 864 fugam
873 828 1078 856 consternantur.
1144 830 1292 864 fugatorem
1320 835 1507 866 aerumnarum
1536 826 1684 853 nostrarum
1729 828 1801 855 Porc.
1835 830 1915 856 Latro
1946 831 2018 859 Decl.
2046 835 2073 860 in
2105 836 2184 868 Catil,

40 872 205 899 conuertere
218 871 243 896 se
256 871 285 896 in
298 870 403 904 fugam,
436 868 489 895 vid.
511 874 528 895 c
539 874 558 894 Ο
568 875 588 894 N
598 874 618 892 V
628 873 644 893 E
653 873 671 893 R
680 873 701 893 T
710 872 739 892 Ο.
810 866 974 892 Conuertere
989 865 1079 899 fugam
1142 863 1311 898 Tertull.fiu
1321 865 1405 897 potius
1419 863 1542 902 Cyprian.
1556 863 1643 889 Carni.
1657 862 1715 889 adu.
1730 864 1811 890 Marc.
1826 873 1855 897 5,
1870 875 1895 891 ιο
1923 867 2020 895 Mortis
2033 869 2148 903 fugator,

40 906 172 939 elamore,
201 905 255 932 vid.
277 911 296 933 c
306 913 325 932 o
334 912 410 932 NVE
419 912 437 931 R
447 910 505 931 TO.
575 903 741 929 Conuertunt
754 901 869 928 clamore
882 901 970 934 fugam
1003 902 1076 936 Virg.
1182 906 1199 926 1²
1211 907 1231 926 ν
1241 906 1262 926 G
1272 905 1351 925 ATR
1361 905 1370 924 1
1379 904 1415 931 x,
1434 901 1490 924 icis.
1510 898 1530 924 f.
1587 898 1705 925 Tertull.
1719 898 1779 925 adu.
1794 900 1885 927 Gnost.
1898 910 1956 929 c.12
1980 903 2098 933 Dilectio
2110 907 2183 942 fuga-

39 943 106 970 Aen.
123 951 159 974 12,
172 949 225 975 252.
292 942 361 969 Dare
373 941 398 967 se
411 940 524 966 incertae
536 944 562 965 et
575 938 735 973 periculosae
746 937 824 971 fugae
851 935 907 962 Cic.
924 936 976 962 Att.
992 944 1024 971 7,
1042 946 1076 963 22.
1141 935 1195 963 trix
1215 933 1331 962 timoris.

41 978 112 1005 Dare
126 979 178 1005 sese
192 978 221 1004 in
234 977 324 1011 fugam
351 976 390 1003 Id.
403 977 480 1002 Verr.
492 984 526 1008 4,
538 981 571 1007 93
590 982 660 1007 c.43.
730 973 798 999 Dare
811 971 900 1006 fugam
925 972 999 1005 Virg.
1013 973 1076 999 Aen.
1089 985 1126 1003 20
1528 971 1551 1002 F
1654 971 1684 1002 V
1785 973 1810 1004 L

41 1021 70 1048 7,
84 1022 125 1046 24.
194 1013 334 1047 Desperata
350 1011 412 1046 fuga
431 1010 540 1037 latronis
573 1009 628 1036 Cic.
641 1008 754 1048 Philipp.
767 1015 789 1040 ς,
804 1016 843 1038 3ο.
914 1006 1020 1034 Dielare
1037 1009 1077 1048 su-
1635 1039 1641 1045 ⁶
1702 1043 1706 1047 η
1782 1041 1788 1046 1
1819 1041 1825 1046 ι

37 1057 100 1084 gam
128 1048 258 1082 Quinctil.
274 1056 299 1079 1,
317 1056 338 1079 3.
408 1046 499 1073 Tacit.
513 1046 542 1071 in
554 1045 613 1071 Vita
628 1045 714 1079 Agric.
728 1050 759 1077 37
789 1044 948 1077 Qiantoque
963 1043 1077 1070 ferocius
1177 1048 1274 1069 FVLC
1284 1048 1294 1067 1
1306 1048 1342 1074 o,
1360 1041 1377 1067 fi
1387 1061 1395 1073 ,
1414 1041 1549 1075 (Praeter.
1562 1040 1657 1066 Fulm:
1677 1039 1730 1066 vid.
1746 1041 1869 1068 Priscian.
1883 1051 1912 1069 10
1927 1049 2033 1079 p.904)
2050 1052 2117 1082 mm,
2133 1052 2181 1078 fre·

38 1089 222 1116 accurrerant,
241 1089 314 1109 tanto
327 1081 411 1109 acrius
424 1081 510 1116 pulsos
525 1081 553 1106 in
565 1080 654 1114 fugam
668 1078 812 1105 disieciffet.
872 1078 977 1104 Donarc
988 1079 1076 1114 fugam
1141 1077 1262 1113 [enplg'm‚
1288 1075 1363 1112 ἔρεὶδω
1376 1079 1388 1111 ]
1447 1078 1571 1107 firmare,
1602 1074 1756 1115 sustentare,
1787 1078 1919 1117 impedire,
1943 1089 1972 1105 ne
1995 1082 2080 1110 cadere
2096 1086 2182 1120 Pqffif„

38 1120 87 1146 Sil.
104 1127 136 1152 15,
150 1127 211 1154 724.
282 1118 439 1152 Extinguere
453 1117 514 1151 fuga
529 1125 557 1142 ac
570 1115 643 1141 ferro
669 1113 767 1140 Sallust.
780 1113 902 1148 Iugurtli.
917 1116 960 1146 46.
1031 1116 1076 1141 Fa-
1138 1113 1258 1139 quenal.
1272 1113 1321 1139 Sat.
1336 1121 1359 1144 3,
1371 1121 1412 1144 193
1439 1112 1496 1138 Nos
1508 1111 1602 1151 vrbem
1615 1111 1727 1137 colimus
1741 1118 1814 1151 tenui
1826 1113 1936 1140 tibicine
1948 1116 2052 1144 fultam.
2112 1122 2184 1148 Mar-

40 1163 101 1181 cere
112 1155 201 1189 fugam
223 1153 277 1181 cic.
291 1162 339 1188 pro
353 1154 441 1179 Domo
455 1155 497 1186 67.
538 1150 594 1177 Vid.
620 1155 689 1176 FAC
699 1156 707 1174 1
718 1156 746 1175 o.
836 1149 967 1176 Inclinant
988 1150 1015 1176 in
1035 1151 1076 1177 fu-
1094 1160 1126 1187 25
1140 1148 1196 1175 tial.
1211 1157 1236 1180 2,
1250 1157 1281 1180 43
1307 1148 1425 1174 Fulcitur
1437 1147 1498 1173 testa
1513 1147 1601 1181 fagina
1617 1147 1702 1173 mensa
1717 1146 1794 1174 milii.
1866 1150 2008 1185 Metaphor.
2043 1154 2117 1180 Cibis
2131 1156 2182 1182 ful-

38 1199 116 1224 gam,
135 1189 188 1216 vid.
205 1195 269 1216 lNc
280 1196 296 1215 L
307 1196 315 1215 1
326 1196 349 1215 N
359 1194 390 1215 ο.
459 1187 572 1213 Iniicere
585 1186 675 1220 fugam
688 1184 816 1215 inimicis,
842 1185 894 1211 vid.
911 1192 1074 1213 1N11C10.
1139 1184 1194 1211 cire
1206 1193 1235 1210 ac
1248 1184 1338 1210 omnia
1354 1183 1494 1209 sustentare
1528 1183 1631 1209 Lucret.
1647 1191 1668 1213 1,
1683 1189 1746 1216 1137.
1819 1183 2005 1213 Beneuolentia
2024 1187 2120 1216 fulcire
2133 1192 2183 1218 im-

38 1225 179 1253 Intendere
194 1225 297 1259 fugam,
321 1223 374 1250 vid.
390 1230 513 1250 INTEN
523 1229 542 1248 D
552 1227 582 1248 0.
654 1221 791 1247 Intendere
811 1221 901 1254 fugam
919 1221 951 1247 ad
970 1222 1075 1248 moenia
1140 1219 1244 1254 perium
1279 1219 1335 1245 Cic·
1347 1218 1398 1245 Off·
1412 1227 1438 1251 3,
1458 1223 1486 1249 83
1506 1227 1528 1244 C·
1542 1227 1584 1244 22.
1655 1217 1694 1244 ld·
1709 1219 1761 1244 Λα.
1778 1226 1791 1250 5
1810 1225 1873 1246 extr.
1906 1222 2036 1249 Hermum
2050 1231 2079 1251 vt
2092 1235 2184 1261 rogas,

36 1261 139 1288 Lucan.
157 1269 176 1293 4
186 1280 195 1292 ,
223 1261 283 1287 262.
370 1257 547 1285 Intercludere
575 1257 664 1291 fugam
674 1275 683 1288 ,
721 1255 774 1282 vid.
800 1263 810 1282 1
819 1263 840 1282 N
849 1263 894 1283 ΤΕ
904 1263 921 1282 R
931 1262 948 1283 c
960 1263 976 1282 L
987 1264 1006 1283 v
1016 1263 1034 1283 D
1045 1264 1076 1284 o.
1140 1255 1306 1283 creberrimis
1327 1254 1411 1280 literis
1432 1253 1526 1279 fulcio.
1598 1254 1651 1284 Re,
1668 1253 1792 1285 fortuna,
1814 1253 1881 1287 lide,
1902 1256 2033 1285 labentem
2044 1260 2141 1288 fulcire
2157 1269 2184 1289 et

38 1294 166 1324 Mandare
180 1296 206 1321 se
219 1295 311 1329 fugae,
329 1294 382 1320 vid.
405 1299 493 1320 MAN
503 1300 521 1321 D
531 1298 561 1319 0.
628 1292 760 1318 Maturate
774 1291 865 1326 fugam
896 1292 970 1326 Virg.
984 1293 1047 1319 Aen.
1057 1302 1076 1326 1,
1141 1291 1265 1317 sustinere
1290 1289 1328 1330 Id.
1338 1298 1392 1330 ‘pro
1407 1288 1499 1315 Rabir.
1513 1288 1579 1314 Post.
1587 1297 1619 1321 43
1633 1297 1654 1314 c.
1666 1291 1706 1328 16.
1733 1325 1738 1329 .
1779 1290 1898 1329 Potentia
1913 1293 2059 1321 amicorum
2074 1296 2183 1331 fulciri,

39 1339 97 1366 140.
133 1330 233 1357 Sallust.
247 1329 367 1363 Iugurth.
379 1337 403 1361 1,
424 1337 459 1355 21.
528 1326 655 1354 Meditari
668 1327 773 1361 fugam,
809 1327 864 1354 vid.
885 1334 908 1353 Μ
918 1335 934 1354 E
944 1334 961 1353 D
972 1334 1009 1355 1T
1019 1335 1076 1355 OR.
1096 1337 1128 1361 30
1141 1326 1282 1353 nobilitate
1295 1331 1346 1352 niti
1375 1327 1404 1350 A.
1419 1324 1489 1350 Decl.
1503 1330 1643 1358 antequam
1663 1330 1713 1350 ii-et
1730 1333 1758 1350 in
1773 1325 1833 1363 exil.
1854 1335 1875 1352 c.
1891 1335 1917 1360 4.
1988 1329 2112 1366 Vndique
2131 1333 2183 1359 ful-

40 1362 133 1397 Moliri
146 1365 236 1399 fugam
261 1366 335 1399 Virg.
348 1364 412 1391 Aen.
426 1372 449 1395 2,
464 1368 516 1393 108.
558 1363 614 1389 Vici.
632 1369 655 1388 M
669 1368 731 1389 01.1
744 1368 763 1388 ο
774 1369 803 1389 R.
884 1363 993 1390 Nudant
1006 1368 1077 1398 terga
1142 1362 1196 1388 cire
1210 1360 1313 1396 aliquid
1339 1360 1395 1387 Cic.
1411 1360 1443 1386 de
1456 1360 1547 1394 Arusp.
1563 1360 1636 1393 Resp.
1645 1361 1688 1385 60.
1758 1360 1795 1386 Id.
1810 1362 1889 1387 Acad.
1903 1373 1931 1397 4,
1946 1370 1977 1397 75
1999 1364 2045 1391 Sed
2060 1369 2125 1401 quid
2135 1377 2182 1395 eos

41 1401 116 1436 fugae
142 1400 179 1427 Id.
194 1399 260 1428 ibid.
275 1409 295 1430 5,
310 1401 364 1432 586.
434 1399 536 1425 Nutare
550 1398 579 1424 in
592 1398 681 1432 fugam
704 1398 775 1424 Flor.
789 1407 810 1430 3,
826 1407 870 1431 10,
888 1407 914 1432 4.
985 1400 1079 1426 Occul-
1141 1397 1279 1431 colligam,
1300 1405 1382 1431 quum
1396 1395 1507 1422 habeam
1526 1394 1715 1429 Chryfippum,
1741 1396 1788 1430 qui
1807 1396 1902 1423 fulcire
1923 1405 2029 1432 putatur
2047 1404 2182 1436 porticum

42 1435 217 1470 cai-(fugam,
253 1435 307 1462 vid.
326 1440 518 1461 OCCVLTO.
606 1435 707 1460 Ornare
734 1433 838 1468 fugam,
882 1434 935 1461 vid.
963 1442 1077 1462 ORNO.
1143 1433 1310 1459 Stoicorum?
1380 1431 1417 1458 Id.
1434 1431 1546 1465 Philipp.
1561 1439 1576 1457 2
1587 1450 1595 1462 ,
1618 1439 1643 1463 51
1680 1430 1749 1457 Nam
1772 1440 1853 1465 quum
1872 1434 1902 1459 L.
1919 1434 2049 1470 Lentulo,
2066 1439 2097 1465 C.
2112 1440 2182 1466 Mar-

41 1472 130 1500 Parare
142 1471 247 1505 fugam,
268 1469 322 1497 vid.
337 1475 451 1497 PARO.
489 1469 562 1496 Caes.
576 1469 604 1495 B.
619 1470 650 1495 G.
665 1477 692 1503 7,
704 1471 741 1495 61.
810 1470 948 1496 Penetrare
962 1471 987 1497 se
999 1471 1027 1497 in
1037 1471 1079 1497 fu-
1136 1469 1208 1501 >cello
1223 1466 1398 1499 Consulibus,
1424 1465 1545 1506 Calendis
1562 1467 1617 1492 Ian.
1636 1465 1766 1493 labentem
1778 1473 1804 1506 et
1817 1476 1898 1502 prope
1913 1470 2049 1498 cadentem
2068 1474 2182 1509 Rempu-

37 1515 111 1543 gam,
127 1507 180 1534 vid.
199 1512 393 1533 k‘ENETRO.
480 1504 591 1531 Perdere
612 1504 702 1538 fugam
723 1503 879 1538 implicitam
904 1505 991 1537 visco,
1023 1506 1078 1534 uid.
1096 1516 1124 1544 35
1142 1504 1239 1532 blicam
1263 1503 1358 1530 fulcire
1382 1508 1518 1538 cuperetis.
1588 1501 1626 1528 Id.
1646 1501 1703 1528 Post
1718 1503 1772 1528 red.
1788 1511 1816 1528 in
1831 1503 1914 1531 Senat.
1930 1513 1959 1540 17
1976 1515 1998 1532 c.
2012 1513 2034 1536 8.
2103 1510 2182 1539 Rem-

36 1547 106 1571 1‘MP
116 1549 150 1568 Li
160 1548 177 1568 c
187 1549 216 1569 O.
306 1542 395 1567 Petere
428 1540 532 1574 fugam,
566 1540 657 1575 Fugere
703 1539 796 1566 Claud.
815 1540 844 1566 in
863 1540 961 1569 Ruffin.
978 1551 1009 1576 2,
1028 1552 1077 1575 132.
1142 1540 1273 1576 publicam
1287 1538 1406 1566 subfidiis
1419 1538 1519 1574 magnis
1533 1537 1628 1565 fulcire
1659 1537 1715 1564 Cic.
1727 1538 1799 1565 Fam.
1816 1547 1859 1570 12,
1873 1547 1894 1572 5.
1965 1541 2063 1570 Ruinas
2083 1544 2181 1572 horum

35 1577 163 1604 Praebere
176 1584 249 1611 terga
263 1577 340 1611 fugae
373 1575 453 1601 Ouid·
466 1575 529 1600 Met.
545 1583 588 1605 10,
602 1576 663 1609 706-
744 1576 880 1608 Quaerere
893 1577 982 1611 fugam
1019 1579 1077 1606 Cic.
1142 1577 1277 1605 consulum
1291 1585 1338 1604 vos
1350 1575 1467 1604 consules
1480 1573 1563 1603 vestra
1577 1573 1674 1601 virtute
1687 1573 1791 1600 fulfistis
1820 1575 1859 1600 Id.
1874 1575 1931 1601 Post
1945 1576 2009 1604 Red.
2023 1578 2051 1604 in
2066 1580 2123 1606 Seii.
2137 1590 2158 1607 c.
2167 1586 2183 1611 8

32 1612 150 1647 Philipp.
164 1621 194 1646 ς,
207 1622 244 1643 30.
314 1611 433 1645 Reprcss'a
453 1609 489 1636 est
509 1610 570 1644 fuga
589 1619 655 1644 quae
675 1609 816 1644 parabatur
853 1611 892 1637 Id.
912 1614 965 1639 Att.
985 1620 1018 1648 7,
1040 1622 1077 1647 ες.
1140 1620 1182 1650 pr.
1252 1613 1365 1641 Salutem
1379 1612 1473 1640 fulcire
1498 1612 1601 1640 Luci-et.
1615 1619 1637 1643 3,
1653 1611 1705 1636 126.
1777 1609 1881 1638 Fulcire
1896 1610 1963 1637 cibis
1988 1612 2061 1639 Idem
2073 1622 2100 1646 2,
2110 1618 2182 1648 1146.

31 1648 164 1675 Simulata
190 1646 321 1682 Quinffil.
334 1655 359 1678 2,
373 1654 406 1678 13.
474 1645 567 1672 Sistere
580 1645 669 1679 fugam
682 1645 793 1672 alicuius
815 1647 973 1674 Stat.Theb.
982 1658 1008 1680 9,
1016 1654 1075 1684 874.
1143 1649 1274 1676 Columel.
1288 1652 1314 1682 6,
1328 1658 1370 1682 24,
1385 1657 1403 1682 4
1434 1648 1509 1675 Fulta
1522 1648 1587 1674 cibis
1599 1647 1656 1673 bos·

34 1683 108 1710 Flor.
123 1692 144 1715 1,
160 1691 180 1715 1,
195 1691 228 1714 13.
297 1682 374 1707 Sum:
409 1687 448 1712 vt,
469 1681 499 1707 In
513 1681 574 1715 fuga
590 1682 637 1708 effe
671 1681 726 1707 Cic.
740 1682 793 1707 Att.
807 1689 833 1716 7,
847 1691 883 1709 22.
955 1684 1077 1711 Texunt-
1084 1696 1122 1720 40
1178 1691 1344 1714 FVLTVS,
1364 1693 1394 1716 a,
1413 1693 1467 1710 uin.
1505 1684 1571 1709 Part.
1607 1680 1738 1707 Amicitiis
1746 1680 1827 1706 fultus
1846 1681 1911 1707 Plin.
1919 1681 1996 1715 Epist.
2004 1690 2029 1714 9,
2043 1691 2076 1715 13.
2122 1686 2182 1719 Ope

35 1727 90 1752 que
102 1718 175 1752 fugas
189 1723 213 1743 et
225 1716 323 1752 praelia
338 1715 402 1742 ludo
426 1716 502 1751 Virg.
509 1718 574 1743 Aen.
583 1724 605 1749 ς,
618 1725 671 1749 593.
743 1717 803 1743 Liu.
812 1726 853 1750 30,
862 1726 889 1750 33
902 1725 966 1746 extr.
987 1720 1076 1747 Postea
1141 1719 1222 1745 fultus
1248 1719 1442 1752 Qiinetil.6,3.
1499 1717 1564 1743 Pede
1578 1715 1659 1754 mollit
1669 1715 1735 1753 fulta
1747 1749 1751 1754 ⁴
1761 1716 1828 1741 Hor.
1841 1715 1923 1742 Serm.
1933 1725 1952 1747 1,
1964 1725 1988 1747 2,
1996 1722 2033 1747 88.
2089 1719 2182 1747 Poten-

0 1751 3 1758 '
35 1762 117 1788 quam
130 1753 222 1779 videre
237 1761 268 1778 ex
283 1753 337 1778 alto
351 1752 465 1784 classem,
485 1753 513 1778 in
526 1752 613 1785 fugam
627 1757 773 1778 verterunt.
1139 1755 1175 1779 tia
1197 1755 1344 1779 amicorum
1367 1753 1446 1783 fulti,
1472 1752 1613 1777 nobilitate
1633 1758 1691 1774 nixi
1721 1750 1777 1775 Cic.
1792 1755 1878 1784 anteq.
1892 1751 1944 1777 iret
1959 1753 1986 1778 in
1999 1753 2059 1779 exil.
2074 1763 2097 1780 11
2116 1765 2137 1782 c.
2154 1765 2182 1789 4.

7 1786 9 1788 ’
75 1794 154 1814 FVG
165 1790 253 1819 ΕιΑ,
271 1796 310 1813 ae.
331 1787 350 1813 f.
385 1787 460 1813 Idem.
497 1786 658 1820 ApuLApol.
671 1795 696 1819 p.
704 1789 756 1817 336,
771 1791 784 1814 8
810 1786 851 1812 Ab
859 1787 892 1812 iis
906 1796 1076 1822 nuncmagna
1140 1787 1217 1820 Apud
1229 1794 1330 1813 veteres
1341 1787 1521 1820 vnusquisque
1541 1794 1589 1815 eo,
1615 1785 1692 1818 super
1710 1785 1782 1818 quod
1802 1785 1918 1820 iaccbat,
1945 1787 2026 1814 fultus
2046 1788 2184 1819 dicebami-

29 1822 125 1856 fugela
137 1823 166 1847 in
182 1831 294 1855 ganeum
313 1821 391 1854 fugit.
444 1821 486 1847 Sic
503 1824 530 1845 in
547 1821 655 1846 Catonis
673 1820 842 1852 fragmentis,
866 1821 949 1848 edente
967 1824 1074 1857 Popma,
1139 1822 1212 1847 Seru.
1225 1822 1259 1847 ad
1270 1822 1345 1854 Virg.
1359 1821 1411 1846 Ecl.
1426 1824 1442 1847 6
1453 1840 1462 1853 ,
1483 1829 1510 1853 53
1550 1820 1600 1846 Ille
1619 1820 1684 1846 latus
1703 1821 1814 1846 niueum
1833 1821 1909 1848 molli
1928 1823 2010 1849 fultus
2026 1824 2180 1856 hyacintho.

33 1857 153 1885 Maxima
166 1856 252 1890 fugela
265 1855 375 1888 dicitur,
388 1860 437 1889 pro
451 1855 566 1880 Maxima
573 1854 650 1890 fuga.
1089 1856 1123 1883 45
1139 1856 1252 1882 Puluino
1266 1856 1348 1882 fultus
1368 1856 1453 1882 Lucil.
1468 1855 1587 1891 ap.ser11.
1601 1856 1648 1881 l.c.
1722 1856 1800 1882 Talis
1813 1857 1880 1882 male
1892 1856 1988 1883 fultum
2002 1862 2090 1892 prauis
2111 1862 2181 1889 Hor.

25 1888 29 1895 ¹
69 1899 87 1919 F
96 1897 144 1918 νῦ
153 1898 174 1917 A
184 1899 202 1917 x
213 1912 220 1924 ‚
235 1890 302 1931 ficis.
338 1889 397 1915 Adi.
409 1923 415 1929 ῃ
433 1887 596 1938 [φυζοξνικὲς]
648 1889 699 1923 Qui
707 1893 811 1930 propter
823 1890 983 1930 timiditatem
991 1891 1075 1927 facile
1141 1892 1224 1918 Serm.
1237 1901 1257 1923 1,
1271 1900 1293 1923 3,
1306 1897 1348 1931 4:8⁸
1420 1892 1506 1931 Caput
1519 1891 1617 1917 fultum
1644 1890 1716 1924 Virg.
1732 1891 1796 1916 Aen.
1810 1899 1840 1930 ¹.¹’
1854 1899 1894 1923 39.
1963 1893 2046 1920 Causa
2059 1895 2181 1929 pluribus

28 1924 771 1994 11351..ξεῖἱιεὶῖῖάῆξιῇῇῑῑὲὲ1111111311..
802 1927 1075 1997 S.Y.:.‘5.·.‘³⁶¹¹·÷¹:.};?
1139 1925 1753 1994 aas?÷¹312¹53120ffi5¹13225551235:¹32?st
1792 1926 2182 1997 ⁰¹i}..,fi'{?1..f}.⁰{iz‚ri¹{³¹f?.iffl³{;

36 1999 78 2026 cia
87 2005 179 2034 poma,
199 1995 296 2023 Persica
308 1997 414 2031 appellat
431 1994 496 2021 Plin.
522 1994 586 2030 quod
599 1998 648 2021 cito
667 1995 842 2030 deflorescunt,
867 2003 891 2022 et
912 1996 1006 2023 diutius
1021 1998 1075 2032 scr·
1139 1998 1194 2023 Cic.
1204 1996 1254 2023 Off.
1264 2005 1284 2028 3,
1299 2001 1336 2026 88.
1427 1995 1501 2022 Idem
1515 1995 1546 2022 de
1560 1996 1595 2022 N.
1605 1995 1635 2021 D.
1650 2003 1675 2027 2,
1688 2003 1719 2027 25
1733 2005 1755 2021 c.
1769 2004 1786 2028 9
1815 1996 1907 2023 Fultae
1921 1998 2007 2025 calore
2018 2009 2108 2027 omnes
2122 2012 2181 2037 par.

35 2037 94 2062 υανι·
108 2043 155 2059 non.
164 2031 279 2068 postiam,
297 2042 331 2065 15,
346 2041 380 2057 12.
451 2030 525 2064 Virg.
541 2031 606 2056 Aen.
620 2039 663 2061 10,
676 2032 728 2065 697
764 2046 809 2052 -
836 2031 937 2065 prolem
951 2032 1074 2059 Dolicao-
1088 2032 1121 2058 50
1139 2039 1176 2059 tes
1191 2032 1285 2058 mundi
1298 2031 1464 2058 sustinentur.
1535 2030 1673 2066 Subsellium
1686 2031 1745 2057 satis
1758 2031 1855 2058 fultum
1870 2032 1906 2058 est
1913 2033 1981 2060 mihi
2001 2036 2180 2065 Planasticlm

36 2064 79 2097 i‘iis
90 2069 208 2096 Hebrum
236 2068 333 2093 Sternit
345 2065 434 2096 humi:
471 2074 529 2093 cum
547 2074 601 2101 quo
619 2066 746 2100 Latagum
760 2067 928 2102 Palmumque
941 2068 1072 2102 fugacem.
1126 2076 1160 2100 «1,
1172 2076 1197 2100 2,
1211 2075 1249 2101 37.
1280 2067 1309 2093 de
1318 2069 1432 2102 puluino.
1502 2067 1558 2093 Cic.
1572 2068 1604 2092 de
1617 2065 1718 2091 Sene&-
1731 2074 1762 2098 52
1792 2067 1878 2100 Vitis,
1897 2077 1964 2103 quae
1975 2077 2070 2098 natura
2085 2073 2180 2102 caduca

37 2105 169 2133 Velocem.
192 2103 307 2130 Seruius.
379 2101 448 2128 Anni
461 2102 564 2136 fugaces
587 2102 655 2128 Hor.
670 2103 757 2128 Cat-m.
774 2111 795 2133 2,
810 2111 849 2134 14,
863 2112 881 2128 1.
951 2104 1018 2129 Plin.
1033 2113 1070 2135 10,
1139 2103 1190 2134 est,
1210 2108 1235 2129 et
1247 2102 1295 2128 nisi
1310 2102 1377 2129 fulta
1390 2102 1436 2133 fit,
1455 2101 1489 2128 ad
1502 2108 1598 2128 terram
1612 2101 1707 2127 fertur.

0 2163 3 2170 ,
40 2142 70 2174 52
92 2139 206 2169 Tribuit
217 2138 267 2165 hoc
280 2139 371 2165 auium
391 2137 481 2172 generi
500 2144 609 2169 natura,
639 2142 669 2164 vt
687 2137 854 2164 fecundiores
870 2139 948 2164 effcnt
966 2139 1073 2172 fugaces
1176 2144 1192 2163 F
1204 2139 1352 2164 VLci'ME
1363 2143 1386 2162 Ν
1397 2157 1405 2169 ,
1423 2137 1484 2162 inis.
1522 2146 1548 2163 n.
1596 2138 1649 2171 ‚Qffl
1663 2136 1851 2172 quidfulcitur.
1904 2139 1987 2167 Ouid.
2002 2141 2068 2168 Fast.
2082 2144 2112 2175 6,
2131 2146 2180 2178 269

0 2172 15 2212 f}
39 2184 127 2202 earum
139 2183 216 2210 quam
229 2174 319 2201 fortes.
389 2175 459 2200 Aura
479 2174 603 2208 fugacior
637 2172 718 2200 Ouid.
733 2173 798 2198 Met.
813 2182 851 2204 13,
871 2178 926 2202 808.
999 2174 1071 2200 Bona
1139 2173 1229 2200 Terra
1245 2172 1314 2206 pilae
1327 2172 1418 2198 similis
1433 2172 1508 2198 nullo
1521 2172 1658 2199 fulcimine
1671 2173 1742 2198 nixa.

0 2213 16 2248 ll
39 2210 193 2246 fugaciffima
218 2210 275 2236 Seu.
291 2209 368 2245 Epist.
377 2217 423 2244 74.
494 2210 610 2244 Capreae
636 2208 716 2235 Ouid.
729 2209 794 2234 Met.
811 2217 836 2238 1,
853 2217 916 2240 442.
989 2210 1070 2235 Cerui
1090 2211 1118 2238 53
1172 2214 1189 2234 F
1201 2215 1222 2234 V
1232 2214 1246 2233 L
1257 2213 1292 2234 Ci
1302 2214 1320 2232 λ’
1334 2214 1410 2234 ENT
1421 2215 1488 2248 vivi,
1508 2208 1525 2235 i.
1535 2243 1540 2248 .
1552 2217 1578 2233 n.
1607 2208 1767 2248 ·[5²le{7st⁴⁶‘]
1811 2209 1887 2235 Idem.
1940 2211 2060 2239 Macrob.
2075 2213 2177 2242 Satin-ri.

14 2256 15 2266 ¹
39 2247 112 2282 Virg.
127 2247 221 2280 Georg.
233 2254 260 2279 3,
274 2254 327 2279 539.
398 2245 554 2272 Crocodilus
567 2249 657 2271 contra
671 2244 835 2277 insequentes
849 2244 929 2277 fugax
960 2244 1025 2270 Plin.
1041 2250 1071 2277 8,
1137 2250 1170 2278 7,
1188 2252 1205 2276 9
1236 2244 1373 2270 Desertum
1392 2243 1554 2269 fulcimentis
1574 2244 1625 2269 suis
1639 2243 1737 2270 labitur
1751 2252 1779 2269 in
1799 2245 1912 2271 ruinam.
1986 2248 2062 2281 Apul.
2081 2250 2145 2276 Met,
2167 2260 2179 2277 ι

39 2288 80 2315 ας.
146 2282 208 2343 Diu&
230 2281 403 2343 sciligaciffiinus
423 2281 494 2342 6Liu.
513 2289 562 2342 ᾗ,
587 2284 623 2310 ²8-
654 2281 819 2341 66Equqrus<17
835 2280 896 2340 ῗαηέι
912 2277 962 2312 est:
997 2281 1071 2331 Cpnf.
1136 2287 1246 2340 §.li-09,
1271 2288 1300 2331 27
1325 2280 1410 2341 [101131
1435 2278 1500 2340 pege
1519 2279 1603 2340 altfero
1616 2278 1815 2340 lisiilciitneqttlim‚
1841 2289 1895 2319 quo
1908 2280 2053 2321 ‘sustinebar
2067 2286 2177 2319 repello.

37 2318 125 2379 iffi
138 2318 428 2387 2....‘.¹1¹n.;.{?.“·i⁴..:.2
435 2336 448 2384 ,'
460 2322 506 2381 ,ἔ
548 2321 648 2377 effic.-
680 2321 780 2377 ἦρξέ·
790 2359 806 2376 2
815 2323 876 2382 ξε,
900 2321 1071 2377 ³⁶⁰5&ssssssss
1136 2324 1169 2381 ,ξ’
1177 2324 1209 2379 1¹⁵⁰
1213 2323 1318 2375 'ciniis
1329 2324 1474 2386 astar..
1489 2322 2043 2389 222532254125132.‚¹¹§.¹¹.¹.¹.‘}.¹¹.{¹?..¹‚2.¹1.¹.‘.¹‘‡ff·,
2058 2321 2178 2389 suspfissffi

1 2403 15 2421 J.
32 2387 153 2422 fugacem
169 2388 334 2423 persequitur
347 2387 444 2414 Virum
469 2388 563 2413 Horat.
576 2386 627 2412 Od.
641 2394 663 2417 3,
678 2394 703 2417 2,
718 2394 757 2417 14.
829 2386 878 2411 Res
900 2386 978 2419 fugax
994 2394 1021 2412 ac
1033 2386 1071 2412 lu-
1090 2385 1219 2411 601e6his
1234 2384 1311 2411 debet
1325 2391 1350 2411 et
1363 2385 1479 2424 moueri.
1549 2385 1575 2410 Si
1589 2393 1621 2410 ne
1636 2384 1662 2411 id
1677 2385 1782 2424 quidem
1798 2385 1848 2418 est,
1867 2393 1892 2412 at
1906 2395 1975 2414 certe
1988 2390 2032 2415 vni
2046 2391 2177 2423 pedileffi

3 2424 15 2454 i}
35 2422 108 2451 brica
119 2430 221 2458 tenipus
252 2425 309 2450 Sen.
324 2422 403 2457 Epist.
417 2431 436 2448 1.
508 2421 616 2447 Gloriae
633 2420 806 2454 fugaciss'imus
840 2420 877 2447 Id.
892 2420 923 2446 de
936 2422 1025 2448 Benef.
1039 2431 1072 2454 4,
1135 2421 1320 2447 fulcimentum
1332 2420 1526 2447 subiiciendum
1539 2419 1590 2451 est,
1615 2426 1693 2454 atque
1707 2427 1743 2446 ita
1763 2420 1844 2446 lechis
1859 2421 1909 2447 huc
1923 2430 1948 2448 et
1961 2423 2024 2450 illuc
2036 2434 2114 2452 manu
2127 2427 2176 2452 im-

13 2464 16 2488 ι
33 2467 71 2494 3²·
141 2459 220 2494 Sequi
235 2459 354 2494 fugacem
388 2457 455 2483 Hor.
470 2456 551 2482 Serm.
565 2465 596 2487 2,
612 2464 645 2490 7,
661 2464 707 2488 113.
778 2456 888 2488 Breuia,
907 2457 1025 2491 fugacia,
1046 2463 1072 2484 et
1136 2456 1279 2491 pellendus.
1333 2458 1376 2483 ΑΙ.
1393 2457 1561 2482 fulmentum.
1618 2455 1676 2482 Vid.
1692 2456 1754 2482 Scal.
1768 2456 1802 2481 ad
1815 2457 1907 2483 Manil.
1920 2466 1945 2489 2,
1959 2464 2022 2493 877:
2057 2464 2125 2487 cuius
2137 2469 2176 2488 ta.

2 2513 7 2519 i
30 2494 126 2521 caduca
139 2495 273 2526 existima,
308 2497 326 2519 i.
346 2492 443 2518 Caduca
456 2498 479 2517 ee
489 2494 639 2527 temporaria
669 2492 724 2518 Cic.
740 2492 811 2518 Fam.
827 2496 863 2521 10'¹
880 2500 914 2518 ic.
1134 2501 1188 2517 men
1207 2492 1321 2518 fulmina
1337 2499 1384 2527 pro
1403 2492 1540 2518 fulmentis
1558 2491 1598 2517 vel
1616 2491 1778 2516 fulcimentis
1794 2491 1890 2525 pofita,
1916 2492 1982 2519 ridet
2001 2495 2124 2522 Bentleius
2143 2497 2178 2523 ad

14 2526 15 2529 ’
69 2536 86 2556 F
98 2538 119 2556 v
128 2535 206 2557 GAC
216 2528 227 2555 1“
236 2536 257 2555 Τ
267 2535 283 2554 Ε
292 2535 322 2555 R.
356 2526 423 2553 Adu.
458 2528 530 2553 More
536 2527 700 2563 fugientium.
736 2527 814 2562 Apud
826 2527 878 2553 ICt.
891 2531 917 2553 in
930 2527 997 2554 Cod.
1026 2547 1033 2553 .
1063 2548 1070 2554 .
1133 2528 1229 2562 versum
1243 2527 1318 2562 ipfius
1331 2535 1379 2562 392
1388 2547 1394 2557 ,
1421 2535 1444 2553 et
1462 2528 1521 2563 legit
1536 2527 1644 2560 Imaque
1663 2525 1785 2551 submersi
1798 2527 1950 2561 contingens
1970 2528 2083 2557 culmina
2108 2532 2175 2567 (pra

31 2565 145 2600 Compar.
180 2565 240 2591 Liu.
255 2569 292 2596 28,
305 2569 319 2594 8
355 2564 450 2590 Vtrum
475 2561 507 2589 ab
527 2563 552 2589 se
571 2562 708 2595 audacius,
725 2571 758 2589 an
769 2562 887 2597 fugacius
904 2562 937 2589 ab
950 2562 1070 2591 hostibus
1088 2562 1120 2595 6,-
1135 2564 1202 2598 vulg.
1217 2563 1350 2594 fulmina)
1369 2562 1472 2589 mundi.

29 2606 138 2636 geratur
158 2600 267 2627 bellum.
1171 2605 1187 2624 F
1197 2605 1216 2623 ν
1229 2604 1244 2622 1.
1258 2604 1283 2623 Μ
1296 2604 1313 2623 E
1324 2605 1364 2629 N,
1382 2597 1441 2623 inis.
1463 2606 1489 2622 n.
1526 2597 1575 2623 Pro
1593 2596 1749 2622 fulmentum.
1785 2595 1877 2622 Manil.
1890 2605 1919 2628 2,
1934 2603 1985 2634 877
2005 2600 2105 2634 placere
2117 2603 2174 2630 Sca.

70 2642 88 2662 F
99 2643 119 2662 v
129 2642 149 2662 G
158 2642 177 2661 A
188 2641 205 2662 c
218 2634 232 2661 f
239 2642 260 2663 T
268 2641 289 2661 Α
299 2643 312 2662 s
319 2655 326 2667 ,
346 2633 402 2661 itis.
427 2634 447 2660 f.
489 2633 567 2659 Glots.
581 2632 674 2665 Cyrill.
688 2632 822 2666 Fugacitas
831 2652 838 2663 ‚
854 2632 868 2661 ἦ
881 2633 955 2666 φυγή.
1133 2633 1227 2668 lige-ra,
1246 2633 1356 2658 Bentleio
1368 2633 1449 2658 rideri
1457 2651 1465 2663 ,
1484 2631 1553 2657 modo
1568 2630 1624 2656 dixi
1643 2640 1699 2657 voce
1719 2637 1735 2656 11
1744 2637 1763 2656 v
1774 2637 1789 2656 L
1797 2637 1814 2658 c
1825 2639 1866 2657 1M
1875 2639 1892 2659 E
1902 2639 1921 2658 N
1931 2640 1953 2660 T
1963 2641 1983 2660 v
1993 2641 2030 2661 Μ,

72 2678 88 2697 F
100 2678 149 2698 νῦ
159 2678 166 2696 1
175 2674 240 2697 Τῑν
249 2677 269 2696 ν
280 2677 292 2697 s
302 2690 308 2701 ‚
326 2674 353 2701 a,
371 2679 426 2695 um.
462 2668 521 2695 Adi.
557 2668 692 2702 [φυζικὸς]
748 2669 798 2701 Qa‘
810 2669 928 2703 aufugit:
963 2674 1002 2699 vt,
1020 2668 1069 2693 Fii-
1169 2673 1185 2692 F
1194 2673 1215 2691 v
1226 2673 1241 2691 L
1250 2674 1274 2692 M
1284 2673 1301 2692 E
1310 2673 1333 2692 N
1343 2674 1393 2693 Τν
1402 2674 1426 2693 Μ
1435 2687 1443 2699 ,
1462 2667 1482 2692 i.
1505 2675 1530 2692 n.
1567 2667 1753 2692 fulcimentum.
1791 2666 1897 2694 Nonius
1910 2676 1933 2700 3,
1946 2674 1977 2701 98
2006 2671 2174 2701 Fulmentum

29 2707 131 2742 gitiuus
146 2707 249 2738 seruus,
271 2707 322 2731 (mi
334 2716 348 2731 a
360 2705 455 2730 domino
469 2710 577 2730 eamente
590 2703 692 2733 recedit,
709 2711 737 2727 nc
751 2702 784 2727 ad
795 2711 847 2728 eum
856 2702 954 2734 redeat,
977 2702 1069 2735 etiamst
1132 2708 1227 2727 neutro
1240 2707 1269 2727 vt
1284 2701 1320 2727 est
1333 2702 1360 2728 in
1372 2701 1518 2736 prouerbio
1531 2702 1631 2733 veteri,
1651 2710 1705 2735 quo
1715 2703 1799 2728 Varro
1814 2703 1895 2728 vtitur
1909 2705 2019 2738 saepius,
2036 2708 2055 2733 F
2058 2708 2173 2737 ulnienta

30 2749 125 2770 mutato
137 2740 234 2775 confilio
248 2732 342 2767 tuffam
356 2746 503 2767 reuertatur.
551 2741 554 2742 ⁷
574 2738 656 2765 Plaut·
669 2737 740 2763 Men·
755 2745 775 2769 1,
789 2745 807 2768 1,
822 2747 840 2771 4
871 2738 902 2763 Et
915 2738 962 2772 qui
976 2738 1067 2772 fugiti-
1082 2741 1118 2769 70
1131 2736 1229 2763 leftutn
1241 2736 1380 2763 scandunt:
1406 2737 1552 2774 significare
1571 2737 1672 2764 videtur
1683 2736 1864 2771 peruersttatem
1876 2740 1996 2774 quandam
2011 2748 2035 2767 et
2042 2745 2174 2777 perturba-

2 2785 11 2800 ι·
29 2779 72 2805 vis
85 2777 167 2805 seruis
181 2777 274 2804 indunt
286 2775 431 2810 compedes.
504 2773 543 2800 Id.
563 2793 570 2800 .
589 2793 595 2800 .
622 2772 818 2807 Qamobrem?
836 2778 862 2798 C.
884 2773 1068 2808 quamobrem,
1131 2776 1220 2798 tionem
1238 2771 1382 2806 officiorum.
1438 2771 1569 2808 Qudquid
1591 2775 1654 2798 enim
1678 2770 1711 2804 est
1733 2772 1798 2807 quod
1815 2773 1916 2808 fulcit,
1945 2775 2012 2802 debet
2030 2778 2103 2813 infra
2122 2779 2173 2812 fſjss»,

31 2822 75 2840 me
87 2814 182 2848 togas?
217 2812 321 2839 homini
346 2811 463 2843 fugitiuo
484 2809 562 2836 dabo.
631 2808 717 2837 Amor
730 2808 861 2842 fugitiuus
882 2818 911 2834 ex
932 2808 1013 2835 Ouid.
1035 2808 1068 2835 de
1132 2808 1269 2834 Fulmenta
1282 2807 1345 2834 lecti
1357 2808 1442 2834 deinde
1460 2808 1552 2834 Fulcra
1564 2807 1644 2834 dicere
1657 2809 1801 2834 maluerunt.
1870 2810 2006 2838 Fulnienta
2018 2812 2081 2847 fiint
2099 2810 2175 2842 etiam

11 2852 13 2862 ³
32 2849 108 2876 Rem·
127 2849 186 2875 Am-
206 2856 220 2874 2
239 2854 263 2874 et
282 2853 323 2880 338
344 2842 469 2873 laridatur.
525 2844 573 2872 Sed
590 2844 656 2871 nihil
673 2846 725 2870 eius
742 2844 778 2869 ibi·
793 2841 834 2876 est.
893 2845 969 2870 Alias
985 2850 1070 2870 notum
1132 2845 1225 2870 Caton.
1238 2844 1269 2870 R.
1283 2844 1313 2870 R.
1327 2852 1367 2877 14,
1380 2852 1399 2870 1.
1472 2844 1580 2870 Vitruu.
1594 2850 1616 2875 ς,
1630 2851 1640 2869 i
1653 2850 1718 2869 extr.
1745 2844 1881 2871 Fulmenta
1896 2846 2012 2873 videmur
2024 2848 2091 2884 baftr
2103 2859 2173 2885 quae.

31 2885 129 2920 Mosshi
135 2885 224 2910 Graeci·
232 2885 319 2909 Poetae
333 2879 522 2919 ΙιζγΙΙῐοηἝρως
534 2878 665 2916 δραπέτης,
682 2882 700 2905 ι’.
714 2887 782 2906 amor
789 2879 929 2915 fugitiuus.
1001 2881 1068 2914 Apes
1132 2879 1188 2905 dam
1197 2881 1315 2914 pilarum.
1371 2878 1418 2906 Sed
1430 2878 1520 2905 Sidon.
1535 2879 1624 2905 Carm.
1638 2877 1670 2904 ad
1683 2879 1762 2913 Epist.
1771 2888 1793 2911 2,
1809 2888 1846 2912 10,
1864 2888 1893 2915 17
1924 2882 2041 2910 Porticus
2058 2884 2172 2912 fulmen-

34 2919 100 2946 fiunt
115 2919 245 2953 fugitiuae
279 2919 354 2944 Varr.
370 2919 400 2944 R.
408 2918 438 2943 R.
455 2925 477 2948 3,
493 2918 532 2948 16,
546 2923 580 2941 21.
648 2915 715 2941 Ter.
730 2915 823 2941 Heaut.
837 2924 871 2948 4,
884 2923 915 2947 2,
928 2923 950 2941 11
977 2915 1067 2942 Retra-
1086 2916 1118 2945 75
1133 2915 1165 2941 tis
1180 2914 1344 2949 Aquitanicis
1358 2914 1483 2949 stiperba,
1506 2918 1525 2940 i.
1543 2915 1672 2940 columnis.
1718 2915 1777 2941 Vici.
1793 2917 1853 2942 Not.
1863 2917 1996 2944 Sauaronjf
2007 2926 2031 2944 ct
2038 2920 2170 2948 girmondi.

33 2953 96 2982 ham
114 2955 201 2982 hercle
219 2954 317 2988 opinor
341 2953 371 2979 ad
393 2961 436 2979 nie
460 2951 527 2977 illud
554 2951 624 2977 idem
642 2950 786 2984 fugitiuum
809 2958 946 2984 argentum
970 2956 1066 2977 tamen.
1167 2957 1295 2978 FVLME
1306 2957 1327 2976 N
1337 2956 1358 2975 T
1368 2957 1405 2981 A,
1424 2959 1463 2976 ae.
1505 2950 1526 2975 f.
1581 2949 1666 2975 Lucil.
1680 2955 1712 2979 28
1725 2950 1793 2985 apud
1804 2951 1876 2977 Non.
1890 2961 1917 2984 3,
1929 2958 1961 2985 98
1975 2963 1999 2988 p,
2014 2957 2067 2981 206
2090 2958 2171 2983 Mera

0 3006 4 3022 7
35 2990 103 3016 Erro
120 2990 247 3024 fugitiuus
281 2991 347 3015 Hor.
366 2989 447 3015 Serm.
467 2996 499 3019 2,
513 2996 543 3019 7,
559 2995 592 3018 13.
662 2985 763 3012 Gaudia
782 2986 908 3020 fugitum,
931 2987 998 3021 Quae
1017 2990 1067 3013 cito
1133 2986 1282 3012 Fulmentas
1302 2986 1390 3012 aeneis
1416 2992 1495 3020 atque
1515 2985 1603 3012 aeneis
1627 2985 1781 3011 subducere.
1852 2987 1983 3023 CaJIiubon.
1996 2989 2031 3015 ad
2047 2991 2169 3026 Theophr.

0 3032 2 3039 ⁸
39 3024 175 3083 euangscuut
186 3032 209 3051 et
222 3025 324 3055 abeunt,
342 3034 371 3050 αι·
383 3031 471 3058 parum
484 3023 575 3048 durant
605 3021 719 3048 Martial.
737 3028 768 3055 7,
785 3024 829 3054 46.
898 3021 971 3048 Idem
992 3031 1017 3055 1,
1038 3024 1067 3048 16
1126 3027 1155 3057 p.
1170 3032 1207 3055 ¹51
1224 3025 1262 3047 ita
1275 3021 1401 3053 emendat,
1421 3021 1570 3047 Fulnientas
1585 3021 1666 3046 clauis
1679 3022 1766 3047 aeneis
1779 3020 1931 3049 subcudere.
2000 3025 2082 3051 Addit
2094 3028 2170 3053 alium

0 3064 2 3067 '
16 3062 19 3084 l
39 3058 98 3084 Gau
117 3058 142 3083 ia
150 3068 201 3086 non
213 3065 344 3093 remeant,
367 3059 411 3086 sed
423 3058 538 3092 fugitiua
551 3057 648 3084 volant.
716 3056 781 3083 Plin.
801 3059 846 3088 36,
864 3065 889 3090 13
922 3057 1020 3084 Eodem
1038 3058 1067 3083 in
1131 3058 1210 3083 locum
1223 3057 1321 3083 Lucilii
1342 3057 1464 3088 Nonius,
1491 3059 1533 3092 qui
1551 3059 1589 3082 ita
1601 3056 1673 3083 habet
1686 3060 1712 3081 in
1725 3057 1783 3083 edit.
1798 3059 1903 3083 Mercer.
1975 3058 2046 3085 Sucit
2061 3060 2104 3087 hic
2117 3062 2169 3088 ful-

17 3090 19 3132 ff
40 3092 140 3127 oppido
153 3094 258 3130 est-lapis
270 3096 397 3130 fugitiuus
411 3093 565 3129 appellatus:
599 3094 766 3127 Argonautae
779 3101 812 3119 eo
825 3101 872 3126 pro
884 3092 998 3120 anchora
1012 3093 1066 3126 vsi,
1085 3092 1117 3117 80
1133 3092 1211 3124 dum,
1231 3092 1371 3119 fulmentas
1389 3098 1505 3127 quatuor
1523 3091 1609 3118 addit:
1638 3098 1688 3126 pro
1708 3101 1753 3127 quo
1775 3092 1941 3129 Cafizubonut,
1971 3093 2070 3121 Sufficit
2087 3095 2167 3129 huic,

38 3128 81 3155 ibi
91 3127 254 3162 reliquerant.
325 3131 408 3164 Qiies
433 3129 548 3156 Martial.
561 3137 587 3162 7,
601 3132 640 3161 63.
712 3128 805 3154 Seruus
818 3129 948 3162 fugitiuus
976 3129 1065 3156 Vatin.
1131 3128 1220 3154 clauis.
1274 3129 1371 3155 Certior
1383 3129 1449 3155 locus
1461 3137 1476 3154 a
1489 3127 1583 3154 Nonio
1595 3127 1709 3153 laudatus
1722 3136 1750 3152 cx
1763 3128 1845 3153 Plauti
1859 3128 1939 3154 Trin.
1949 3136 1971 3159 3,
1985 3137 2012 3160 2,
2027 3139 2062 3161 94
2093 3132 2167 3164 Qiid

39 3163 98 3190 Cic.
113 3163 183 3189 Fam.
197 3171 222 3196 ς,
236 3174 259 3198 9,
347 3168 370 3192 Α
389 3168 447 3192 ‘iure
467 3171 493 3192 et
511 3164 614 3199 legibus
635 3163 764 3198 fugitiuus
793 3163 832 3190 Id.
859 3165 933 3190 Verr.
956 3173 993 3197 4,
1017 3173 1066 3190 112.
1129 3172 1179 3198 ego
1194 3172 1261 3189 nunc
1280 3172 1369 3197 agani,
1395 3163 1454 3190 Nifi
1473 3163 1521 3189 vbi
1539 3163 1664 3189 sarcinam
1683 3162 1870 3196 constringam,
1893 3169 1918 3189 et
1931 3164 2049 3198 clypeum
2061 3165 2092 3192 ad
2106 3166 2168 3194 dor-

38 3199 147 3226 Finiuni
158 3198 261 3226 suorum
283 3202 356 3228 Flor.
368 3210 389 3234 3,
404 3210 422 3232 1,
436 3209 472 3227 12.
542 3200 681 3234 Fugitiuus
693 3199 733 3226 rei
745 3199 884 3225 familiaris
912 3199 1065 3233 Plin.Epist.
1130 3200 1187 3225 sum
1205 3199 1421 3230 accommodem3
1456 3199 1606 3225 fulmentas
1623 3198 1728 3224 iubeam
1748 3198 1866 3232 suppingi
1888 3199 1976 3225 soccis.
2052 3203 2166 3230 Varietas

37 3243 69 3268 9,
81 3238 121 3267 28,
135 3243 160 3267 4.
227 3235 298 3263 Idem
311 3243 345 3268 18,
360 3239 388 3263 16
405 3238 436 3264 In
442 3241 543 3263 tantum
555 3235 685 3261 columbis
698 3240 778 3269 grata,
794 3240 823 3261 vt
835 3235 916 3268 pastas
929 3244 959 3261 ea
971 3241 1065 3269 negent
1129 3244 1188 3270 quae
1200 3235 1240 3261 hic
1251 3235 1459 3271 diprehcvzdimm
1486 3244 1534 3261 non
1552 3233 1645 3267 obstat,
1673 3242 1718 3268 quo
1737 3243 1816 3258 mmus
1839 3234 2006 3271 intelligamus
2021 3236 2067 3261 hoc
2086 3245 2166 3270 certe,

36 3269 114 3296 illius
126 3267 179 3294 loci
192 3268 315 3302 fugitiuas
327 3272 395 3300 fieri.
469 3272 590 3306 Princeps
610 3270 786 3305 fugitiuorum
816 3271 870 3297 Cic.
885 3272 962 3296 Verr.
976 3279 1003 3302 3,
1022 3272 1064 3297 66.
1083 3267 1113 3297 85
1129 3270 1194 3305 quod
1205 3267 1302 3297 traiciat
1315 3270 1356 3296 illo
1370 3271 1420 3296 loco
1434 3270 1602 3306 Casauboms,
1619 3269 1638 3294 F
1642 3269 1767 3294 ulmentas
1782 3267 1824 3301 effi»
1840 3268 2003 3302 κατἹύματοι,
2026 3271 2109 3299 solum
2125 3282 2165 3300 ca.

37 3305 143 3331 Saturn.
157 3304 186 3329 in
200 3303 216 3329 l.
232 3310 274 3330 aut
286 3306 352 3333 faeta
369 3308 402 3334 D.
422 3307 454 3334 de
472 3316 548 3342 poen.
586 3307 706 3340 Tempus
724 3305 847 3332 discernit
867 3306 1030 3332 emansorem
1050 3314 1066 3333 a
1129 3307 1269 3340 ligarium,
1295 3306 1359 3341 quod
1375 3309 1448 3332 etiam
1465 3304 1599 3339 suppadla,
1624 3305 1665 3330 vc!
1675 3303 1759 3329 solum
1771 3304 1922 3338 suppaehim
1943 3306 2044 3333 dicitur.
2105 3309 2163 3337 Vni.

38 3340 156 3374 sugitiuo
165 3358 174 3371 ,
190 3344 215 3364 et
228 3339 387 3368 effractorem
400 3343 442 3370 vel
457 3343 542 3369 furem
557 3342 681 3369 diurnum
694 3350 709 3368 a
721 3341 862 3368 noeiurno.
1129 3349 1143 3369 s
1154 3350 1173 3368 v
1182 3349 1196 3368 Ρ
1208 3347 1223 3367 Ρ
1234 3350 1243 3368 1
1252 3349 1274 3367 N
1282 3348 1303 3368 G
1312 3348 1341 3368 O.

82 3381 159 3402 Fvc.
171 3374 401 3409 1T1VAR1vs,
418 3379 437 3405 i.
456 3388 492 3405 m.
528 3377 672 3412 [φυζικαῖος,
690 3375 872 3413 φυγαδαθήρας]
908 3376 1068 3411 Fugitiuarii
1165 3379 1368 3410 FVLTVRA,
1387 3385 1425 3403 ae.
1445 3376 1466 3402 f.
1500 3373 1623 3410 [ςῆριξις]
1657 3373 1733 3401 Idem.
1787 3375 1853 3401 Plin.
1867 3377 1905 3406 36,
1918 3383 1942 3407 ις
1969 3376 2005 3401 Vt
2017 3377 2166 3406 eximantur

32 3411 204 3448 fugitiuorum
210 3408 336 3444 seruorum
353 3412 540 3450 Reprehensores
559 3420 645 3440 erant:
680 3415 722 3448 qni
738 3421 788 3438 eam
806 3419 901 3447 operam
915 3411 1065 3448 profiteban-
1129 3412 1215 3439 trabes
1228 3412 1279 3439 fine
1293 3413 1407 3438 fulturis.
1477 3410 1549 3437 Idem
1563 3410 1641 3443 Epist.
1659 3418 1695 3441 10,
1709 3419 1738 3441 39
1757 3410 1786 3435 de
1799 3411 1895 3437 theatro
1910 3412 2060 3444 Nic-censium
2092 3413 2164 3442 Nam

37 3453 98 3477 tur,
118 3445 282 3485 vtfugitiuos
294 3442 448 3484 inuestigatos
460 3449 609 3475 reducerent.
680 3448 784 3482 leian.
798 3447 826 3473 in
838 3448 855 3474 l.
874 3448 891 3474 fi
906 3447 973 3482 apud
987 3453 1012 3473 te
1031 3448 1063 3474 D.
1085 3456 1120 3480 90
1129 3448 1243 3475 fulturae
1260 3458 1288 3475 ac
1302 3447 1519 3478 substructiones,
1539 3445 1635 3480 quibus
1648 3445 1757 3472 subinde
1769 3446 1923 3479 suscipitur,
1941 3455 1994 3472 non
2006 3454 2058 3474 tam
2072 3448 2164 3477 firmae

28 3481 73 3512 <de
88 3482 236 3516 praestrlpt.
248 3479 353 3517 verblsst,
372 3480 435 3507 Non
453 3485 523 3511 enim
541 3484 621 3511 ambo
639 3484 776 3518 pecuniam
791 3492 840 3517 ego
854 3488 880 3510 et
893 3483 1065 3517 fugitiuarius
1129 3483 1214 3516 mihi,
1234 3493 1312 3518 quam
1326 3483 1472 3509 sumtuosae
1484 3481 1618 3509 videntur.
1711 3481 1838 3507 Columel.
1854 3490 1872 3512 1,
1886 3488 1899 3512 ς
1921 3480 1969 3507 Sed
1983 3488 2007 3508 et
2020 3492 2068 3517 pro
2081 3485 2164 3512 fultu-

40 3516 221 3552 deposuimus,
239 3521 268 3541 vt
283 3514 353 3549 quali
367 3516 433 3548 apud
445 3518 599 3553 sequestrem
613 3521 673 3546 esset
684 3519 838 3554 depositum.
914 3520 1000 3545 Varro
1020 3518 1066 3544 hoc
1127 3527 1157 3544 ra
1169 3525 1195 3545 et
1206 3518 1396 3545 fiibstruffione
1408 3519 1550 3551 fungentur
1563 3516 1684 3543 aduersus
1697 3525 1741 3547 ea,
1766 3523 1811 3542 etc.
1880 3517 1973 3550 Ingens
1991 3520 2093 3547 accedat
2113 3521 2164 3549 sto,-

37 3553 109 3580 verbo
122 3551 282 3587 metaphorice
295 3549 462 3587 quodammodo
473 3555 528 3588 vfias
545 3554 577 3588 est
598 3554 630 3581 de
651 3556 682 3581 R.
700 3555 730 3580 R.
743 3563 772 3586 3,
793 3563 838 3587 14,
857 3563 867 3580 1
895 3554 924 3580 de
945 3553 1065 3586 cochleis,
1127 3554 1221 3580 macho
1234 3555 1333 3580 fultura
1347 3554 1435 3580 ruenti
1464 3555 1530 3579 Hor.
1544 3553 1624 3579 Sci-m.
1640 3560 1658 3581 1,
1672 3560 1692 3583 3,
1707 3559 1758 3583 154.
1829 3551 1944 3586 Corpori
1964 3561 2064 3588 vacuo,
2085 3557 2162 3585 cuius

39 3588 116 3622 Aqua
127 3586 255 3614 finiendae
274 3586 293 3620 (
296 3589 314 3612 i.
321 3583 391 3621 fosta
401 3594 474 3620 aquae
482 3590 685 3625 circumdandae)
705 3599 738 3616 ne
751 3589 919 3624 fugitiuarius
933 3589 963 3616 fit
976 3597 1066 3623 paran-
1128 3589 1236 3615 fulturis
1249 3591 1351 3616 animus
1367 3589 1504 3616 sustinetur
1524 3588 1587 3614 Plin.
1601 3587 1678 3621 Epist.
1693 3595 1711 3618 i,
1724 3595 1749 3618 9.

39 3622 98 3650 dus.
137 3623 194 3649 Viri.
207 3623 290 3648 Cm‘ac.
304 3620 368 3654 Obff]
381 3630 405 3654 5,
420 3630 434 3653 9
453 3627 476 3646 et
494 3632 533 3654 21,
548 3634 580 3651 11.
634 3626 724 3652 Barth.
742 3626 808 3654 Adu.
826 3636 857 3659 5,
877 3632 892 3655 8
907 3632 936 3660 p.
951 3634 1005 3658 229.
1042 3630 1065 3650 ει
1079 3635 1112 3662 95
1166 3630 1235 3650 FVL
1246 3631 1263 3650 c
1275 3632 1373 3657 RVM,
1390 3625 1409 3652 i.
1441 3634 1467 3650 n.
1508 3623 1608 3658 [ἔρμὸω
1624 3623 1733 3654 {we-nze]
1791 3621 1841 3647 Vix
1854 3622 1944 3655 aliter,
1964 3632 2035 3658 quam
2048 3624 2076 3651 de
2087 3625 2162 3653 leHo.

12 3675 15 3678 -
37 3658 153 3685 freimh.
166 3658 201 3684 ad
209 3657 273 3684 illud
286 3657 359 3683 Flori
371 3665 393 3688 3,
410 3663 445 3687 19,
457 3663 475 3689 7
500 3657 527 3683 de
535 3659 615 3693 seruis
629 3662 694 3687 Euno
708 3660 765 3687 duce
780 3660 983 3687 tumultuantibus
992 3679 998 3690 ‚
1017 3660 1066 3685 Ita·
1127 3669 1182 3685 rum
1190 3659 1304 3696 fiaeggesi‘o
1315 3661 1506 3696 obseruauimus:
1535 3667 1593 3694 quac
1606 3657 1731 3683 fulnienta
1744 3655 1795 3681 dici·
1812 3660 1955 3684 monuimus.
2010 3661 2082 3696 Virg.
2096 3663 2161 3688 Aen.

12 3699 15 3717 :
37 3702 90 3728 que
105 3694 151 3728 qui
162 3702 207 3728 per
225 3692 394 3728 fugitiuarios
406 3690 504 3717 retrahi
518 3691 669 3728 debuissent,
695 3696 842 3731 praetorios
860 3695 950 3728 duces,
973 3694 1065 3730 profu·
1129 3696 1160 3722 6.
1173 3696 1227 3727 604
1258 3695 1357 3722 Luccnt
1375 3695 1522 3730 genialibus
1540 3693 1600 3719 altis
1631 3693 1716 3717 Aurea
1734 3691 1816 3717 fulcra
1835 3693 1910 3719 roris.
1980 3694 2049 3722 Geli.
2070 3705 2116 3726 20,
2135 3704 2161 3728 ις

35 3737 84 3764 gos
96 3729 197 3764 praelio
213 3728 259 3763 ipsi
272 3727 452 3763 sequebantur·
1129 3729 1224 3763 Neque
1237 3730 1305 3764 apud
1316 3732 1373 3757 eius
1388 3731 1450 3757 1εόῐί
1462 3730 1574 3756 fulcrum
1583 3746 1590 3757 ,
1608 3727 1708 3760 capsam
1720 3728 1769 3752 else
1783 3736 1841 3753 cum
1856 3727 1925 3754 strue
1936 3735 1980 3757 aut
1995 3731 2067 3757 ferro
2080 3740 2159 3764 opor-

75 3770 175 3791 PVGO
187 3783 196 3796 ‚
220 3769 271 3791 are.
328 3759 499 3797 [φυγαδεύω]
551 3762 687 3797 Expellere,
715 3772 739 3792 ec
759 3769 787 3792 in
803 3766 896 3802 fiaegam
917 3771 1064 3792 conuertere.
1127 3770 1172 3790 tet.
1243 3765 1307 3791 Plin.
1321 3775 1368 3799 34,
1382 3775 1397 3792 2
1411 3768 1428 3792 s.
1443 3775 1462 3797 4
1493 3761 1672 3796 Antiquissima
1684 3761 1751 3788 aei-is
1765 3762 1850 3796 gloria
1865 3764 1971 3791 Deliaco
1985 3766 2036 3791 fuit
2067 3780 2110 3784 ——
2131 3771 2159 3792 et

38 3798 118 3826 Plaut.
132 3799 226 3834 Amph.
239 3799 307 3834 prol.
323 3801 366 3831 136
394 3798 436 3824 Ibi
447 3805 514 3823 nunc
527 3804 599 3822 meus
611 3803 681 3831 pater
693 3808 837 3833 memorat,
858 3802 973 3836 legiones
985 3800 1064 3827 hosti.
1073 3811 1120 3830 100
1127 3800 1188 3826 ideo
1203 3808 1264 3826 cura
1276 3799 1405 3834 officinis,
1423 3799 1602 3826 tricliniorum
1609 3797 1718 3832 pedibus
1733 3797 1885 3833 fulcrisque.
1958 3800 2051 3826 Fuicro
2064 3800 2158 3826 sterna-

2 3836 13 3867 [¹.
39 3842 84 3860 uin
97 3841 126 3862 vt
137 3836 277 3870 fugauerit.
346 3833 384 3860 Id.
398 3834 475 3859 Poen.
491 3841 509 3862 1,
522 3840 547 3864 2,
562 3839 602 3857 110
631 3833 669 3858 Ita
681 3834 737 3861 sunt
749 3843 851 3870 turpes,
871 3837 949 3863 credo
966 3836 1065 3863 ecastor
1128 3842 1171 3861 tur
1184 3834 1264 3861 leffius
1278 3836 1380 3863 eburno
1411 3837 1527 3869 Propert.
1541 3841 1568 3864 2,
1583 3840 1624 3865 13,
1644 3841 1679 3859 21.
1750 3834 1872 3860 Fulcruin
1890 3835 1952 3861 lecti
1983 3836 2050 3859 Suet.
2064 3835 2157 3861 Claud.

18 3894 19 3898 ,
36 3869 166 3897 Venerem
178 3871 259 3905 ipsam
271 3878 286 3896 e
299 3870 361 3896 fano
375 3870 474 3903 fugent.
552 3865 667 3906 Caedere
678 3874 703 3893 et
715 3870 804 3904 fugare
818 3872 933 3906 aliquem
962 3873 1018 3898 Cic.
1032 3871 1064 3898 ad
1127 3880 1148 3897 c.
1157 3879 1194 3902 32.
1252 3872 1320 3897 Hinc
1332 3871 1519 3906 Synecdochice,
1540 3869 1588 3895 Pro
1600 3869 1652 3905 ipso
1664 3868 1734 3895 lecto.
1803 3871 1895 3896 quen.
1910 3871 1959 3895 Sat.
1967 3871 1992 3902 6,
2004 3877 2037 3894 22
2056 3883 2100 3888 —
2121 3871 2157 3896 sa-

18 3903 110 3932 ³'B¹‘Ut-
124 3909 148 3932 6-
218 3904 255 3931 Id·
269 3914 317 3940 Pl'O
331 3906 434 3931 cae-Cin·
448 3912 474 3936 33
506 3903 636 3929 Homines
653 3911 764 3930 mermes
784 3907 831 3940 qui
849 3907 881 3933 ad
895 3908 1065 3935 constitutum
1128 3907 1166 3932 cri
1179 3906 1293 3932 Genium
1307 3913 1475 3933 contemnere
1487 3904 1575 3930 fulcri.
1647 3905 1678 3931 Et
1697 3913 1735 3937 11,
1749 3913 1778 3937 93
1810 3905 1944 3932 Testudo,
1964 3905 2070 3929 Clarum
2083 3904 2156 3930 Tro-

36 3940 190 3974 experiundi
203 3941 267 3967 iuris
279 3941 361 3975 gratia
381 3940 506 3966 veniffent
515 3957 521 3968 ‚
539 3938 633 3970 armis,
653 3937 734 3969 viris,
753 3945 868 3973 terrore,
892 3943 1064 3977 periculoque
1127 3942 1246 3976 ingenis,
1266 3942 1383 3967 Romanis
1409 3940 1510 3967 factura
1535 3948 1564 3965 ac
1588 3939 1679 3966 nobile
1708 3941 1836 3967 fulcrum:
1871 3938 1958 3966 team
1988 3936 2155 3970 testudineum.

33 3977 126 4004 moitis
140 3976 281 4011 repulerit,
301 3976 415 4010 fugarit,
439 3974 575 4002 auerterit.
664 3973 745 4008 fugat
763 3974 828 4002 astra
844 3977 963 4009 Phoebus
994 3979 1062 4006 Hor.
1072 3978 1246 4012 105Scribitur
1259 3980 1332 4002 etiam
1345 3976 1479 4004 Fulffluui
1492 3982 1515 4002 et
1528 3974 1548 4003 F
1550 3974 1654 4003 ultrum.

1276 4010 1333 4047 5C
1367 4020 1383 4038 2
1974 4012 2155 4042 PVLTOR,
