2479 4225
54 225 92 263 81
417 212 711 253 DEM

55 307 156 330 mutare
173 301 291 329 animuin
305 301 336 328 de
350 300 426 327 firma
440 299 491 328 fide
511 302 592 328 Plaut.
607 301 733 329 Trinum.
753 306 781 331 4,
793 305 819 330 4,
834 304 870 329 19.
940 295 1084 331 Imperium

55 339 166 366 alicuius
185 337 224 364 Id.
238 338 308 364 Men.
322 344 343 370 ς,
357 345 379 369 2,
391 341 444 366 2¹8-
517 337 597 363 Plaut.
612 335 691 363 Milic.
703 343 730 367 4,
743 340 770 366 7,
784 337 797 362 8
829 331 877 358 Sed
896 340 985 358 eccum
1001 332 1085 358 Palae-

57 373 197 404 strionem,
222 372 268 399 stat
289 381 348 399 cuni
367 372 468 398 milite:
506 373 601 399 Oratio
622 370 668 397 illo
692 367 759 394 mihi
781 366 938 394 demutanda
961 367 996 393 est
1018 376 1084 393 inea.

59 409 123 436 Non
142 407 283 435 demutabo
294 409 376 434 Plaut.
391 407 478 433 Pseud.
493 416 513 440 ι,
526 416 546 440 ς,
560 415 614 441 142..
633 407 651 431 i.
672 405 729 443 Non
742 402 869 433 reuocab0‚
881 402 944 437 quod
956 403 1085 438 pollicitus

53 444 118 481 sum.
186 443 327 475 Placitum,
342 442 461 469 instituto
476 443 619 469 Flaminum
637 438 706 465 nihil
725 437 854 464 demutari
869 438 960 464 Tacit.
976 439 1041 464 Ann.
1057 446 1085 470 4,

59 481 97 511 16,
113 479 138 504 6.
180 476 183 479 ’
194 480 361 513 Quamquam
373 478 535 505 teterrimum
548 485 576 502 os
589 481 664 501 tuuni
675 473 816 500 minimum
829 482 844 499 a
855 473 973 505 Thyesta
985 474 1085 508 tragico

58 514 173 541 demutet
186 513 263 548 Apul.
280 514 355 548 Apol.
371 523 395 548 p.
411 519 464 548 284.
485 516 504 540 ι’.
520 510 632 544 diffinit.

95 554 355 579 DEMV'rA'rio,
376 549 443 575 onis.
467 548 486 575 f.
520 544 639 573 verbale.
674 542 845 578 [μεταέολῆ]
878 544 944 570 Plin.
963 549 1003 576 28,
1020 548 1033 574 8
1058 543 1086 570 de

55 584 253 617 Chamaeleonte‚
273 584 386 610 Nullum
406 582 499 610 animal
516 580 635 615 pauidius
655 580 703 605 ess'e
718 579 897 612 existimatur,
915 586 940 606 et
954 579 1015 606 ideo
1030 587 1087 605 ver-

59 619 176 647 sicoloris
198 620 246 646 else
268 619 459 646 demutationis.
491 618 548 644 Alii
564 617 647 652 legunt
665 615 830 642 Mutationis.

59 654 119 681 adu.
134 655 213 681 Marc.
226 663 252 688 4,
268 664 277 681 ι
290 662 312 681 ct
327 664 348 687 ς,
362 664 389 681 ιο
401 660 464 681 extr.
592 659 596 662 ’

97 695 364 723 DEMv'rn'rOR,
383 689 445 715 oris.
462 695 498 713 m.

59 725 146 753 tiffimi
160 724 334 752 deinutatores
347 724 443 755 offium,
458 728 503 747 etc.

94 767 138 787 DE
149 766 172 785 Μ
183 766 203 785 ν
212 767 261 787 ΤΑ
271 767 287 787 13
300 760 309 786 ῐ
320 768 334 786 L
343 766 372 786 is
381 778 389 791 ,
409 766 431 783 e.
451 755 510 782 Adi.
546 755 667 782 Prudent.
680 755 822 790 Apotheos.
836 765 862 782 v.
878 756 930 788 276
950 756 1014 782 Non
1029 763 1089 781 con-

59 795 210 828 vertibilis,
225 805 270 822 nec
291 792 453 822 demutabilis
469 800 586 825 vnquam
611 791 653 817 Est
671 792 750 817 Deus.

58 837 85 857 et
104 830 234 865 saelorum
254 827 433 858 conuertibilis
451 833 477 854 et
490 826 658 853 demutabilis
678 827 715 853 est
735 832 828 854 natura
850 826 968 853 Tertull.
983 825 1015 852 de
1028 826 1090 852 Ani-

58 873 102 892 ma
119 875 173 901 cap.
193 875 231 893 21.
433 900 463 931 D
523 886 525 888 .
560 900 585 931 F
681 900 713 931 N

534 685 651 712 Tertull.
666 684 698 711 de
713 685 817 711 Resurr.
833 686 911 712 Carn.
925 693 945 710 c.
958 693 986 717 3²
1005 685 1088 719 Argu-

95 977 311 1002 DENARIVS,
330 977 432 1002 a‚1lm.
469 968 530 995 Adi.
573 966 741 1002 [senaimds]

58 1007 124 1034 Plin.
138 1017 172 1040 3ι,
187 1010 203 1034 6
226 1006 254 1032 de
266 1006 370 1032 Ratione
381 1006 469 1040 Aquae
483 1004 593 1031 Ducena.
615 1004 723 1031 Fistulas
743 1002 841 1030 denum
862 1003 958 1038 pedum
976 1003 1090 1038 longitu-

58 1042 127 1070 dinis
146 1043 192 1069 else
212 1041 358 1076 legitimum
378 1040 422 1066 est.
459 1041 489 1067 Et
503 1039 521 1066 li
544 1039 681 1074 quinariae
698 1044 775 1065 erunt
789 1040 913 1073 sexagena
928 1039 1016 1073 pondo
1030 1048 1090 1073 pen-

60 1081 136 1106 dere:
156 1077 173 1104 si
190 1076 341 1103 colonariae
350 1095 358 1108 ,
371 1081 492 1102 centena:
516 1074 534 1101 fi
553 1074 690 1106 denariae,
706 1080 813 1101 centena
828 1075 934 1104 vicena,
947 1083 976 1100 ac
995 1073 1091 1101 deinde

59 1113 92 1140 ad
104 1114 147 1140 has
161 1111 302 1147 portiones.
339 1112 451 1138 Denaria
463 1110 600 1146 appellatur
608 1130 616 1142 ,
628 1113 697 1136 cuius
712 1112 817 1136 laminae
829 1109 935 1136 latitudo
943 1129 951 1142 ‚
964 1116 1092 1145 antequam

57 1154 184 1182 cur-uetur,
198 1146 333 1183 digitorum
346 1146 423 1173 decem
439 1144 487 1179 est:
508 1145 655 1180 dimidioque
670 1148 721 1172 eius
736 1145 866 1180 quinaria.

58 1193 140 1211 nemus
155 1183 189 1208 ad
203 1181 298 1208 Pallad.
317 1182 384 1216 Aug.
404 1191 425 1208 c.
441 1191 464 1208 ι’.
520 1181 649 1208 Denarius
668 1190 762 1207 numus
782 1180 842 1207 Liu.
865 1185 888 1212 8,
907 1189 937 1207 ii.
1009 1181 1093 1207 Dena-

56 1213 113 1246 riae
127 1217 298 1245 Ceremnniae
311 1217 484 1250 dicebantur,
503 1222 528 1242 et
543 1216 714 1249 tricenariae,
731 1215 829 1251 quibus
843 1216 912 1242 sacra
924 1215 1035 1243 adituris
1049 1216 1094 1242 de..

57 1262 113 1281 cem
133 1252 264 1280 continuis
278 1252 386 1286 diebus,
402 1253 444 1279 vel
465 1252 575 1286 triginta
593 1252 670 1278 certis
684 1251 842 1286 quibusdam
855 1250 932 1277 rebus
950 1251 1091 1278 carendum

56 1295 111 1316 erat
123 1288 216 1315 Festus.
410 1286 437 1349 ἶ
453 1296 468 1314 2
506 1287 606 1314 Nobilis
625 1290 653 1313 in
666 1290 760 1323 primis
774 1287 904 1314 Denarius
923 1296 1026 1313 numus.
1052 1288 1093 1314 Sic

56 1327 119 1351 mim
132 1325 204 1359 plene
215 1322 380 1359 loquebantur.

56 1359 167 1394 populus
180 1359 258 1385 iussus
272 1359 385 1393 pendere
400 1359 428 1385 in
447 1358 559 1393 singulos
572 1358 711 1393 quotannis
727 1357 849 1384 denarios
859 1367 953 1384 numos
969 1358 1095 1392 quadrin-

55 1403 136 1430 genos
148 1395 354 1429 quinquagenos.
380 1393 502 1430 'Sedfere
508 1391 661 1429 suhstmitiue
673 1394 698 1430 s.
715 1395 822 1429 elliptice
835 1400 939 1420 vocatur
952 1393 1094 1426 Denarius,

55 1430 143 1456 decem
157 1430 285 1457 librarum
297 1439 407 1461 nunuw,
419 1437 449 1456 vt
466 1429 557 1465 diserte
577 1429 700 1455 Priscian.
718 1438 742 1463 p.
757 1436 828 1464 1347.
844 1428 909 1464 quod
927 1432 1000 1456 etiam
1012 1438 1040 1455 ex
1052 1430 1094 1455 Se-

53 1464 139 1491 stertii
156 1468 336 1504 comparatione
355 1465 389 1492 ad
408 1465 552 1492 Denarium
571 1471 682 1500 apertum
702 1463 751 1498 cst,
771 1473 838 1500 quem
854 1471 953 1500 partem
978 1471 1095 1500 quartam

53 1499 152 1526 denarii
165 1499 208 1534 este
220 1507 243 1527 et
256 1500 310 1536 ipsa
327 1501 459 1536 appellatio
471 1498 525 1535 (est
534 1503 601 1526 enim
613 1499 680 1536 quast
693 1501 891 1535 sesquitertius,
905 1499 952 1527 duo
967 1499 1027 1534 affiw
1040 1509 1095 1526 cum
1111 1506 1140 1532 35

53 1535 157 1562 dimidio
166 1537 179 1566 )
199 1535 320 1569 ostendit,
340 1544 364 1562 et
384 1546 409 1562 v.
424 1545 449 1572 g.
464 1538 530 1562 locus
544 1536 600 1562 Cic.
620 1537 698 1562 Verr.
715 1545 740 1567 3,
758 1536 801 1562 vbi
818 1538 968 1570 comparatis
987 1538 1053 1562 inter
1067 1534 1097 1571 fi

53 1579 81 1597 n.
101 1580 142 1604 193
163 1578 188 1598 et
205 1580 253 1605 194
270 1569 380 1606 αρράνεῖ,
394 1571 476 1598 ternis
495 1570 618 1598 Denariis
642 1571 785 1607 respondere
802 1570 937 1597 duodenos
957 1571 1096 1598 sestertios.

56 1606 153 1633 Librae
172 1608 229 1634 illae
252 1606 359 1640 decem,
378 1607 417 1634 illi
436 1608 496 1635 aises
515 1606 619 1637 decem,
627 1606 691 1643 sunt
708 1609 790 1633 aeris:
817 1606 947 1632 Denarius
964 1612 1044 1632 autem
1056 1614 1096 1632 ar-

53 1641 224 1676 genteuscst:
242 1644 314 1678 Isque
333 1643 377 1669 hoc
397 1651 482 1669 nomen
491 1649 626 1677 perpetuo,
645 1648 740 1668 mutata
755 1644 828 1668 etiam
845 1640 930 1675 affizcm
945 1644 1041 1667 ratione
1056 1649 1094 1666 re-

53 1681 142 1704 tinuit.
178 1679 280 1704 Caetera
293 1679 447 1704 Gronouiano
460 1684 529 1712 opere
542 1677 570 1703 de
583 1679 690 1711 pecunia
704 1679 783 1703 veteri
796 1675 947 1708 haurienda,
967 1682 1010 1701 aut
1017 1674 1043 1709 fi
1055 1677 1096 1701 cui
1103 1682 1140 1707 40

53 1712 117 1738 illud
134 1712 250 1739 videatur
268 1713 403 1747 operosius,
422 1723 451 1739 ex
463 1711 686 1748 Eis'etischmidiano
699 1711 727 1737 de
735 1711 886 1745 ponderibus
898 1717 921 1736 et
934 1711 1053 1745 mensuris
1067 1711 1097 1736 li-

54 1746 123 1773 bello.
167 1749 217 1773 Hic
229 1747 361 1782 suffecerit
380 1757 484 1780 monere,
504 1748 649 1773 Graecorum
669 1747 827 1772 Drachmam
848 1747 960 1770 Atticam
979 1744 1097 1770 Denario

54 1782 165 1807 Romano
178 1785 332 1816 comparari,
348 1790 376 1809 vt
389 1792 413 1808 υ.
428 1792 453 1818 g.
473 1784 577 1808 Talenro
589 1779 667 1812 sicuti
680 1783 752 1805 6000
767 1778 927 1806 Drachniae,
940 1781 978 1803 ita
993 1778 1096 1803 totidem

55 1815 165 1842 Denarii
183 1819 343 1848 tribuantur,
362 1817 426 1851 quod
436 1816 520 1850 facile
532 1814 662 1848 conficitur
679 1823 709 1838 ex
727 1814 783 1838 Cic.
796 1821 844 1845 pro
860 1812 973 1838 Rabirio
987 1812 1053 1838 Post.
1067 1820 1097 1839 21

53 1859 76 1876 c.
90 1855 104 1879 8
124 1850 167 1875 vbi
178 1849 259 1875 eadem
272 1850 369 1884 summa
383 1848 416 1881 esi
434 1849 524 1875 decem
537 1848 623 1874 millia
636 1846 763 1874 talentum
781 1853 805 1873 et
820 1846 966 1873 sestertium
980 1846 1021 1873 bis
1036 1847 1096 1873 mil-

53 1884 103 1912 lies
121 1890 148 1910 et
167 1883 395 1918 quadringenties:
414 1886 517 1919 itemque
535 1892 564 1909 ex
584 1882 645 1908 Liu.
665 1890 705 1915 34,
719 1890 749 1915 50
775 1881 818 1908 vbi
839 1882 966 1916 quiiigcni
985 1883 1096 1910 Denarii

47 1927 99 1957 pro
111 1919 184 1946 mille
198 1918 316 1945 ducentis
329 1921 438 1953 captiuis
450 1918 506 1944 dati
520 1916 628 1952 efficimzt
641 1924 745 1943 centum
758 1917 862 1944 talenta.
899 1917 972 1953 Conf.
988 1919 1097 1944 Gronau.

52 1955 87 1982 ad
98 1964 139 1988 34,
154 1962 185 1988 52.
203 1954 246 1980 vbi
254 1961 304 1990 pro
319 1955 357 1980 111
370 1954 564 1986 Denariorum,
578 1952 642 1988 quod
653 1952 696 1986 effe
712 1953 807 1979 dicitur
818 1956 845 1978 in
859 1953 1050 1984 tetradrachmo,
1065 1956 1097 1979 le-

6 2004 9 2010 ·
53 1994 110 2028 git,
126 1991 179 2017 1111
194 1990 249 2016 fere
267 1989 438 2016 denariorum
457 1990 486 2016 in
498 1989 605 2023 singulis
625 1989 728 2022 argenti
748 1988 783 2014 est
796 1988 906 2023 pondus.
945 1990 1041 2015 Firmat
1055 1989 1098 2015 Se-

53 2035 118 2052 neca
136 2026 267 2052 Controu.
286 2032 309 2057 5,
328 2033 361 2058 34
389 2024 518 2051 Parrhasii
542 2023 714 2051 Promotheus
737 2021 807 2054 dista
830 2024 857 2050 in
878 2023 978 2050 talento
996 2026 1034 2050 ait
1053 2022 1097 2057 este
1111 2026 1142 2053 50

53 2062 153 2090 XXIIII
170 2060 286 2087 sestertia
300 2060 500 2087 Atheniensium
517 2068 602 2086 more.
638 2059 696 2085 Cum
715 2059 866 2086 Sestertium
878 2059 966 2085 habeat
985 2059 1050 2085 mille
1063 2060 1099 2084 se-

54 2097 173 2127 stertios,
192 2102 298 2132 quatuor
310 2101 391 2121 autem
397 2095 510 2131 fistertii
522 2100 654 2129 aequentur
667 2095 798 2121 Denario:
821 2094 905 2120 cedent
922 2096 1016 2120 talento
1027 2097 1098 2120 6000

55 2131 180 2165 Denarii,
192 2137 250 2167 quot
265 2129 407 2157 Drachmas
422 2133 450 2156 in
464 2138 490 2155 eo
510 2128 554 2162 cffi’
566 2127 669 2161 constat.
705 2130 830 2156 Caeterum
843 2136 959 2156 accurata
976 2136 1099 2164 computa-

54 2171 122 2194 tc'one
133 2167 221 2194 cedunt
234 2167 325 2194 talento
336 2167 425 2192 Attico
436 2167 544 2193 Denarii
556 2164 695 2199 consulares
713 2175 762 2191 non
776 2167 847 2191 6000
855 2164 901 2201 sed
913 2167 997 2199 6720:
1020 2166 1098 2199 Impe-

53 2205 147 2230 raterii
160 2208 239 2229 autom
253 2202 329 2236 plane
343 2203 419 2235 7680.
453 2201 556 2227 Verum
569 2199 673 2262 zstagui
686 2200 767 2235 solide
780 2201 849 2235 skire
862 2201 938 2232 velit,
953 2199 1050 2226 laudati
1067 2201 1098 2226 Ii·
1114 2199 1143 2226 55

53 2237 95 2264 bri
112 2236 219 2263 adeundi
231 2237 310 2273 simt,
327 2243 350 2263 ee
362 2235 509 2269 videndum,
524 2245 557 2262 an
575 2245 619 2262 exa
648 2239 703 2262 iora
723 2235 835 2261 dederint
855 2231 998 2262 Bernartius
1012 2241 1035 2261 ct
1046 2237 1098 2262 Ar-

53 2272 197 2300 butbnatus.
233 2274 288 2300 Nos
298 2275 348 2298 iam
360 2271 429 2308 vsicm
441 2271 554 2307 loquendi
565 2271 739 2307 persiquimur.
775 2270 844 2297 Gell.
861 2279 879 2300 1,
893 2276 906 2300 Β
930 2271 991 2297 Lais
1010 2272 1097 2306 μυρίας

55 2305 173 2343 δζραχμοές
188 2303 203 2337 ἢ
217 2307 340 2334 τάλαντον
359 2308 488 2342 poposcit.
524 2308 584 2333 Hoc
598 2308 663 2334 facit
675 2306 752 2333 numi
765 2306 887 2333 nostratis
900 2305 1039 2333 denarium
1054 2305 1098 2332 de-

54 2352 110 2370 tem
128 2343 224 2370 millia.
248 2363 252 2372 .
279 2344 310 2369 Et
327 2351 347 2375 1,
369 2351 386 2376 9
409 2343 486 2370 Mille
505 2342 643 2370 denarium
664 2343 693 2369 in
710 2351 770 2369 arca
785 2342 829 2368 est.
902 2342 959 2368 Cic.
975 2342 1027 2368 Att.
1042 2350 1067 2373 2,
1082 2342 1100 2367 6

55 2379 125 2412 Vide
143 2378 208 2413 quid
226 2383 348 2410 narrent,
373 2384 399 2405 et
413 2388 481 2413 quae
501 2379 555 2413 spes
573 2378 604 2406 fit
619 2378 732 2405 denarii.

55 2414 163 2449 singulis
180 2413 313 2441 militibus
324 2413 386 2441 dare
406 2414 479 2441 Idem
494 2415 563 2441 Fam.
579 2423 618 2447 10,
632 2423 669 2447 32.

55 2450 130 2477 mille
148 2448 287 2477 denarium
315 2449 354 2476 Id.
369 2450 421 2477 Off.
441 2459 465 2483 3,
479 2458 514 2483 92
533 2459 555 2477 c.
568 2458 606 2482 23.

55 2487 133 2512 Verr.
145 2494 168 2517 3,
181 2487 236 2518 ι96.
306 2484 380 2511 Idem
394 2494 442 2519 pro
455 2485 572 2520 Qiintio
586 2494 615 2520 ¹7
640 2484 747 2511 Decidis
765 2484 908 2518 statuisque
920 2489 948 2510 tu
969 2499 1014 2503 -—
1030 2482 1097 2517 quid

55 2521 89 2548 iis
109 2528 138 2547 ac
156 2520 294 2548 denarium
313 2520 475 2552 solueretur,
501 2523 519 2547 i.
540 2524 721 2556 comparatione
733 2518 827 2556 fabia,
841 2526 865 2545 et
883 2517 1051 2552 aestimatione
1071 2521 1099 2544 in

55 2555 184 2589 denariis,
201 2555 266 2591 quod
282 2557 331 2582 alio
350 2566 476 2583 numerum
513 2566 580 2583 eriere
599 2555 738 2582 debebatur.

53 2600 127 2624 351⁰·
199 2591 310 2626 Exigere
325 2598 466 2626 quaternos
505 2592 608 2619 enarios
628 2592 660 2618 ab
679 2591 771 2626 aliquo
785 2591 814 2618 in
835 2590 945 2625 singulas
958 2589 1096 2624 amphoras

57 2627 117 2653 vini
138 2626 194 2653 Cic.
213 2636 262 2661 pro
281 2627 357 2655 Font.
377 2636 403 2660 9.
641 2636 653 2660 3
697 2628 811 2654 Centum
832 2626 941 2652 denaria
961 2625 1097 2659 Philippea

58 2661 140 2688 Plaut.
161 2662 228 2688 Rud.
241 2670 264 2694 ς,
275 2670 301 2693 2,
314 2670 346 2696 27
364 2662 393 2688 in
411 2663 530 2696 pasceolo
549 2663 651 2688 seorsus
659 2662 739 2697 polita
756 2668 888 2693 memorat,
903 2662 980 2687 intell.
1001 2661 1099 2686 numis-

58 2702 135 2722 mata.
172 2696 261 2731 Nescio
272 2699 371 2731 igitur,
384 2707 416 2722 an
429 2697 497 2731 satis
515 2703 569 2722 tuto
580 2697 707 2723 credamus
719 2699 841 2723 Gronouio
861 2696 890 2722 de
903 2697 958 2721 Pec.
979 2696 1033 2720 Vct.
1047 2705 1068 2726 1,
1083 2704 1099 2728 4

51 2737 82 2766 p.
95 2741 132 2759 20.
159 2730 274 2758 Denaria
293 2731 358 2761 tria,
375 2739 434 2765 quae
456 2731 495 2756 bis
511 2733 670 2757 nominantur
689 2732 706 2756 l.
718 2736 746 2760 88
767 2729 789 2763 6.
805 2740 834 2756 10
853 2730 879 2756 ff.
901 2730 933 2756 de
946 2730 1049 2763 Legatis
1062 2730 1098 2760 II,

50 2765 196 2802 significare
217 2773 256 2792 ter
278 2767 344 2795 mille
365 2768 504 2798 Denarios,
522 2764 590 2798 ficut
608 2765 729 2792 Sestertia
749 2763 801 2792 tria
819 2772 858 2791 ter
879 2765 944 2790 mille
956 2763 1098 2825 'sestertiosn

57 2800 77 2836 q
100 2811 119 2835 4
155 2801 266 2827 Denarii
279 2802 439 2836 appellatione
455 2807 502 2835 pro
518 2800 626 2835 pondere
643 2807 748 2828 utuntur
759 2800 864 2827 Medici.
916 2801 953 2826 Ce
966 2800 983 2825 s.
999 2807 1020 2831 5,
1035 2805 1073 2832 17,
1089 2807 1098 2824 1

10 2856 11 2859 ,
57 2835 107 2863 Sed
127 2841 153 2862 et
173 2841 233 2862 ante
253 2837 314 2862 sciri
332 2836 411 2868 volo,
442 2836 471 2862 in
487 2835 570 2861 'vncia
596 2834 698 2870 pondus
718 2834 889 2860 denariorum
914 2835 1011 2868 septem
1039 2833 1096 2859 ess‘e.

58 2872 140 2899 Vnius
158 2870 253 2897 deinde
272 2870 374 2898 denarii
389 2871 490 2906 pondus
505 2870 593 2897 diuidi
607 2879 621 2897 a
633 2880 676 2897 me
697 2870 726 2896 in
741 2870 783 2896 sex
796 2875 894 2904 partes,
909 2868 938 2895 id
950 2869 986 2895 est
998 2869 1098 2895 sextan-

741 2414 835 2441 Emere
854 2412 965 2439 denario
978 2412 1049 2447 quod
1067 2411 1098 2438 fit

679 2449 719 2475 Ad
737 2449 859 2476 denarios
873 2448 1012 2482 peruenire
1038 2447 1096 2474 Cic.

820 791 948 819 Omnium
966 796 1089 817 natorum
1108 797 1133 823 15

908 1145 966 1172 Vid.
978 1155 1093 1181 quacmo-
1104 1147 1136 1174 25
1156 1147 1200 1176 368
1235 1144 1392 1178 Sperataque
1410 1142 1512 1169 Gaudia
1535 1141 1665 1175 nymphae
1701 1140 1826 1173 Denegat.

439 1324 476 1349 iu.
490 1327 513 1355 8,
526 1331 547 1349 ιι
561 1329 625 1349 extr.
642 1322 761 1357 Vectigal
776 1331 883 1363 qu-oque
897 1322 934 1348 eis
948 1323 1094 1357 Campanus
1106 1326 1253 1356 30vnegare
1265 1320 1385 1347 Scribon.
1400 1321 1446 1354 Ep.
1484 1337 1490 1344 .
1527 1338 1534 1344 .

805 2377 961 2412 Qiingenos
976 2377 1097 2403 denarios
1105 2379 1141 2404 60

774 2555 832 2582 Vid.
851 2556 957 2581 Gronou.
971 2554 1000 2580 de
1015 2556 1044 2581 P.
1066 2555 1096 2580 V.
1111 2549 1143 2582 63

1540 205 1577 246 D
1664 204 1697 244 E
1783 206 1825 245 N
2130 213 2175 251 82

1148 294 1205 330 teste
1216 295 1281 322 Ptin.
1295 296 1338 327 26,
1351 300 1364 325 8
1385 295 1411 321 in
1424 295 1503 330 petris
1516 295 1627 321 nascens.
1655 293 1784 328 Anipliter
1798 299 1902 328 opacat,
1916 295 1943 321 in
1957 294 2090 321 cacumine
2105 294 2176 319 fron-

1149 331 1237 358 dosani
1257 332 1374 365 spargens
1390 340 1504 361 comam,
1528 331 1602 357 succo
1623 329 1706 356 labit-0
1727 338 1884 364 prat-gnam,
1908 331 2041 356 cauliculis
2060 328 2181 356 rubenti-¹

1150 367 1212 398 bus,
1234 367 1307 393 soliis
1325 367 1405 399 myrti
1427 365 1608 398 tenuioribus,
1634 364 1723 391 fructu
1743 364 1886 390 characian.
1923 367 1958 391 Ex
1976 366 2058 400 Dmst.
2078 375 2106 398 4,
2127 374 2178 398 ¹59-

1152 399 1333 438 Throphrastus
1350 408 1429 427 tamen
1448 405 1499 428 tria
1523 408 1618 428 tantum
1635 400 1821 434 tithymalorum
1846 409 1933 435 genera
1950 402 2037 436 prodit
2054 411 2086 434 9,
2103 409 2129 426 12
2151 399 2179 425 de

1111 440 1124 466 5
1151 436 1216 470 Htst.
1236 439 1319 464 Plaut.
1337 437 1388 463 vbi.
1407 436 1459 462 vid.

1187 480 1204 499 Ι)
1214 480 1229 500 E
1238 481 1260 499 N
1270 480 1288 499 D
1296 479 1315 499 R
1324 470 1343 499 0⁹
1353 479 1366 499 P
1374 479 1394 499 H
1403 470 1423 497 ὅ
1432 479 1449 497 R
1460 479 1468 498 1
1478 491 1485 503 ,
1506 474 1590 498 orum.
1610 480 1646 497 m.
1665 470 1699 505 pl.
1736 467 1915 505 [δενδροφόροι]
1949 470 2077 505 Collegium
2091 477 2114 495 et
2128 478 2181 496 cor·

1146 514 1196 543 pus
1212 508 1333 544 fuerunt,
1348 514 1377 534 vt
1392 514 1463 543 patet
1483 516 1510 532 ex
1531 507 1647 541 inscript.
1661 506 1770 532 Gruteri
1790 515 1814 540 p.
1831 513 1877 538 194
1890 514 1915 531 n.
1930 513 1955 531 2.
1974 511 1996 530 et
2010 514 2034 539 p.
2048 514 2104 538 444
2118 514 2143 530 n.
2158 513 2181 530 2.

1151 550 1174 569 et
1189 544 1279 578 Sponii
1292 553 1317 579 p.
1332 550 1366 576 55.
1381 545 1419 575 56.
1458 541 1606 576 Qa'biastliim
1615 542 1676 578 June
1689 543 1812 578 lignorum
1825 540 1978 567 venditores:
2000 547 2027 565 at
2040 541 2103 567 Salm
2134 541 2140 565 ζ
2153 543 2181 565 in

1152 579 1282 613 Spartiani
1295 578 1420 604 Caracall.
1437 586 1457 603 c.
1467 585 1496 616 9·
1507 576 1535 602 de
1543 577 1616 612 sacro
1627 575 1847 613 Jeusupcrfiitioso
1854 575 1956 611 quodam
1968 575 2063 606 ordine,
2076 585 2103 602 ex
2130 595 2135 601 .
2149 583 2182 601 20

871 615 945 652 Coris.
969 614 1087 641 Tertull.
1104 619 1133 637 10
1152 614 1219 640 Cod.
1232 613 1341 641 Theod.
1359 613 1389 639 de
1406 614 1520 647 Pagaiiis,
1534 613 1594 638 sacr.
1610 619 1634 638 et
1650 612 1739 647 templ.
1759 615 1937 646 interpretatur
1949 620 2003 642 eos,
2023 613 2065 645 qui
2078 612 2124 636 Dei
2144 620 2183 636 cu-

1152 649 1247 676 iusdam
1266 650 1369 681 honori,
1384 648 1475 675 Bacchi
1493 647 1607 673 videlicet
1619 655 1661 673 aut
1676 649 1786 680 Siluani,
1799 654 1842 673 aut
1853 646 1960 679 fimitis,
1975 646 2073 673 arbores
2091 645 2184 680 euulfin

1326 683 1382 710 Vid.
1398 685 1447 710 Iac.
1463 683 1627 718 Gothosredus
1645 686 1671 708 in
1691 685 1759 709 illum
1780 684 1869 718 legem,
1890 691 1937 717 qua
1960 684 2026 707 inter
2045 683 2143 706 uomina
2161 686 2184 705 et

1151 684 1285 721 gestabant.

1954 715 2011 744 Vid.
2030 721 2144 742 accurate
2156 714 2186 740 de

1147 720 1310 756 profeffiones
1328 721 1470 756 gentilicias
1488 720 1561 744 etiam
1576 718 1761 753 Dendrophori
1778 718 1913 754 censentur.

1153 756 1193 783 his
1208 762 1318 792 agentem
1335 754 1429 790 ReinesI
1444 753 1478 780 ad
1498 753 1614 789 Instript.
1630 764 1648 784 1,
1663 763 1693 788 4⁰
1710 760 1735 788 p.
1749 763 1785 787 75.

1191 797 1235 817 DE
1245 797 1265 816 N
1275 788 1321 817 ΕΘ
1331 796 1366 822 O,
1393 795 1443 815 {ire-
1488 788 1665 823 [ἄπαρνῖμαι,
1684 788 1764 821 α’ποιγο
1779 787 1841 821 saw]
1879 788 1977 822 Negare
2000 785 2028 822 se
2056 784 2186 817 daturum,

1154 835 1202 852 non
1221 825 1288 851 dare.
1323 824 1404 851 Plaut.
1417 824 1545 851 Trinium.
1561 832 1583 856 5,
1595 832 1619 856 z,
1634 831 1670 857 47
1699 824 1725 850 Si
1745 824 1764 849 ti
1787 824 1796 849 i
1812 823 1951 856 denegem,
1970 820 2042 856 quod
2061 829 2103 847 me
2117 828 2187 847 oras.

1154 862 1227 888 Plene
1239 862 1307 887 Dare
1322 858 1460 894 denegabis
1472 859 1541 885 Ter.
1557 861 1652 885 Heaut.
1667 867 1689 890 3,
1705 867 1724 889 ι,
1738 863 1777 892 78.
1848 858 1904 884 Cic.
1920 866 1968 892 pro
1980 857 2061 884 Flacc.
2077 865 2084 882 ι
2105 854 2186 889 Qiod

1155 896 1227 923 enim
1242 897 1301 922 esset
1314 896 1460 930 praemium
1481 894 1629 929 dignitatis,
1647 893 1720 928 quod
1733 892 1844 926 Populus
1859 893 1935 919 Rom.
1949 901 2030 926 quum
2043 891 2121 918 huius
2134 899 2187 916 ma-

1155 931 1258 958 ioribus
1272 931 1373 965 semper
1390 930 1532 962 detulisset,
1547 930 1607 956 huic
1622 929 1776 962 denegaret?
1819 927 1890 953 Idem
1907 928 1938 953 de
1950 929 2023 954 Orat.
2037 936 2061 958 2,
2071 929 2113 953 126
2125 934 2188 958 c.29

777 968 851 1004 Quod
870 967 949 994 decem
970 970 1088 994 continet.
1102 976 1137 996 20
1155 969 1190 994 Vt
1203 967 1229 994 ei
1242 966 1311 992 nihil
1325 975 1410 1001 neque
1423 975 1437 992 a
1450 972 1542 992 natura
1558 965 1725 998 denegatum,
1745 971 1830 997 neque
1847 970 1860 988 a
1873 961 1993 988 doe'trina
2006 971 2061 988 non
2073 961 2189 988 delatum

1155 1004 1203 1029 effe
1217 1001 1348 1029 videatur.
1419 1002 1563 1036 Denegarat
1582 1001 1606 1026 se
1619 999 1815 1026 commissurum
1833 997 1900 1023 mihi
1917 1004 2019 1031 gnatam
2039 998 2108 1023 suain
2121 997 2190 1023 Ter.

1158 1038 1238 1065 Andr.
1254 1046 1272 1069 1,
1286 1046 1309 1070 5,
1322 1040 1347 1063 6.
1417 1038 1447 1063 In
1467 1035 1617 1070 denegando
1638 1035 1710 1061 Idem
1726 1033 1807 1059 Andr.
1821 1041 1848 1065 4,
1862 1040 1882 1064 1,
1896 1037 1936 1066 78.
1990 1033 2044 1058 Cic.
2058 1034 2092 1064 Q
2107 1033 2189 1058 Fratr.

1155 1082 1182 1106 2,
1195 1082 1211 1106 9
1238 1073 1353 1100 Diuinus
1371 1071 1423 1098 suit
1441 1072 1469 1098 in
1488 1070 1678 1106 supplicatione
1691 1069 1808 1096 Gabinio
1827 1066 1985 1101 deneganda.
2042 1067 2192 1106 ‘Denegare

1156 1109 1237 1135 alicui
1254 1108 1383 1135 auxilium
1399 1107 1521 1134 aduersus
1540 1106 1651 1133 alterum
1668 1105 1740 1132 Caes.
1755 1104 1782 1130 Β.
1796 1103 1828 1130 G.
1851 1107 1874 1136 8,
1887 1110 1928 1136 45.
1978 1114 1980 1116 ·
1995 1101 2076 1127 Ouid.
2087 1102 2150 1127 Met.
2164 1110 2193 1133 4,

1903 1137 1959 1164 Cic.
1979 1136 2091 1170 Philipp.
2114 1145 2146 1166 11,
2165 1144 2193 1167 19

1156 1179 1287 1214 Suffragio
1301 1188 1376 1209 mee,
1388 1184 1512 1213 tanquam
1530 1176 1646 1204 comitiis
1656 1196 1664 1208 ‚
1678 1175 1783 1202 homini
1795 1175 1933 1200 Honorem
1951 1171 2104 1211 amicissimo
2119 1171 2192 1210 dene-

1156 1224 1263 1250 gauero.
1331 1214 1388 1240 Cic.
1402 1215 1480 1240 Verr.
1496 1220 1519 1246 5,
1533 1220 1560 1245 35
1572 1221 1594 1238 c.
1609 1220 1631 1238 ιι
1661 1212 1696 1237 Vt
1710 1211 1799 1237 onmia
1818 1211 1932 1243 semper,
1947 1216 2013 1242 quae
2029 1206 2142 1233 iucunda
2156 1214 2196 1232 Vi.-

1148 1251 1252 1277 dentur
1269 1249 1332 1282 else,
1351 1258 1405 1275 non
1426 1247 1508 1275 modo
1528 1247 1568 1274 his
1587 1245 1804 1273 extraordinariis
1825 1243 2029 1283 cupiditatibus,
2054 1240 2096 1267 scd
2115 1243 2195 1268 etiam

1157 1285 1203 1321 ipfi
1219 1291 1326 1313 naturae
1346 1293 1374 1311 ac
1388 1283 1527 1311 neccssitati
1547 1283 1712 1316 denegarem.
1781 1281 1861 1306 Vsum
1880 1278 2133 1305 medicamentorum
2154 1277 2198 1303 de-

1604 1316 1751 1351 Occupatio
1764 1324 1830 1345 onus
1842 1314 1993 1349 impositum
2007 1312 2115 1345 denegat
2141 1312 2197 1339 Cic.

1158 1358 1229 1385 Fam.
1244 1364 1267 1389 5,
1283 1364 1319 1382 12.
1354 1356 1446 1381 Amnis
1458 1353 1509 1380 tibi
1522 1353 1632 1387 deneget
1644 1351 1724 1379 vndas
1737 1350 1919 1378 Ouid.in1bin
1926 1357 1981 1384 107.
2069 1347 2089 1384 q
2104 1356 2119 1374 2
2147 1348 2200 1386 De-

1157 1401 1252 1427 negare
1274 1389 1307 1424 est
1320 1390 1405 1426 fidula
1420 1398 1518 1426 negare,
1526 1389 1555 1425 se
1572 1387 1672 1424 aliquid
1685 1385 1788 1423 feciſje,
1806 1392 1849 1412 aut
1862 1385 1913 1419 fibi
1948 1383 1991 1410 uid
2007 1382 2128 1411 creditum
2147 1381 2198 1415 este.

1157 1428 1240 1455 Plaut.
1260 1426 1357 1461 Amph.
1375 1434 1401 1458 2,
1416 1434 1442 1458 2,
1457 1433 1503 1450 220
1538 1425 1625 1458 Atque
1645 1423 1685 1450 his
1703 1422 1720 1449 si
1739 1422 1848 1455 denegat
1883 1421 1918 1447 Fa
1947 1428 1974 1450 a,
1995 1427 2061 1453 quae
2082 1424 2110 1446 tu
2129 1417 2198 1444 fasta

1158 1463 1232 1490 dicis.
1303 1462 1360 1488 Cic.
1375 1470 1424 1496 pro
1439 1459 1552 1488 Fonteio
1567 1464 1580 1489 8
1606 1459 1633 1486 Si
1647 1458 1697 1485 hoc
1712 1458 1813 1484 crimen
1832 1455 1939 1490 optimis
1951 1453 2105 1481 hominibus
2122 1453 2199 1480 dene-

1159 1508 1220 1534 gare
1234 1498 1373 1532 possumus.

1195 1539 1322 1560 DENEG
1334 1537 1447 1563 A¹Tvs‚
1466 1539 1491 1562 a,
1509 1538 1563 1555 um.
1591 1528 1659 1555 Part.
1695 1525 1826 1554 Columel.
1840 1524 1922 1559 praef.
1937 1532 1948 1551 i
1977 1525 2000 1550 A
2014 1529 2106 1550 natura
2121 1521 2200 1549 dene-

1160 1578 1248 1606 garum
1256 1568 1323 1594 viris
1342 1568 1431 1593 sexum
1443 1564 1561 1604 mentiri.
2031 1593 2036 1598 .
2117 1597 2119 1599 Ι

1194 1611 1212 1630 D
1222 1610 1269 1629 EN
1279 1608 1326 1629 EG
1335 1609 1355 1628 A
1364 1607 1385 1626 Τ
1396 1607 1404 1625 ι
1415 1606 1450 1632 ο,
1473 1603 1539 1625 onis.
1565 1597 1585 1623 f.
1620 1597 1724 1623 Petron.
1736 1596 1764 1622 P.
1779 1603 1789 1620 1
1809 1603 1834 1629 p.
1847 1603 1886 1626 44
1911 1594 2092 1626 Denegatione
2109 1591 2200 1618 arden-

1158 1639 1213 1665 tior
1226 1637 1310 1664 faetus
1325 1645 1367 1662 me
1384 1643 1492 1669 quoque
1506 1632 1670 1667 sequebatur.
1894 1662 1900 1666 .
1924 1662 1930 1667 ι
2056 1661 2061 1666 ι

1195 1679 1214 1699 D
1223 1680 1239 1699 E
1248 1680 1269 1699 Ν
1280 1680 1290 1699 1
1300 1679 1316 1700 c
1325 1679 1370 1699 AL
1378 1677 1394 1697 13
1403 1677 1416 1697 s
1437 1670 1530 1696 Feriae
1542 1666 1711 1696 colebantur,
1730 1672 1814 1698 quum
1827 1662 1944 1688 hominis
1962 1667 2063 1687 mortui
2077 1661 2149 1687 causa
2163 1660 2200 1687 fa-

1159 1709 1236 1734 milia
1249 1707 1417 1742 purgabatur.
1453 1703 1548 1730 Graeci
1561 1701 1633 1727 enim
1653 1698 1727 1734 νεκρόν
1745 1704 1882 1724 mortuum
1895 1696 1994 1723 dicunt.
2023 1698 2090 1722 Hace
2104 1696 2199 1722 Festus.

1161 1744 1217 1768 Cic.
1230 1742 1262 1768 de
1276 1743 1356 1776 Legg.
1372 1750 1397 1772 2,
1410 1747 1438 1773 53
1457 1747 1479 1765 ε’.
1494 1747 1521 1764 22
1555 1737 1612 1764 Nee
1624 1743 1690 1762 vero
1703 1740 1756 1760 tani
1770 1731 1915 1764 amicales,
1931 1740 1998 1766 quae
2011 1741 2026 1757 a
2038 1740 2101 1757 nece
2114 1731 2201 1766 appel-

1160 1777 1227 1803 latae
1241 1779 1317 1809 sunt,
1335 1777 1399 1810 quia
1416 1774 1563 1802 reficientur
1575 1770 1677 1798 moi-tui
1694 1768 1782 1808 (uiis.
1791 1775 1810 1794 R
1819 1775 1835 1794 E
1844 1775 1857 1794 s
1866 1775 1874 1794 1
1883 1774 1901 1794 D
1910 1774 1925 1794 E
1937 1770 1976 1807 ο)
1995 1775 2074 1807 quam
2088 1774 2202 1794 caetero·

1161 1821 1221 1838 rum
1239 1812 1391 1838 caelestium
1412 1810 1498 1845 quieti
1512 1808 1584 1840 dies,
1604 1806 1690 1832 feriae
1710 1810 1926 1835 nominarentur,
1944 1802 1993 1828 nili
2011 1811 2125 1829 maiores
2146 1811 2202 1833 eos,

1110 1850 1144 1876 43
1161 1848 1209 1881 qui
1222 1855 1253 1872 ex
1276 1847 1322 1872 hac
1337 1846 1392 1872 vita
1404 1845 1569 1880 migrassent,
1585 1842 1615 1868 in
1631 1841 1742 1868 deomm
1762 1843 1874 1865 numero
1887 1839 1934 1864 ess'e
1948 1837 2101 1864 voluissent:
2118 1846 2159 1863 eas
2172 1837 2202 1862 iri

1161 1890 1207 1908 eos
1224 1881 1280 1908 dies
1298 1881 1421 1907 conferre
1443 1882 1500 1912 ius,
1525 1878 1621 1914 quibus
1640 1884 1726 1910 neque
1746 1874 1843 1908 ipsiuS,
1867 1882 1952 1907 neque
1972 1872 2093 1907 publicae
2118 1871 2202 1898 feriae

1161 1917 1209 1944 fint
1222 1924 1268 1943 etc.
1321 1916 1391 1943 Gell.
1405 1918 1442 1947 16,
1455 1925 1474 1949 4
1501 1914 1592 1941 Feriae
1606 1911 1734 1939 denicales
1748 1909 1864 1944 excufimt
1876 1909 1992 1939 militem,
2007 1917 2051 1942 quo
2065 1911 2146 1933 minus
2158 1907 2202 1933 ad-

1153 1952 1192 1987 Jit
1204 1959 1251 1979 etc.
1322 1951 1453 1979 Columel.
1469 1959 1484 1977 2
1512 1951 1570 1977 Nos
1586 1946 1654 1982 apud
1666 1944 1804 1973 Pontifices
1822 1943 1932 1977 legimus
1947 1942 1962 1969 f
1976 1943 2023 1968 riis
2038 1948 2139 1968 tantum
2159 1941 2202 1968 de-

1160 1987 1290 2014 nicalibus
1304 1986 1391 2013 mulos
1406 1987 1515 2019 iungere
1534 1992 1589 2010 non
1600 1983 1696 2012 licere,
1715 1979 1823 2006 caeteris
1841 1978 1929 2004 licere.
1989 1977 2099 2003 enicales
2118 1987 2202 2003 nomen

1160 2023 1247 2050 habere
1265 2032 1279 2048 α
1297 2022 1378 2048 Denis
1397 2021 1506 2052 diebus,
1525 2019 1648 2055 suspicati
1666 2015 1765 2051 quidam
1779 2013 1841 2048 sunt
1861 2022 1889 2038 ex
1908 2012 2047 2038 Iustiniani
2067 2012 2155 2039 verbis
2174 2013 2203 2039 in

1161 2058 1279 2085 Nouella
1293 2057 1491 2084 Constitutione
1512 2062 1548 2086 115
1561 2053 1608 2089 Jub
1619 2051 1671 2087 fin.
1707 2049 1855 2079 Sancimus,
1868 2052 1897 2073 vt
1915 2048 2017 2073 nemini
2034 2049 2140 2082 prorsus
2159 2047 2202 2075 de-

1160 2093 1247 2120 functi
1268 2092 1390 2123 heredes,
1410 2091 1453 2118 vcl
1475 2095 1609 2124 parentes,
1630 2084 1672 2112 vel
1688 2083 1803 2115 liberos,
1824 2082 1865 2109 vel
1879 2091 2006 2115 vxorem,
2030 2082 2072 2110 vel
2088 2090 2203 2117 agnatos,

1160 2128 1203 2155 vel
1218 2128 1284 2154 alios
1297 2132 1436 2161 cognatos,
1454 2125 1497 2151 vel
1511 2122 1615 2157 alioqui
1630 2119 1719 2148 affines
1734 2119 1803 2158 eius,
1821 2117 1863 2144 vel
1877 2117 2054 2151 fideiussores,
2074 2127 2132 2144 ante
2155 2127 2203 2145 no-

1160 2172 1222 2189 vem
1236 2162 1341 2188 dierum
1354 2161 1482 2196 spatium,
1502 2160 1530 2186 in
1544 2157 1642 2193 quibus
1659 2156 1749 2190 lugere
1763 2153 1904 2186 Videntur,
1928 2153 2061 2181 astionem
2074 2154 2204 2181 intentare

1160 2198 1246 2229 liceat,
1267 2202 1312 2223 aut
1325 2203 1485 2232 quocunque
1498 2194 1580 2220 niodo
1594 2191 1732 2227 negotium
1744 2190 1874 2222 facessere,
1887 2195 1933 2217 etc.
1968 2189 2016 2217 Sed
2028 2190 2086 2216 haec
2098 2189 2132 2216 ad
2147 2190 2204 2217 No-

1160 2233 1306 2261 vcmdialia
1318 2233 1387 2259 sacra
1395 2234 1483 2267 potius
1496 2229 1650 2265 referuntur.

1199 2276 1218 2295 D
1227 2276 1244 2296 E
1253 2275 1274 2293 N
1284 2267 1297 2294 1⁹
1307 2274 1356 2295 GR
1367 2273 1386 2293 o
1396 2287 1405 2300 ‚
1425 2270 1477 2292 are.
1515 2266 1527 2298 [
1542 2262 1675 2297 μελαίνῃ]
1718 2259 1864 2294 Offuscare‚
1880 2262 1979 2296 nigrum
1997 2259 2094 2295 facere.
2137 2260 2205 2287 Plin.

1160 2313 1201 2337 23,
1213 2312 1226 2338 5
1246 2303 1380 2338 Capillum
1397 2301 1518 2336 denigrat
1534 2298 1642 2326 suffitu.-
1669 2298 1745 2323 Varr.
1766 2295 1797 2322 de
1810 2295 1841 2336 R.
1855 2296 1886 2322 R.
1900 2304 1922 2335 ι,
1936 2303 1973 2328 55,
1986 2302 2003 2329 7
2030 2295 2096 2335 Non
2119 2295 2205 2322 solum

1160 2340 1281 2374 denigrat
1294 2345 1402 2370 terram,
1414 2344 1459 2363 ctc.
1513 2335 1609 2361 Amissa
1620 2333 1720 2360 virtute
1733 2331 1830 2357 coloris
1845 2329 1999 2365 denigratur
2017 2331 2124 2357 Vitruu.
2138 2338 2165 2366 7,
2177 2339 2203 2364 9.

1161 2375 1281 2403 Scribon.
1295 2379 1342 2404 208
1360 2374 1439 2400 Creta
1452 2371 1568 2402 sutoria,
1581 2378 1632 2405 qua
1651 2367 1748 2402 ligulae
1762 2366 1909 2393 calceorum
1921 2366 2101 2400 denigrantur.
2148 2368 2203 2393 Me-

1159 2411 1258 2447 taphor.
1281 2410 1420 2435 Honorem
1434 2407 1585 2440 famamque
1599 2405 1712 2432 alicuius
1724 2402 1862 2436 denigrare
1882 2403 1901 2428 F
1904 2402 1989 2428 irmic.
2005 2411 2027 2434 5,
2043 2410 2071 2427 10
2079 2401 2126 2436 sub
2137 2401 2182 2435 fin.

1196 2450 1420 2476 DENIGRATio,
1439 2442 1508 2469 onis.
1536 2442 1555 2468 f.
1592 2439 1749 2473 Denigratio
1762 2437 1917 2471 capillorum
1932 2437 1989 2464 Th.
2003 2437 2126 2462 Priscian.
2139 2445 2160 2469 1,
2175 2444 2201 2463 2.

1178 2479 1515 2509 ,DENIGRATVRQ
1534 2485 1572 2503 ae.
1598 2476 1618 2502 f.
1655 2474 1735 2504 Idem,
1747 2472 1814 2507 apud
1825 2471 1962 2506 Augustin.
1999 2489 2006 2496 .
2043 2489 2050 2496 .
2087 2489 2094 2496 .

1198 2521 1481 2546 DENJGRATon,
1499 2513 1563 2539 oris.
1583 2520 1618 2538 m.
1653 2509 1731 2544 Apud
1741 2506 1862 2534 Tertull.
1897 2525 1904 2534 .
1989 2525 1995 2531 .

1197 2558 1271 2579 DEN
1283 2549 1349 2589 i'Qv
1356 2557 1382 2577 Ε.
1402 2549 1469 2575 Adu.
1484 2547 1597 2577 ordinis,
1632 2544 1737 2577 [τέλος,
1757 2543 1797 2566 ἐπὶ
1812 2540 1896 2574 τέλει]
1932 2544 2016 2574 inquit
2033 2541 2161 2574 Donatus,
2174 2546 2201 2568 et

1160 2588 1218 2614 fere
1239 2588 1267 2612 in
1287 2586 1339 2612 fine
1359 2585 1444 2610 sensus
1464 2588 1489 2608 et
1509 2583 1537 2607 in
1550 2581 1642 2607 vltima
1656 2577 1782 2604 sententia
1800 2576 1908 2610 ponitur
1923 2583 1939 2602 a
1951 2576 2103 2608 Terentio,
2123 2576 2202 2603 eodem

1160 2621 1276 2652 auftore,
1297 2628 1346 2654 pro
1361 2621 1496 2645 Praeterea
1511 2622 1537 2641 et
1550 2613 1664 2641 tandem.
1701 2612 1770 2638 Ter.
1783 2612 1888 2637 Phorm.
1905 2619 1924 2642 ι,
1934 2618 1964 2643 -ι,
1977 2618 2006 2645 71
2026 2611 2100 2644 Qud
2114 2611 2143 2638 fit
2158 2612 2202 2638 de-

1160 2658 1260 2691 nique?
1294 2653 1364 2681 Ibid.
1380 2662 1403 2685 2,
1420 2661 1440 2683 i,
1454 2660 1475 2678 11
1493 2652 1606 2681 Vereor,
1613 2657 1646 2674 ne
1659 2647 1755 2673 isthaec
1767 2645 1901 2672 fortitudo
1913 2646 1942 2672 in
1954 2654 2068 2673 neruum
2082 2653 2201 2681 erumpat

1160 2692 1284 2725 denique.
1339 2689 1396 2715 Cic.
1410 2688 1487 2713 Verr.
1502 2694 1524 2718 3,
1560 2705 1567 2711 .
1605 2703 1612 2709 .
1649 2683 1676 2709 Si
1688 2688 1777 2709 tei-nos
1790 2681 1912 2707 denarios
1926 2681 1973 2716 qui
1993 2682 2078 2715 cogit,
2092 2683 2143 2709 erit
2156 2682 2201 2709 ab-

1107 2730 1142 2757 70
1160 2727 1272 2753 solutus:
1293 2729 1434 2758 quaternos
1453 2721 1534 2746 denos
1555 2719 1670 2752 denique
1688 2722 1733 2743 aut
1752 2717 1859 2743 vicenos
1874 2722 1948 2751 coget
1969 2716 2052 2750 alius,
2068 2726 2134 2752 quae
2150 2718 2200 2745 erit

1160 2759 1346 2796 reprehensio?
1380 2756 1502 2790 Denique
1521 2762 1572 2781 tum
1583 2754 1772 2789 subiungimus,
1793 2761 1865 2788 quum
1877 2752 1942 2788 fiant
1958 2754 2034 2779 multa
2052 2760 2202 2786 enumerata,

1152 2796 1326 2831 flgiti-'ficantes
1339 2793 1384 2819 hoc
1400 2793 1514 2818 ultimum
1528 2789 1572 2823 effi:
1586 2792 1706 2820 omnium,
1720 2791 1803 2823 inquit
1821 2789 1893 2814 Valla
1908 2791 1933 2820 6,
1969 2788 2038 2814 Ter.
2054 2788 2158 2815 Phorm.
2172 2798 2201 2822 4,

1159 2840 1182 2864 3,
1197 2839 1228 2864 43
1267 2831 1301 2855 Vt
1315 2827 1348 2854 ad
1365 2835 1446 2862 pauca
1460 2826 1581 2858 redeam,
1599 2833 1629 2851 ac
1644 2824 1748 2850 mittam
1761 2824 1834 2850 illius
1848 2823 1973 2858 ineptias:
2000 2824 2070 2850 Haec
2086 2824 2201 2859 denique

1160 2867 1217 2893 eius
1240 2865 1293 2891 fuit
1313 2863 1442 2899 postrema
1465 2863 1570 2894 oratio,
1599 2860 1725 2895 Ego‚etc.
1822 2859 1879 2886 Cic.
1898 2868 1947 2893 pro
1963 2859 2032 2893 Lege
2053 2860 2145 2887 Manis.
2162 2868 2200 2893 40

58 2913 112 2939 tes,
134 2913 163 2933 vt
183 2906 255 2938 idem
268 2907 297 2933 in
308 2907 422 2933 sextante
435 2906 538 2933 denarii
557 2905 683 2938 habeam,
701 2904 773 2940 quod
787 2905 882 2932 Graeci
897 2904 993 2931 haberit
1011 2904 1039 2930 in
1058 2912 1099 2934 eo,
1111 2906 1144 2935 75
1161 2903 1226 2929 Non
1245 2900 1356 2927 auaritia
1369 2898 1402 2925 ab
1421 2897 1543 2924 instituto
1558 2897 1633 2923 cursu
1652 2895 1684 2921 ad
1697 2894 1820 2929 praedam
1835 2894 1952 2929 aliquam
1972 2896 2124 2927 reuocauit,
2146 2904 2201 2921 non

61 2951 138 2978 quem
159 2940 245 2974 ὄβολόν
262 2942 402 2977 appellant.
438 2943 462 2968 Is
481 2940 513 2968 ad
527 2941 614 2968 nostra
628 2940 745 2976 pondera
764 2941 861 2968 relatus
880 2940 969 2974 paullo
984 2940 1041 2975 plus
1059 2938 1099 2965 di-

59 2985 144 3012 midio
157 2985 279 3019 scrupulo
297 2984 370 3012 facit.
408 2985 479 3010 Nota
495 2984 570 3011 huius
582 2984 691 3010 Denarii
705 2981 747 3016 est,
761 2984 801 3009 uel
818 2976 842 3015 Χ
860 2992 904 3008 con
919 2989 972 3009 ueta
980 2981 1100 3017 Decuffis,

58 3023 100 3048 vel
111 3026 140 3052 εκ
146 3021 193 3055 sex
208 3020 334 3047 radiorum
347 3018 487 3056 asteriscus,
500 3029 545 3056 quo
557 3027 676 3046 notantur
688 3020 815 3045 sextantes
826 3017 929 3045 denarii
943 3018 1012 3044 modo
1026 3015 1099 3044 diH'i.

95 3062 139 3083 DE
148 3063 169 3082 N
178 3063 199 3083 A
208 3063 226 3082 R
242 3063 251 3081 l
262 3063 274 3083 s
283 3063 308 3082 M
317 3062 358 3082 VS
368 3076 375 3089 ‚
396 3056 414 3082 i.
440 3065 475 3082 m.
512 3054 595 3089 Pensio
609 3055 720 3087 denarii,
734 3054 825 3081 tributi
855 3063 912 3080 enus
925 3053 954 3079 de
965 3057 1036 3090 agris
1047 3053 1102 3087 flue

53 3092 176 3154 praediis,
189 3094 257 3117 cuim
276 3094 365 3118 mentio
378 3091 415 3128 fit
428 3092 489 3126 Leg.
500 3096 551 3125 '107
564 3099 587 3118 et
602 3100 640 3123 123
659 3090 724 3118 eod.
743 3063 883 3116 Theougos.
898 3089 930 3115 de
943 3089 1102 3116 Decurioni-

79 3137 117 3154 us.
151 3126 224 3154 Adde
237 3126 310 3160 quffl
323 3128 380 3153 Car.
395 3127 426 3153 du
441 3127 536 3162 fresne.

96 3168 301 3195 DENARRO,
321 3167 371 3189 are.
406 3162 573 3197 [ἐξηγέομαι]
610 3161 706 3188 Ordine
720 3170 835 3188 narrare.
871 3160 940 3187 Ter.
955 3159 1061 3187 Phorm.
1076 3167 1100 3192 5,

58 3204 90 3231 ³7,
102 3205 127 3230 51
146 3198 218 3224 Haec
230 3197 296 3224 adeo
308 3207 357 3233 ego
371 3196 414 3224 illi
432 3199 485 3225 iam
498 3196 655 3224 denarrabo.
709 3197 777 3224 Gell.
790 3205 816 3229 ι,
830 3205 865 3226 22,
880 3204 914 3230 27
937 3197 1008 3222 Haec
1021 3195 1100 3222 nobis

63 3232 208 3259 Fauorinus
220 3234 319 3260 summa
331 3242 391 3259 cum
409 3233 538 3269 elegantia
550 3232 694 3259 verborum
704 3252 713 3265 ‚
730 3233 866 3267 totiusque
880 3232 1006 3258 sermonis
1020 3232 1102 3258 comi-

66 3272 117 3292 tate
133 3273 210 3302 atque
228 3270 312 3303 gratia
329 3268 489 3296 denarrauit.
545 3269 613 3295 Hor.
629 3269 679 3295 Sat.
693 3277 717 3299 2,
732 3277 754 3300 3,
769 3276 809 3301 315
839 3269 913 3294 Vnus
931 3267 979 3294 vbi
998 3267 1101 3301 effugit,

66 3303 145 3328 mati-i
157 3303 291 3335 denarret,
310 3311 338 3331 vt
349 3305 440 3339 ingens
453 3304 533 3331 Belua
547 3311 670 3338 cognatos
684 3304 794 3330 eliserit.

100 3343 123 3376 ιι)
131 3343 176 3363 ΕΝ
185 3345 206 3365 Α
214 3347 226 3366 s
234 3346 251 3367 c
259 3347 279 3367 o
287 3347 307 3367 R
316 3360 323 3371 ,
347 3341 414 3373 sris,
441 3341 501 3367 asci.
538 3339 718 3374 [αἰποᾶνήσκω]
755 3341 804 3365 Ρνο
818 3339 897 3365 Mori.
934 3337 1028 3364 Cassius
1048 3338 1100 3364 He-

69 3380 142 3411 mina
156 3371 289 3401 Annalium
303 3384 319 3402 2
337 3376 403 3411 apud
416 3376 488 3403 Non.
502 3384 528 3408 2,
541 3383 590 3410 257
621 3377 697 3409 Qiae
710 3380 773 3401 nata
789 3374 863 3406 sunt,
878 3383 907 3400 ea
919 3374 1009 3400 omnia
1022 3373 1101 3400 dena-

68 3408 103 3433 scl
117 3411 198 3433 amnt·
229 3410 282 3442 Qii
293 3410 438 3438 denascitur
447 3432 456 3444 ‚
468 3413 558 3446 ignem
569 3411 667 3437 amittit
679 3419 707 3437 ac
720 3410 837 3444 frigescit
851 3411 937 3436 Varro
950 3410 978 3436 L.
988 3410 1053 3442 L.4,
1063 3418 1101 3436 10.

104 3449 123 3469 D
136 3448 152 3467 E
163 3449 184 3467 N
195 3448 262 3470 ΑΤι
272 3452 336 3477 VM,
358 3447 388 3473 ii.
414 3456 440 3473 n.
477 3446 604 3473 Medicina
613 3454 662 3481 pro
676 3449 760 3482 aegris
773 3445 972 3481 derzafientibus,
984 3445 1102 3471 laudatur

68 3487 98 3504 ex
111 3476 228 3517 Tertull.
241 3478 349 3518 Apolog.
370 3491 390 3508 c.
404 3491 434 3515 23
460 3482 628 3516 Aesculapius
644 3481 816 3508 demorituris
831 3481 935 3507 Scordii
955 3480 1102 3509 etDenatii

69 3519 96 3540 et
108 3511 285 3553 Asclepiaden
301 3516 517 3550 subministrator.
552 3517 599 3545 Sed
609 3521 723 3543 certatim
736 3520 789 3543 viri
805 3515 873 3543 dosii
890 3516 943 3543 alia
956 3516 999 3543 die
1017 3516 1101 3542 mori-

70 3554 134 3575 t¹¹r1⁵
150 3547 278 3575 80⁶0rd10
293 3551 370 3580 (Scal.
384 3553 510 3585 Scordio)
522 3558 549 3580 et
562 3552 701 3580 Thanatio
714 3559 739 3579 et
752 3551 935 3587 Asclepiadoto
954 3553 1024 3578 vitae
1044 3551 1102 3578 sub-

69 3583 247 3613 ministrator,
266 3583 352 3616 vtfint
361 3590 435 3614 trium
452 3589 575 3616 hominum
588 3592 688 3615 nomina
698 3588 729 3615 ab
746 3588 798 3624 ipso
811 3598 825 3614 a
838 3595 914 3615 morte
926 3595 1103 3614 reuocatorum.
1202 3615 1208 3620 ,

386 3623 512 3659 [inferbui]
549 3624 617 3660 Naso
632 3627 747 3660 priuare.
781 3623 864 3650 Plaut.
884 3624 959 3658 Capt.
979 3632 1001 3656 3,
1020 3633 1048 3658 4,
1068 3630 1103 3658 72
1117 3620 1149 3647 95
1167 3620 1231 3646 ‘¹¹¹⁸’

106 3626 125 3646 D
134 3626 150 3645 E
160 3626 182 3645 N
192 3619 215 3646 Ᾱ
224 3626 237 3645 s
247 3625 266 3645 o
275 3639 282 3651 ,
302 3623 353 3645 are.

70 3655 195 3689 Namque
214 3653 307 3688 edepol
326 3654 343 3680 fi
363 3655 460 3685 adbites
473 3660 596 3694 propius,
609 3669 638 3686 os
654 3658 789 3686 denasabit
801 3659 861 3686 tibi.

108 3687 266 3717 ΒΕΝᾸΤΟ
280 3710 288 3721 ,
308 3694 358 3716 {ire—
396 3691 615 3730 [κατανῆχομαι]
653 3695 718 3721 Idem
738 3694 802 3730 quod
821 3696 919 3721 Nature
931 3692 1038 3729 secundo
1051 3693 1103 3729 flu-

497 3738 525 3756 ec
544 3731 684 3766 quisquam
702 3731 769 3757 citus
786 3739 871 3765 aeque
887 3729 980 3756 Tusco
1000 3729 1106 3755 denatat

69 3729 143 3752 mine.
180 3726 247 3752 Hor.
266 3724 317 3752 Od.
335 3734 357 3758 3,
371 3732 397 3760 7,
413 3731 440 3756 28
469 3728 495 3755 N

69 3762 155 3788 alueo.

71 3831 136 3858 Plin.
149 3840 189 3866 37,
204 3840 240 3858 10.

108 3873 151 3894 DE
161 3874 237 3894 NDR
247 3868 260 3893 ι’
269 3872 290 3892 Τ
300 3874 309 3893 1
318 3874 331 3894 s
341 3887 349 3899 ‚
379 3866 439 3893 idis.
465 3866 486 3894 f.
522 3867 644 3902 Gemma,
655 3880 722 3906 quae
742 3871 790 3899 sub
809 3871 905 3898 arbore
924 3869 1020 3897 defossa
1029 3891 1036 3903 ,
1049 3878 1104 3896 non

73 3903 203 3935 permittit
219 3902 332 3929 securim
351 3902 471 3929 hebetari
488 3901 553 3929 Plin.
566 3911 606 3938 37,
621 3913 652 3931 ιι.
677 3908 710 3933 It.
723 3907 797 3934 herba
814 3907 881 3943 apud
898 3907 936 3933 M.
949 3906 1082 3942 Capellam
1093 3915 1102 3932 i

74 3945 98 3972 p.
112 3945 154 3963 20.
172 3946 230 3973 quae
248 3944 328 3964 tamen
340 3937 434 3965 reflius
448 3938 542 3965 dicitur
556 3938 719 3968 dendroides.

109 3979 267 4001 DENDRo
278 3975 290 3999 1'
299 3978 384 4006 Dsss,
407 3974 438 4003 is.
467 3974 487 4001 f.
521 3968 689 4010 [diaecesim]
722 3977 837 4011 Septima
854 3976 989 4010 tithymali
1007 3977 1104 4012 species
1112 3969 1250 4007 ¹05forte,
1261 3967 1308 4005 scd
1327 3968 1396 3992 cuius
1412 3962 1520 3990 nondum
1532 3963 1635 3998 prolata
1651 3957 1799 3986 austeritas.

224 4014 245 4035 v
254 4015 307 4036 oi..
342 4009 379 4037 11.

108 3804 126 3823 n
135 3804 182 3823 EN
191 3803 209 3822 n
218 3803 237 3823 R
246 3803 268 3823 A
277 3803 294 3823 c.
302 3803 322 3823 H
332 3796 353 3822 Ᾰ
362 3803 383 3823 Τ
393 3802 409 3822 13
418 3802 448 3828 s,
467 3796 499 3823 is.
519 3798 538 3824 f.
572 3801 682 3829 Gemma
702 3801 738 3828 est
757 3801 829 3828 velut
842 3799 986 3827 Arbuscula
998 3799 1158 3834 infignis¹00
1168 3793 1237 3827 poffe
1249 3800 1295 3826 per
1307 3796 1377 3817 artus
1385 3809 1393 3821 ,
1411 3787 1530 3819 Denique
1543 3789 1572 3809 vt
1585 3783 1712 3809 intereant
1725 3789 1774 3807 vna
1790 3790 1848 3807 cum
1863 3788 1973 3814 corpore
1986 3779 2100 3805 cunelae.

1161 2936 1249 2964 libido
1262 2935 1295 2963 ad
1308 2935 1488 2969 voluptatem,
1507 2942 1561 2959 non
1576 2931 1720 2958 amoenitas
1740 2930 1772 2957 ad
1793 2929 2011 2963 delectationem,
2027 2939 2081 2957 non
2100 2930 2201 2957 nobili-

1161 2979 1200 3001 tas
1213 2972 1288 2999 orbis
1301 2970 1333 2998 ad
1351 2969 1548 3004 cognitionem,
1565 2976 1619 2993 non
1631 2966 1745 3001 denique
1764 2965 1840 2992 labor
1853 2966 1907 3001 ipse
1919 2965 1950 2992 acl
1970 2966 2094 3000 quietem.
2150 2967 2200 2992 De-

1162 3010 1260 3044 nique,
1273 3010 1355 3043 inquit
1373 3007 1492 3033 Donatus
1505 3003 1538 3031 ad
1551 3004 1619 3030 Ter.
1634 3003 1739 3029 phorm.
1753 3010 1773 3033 ι,
1786 3010 1808 3037 2,
1821 3009 1850 3036 71
1867 3001 1898 3028 ad
1916 3001 1995 3028 finem
2010 3000 2142 3028 dieiorum
2156 3010 2201 3036 po-

1162 3045 1236 3072 nitur
1253 3052 1301 3077 pro
1315 3042 1457 3069 Postremo.
1528 3039 1602 3073 Quin
1620 3045 1645 3064 te
1663 3039 1691 3064 in
1705 3037 1788 3063 fundo
1801 3037 1935 3071 conspicer
1947 3036 2049 3063 Fodere
2066 3043 2111 3063 aut
2126 3045 2200 3063 arare

1113 3084 1145 3110 80
1162 3086 1207 3108 aut
1221 3077 1324 3114 aliquid
1337 3078 1406 3104 ferre
1423 3076 1537 3111 denique
1551 3075 1618 3102 Ter.
1631 3072 1728 3100 Hcaiit.
1745 3081 1765 3105 1,
1780 3081 1800 3104 1,
1813 3075 1849 3098 16.
1885 3072 1958 3107 Coris.
1974 3071 2083 3098 IdHec.
2099 3081 2118 3104 1,
2132 3076 2198 3103 2,81.

1590 3107 1612 3148 ff
1633 3118 1649 3136 z
1683 3108 1804 3142 Denique
1816 3114 1861 3142 pro
1877 3111 1976 3142 paucis,
1990 3108 2111 3138 breuiter,
2127 3106 2199 3141 idque

1163 3123 1187 3143 et
1206 3116 1272 3142 Eun.
1289 3123 1310 3146 1,
1330 3122 1355 3144 2,
1375 3117 1415 3148 78.
1724 3145 1728 3149 ,
1747 3144 1751 3148 .
2119 3142 2122 3145 Ι

1573 3144 1655 3179 Qiod
1670 3144 1805 3171 deditione
1820 3142 1889 3169 faeta
1901 3142 2003 3169 nostros
2018 3142 2141 3177 praesidia
2155 3141 2199 3168 de-

1158 3150 1319 3187 praecedente
1333 3152 1407 3175 vnico
1425 3147 1538 3174 membro.
1957 3179 1962 3183 Ι

1164 3186 1307 3218 ἀιιὲὶυτοε,
1325 3190 1369 3213 aut
1387 3183 1502 3218 denique
1522 3181 1705 3216 indiligentius
1725 3180 1872 3206 seruaturos
1893 3178 2057 3205 crediderant
2076 3177 2147 3203 Caes.
2170 3177 2198 3203 Β.

1163 3224 1195 3250 G.
1211 3231 1237 3255 2,
1250 3230 1286 3255 53.
1322 3219 1396 3256 Coris.
1418 3219 1489 3253 Nep.
1501 3223 1537 3250 18,
1552 3226 1586 3249 12,
1600 3226 1618 3243 1.
1637 3219 1668 3243 it.
1691 3215 1838 3242 Freinshem.
1860 3214 1932 3240 inda.
1953 3217 1980 3240 in
1999 3214 2068 3240 Flor.
2082 3219 2106 3238 ct
2124 3213 2199 3239 Curt-

1117 3263 1146 3292 85
1163 3260 1244 3286 Etiam
1258 3255 1376 3292 pluribus
1393 3255 1507 3281 membris
1521 3251 1738 3288 praecedentibus:
1757 3249 1810 3276 vid.
1824 3250 1914 3283 Nepos
1928 3252 1965 3281 16,
1978 3258 2005 3281 4,
2020 3257 2040 3279 3.
2057 3255 2079 3273 et
2093 3256 2130 3280 21,
2143 3256 2166 3280 ε,
2177 3256 2211 3275 2..

1163 3292 1316 3328 Aliquando
1326 3291 1396 3318 nihil
1409 3290 1520 3317 omnino
1534 3287 1673 3323 praecedit.
1712 3285 1790 3313 Nihil
1809 3285 1916 3311 mollius
1929 3284 2016 3314 caelo,
2029 3281 2144 3324 denique
2158 3283 2199 3309 bis

1163 3329 1276 3357 floribus
1294 3332 1387 3354 vernat
1407 3326 1478 3353 Flor.
1500 3334 1520 3357 1,
1539 3326 1568 3351 16
1586 3323 1629 3349 vbi
1647 3321 1700 3349 vid.
1719 3320 1879 3348 Freinsheni.
1935 3318 2002 3346 Adel.
2015 3318 2153 3354 Schulting.
2168 3318 2202 3345 ad

1163 3364 1272 3400 Qun&
1286 3364 1358 3391 Deci.
1373 3372 1381 3389 1
1403 3371 1427 3396 p.
1443 3369 1476 3394 ις.
1630 3355 1651 3394 q
1672 3366 1684 3390 3
1721 3358 1782 3397 Sunt
1795 3363 1819 3382 et
1831 3358 1893 3382 aliae
1901 3354 2026 3390 formulae
2035 3356 2049 3378 :'
2070 3353 2197 3380 Albinou.

1164 3402 1197 3428 ad
1214 3401 1275 3428 Liu.
1293 3407 1336 3432 105
1371 3399 1446 3425 Mitis
1464 3405 1532 3422 nunc
1552 3394 1666 3429 denique
1686 3392 1806 3423 Daulias,
1827 3394 1845 3417 i.
1856 3391 1927 3426 serv,
1947 3387 2074 3429 postquam
2092 3389 2200 3415 crudelis

1108 3443 1144 3467 90
1153 3437 1226 3473 [fuit.
1262 3437 1347 3462 Aliter
1359 3437 1386 3460 in
1404 3433 1461 3460 illo:
1486 3432 1570 3458 Prisca
1584 3430 1675 3456 iuuent
1688 3428 1753 3455 alios
1762 3448 1769 3459 ,
1781 3435 1829 3460 ego
1843 3434 1884 3452 nie
1901 3433 1969 3450 nunc
1983 3424 2097 3459 denique
2110 3431 2200 3451 natum

1164 3471 1291 3499 Gratulor
1310 3469 1392 3497 Ouid.
1408 3470 1439 3495 A.
1455 3468 1485 3494 A.
1506 3475 1528 3499 3,
1543 3475 1590 3493 121.
1661 3464 1741 3491 Plaut.
1760 3464 1832 3496 Capt.
1849 3469 1868 3492 1,
1880 3469 1905 3492 2,
1916 3468 1946 3492 39
1984 3460 2060 3486 Tum
2086 3460 2200 3494 denique

1165 3516 1256 3535 omnes
1269 3506 1357 3533 nostra
1374 3503 1546 3538 intelligimus
1560 3501 1630 3528 bona
1639 3520 1646 3532 ,
1683 3500 1773 3532 Qiuin
1787 3504 1852 3531 quae
1866 3495 1894 3536 iti
1907 3494 2032 3535 potestate
2051 3495 2201 3535 habuimus,

1165 3553 1195 3570 ea
1208 3542 1351 3569 amifinius.
1393 3541 1482 3573 Quini
1496 3537 1629 3565 excessisset
1641 3545 1655 3562 e
1668 3536 1738 3566 vita,
1756 3539 1810 3559 tum
1825 3531 1939 3565 denique
1950 3537 2054 3557 Viueret
2069 3531 2125 3557 Cic.
2157 3551 2163 3558 ,

1167 3577 1345 3611 Pleonasticum
1360 3574 1394 3609 cst
1411 3574 1477 3602 illud
1488 3574 1544 3600 Cic.
1559 3572 1614 3607 post
1631 3570 1718 3597 Redit.
1736 3568 1768 3594 ad
1783 3567 1883 3600 Qnirit.
1899 3568 1928 3593 16
1952 3566 2068 3592 Primum
2088 3575 2135 3592 vos
2155 3566 2201 3593 do-

1244 3620 1291 3640 etc.
1326 3612 1403 3638 Tum
1416 3611 1444 3637 in
1457 3608 1604 3645 perorando
1618 3605 1712 3641 posuit,
1726 3610 1770 3629 etc.
1806 3603 1927 3637 Denique
1942 3602 1996 3636 ipse
2009 3601 2041 3627 ad
2053 3608 2201 3641 extremuni

1167 3659 1216 3685 pro
1230 3657 1289 3675 mea
1301 3656 1348 3674 vos
1366 3647 1447 3673 salute
1459 3654 1513 3672 non
1531 3643 1632 3677 rogauit
1646 3641 1741 3671 solum,
1760 3647 1853 3665 verum
1867 3638 1946 3665 etiam
1960 3637 2115 3663 obsecrauit.
2152 3639 2201 3663 Pro

1170 3687 1235 3712 ‘Tum
1245 3684 1338 3710 demum
1346 3693 1354 3707 .·
1383 3683 1440 3709 Cic.
1454 3689 1503 3716 pro
1515 3680 1611 3707 Milon.
1625 3678 1655 3708 36
1679 3675 1768 3709 ltaque
1780 3673 1891 3700 Milonis
1906 3673 2063 3704 consulatus,
2076 3672 2122 3707 qui
2136 3672 2201 3698 viiio

1167 3719 1266 3748 Clodio
1285 3716 1439 3746 labefaetari
1458 3725 1511 3742 non
1530 3718 1646 3748 poterat,
1665 3716 1772 3737 mortuo
1787 3709 1901 3744 denique
1924 3708 2019 3735 tentari
2036 3714 2143 3742 coeptus
2156 3707 2200 3734 est.

1168 3758 1218 3783 Pro
1236 3754 1347 3782 Tandem
1360 3753 1417 3790 usus
1437 3755 1509 3779 etiam
1523 3750 1626 3775 Luci-et.
1639 3755 1664 3778 3,
1675 3748 1730 3780 764
1758 3746 1848 3778 Qiare
1868 3744 1972 3770 dissolui
1987 3752 2094 3778 quoque
2107 3742 2201 3803 debssigt

1166 3829 1250 3862 nique
1270 3834 1336 3861 quae
1355 3824 1430 3859 pausa
1448 3822 1506 3851 erit,
1520 3825 1545 3845 et
1561 3817 1666 3854 quando
1687 3816 1792 3848 desinet,
1808 3823 1852 3842 etc.
1873 3816 1963 3849 Nepos
1979 3815 2006 3840 in
2020 3815 2120 3848 Fragm.
2135 3821 2173 3844 12,
2187 3819 2201 3845 5

1168 3863 1200 3890 de
1213 3863 1294 3890 Corn.
1310 3858 1418 3887 Gracch.
1431 3862 1532 3887 matre,
1553 3857 1571 3881 i.
1591 3853 1696 3880 tandem.
1731 3852 1799 3878 Add.
1821 3852 1926 3878 Lucrct.
1940 3859 1962 3882 3,
1975 3852 2038 3884 764.

1202 3904 1222 3924 D
1231 3905 1247 3925 Ε
1256 3905 1277 3924 Ν
1286 3904 1306 3923 ο
1314 3902 1333 3922 D
1342 3902 1361 3921 o
1370 3914 1377 3926 ,
1395 3897 1446 3919 are.
1482 3890 1596 3925 Apuleio
1607 3910 1613 3921 ‚
1629 3892 1668 3915 cui
1687 3888 1818 3919 tribuitur,
1830 3893 1903 3922 negat
1920 3885 1994 3912 Index
2010 3883 2112 3910 floridi.

1203 3935 1416 3961 DENonATVS,
1436 3936 1468 3958 a,
1486 3935 1540 3953 um.
1575 3925 1637 3952 Adi..
1672 3924 1717 3950 Cui
1727 3923 1823 3958 singuli
1834 3923 1936 3949 articuli
1951 3918 2030 3953 decijfi.
2065 3919 2202 3951 Antiquam

2104 3997 2203 4019 RENO-
