2479 4225
124 175 164 211 17
476 159 626 200 DE
724 162 752 201 Β

124 248 239 275 mediam
253 249 359 276 noctem
374 249 449 284 aquis
464 248 644 283 struentibus,
666 249 826 282 totidemque
839 246 913 273 horis
926 246 957 274 ad
966 246 1082 273 medium
1089 246 1161 274 diem

126 284 281 318 rigentibus.
323 285 402 312 Verba
407 285 469 321 sunt
484 285 549 311 Plin.
565 293 587 318 ς,
602 294 622 316 ς.

161 326 489 351 DEBVCELLATvs,
522 329 554 351 a,
586 331 638 348 iun.
778 318 828 350 Vt,

124 354 189 381 Plin.
204 355 291 382 Valer.
308 364 326 386 1,
341 358 365 382 6.

160 389 410 422 ni-:nvcciNo‚
429 394 481 416 arc.

124 424 248 452 cinemus.
267 429 285 452 i.
293 427 483 462 promulgemus.

160 467 179 487 D
188 467 204 487 E
215 467 231 487 Β
241 467 262 486 ν
272 468 358 488 CClN
368 462 416 487 ᾸΤ
427 468 444 487 v
455 469 466 486 s
477 481 484 493 ‚
504 471 533 493 a,
553 468 604 486 um.
625 457 718 484 Partic.
754 463 793 492 ap.
809 458 887 484 Mart.
900 458 1000 493 Capell.

164 501 184 521 1)
195 502 211 522 E
221 502 237 522 B
246 504 266 522 v
275 503 291 523 c
300 504 317 524 c
327 504 336 523 i
346 503 367 522 N
376 503 396 522 A
407 503 428 522 T
439 503 457 522 o
469 505 484 522 κ
494 518 502 530 ,
519 495 581 521 oris.
601 502 636 519 ui.
672 500 712 529 ap.
721 493 857 527 Augustin.

161 535 452 563 DEBVLL10‚i1·e.
488 532 555 557 Hinc
735 563 740 567 .

159 572 175 592 B
185 573 201 592 Ε
209 573 253 593 BV
262 574 279 593 1.
289 574 307 593 1.
317 574 326 593 1
336 574 357 593 T
368 575 375 594 1
385 576 404 593 υ
413 588 420 597 ,
440 566 506 593 sinis.
524 564 544 590 f.
578 570 618 598 ap.
633 562 770 597 Augustin-

500 625 529 656 D
628 626 651 655 F
750 625 777 655 C

160 672 246 699 DEC.
267 673 377 706 Decius,
395 671 518 699 Decurio.
569 670 628 696 DF..
648 670 801 697 Defunc'tus.
850 671 936 698 DEC.
957 671 1044 699 DEC.
1066 673 1161 700 Decem

125 707 236 740 Decani,
254 709 366 735 Decrcto
379 706 562 735 Decurionum.
606 706 629 732 D
638 706 666 732 Ε.
686 707 726 732 vel
743 707 792 732 DE
800 706 841 732 DI
850 708 880 733 C.
901 705 1034 734 Dedicata.
1077 709 1100 734 D
1109 710 1127 735 E
1137 710 1160 735 S.

677 318 735 346 Adi.
863 317 983 344 Penicilli
1002 317 1160 344 debucellati

520 387 675 418 Te1·tull.de
687 386 805 414 velandis
819 387 970 422 virginibus
984 398 1005 414 c.
1016 397 1040 421 ¹3
1059 388 1160 415 Debuc-
1185 394 1200 420 ς

124 742 290 777 Designatus,
310 742 465 777 Defignauit.
502 741 551 767 DE
561 741 622 767 ST.
643 741 786 767 Destinato.
1183 756 1209 783 15

534 776 752 811 [ἐποκαγχοέσαῐ]
789 775 830 809 Est
852 775 979 809 deridere,
997 776 1163 841 vtlgstAopuii

1063 833 1070 839 .
1109 824 1163 849 po.

161 783 490 806 DECAcinNNARE.

125 812 240 840 Tei-tull.
255 814 286 841 ad
301 814 408 841 Nation.
430 819 450 844 1,
473 820 501 844 ¹9
527 813 589 845 Qio
603 812 744 839 resolutius
758 811 959 838 decachinnatis.

91 858 94 859 ⁷
125 857 146 874 c.
161 856 195 883 47
215 849 364 876 Gehennam
379 848 397 874 ii
412 848 607 874 comminemur
615 867 622 880 ‚
647 847 876 874 decachinnamur.

135 918 150 944 l-
157 891 176 911 D
184 891 201 945 113
209 891 226 910 C
235 889 317 946 AhcbeH
327 890 345 910 Ο
353 890 371 909 R
379 890 398 910 D
411 889 429 907 V
440 890 475 916 M,
485 883 502 909 i.
511 891 537 908 n.
553 881 731 917 [δεκάχορδον]
752 881 942 916 instrumrezxum
955 883 1077 917 musicum,
1085 884 1163 911 decem

121 928 187 945 c.0rt
198 929 225 946 αἱ
265 930 279 945 a
306 928 344 944 ns.

120 955 276 1017 ΡὸἓιὲῐέΑἳῖ
285 962 306 1014 Ξῖ
315 995 341 1015 Μ
352 987 392 1014 ΪΝ
403 995 421 1015 o
431 1009 439 1021 ‚
459 993 513 1015 iire.
551 989 746 1023 [βλαςολογὲω]
783 988 901 1014 Cacumen
910 989 1069 1024 praecidere,
1089 998 1112 1017 et
1124 1001 1163 1017 ca-

121 1025 333 1060 cumi'iiepriuare.
370 1024 501 1051 Columel.
516 1032 575 1058 4,7.
610 1031 633 1050 et
647 1032 667 1057 ς,
682 1027 698 1050 6
717 1023 801 1050 Potest
814 1024 893 1050 etiam
908 1024 994 1050 vlmus
1007 1025 1038 1051 tic
1047 1026 1162 1061 disponi,

119 1066 149 1087 vt
157 1060 237 1087 adhuc
247 1065 334 1086 tenera
342 1059 463 1086 decacum
469 1061 600 1092 inetui·,ne
608 1059 775 1087 altitudinem
784 1059 935 1093 quindecim
945 1060 1040 1094 pedum
1048 1062 1162 1089 excedat.

156 1102 279 1122 DECAc
289 1101 343 1122 VM
354 1103 361 1121 1
373 1102 453 1122 NA'r
463 1103 471 1121 i
482 1103 509 1127 0,
517 1096 585 1121 onis.
601 1096 620 1121 f.
637 1095 758 1121 Verbale.
785 1095 969 1130 [βλαςαλογία]
990 1097 1056 1123 Plin.
1072 1105 1115 1132 17,
1129 1107 1163 1132 24
1181 1103 1212 1129 25

120 1131 139 1157 s.
157 1137 204 1165 37,
226 1139 243 1163 9
275 1131 395 1157 Similem
419 1138 445 1158 et
464 1131 674 1158 decacuminatio
702 1131 835 1158 rationem
867 1130 962 1164 habet,
983 1133 1104 1166 cupi-effi,
1123 1135 1163 1168 pi-

119 1174 177 1192 ceae
185 1185 194 1198 ‚
221 1166 301 1192 cedri.

155 1208 174 1228 D
184 1208 224 1228 Ec
233 1209 254 1228 A
263 1209 279 1228 c
290 1208 311 1226 v
320 1207 362 1227 Mi
372 1208 394 1227 N
403 1208 424 1228 A
433 1207 454 1227 ‘r
464 1208 482 1228 o
494 1208 512 1228 R
522 1221 530 1234 ‚
552 1202 615 1228 oris.
650 1207 690 1237 ap.
709 1201 829 1228 Tertull.

155 1242 172 1261 n
184 1243 251 1263 roa
263 1234 337 1263 Di‘v
350 1243 369 1262 v
379 1243 496 1269 S,a‚um.
519 1237 579 1264 Adi.
615 1238 697 1263 Vetus
712 1238 791 1264 Poeta
805 1238 833 1264 in
846 1237 948 1272 Peruig.
962 1238 1072 1266 Veneris
1088 1245 1117 1273 ¹7
1131 1239 1163 1265 Et

118 1272 214 1298 micant
236 1272 358 1298 lacrimae
376 1279 514 1299 trementes
534 1272 662 1300 decadiuo
683 1273 808 1308 pondere.

117 1316 179 1332 mum
194 1310 270 1333 locum
279 1308 421 1343 feliciffimr
435 1310 569 1335 Lernutius
590 1307 710 1341 restituit.

155 1350 173 1369 D
183 1349 198 1369 Ε
209 1350 225 1369 C
237 1351 258 1370 A
266 1351 284 1370 D
294 1351 313 1370 O
323 1350 341 1369 R
351 1351 371 1370 V
381 1350 393 1369 S
403 1364 411 1377 ‚
426 1353 450 1376 a,
464 1352 519 1370 uni.
542 1344 601 1370 Adi.
639 1341 803 1378 [δεκάδωρος]
839 1344 940 1380 Longus
954 1343 1031 1370 decem
1040 1346 1143 1380 palmis.

155 1385 249 1406 Discit
262 1386 338 1405 LAN
351 1385 518 1413 T1CARE,
545 1381 680 1406 velmelius
693 1385 1052 1412 DECALAVTICARE,
1072 1382 1165 1407 Lucili-

116 1421 188 1440 anum
204 1422 301 1440 vii-oum
313 1415 380 1450 apud
392 1415 463 1441 Non.
477 1424 500 1448 2,
512 1420 573 1448 218,
593 1415 754 1452 &significat
765 1414 944 1447 calanticam,
956 1415 982 1452 s.
996 1422 1025 1442 vt
1038 1417 1098 1442 aliis
1106 1416 1164 1451 pla-

115 1450 332 1482 cet,Calant-icam
350 1450 492 1484 detrahere,
510 1451 563 1477 vid.
579 1456 792 1479 CALANTICA.
1181 1455 1210 1482 35

153 1491 276 1512 DECAsL
287 1492 348 1519 CO,
365 1490 419 1512 are.
454 1488 515 1513 Vet.
530 1487 609 1513 Gloss.
624 1488 695 1512 κονιῶ.
732 1485 859 1516 Decalco‚
879 1485 950 1512 albo.
987 1492 1016 1512 vt
1032 1487 1145 1513 Deauro.

153 1527 171 1547 D
181 1527 197 1547 E
208 1527 224 1548 C
236 1528 257 1548 A
267 1527 284 1547 L
295 1529 305 1547 1
315 1526 332 1547 C
343 1528 363 1547 A
373 1529 394 1548 Τ
403 1530 423 1548 V
431 1529 444 1549 s
452 1543 460 1555 ‚
474 1531 488 1549 a
496 1542 504 1555 ‚
519 1531 574 1548 um.
596 1522 656 1548 Adi.
693 1521 760 1548 Idem
774 1522 977 1557 quodCaIicatus.
1013 1522 1101 1548 Festus
1116 1523 1166 1548 De·

117 1555 254 1583 calicatum
264 1556 337 1583 calce
358 1557 445 1584 litum.
483 1560 575 1593 Nempe
587 1561 662 1584 etiam
676 1557 822 1584 Calicatum
838 1555 871 1589 eft
884 1556 952 1582 Festi
960 1564 1010 1591 pro
1020 1558 1165 1583 Calcatum.

153 1599 172 1619 D
181 1599 196 1618 E
205 1599 221 1619 C
231 1600 251 1619 A
262 1600 294 1619 Li
304 1599 321 1619 C
329 1600 350 1619 A
360 1600 381 1619 T
391 1599 411 1619 0
422 1600 440 1619 R
450 1613 458 1626 ,
472 1594 536 1620 otis.
552 1602 588 1619 m.
625 1592 785 1626 [κατακάνῃς
797 1592 876 1618 Gloff.
892 1592 949 1617 Lat.
964 1592 1032 1624 Gn]
1067 1593 1095 1618 A
1105 1593 1164 1617 cali-

113 1627 182 1654 cibus
194 1626 289 1654 dictum
297 1648 305 1661 ,
325 1638 384 1664 quos
403 1629 491 1655 ebibat.

153 1670 171 1689 D
182 1670 198 1689 E
209 1670 225 1690 c
234 1671 255 1689 A
265 1670 281 1688 L
292 1671 308 1690 Ε
320 1671 333 1690 s
342 1671 358 1690 c
370 1670 389 1689 ο
399 1684 407 1696 ,
428 1667 481 1690 ere.
519 1661 715 1697 ἓκθερμοάνιιμαι
732 1660 812 1687 Gloss.
827 1660 889 1692 Cyr.

152 1703 171 1722 D
181 1704 197 1723 E
206 1703 222 1722 c
233 1705 254 1724 A
265 1703 282 1722 i
293 1705 309 1724 E
319 1705 336 1724 r
344 1705 365 1724 A
375 1704 393 1724 c
408 1705 416 1723 1
431 1705 451 1725 ο
461 1718 470 1730 ,
490 1700 543 1724 ere.
580 1696 732 1730 ἐκθερμωὶνω
750 1696 829 1720 Gloff.
844 1696 900 1720 Lat.
916 1694 963 1719 Gr.

153 1738 172 1758 D
181 1739 197 1758 E
204 1738 221 1758 C
229 1739 250 1758 A
259 1740 276 1758 1.
287 1731 307 1759 ὅ
315 1739 335 1759 G
346 1741 366 1759 V
375 1740 398 1764 s,
412 1733 431 1758 i.
443 1743 479 1758 111.
498 1731 662 1763 [dankmarus]
675 1731 763 1754 Decem
765 1734 899 1762 praecepta
906 1730 1044 1752 continens.
1079 1727 1163 1753 Exod.

113 1773 156 1797 34,
171 1771 208 1795 28.
245 1772 269 1791 et
283 1767 360 1791 Dent.
372 1776 401 1797 4,
416 1775 448 1797 13.
483 1765 557 1799 Conf.
573 1763 693 1790 Tertull.
708 1762 740 1788 de
751 1762 849 1788 Anima
866 1770 888 1787 c.
901 1768 941 1795 37.

150 1807 168 1826 D
177 1807 194 1826 E
203 1805 220 1826 c
231 1806 253 1826 A
263 1805 278 1824 L
287 1806 352 1830 vo,
373 1804 425 1825 are.
461 1801 555 1833 Veget.
569 1798 600 1824 de
613 1799 650 1823 Re
664 1798 723 1822 Vet.
738 1805 769 1828 2,
781 1801 824 1829 48,
833 1804 846 1827 3
867 1795 999 1822 Psilothro
1013 1780 1158 1824 decaluare.
1170 1809 1205 1835 45

121 1835 184 1870 Vjus
197 1841 220 1861 et
238 1834 318 1869 Vulg.
332 1835 444 1868 Interpr.
458 1842 467 1860 1
481 1835 544 1860 Cor.
559 1842 591 1866 11,
606 1841 627 1865 5.
663 1833 722 1858 Vet.
737 1831 816 1858 Gloff.
830 1831 959 1862 Decaluo,
982 1833 1162 1867 φαλακρέμκι.

112 1870 218 1897 Samson
232 1879 246 1896 a
259 1869 374 1896 muliere
387 1869 535 1896 decaluatus
553 1869 668 1895 Hieron.
680 1867 740 1893 adu.
755 1867 842 1893 Iouin.
863 1876 873 1893 1
887 1876 907 1893 c.
923 1875 947 1899 13
956 1873 1001 1902 pr.

149 1913 192 1933 DE
201 1912 278 1933 CAN
289 1913 308 1932 1.
350 1903 501 1940 [δεκάρχω]
538 1902 612 1931 Diffi
627 1904 690 1939 finit
709 1905 735 1928 in
753 1906 875 1933 exercitu,
894 1905 937 1938 qui
949 1905 1028 1931 decem
1040 1903 1164 1930 militibus

106 1947 252 1977 praeerant.
289 1942 367 1967 Erant
387 1941 485 1974 Decap'i
504 1940 579 1966 denis
599 1938 732 1966 militibus
754 1938 911 1972 praepositi,
929 1938 977 1972 qui
995 1947 1064 1964 nunc
1084 1943 1162 1973 caput

113 1977 283 2004 contubernii
296 1982 439 2006 vocantur,
457 1978 495 2002 ait
507 1977 599 2010 Veget.
614 1983 637 2007 2,
651 1980 673 2005 8.
964 2008 970 2012 ἱ

103 2012 190 2047 ’νυ1ς.
207 2012 495 2046 Interpr.Deut..1,1,-.
694 2006 715 2045 ff
734 2017 751 2035 2
788 2009 864 2044 Apud
883 2007 1059 2042 Ecclesiasticos
1079 2009 1162 2044 digm-

110 2051 175 2075 tatis
187 2058 273 2074 nomen
288 2048 441 2074 Decanatus.
484 2044 542 2072 Vid.
556 2046 652 2071 Alciat.
667 2046 694 2069 in
709 2045 727 2071 1.
740 2053 795 2070 non
808 2045 896 2079 plures
911 2045 940 2071 C.
949 2044 981 2070 de
993 2044 1161 2070 sacrosanctis

112 2083 233 2110 ecclesiis.
280 2085 318 2109 Ex
331 2084 432 2109 Militia
446 2084 472 2109 in
485 2080 603 2107 Coenobia
615 2079 764 2106 transducta
778 2090 826 2106 uox
840 2079 872 2113 esi
887 2090 896 2109 ,·
931 2089 989 2105 nam
1006 2088 1089 2105 nouem
1096 2080 1160 2114 sem-

105 2125 154 2155 per
166 2118 305 2146 hominibus
317 2118 423 2144 decimus
431 2122 559 2152 praeerat,
568 2118 611 2151 qui
624 2115 742 2142 Decanus
755 2116 811 2142 inde
824 2117 976 2152 appellatus,
995 2115 1023 2140 de
1036 2123 1081 2150 quo
1096 2115 1161 2141 Hie-

111 2163 169 2181 ron.
184 2161 207 2181 et
218 2153 356 2188 Augustin.
370 2152 403 2179 de
417 2152 538 2179 moi-ibin
552 2150 657 2187 Cathol.
671 2151 724 2177 Ecl.
740 2160 762 2177 c.
776 2160 810 2183 31.

110 2189 227 2216 Cathsdr.
245 2193 306 2215 item
323 2192 351 2215 in
368 2188 534 2220 Academias,
552 2187 596 2214 vbi
609 2187 727 2213 Decanus
740 2188 889 2222 appellatur,
903 2195 944 2222 qut
959 2187 1064 2222 Collegio
1077 2192 1159 2221 caput.

116 2225 173 2252 Vid.
194 2225 288 2252 Buchn.
308 2225 336 2251 de
355 2224 447 2259 PhiIoJ]
463 2224 561 2260 Eclo'ga.
617 2221 691 2255 Gloffi
704 2224 860 2258 spelmanni,
880 2223 986 2258 szgH,
1005 2223 1159 2248 Macrorum.

109 2258 131 2299 ff
151 2270 164 2293 3
201 2260 300 2287 Decani
318 2266 390 2286 erant
401 2261 528 2295 collegium
545 2258 757 2289 libitinariorum,
777 2258 811 2284 ad
825 2267 884 2294 quos
897 2268 956 2284 cura
974 2257 1087 2284 libitinae
1100 2264 1159 2292 per-

110 2297 218 2328 tinebat,
235 2296 265 2322 id
276 2294 309 2329 2st
322 2298 452 2331 exequim,
464 2295 664 2330 fipulturamque
673 2294 846 2329 procurandi,
859 2294 962 2330 feretra
976 2295 1033 2319 item
1046 2299 1117 2328 atque
1130 2294 1162 2319 Ie-

110 2331 311 2367 &icasferenda
350 2331 510 2367 Eligcbanrur
522 2336 603 2356 autem
614 2338 643 2355 ex
656 2329 728 2356 vrbis
734 2330 825 2365 faece,
845 2336 870 2355 et
882 2332 910 2355 in
925 2329 1028 2365 collegia
1034 2329 1078 2364 seu
1093 2328 1203 2361 deca-60

826 2376 831 2379 ·
864 2364 976 2391 Nouell.
996 2364 1029 2390 de
1040 2362 1117 2391 offic.
1138 2362 1161 2400 §a

109 2371 167 2394 nius
186 2366 416 2404 distinguebantur,
435 2369 519 2394 variis
536 2365 624 2391 donati
637 2367 791 2401 priuilegiis.

109 2404 255 2438 Eapropter
267 2402 356 2430 Const.
370 2411 410 2436 43.
481 2403 514 2428 Er
528 2400 637 2428 Nouell.
653 2400 685 2426 de
700 2401 798 2435 Exequ.
811 2408 824 2433 ς
845 2400 909 2427 Inde
923 2399 988 2426 adeo
1003 2400 1114 2426 Constit.
1128 2407 1158 2432 59

105 2439 128 2466 'l.
141 2449 168 2471 4.
205 2445 229 2465 et
240 2439 258 2465 1.
272 2438 321 2465 sub
335 2443 471 2472 praetextu
485 2438 515 2464 C.
530 2436 562 2463 de
574 2436 666 2463 sacros.
681 2436 771 2462 eccles.
976 2432 997 2472 fl
1014 2444 1033 2468 4
1060 2435 1159 2461 Decani

105 2474 387 2501 -1efflcariorumimer
400 2473 503 2499 libertos
514 2472 599 2498 domus
611 2470 753 2508 Augustae,
765 2475 869 2507 itemque
882 2471 981 2497 Decani
993 2470 1159 2507 Paedagogii.

104 2509 156 2538 sed
166 2510 223 2536 haec
234 2512 317 2536 omnia
325 2505 474 2544 spolier-ioris
493 2509 556 2534 aeui.
1080 2507 1083 2511 ’

146 2552 188 2572 DE
197 2551 306 2572 CANT
315 2552 334 2572 O
343 2564 351 2577 ,
364 2553 406 2576 as,
421 2548 474 2570 arc.
504 2542 665 2578 [οἶναγορεύω,
678 2541 807 2577 κηρύττω]
843 2541 969 2568 Cantandi
976 2541 1052 2576 finem
1060 2541 1158 2577 facere.

111 2581 167 2606 Cic.
183 2579 296 2607 Tuscul.
309 2588 330 2612 3,
346 2588 372 2612 53
387 2589 409 2605 c.
421 2588 454 2606 22
485 2581 530 2605 vbi
547 2578 660 2614 disputat
680 2578 709 2603 de
726 2581 755 2604 vi
767 2580 885 2612 temporis
898 2580 925 2603 in
938 2577 1006 2605 lubia
1018 2577 1158 2609 minuendo,

113 2615 179 2642 Vidi
192 2616 274 2641 etiam
286 2616 315 2641 in
328 2615 507 2648 Peloponneso
522 2613 649 2648 quosdam
669 2612 827 2639 Corinthios
848 2610 969 2645 (vastata
983 2613 1097 2647 vrbcfica
1105 2612 1159 2647 fir-

109 2648 213 2676 vitutem
220 2650 382 2685 firuientes)
401 2649 438 2673 Hi
451 2654 571 2681 poterant
584 2657 676 2674 omnes
689 2648 780 2674 eadem
792 2647 838 2673 illa
851 2647 882 2672 de
895 2648 1078 2674 Andromacha
1088 2648 1159 2681 (En-

111 2688 151 2710 nii
170 2683 323 2720 tragoedia)
342 2682 480 2717 deplorare
498 2682 589 2715 (verbi
609 2683 717 2717 causa).

109 2720 177 2746 inari
191 2727 237 2745 etc.
274 2718 342 2754 conf.
358 2727 383 2744 ιι.
398 2725 431 2751 45
440 2720 451 2748 )
488 2717 537 2743 Sed
554 2716 608 2742 iam
622 2717 822 2742 decantauerant
836 2716 957 2749 fortasse,
973 2720 990 2743 i.
1005 2727 1090 2743 canere
1103 2717 1160 2750 desi-

111 2761 184 2781 ararit
196 2756 219 2781 lu
240 2754 320 2779 ubrem
333 2755 402 2780 illum
415 2759 514 2778 cantum
528 2758 573 2777 etc.
644 2751 730 2778 Aliier
740 2750 814 2777 Idem
828 2751 860 2776 de
873 2752 947 2777 Orat.
961 2760 987 2782 2,
1001 2760 1031 2785 75
1045 2761 1067 2777 c.
1076 2759 1104 2785 17
1113 2758 1156 2786 pr.

84 2812 87 2813 .
109 2790 168 2817 Nec
181 2763 250 2817 mifii
260 2797 330 2822 opus
345 2788 381 2814 est
393 2789 495 2814 Graeco
509 2786 600 2821 aliquo
614 2785 740 2818 dodiore,
759 2785 807 2819 qui
820 2785 889 2816 mihi
912 2786 1064 2820 peruulgata
1083 2795 1155 2820 prae-

112 2831 185 2860 cepta
205 2825 338 2855 decantet,
358 2823 401 2849 vbi
419 2823 453 2848 ad
470 2828 614 2848 contemtum
628 2821 703 2847 (lixit.
774 2821 806 2846 Et
819 2820 852 2846 de
867 2820 958 2847 Diuin.
972 2830 980 2847 1
995 2831 1016 2847 c.
1029 2830 1066 2856 47
1086 2822 1114 2847 de
1127 2824 1156 2848 P.

105 2861 226 2894 Claudio,
245 2860 319 2887 Solus
337 2858 485 2884 multorum
503 2866 633 2883 annorum
651 2855 783 2883 memoria
802 2865 856 2882 uon
871 2856 1025 2883 decantandi
1038 2858 1153 2892 augurii,
1169 2864 1201 2893 75

72 2921 79 2928 „
110 2897 154 2923 sed
169 2895 309 2923 diuinandi
321 2894 408 2921 tenuit
427 2893 601 2927 disciplinam.
657 2893 801 2918 Decantare
819 2893 960 2926 augurium
981 2891 1014 2926 est
1027 2893 1157 2928 formulas

103 2933 232 2969 sollemnes
255 2931 320 2957 dicis
350 2929 422 2965 causa
441 2929 569 2964 usurpare.
641 2928 784 2954 Decantare
803 2934 853 2962 pro
882 2927 1050 2961 debiam-are,
1071 2929 1156 2964 posuit

110 2967 240 3003 Qinciil.
255 2971 309 2999 12,8
326 2967 418 2999 Qium
431 2964 598 2999 multa,quae
611 2963 740 2998 neque'ad
753 2962 884 2995 iudicem,
909 2972 994 2998 neque
1008 2964 1041 2990 ad
1055 2965 1154 2999 Litiga-

82 3030 85 3034 ,
110 3011 196 3031 torem
214 3003 379 3038 pertineant,
396 3001 615 3031 decantauerunt,
636 2999 703 3025 bene
723 2999 842 3025 comitati
861 3008 908 3033 per
921 2999 1010 3026 forum
1027 3000 1155 3027 reducun-

110 3046 162 3066 tur.

110 3075 206 3102 dictata
226 3074 363 3100 decantare
389 3072 445 3098 Cic.
458 3071 491 3098 de
507 3071 565 3097 Fin.
579 3080 607 3104 4,
621 3079 656 3096 10.
729 3071 770 3097 Sic
783 3071 880 3097 Lucan.
895 3080 917 3104 ς,
931 3078 979 3103 293
999 3072 1030 3097 Et
1043 3081 1095 3098 non
1110 3073 1152 3099 ad-

108 3111 195 3138 missae
209 3109 313 3136 dirimit
326 3107 447 3142 suffragia
468 3106 553 3142 plebis
567 3107 746 3141 Decantatque
757 3105 851 3132 tribus.
923 3106 970 3134 Sed
982 3114 1030 3142 pro
1046 3107 1154 3144 simplici

104 3145 208 3182 positum
221 3145 320 3172 videtur
331 3143 360 3169 ab
376 3144 470 3170 Horat.
485 3143 573 3169 Carm.
588 3151 607 3173 1,
620 3150 656 3174 33,
669 3150 686 3168 2
705 3142 767 3168 Neu
780 3141 945 3168 miserabiles
964 3143 1091 3170 Decantes
1102 3145 1152 3170 ele-

110 3190 163 3215 gos.
257 3182 289 3206 Et
307 3178 456 3206 Nemefian.
480 3178 579 3212 Cyneg.
599 3180 634 3210 96
660 3178 691 3204 Et
706 3177 800 3204 docilis
815 3177 935 3204 decantet
946 3179 1061 3205 Orcadas
1075 3179 1151 3206 echo.

111 3216 203 3243 Vie’mr
222 3215 254 3242 de
273 3215 331 3241 Vir.
345 3214 384 3240 ill.
397 3223 429 3248 34
447 3214 548 3254 Appius
562 3213 690 3240 Claudius
705 3212 829 3248 epulandi
843 3212 1050 3250 decantandique
1064 3216 1105 3242 ius
1119 3216 1152 3242 ti·
1168 3217 1197 3247 85
1217 3215 1234 3240 l-
1250 3223 1271 3239 c·

110 3249 240 3278 bicinibus
255 3251 283 3277 in
302 3250 410 3285 publico
427 3249 533 3276 ademit.

148 3293 212 3313 DEC
221 3294 272 3313 AN
282 3294 303 3313 T
312 3293 334 3313 A
344 3292 365 3312 T
376 3293 397 3312 v
406 3292 419 3311 S
427 3305 436 3318 ‚
455 3294 468 3311 a
477 3305 484 3317 ‚
502 3294 557 3311 um.
578 3283 638 3310 Adi.
651 3291 674 3310 et
681 3283 774 3311 Partic.
809 3284 1016 3320 [κηρυττόμενος]
1054 3285 1109 3313 Cic.
1119 3287 1151 3314 de

112 3323 185 3348 Orat.
199 3329 224 3353 2,
235 3331 280 3354 ¹40
300 3322 399 3348 Omnes
421 3322 506 3347 causas
527 3319 667 3354 diligentes
675 3340 682 3352 ,
698 3328 829 3346 memores
837 3339 844 3350 ‚
863 3326 889 3346 et
920 3320 1005 3347 sobrii
1031 3328 1151 3349 oratores

113 3357 243 3391 percursas
255 3357 343 3383 animo
356 3362 382 3383 et
395 3366 476 3391 prope
490 3356 635 3382 decantatas
650 3355 746 3382 habere
761 3355 866 3382 debent.
909 3357 943 3382 At
956 3365 1005 3391 ego
1017 3357 1092 3384 nullo
1106 3358 1149 3384 de-

113 3398 228 3419 cantatus
241 3392 352 3419 carmine
371 3392 448 3427 Apul.
461 3392 548 3418 Miles.
563 3400 576 3424 ς
590 3401 614 3426 p.
631 3396 678 3423 138.
720 3391 846 3428 Conf.1d.
860 3398 873 3424 ς
885 3400 910 3426 p.
927 3394 979 3425 163.

112 3428 168 3455 Cic.
183 3428 234 3453 Att.
249 3434 284 3457 13,
296 3434 331 3458 34.
400 3428 468 3454 Add.
483 3427 628 3460 Syinmach.
642 3427 689 3461 Ep.
701 3435 724 3459 3,
732 3434 754 3460 ς.

148 3470 167 3490 D
177 3469 192 3489 E
199 3469 216 3488 C
224 3468 245 3488 A
253 3467 275 3485 N
283 3467 303 3486 v
312 3467 336 3486 M
343 3469 367 3488 M
375 3470 396 3489 v
405 3471 417 3490 s
427 3483 435 3496 ,
471 3465 598 3489 Denarius
615 3472 702 3489 numus
709 3482 717 3494 ,
741 3464 812 3488 cuius
830 3469 920 3498 quarta
932 3469 998 3498 pars
1009 3461 1149 3500 sestertius,

113 3499 207 3526 decimo
233 3506 261 3522 as
289 3502 331 3535 5¹1>-
341 3497 402 3524 Var.
419 3498 495 3525 Au&
509 3498 542 3525 de
555 3498 647 3524 Limit.
662 3498 738 3524 Goes.
753 3507 776 3532 p.
793 3500 846 3530 263.

147 3541 165 3561 D
174 3540 190 3560 E
199 3539 215 3560 C
225 3539 246 3559 A
256 3538 271 3556 P
280 3538 299 3557 O
310 3538 325 3556 L
333 3537 343 3556 1
350 3532 408 3563 S‚is.
416 3534 435 3560 f.
450 3534 552 3561 Iudaeae
558 3536 626 3570 regio
633 3531 666 3567 <st
675 3533 763 3560 decem
770 3533 877 3560 vibium
886 3541 956 3560 trans
962 3534 1111 3568 Iordanem,
1119 3542 1149 3563 vt

110 3573 148 3598 ait
161 3568 350 3598 Hieronymus.
385 3569 507 3603 Describit
518 3573 592 3596 etiam
603 3569 669 3595 Plin.
684 3579 706 3601 5,
720 3574 754 3599 ¹8.
789 3569 885 3596 Matth.
897 3579 916 3604 4
936 3571 984 3596 vlt.
1159 3578 1192 3604 95

147 3609 217 3632 DEC
228 3610 273 3630 Ar
284 3608 328 3628 Oi
339 3608 347 3626 i
360 3606 382 3626 'r
393 3608 511 3637 Ast‚
531 3614 562 3637 a,
582 3614 635 3631 um.
660 3605 719 3631 Adi.
755 3605 839 3639 Regio
859 3605 924 3631 Plin.
939 3612 961 3638 ς,
977 3611 1011 3636 18.

146 3647 165 3666 D
173 3647 190 3667 Ε
202 3646 219 3666 C
229 3646 249 3665 A
259 3645 274 3664 P
283 3644 302 3663 R
311 3638 330 3663 6
338 3643 393 3668 TI,
427 3636 603 3675 [δικαίπρωτοι]
640 3649 699 3676 quos
711 3640 806 3667 Cicero
819 3641 915 3667 Decem
928 3642 1027 3674 primos
1040 3647 1071 3675 ap
1091 3640 1148 3667 ellat

111 3685 161 3711 pro
174 3675 198 3701 S.
212 3674 287 3700 Rosc.
300 3680 339 3705 23.
375 3672 467 3698 Munus
474 3675 594 3707 publicum
602 3695 611 3708 ‚
630 3675 697 3711 quod
709 3676 857 3708 tributorum
871 3674 997 3703 exaffione
1015 3646 1148 3709 consfiuſje

109 3711 218 3737 videtur.
260 3708 316 3735 Vid.
332 3709 382 3734 lac.
396 3707 511 3743 Gothosr.
522 3710 553 3736 ad
565 3711 583 3737 l.
599 3720 609 3738 1
624 3712 655 3738 C.
668 3710 724 3738 Th.
738 3711 771 3738 de
783 3709 943 3738 exactionib.
1012 3712 1073 3746 le.
1088 3711 1116 3738 in
1128 3712 1147 3739 l.

111 3748 143 3774 Et
156 3746 202 3781 qui
215 3745 247 3771 D·
261 3743 293 3770 de
307 3742 462 3770 Muneribus
485 3748 511 3769 et
532 3745 632 3773 Honor.
653 3747 807 3781 decaprotos
830 3747 947 3773 minores
971 3747 1050 3774 etiam
1071 3747 1146 3774 annis
1153 3759 1200 3777 100
1212 3754 1240 3774 vt
1256 3748 1364 3774 moleste
1377 3747 1459 3778 ferat,
1480 3746 1505 3771 se
1516 3744 1547 3770 de
1561 3743 1605 3769 via
1619 3742 1750 3768 deceffisse-

110 3783 182 3809 XXV
197 3780 256 3807 fieri
267 3778 422 3819 iampridem
435 3778 539 3818 placuit.
605 3782 698 3815 Arcad.
713 3782 772 3809 eod.
786 3783 827 3808 tit.
841 3783 858 3808 l.
872 3783 920 3810 vlt.
946 3783 1024 3810 Mista
1036 3792 1146 3810 munera

113 3818 170 3843 sunt
192 3815 371 3850 decaprotiae,
391 3815 582 3848 icosaprotiae:
615 3824 643 3842 vt
665 3819 764 3845 Heren.
784 3818 926 3845 Modestin.
941 3824 967 3845 et
988 3819 1105 3845 notando
1117 3825 1144 3845 et

111 3852 266 3885 disputando
280 3850 346 3877 bene
360 3856 385 3876 et
397 3850 496 3884 optima
508 3849 610 3881 ratione
622 3851 745 3882 decreuit,
787 3853 857 3880 Nam
876 3854 1011 3888 decaprotj
1024 3861 1048 3881 et
1064 3855 1144 3881 ficosa.

110 3887 182 3922 proti
193 3887 290 3914 tributa
304 3886 437 3919 exigentes
450 3891 475 3911 et
487 3885 622 3919 corporale
633 3887 807 3915 ministerium
821 3896 930 3924 gerunt,
950 3896 976 3917 et
990 3900 1038 3926 pro
1051 3899 1142 3917 mune-

109 3923 182 3951 ribus
197 3922 380 3950 defunctarum
394 3921 489 3949 fiscalia
506 3921 660 3948 detrimenta
671 3923 819 3951 resarciunt.

1232 494 1269 521 Re
1284 497 1342 521 Vet.
1357 504 1379 526 2,
1394 503 1434 530 27,
1450 503 1473 521 2.

1181 578 1209 597 10
1231 565 1267 591 T.
1279 566 1352 592 Liuii
1364 566 1449 597 lilii-os,
1466 573 1512 601 per
1528 566 1642 592 Decadas
1655 565 1797 598 distribuere
1810 566 1919 597 librarii,
1932 576 1979 592 non
1993 566 2087 592 (ιιιὲΐυν.

1230 603 1291 627 Art.
1306 600 1364 635 hist.
1379 610 1399 627 c.
1413 609 1450 633 23.

1231 644 1270 669 25.

1231 706 1317 732 Seren.
1327 707 1458 733 Samnion.
1501 707 1559 733 Vid.
1575 709 1705 733 It'cuchenii·
1717 713 1856 750 nonpaet.

416 919 535 945 Occurrit
559 921 587 944 in
606 919 673 945 vers.
693 918 783 944 Psalm.
804 925 827 944 et
848 925 889 954 ap.
912 916 1025 945 Hieron.
1040 920 1117 954 Epist.
1132 921 1165 947 ad
1183 927 1218 947 20
1226 921 1400 953 prouinciam,
1418 928 1488 954 quam
1500 929 1555 945 mox
1570 921 1634 946 alter
1649 924 1754 953 occupet.

881 1275 923 1300 lta
935 1276 998 1299 enim
1010 1274 1164 1311 corruptiffi-
1177 1282 1210 1307 30

1170 1634 1208 1659 40

735 1974 794 1999 Vid.
813 1974 932 2001 stewech.
952 1973 987 1999 ad
996 1975 1041 2000 loc.
1055 1980 1078 1999 et
1092 1973 1161 2016 corzf.
1170 1986 1202 2012 50

854 2151 917 2178 inde
933 2154 960 2176 in
975 2150 1080 2186 Collegia
1093 2151 1139 2177 Ecc
1152 2170 1158 2176 .
1176 2161 1204 2188 55

1171 2507 1204 2539 6,-

764 2683 837 2707 Haec
856 2682 947 2707 omnia
966 2682 1024 2708 vidi
1039 2684 1201 2717 (iniiam-70

234 3039 275 3065 Sic
293 3037 328 3063 ad
344 3043 489 3063 contemtum
499 3039 612 3071 pertimt
624 3034 701 3068 illud,
720 3034 816 3061 Iisdem
831 3034 863 3061 de
876 3034 954 3061 rebus
968 3036 1068 3069 semper
1081 3037 1153 3071 quasi
1174 3041 1206 3067 80
1220 3036 1296 3070 Virg.
1315 3036 1366 3061 Ecl.
1382 3040 1402 3065 ε,
1419 3040 1456 3064 88.

1146 3931 1189 3958 105
1210 3934 1276 3961 quos
1297 3924 1399 3959 equites
1422 3921 1573 3949 decedentes
1592 3920 1682 3948 nactus
1701 3921 1774 3953 sum,
1794 3919 1922 3954 supplicio
1940 3918 2023 3947 affeci.

1632 160 1908 201 DEC

1267 253 1286 274 n
1298 254 1313 273 E
1323 252 1340 273 c
1352 252 1373 272 A
1383 254 1397 273 P
1406 254 1424 287 i}
1434 255 1452 273 0
1461 254 1482 273 T
1493 257 1500 274 1
1511 254 1531 274 Α
1541 267 1548 281 ,
1565 249 1784 283 Decemprinmtm.
1822 248 1881 284 le.
1897 248 1913 275 l.
1929 254 1952 279 18
1967 248 1988 286 §.
2002 252 2044 276 26.

1267 289 1285 309 D
1297 290 1312 310 E
1323 290 1339 309 C
1348 290 1368 308 Λ
1379 290 1393 309 P
1404 290 1423 309 V
1436 290 1449 308 l.
1459 291 1477 309 ()
1488 304 1495 315 ,
1513 289 1563 311 Tire.
1601 286 1723 310 Euacuare
1732 303 1739 315 ‚
1759 284 1859 318 deplere.
1894 287 1931 311 De
1946 291 1993 310 oleo
2013 287 2114 312 dicitur.

2231 171 2269 209 ι8

2153 286 2216 313 Plin.
2233 293 2269 318 ις,

1231 320 1247 343 6
1261 319 1308 379 ἱζῗ
1329 319 1417 379 (ἒιιπε
1437 319 1534 353 saepius
1560 319 1603 346 dic
1624 319 1845 353 decapulandum,
1871 321 1913 346 vbi
1931 322 2042 347 nonnulli
2061 323 2144 358 legunt
2173 328 2269 348 tantum

1232 362 1294 387 capu
1309 362 1340 379 an
1362 363 1412 379 uni.

1452 356 1490 380 lm
1506 355 1583 381 Harii.
1602 355 1654 381 vicl.
1670 360 1807 381 CAPVLO.

1268 396 1285 415 D
1295 396 1310 415 E
1319 396 1334 416 c
1345 396 1385 415 AS
1394 396 1415 416 ‘r
1425 388 1440 414 x*
1451 396 1467 414 1.
1480 397 1499 415 v
1508 397 1520 416 S
1529 410 1537 422 ‚
1556 393 1641 417 Decem
1674 391 1802 417 Columnas*
1830 389 1928 416 haberis.
1965 390 2070 417 Vitruu.
2101 400 2123 424 3,
2148 400 2166 418 1.
2206 393 2267 420 Viti.

1230 424 1302 451 Bam.
1315 431 1341 459 p.
1353 434 1390 458 35.

1267 467 1309 486 ΒΕ
1319 467 1335 486 c
1345 467 1365 486 Α
1376 467 1394 486 R
1405 467 1427 486 N
1437 465 1455 484 0
1465 478 1472 490 ,
1490 464 1543 486 arc.
1581 461 1681 487 Carnem
1702 459 1829 502 detrahere
1847 460 1920 495 Apic.
1942 468 1968 495 7,
1982 469 2005 493 9,
2041 461 2112 487 Adde
2132 463 2221 497 Veget.
2235 463 2267 488 de

1270 537 1287 556 D
1299 538 1314 557 Ε
1323 538 1339 557 C
1349 538 1368 556 A
1377 538 1389 556 s
1399 550 1405 559 .
1423 530 1486 556 adis.
1510 502 1534 556 esf.
1545 504 1676 565 2'[d{;;t]
1696 498 1841 566 ιὲίὲζιῧῖσὲιτ
1854 530 2005 557 decenarium
2018 540 2153 575 numerum.
2261 567 2265 570 .

1522 601 1646 627 Nonadcs
1666 602 1804 629 decadibus
1820 601 1973 636 subrogatae
2000 603 2078 628 Mart.
2094 568 2267 637 Caiidli'ahnoſjp:

1352 635 1419 663 Adii.
1434 635 1552 663 ΤΜ-(1111.
1569 637 1599 662 dc
1613 638 1722 663 Pracscr.
1741 647 1761 662 c.
1777 645 1820 670 49.

1772 671 1898 699 Medicina
1910 681 1938 697 cx
1952 672 2029 699 decem
2043 672 2113 698 rebus
2123 679 2216 707 parata
2228 679 2269 708 ap.

2199 533 2227 558 H
2226 536 2267 559 inc

1267 674 1576 698 DECATORTHOM
1590 679 1619 704 Α,
1634 674 1689 698 atis.
1709 681 1734 697 n.

1270 748 1289 768 D
1301 749 1317 768 E
1326 748 1342 768 C
1352 749 1373 768 A
1381 749 1401 768 v
1413 750 1427 768 L
1437 749 1452 768 Ε
1461 749 1473 770 s
1482 749 1498 769 C
1506 749 1525 768 O
1534 763 1542 774 ‚
1562 746 1613 769 ere.
1649 743 1820 776 [ἓπικαυλοω]
1857 744 1979 768 Amittere
1997 742 2085 767 caules.
2120 742 2184 768 Plin.
2196 750 2223 775 19
2232 762 2239 774 ,
2252 750 2271 777 7

1230 777 1249 838 g.
1282 777 1488 838 36lsRaphanus
1523 778 1614 813 vtique
1654 777 1795 804 iucundior
1833 776 1953 803 detra6‘tis
1987 777 2062 803 soliis
2097 783 2157 803 ante
2190 787 2268 812 quani

1249 818 1398 840 ccauecat.

1268 854 1337 874 DEC
1348 850 1363 873 ἐ
1373 855 1390 874 1)
1402 855 1420 875 o
1433 867 1440 879 ‚
1462 847 1486 873 sli
1497 868 1504 879 ‚
1523 849 1600 878 ffiim.
1619 850 1671 874 ere.
1706 845 1865 882 [dn-exustus,
1883 844 2049 880 ιῖηεξίςαμαι]
2085 845 2125 880 Est
2146 847 2227 874 cedere
2241 846 2269 873 de

1230 881 1281 909 loco
1288 883 1334 918 Jiio
1348 890 1372 909 et
1385 884 1451 909 abire
1465 894 1471 908 .·
1500 883 1631 919 speciatim
1645 882 1767 909 decedere
1781 882 1912 912 dicuntur,
1931 885 1972 916 qni
1985 885 2060 908 locum
2072 884 2213 918 reliriqumit
2226 890 2272 909 aur

1828 916 1896 949 Nep.
1911 924 1948 948 25,
1962 926 2006 948 4‚i
2029 918 2064 942 Ex
2082 917 2138 943 Asia
2153 918 2221 945 Sulla
2229 919 2270 944 de-

1232 953 1333 980 cedens.
1406 954 1472 980 Ada'.
1492 954 1528 980 Id.
1545 963 1591 988 24,
1606 962 1626 984 1,
1641 961 1662 985 3.
1733 952 1788 978 Cic.
1805 960 1851 985 pro
1865 951 1921 984 Lig.
1932 958 1974 985 pr.
1995 953 2028 977 Vt
2043 952 2167 979 decedens
2182 954 2270 980 Consi·

1232 988 1291 1014 dius
1305 989 1443 1024 prouincia
1456 990 1601 1016 satisfacere
1614 988 1767 1015 hominibus
1786 995 1839 1012 non
1857 988 1951 1023 pollet,
1972 985 1988 1011 si
2011 995 2166 1022 quemquam
2187 990 2270 1016 alium

1232 1025 1388 1058 prouinciae
1402 1025 1568 1059 praefecisset.
1675 1023 1712 1049 ld.
1727 1024 1798 1049 Fam.
1815 1030 1835 1053 3,
1850 1031 1861 1053 3
1884 1020 1963 1054 (Qiod
1978 1022 2051 1047 clane
2064 1028 2091 1048 tu
2107 1025 2186 1049 vcllcs
2198 1025 2270 1051 dece-

1232 1060 1304 1086 dere.
1412 1062 1442 1086 Et
1458 1061 1501 1095 Ep.
1516 1062 1532 1086 6
1554 1060 1600 1086 Tc
1621 1059 1648 1085 in
1669 1059 1753 1093 prima
1772 1057 1910 1091 prouincia
1926 1056 1992 1082 velle
2006 1058 2068 1089 esse,
2087 1064 2114 1083 vt
2127 1067 2202 1092 quani
2219 1061 2269 1093 pri-

1231 1104 1304 1121 mum
1318 1094 1464 1122 decederes.
1573 1096 1602 1121 Ec
1618 1103 1635 1124 1,
1649 1103 1664 1126 9
1679 1101 1741 1120 extr.
1763 1093 1826 1119 Sunt
1839 1092 1886 1126 qui
1901 1098 2006 1126 putent,
2027 1094 2094 1126 pofl'e
2108 1100 2132 1119 te
2151 1103 2206 1119 non
2228 1095 2269 1120 de-

1230 1130 1337 1161 cedere,
1357 1131 1428 1165 quod
1443 1130 1494 1157 siue
1508 1129 1564 1163 lege
1577 1131 1678 1156 curiata
1692 1129 1739 1155 fibi
1751 1128 1914 1154 succedatur:
1948 1127 2006 1153 sunt
2018 1128 2113 1160 ctiam,
2131 1129 2213 1163 qui,si
2228 1130 2270 1155 de-

1232 1166 1321 1200 cedas,
1341 1175 1355 1192 a
1367 1173 1392 1192 te
1406 1166 1522 1200 relinqui
1535 1167 1619 1200 polle,
1639 1165 1686 1199 qui
1699 1164 1853 1198 prouinciae
1867 1162 1966 1197 praesit.
2040 1165 2092 1189 Hoc
2107 1166 2186 1200 igitur
2200 1166 2271 1190 indu.

1231 1201 1297 1229 laium
1313 1201 1423 1228 decedere
1437 1201 1478 1234 estc
1491 1199 1680 1237 magistratuum
1694 1209 1703 1225 e
1711 1201 1843 1234 prouincia
1857 1198 2038 1234 discedentium.
2094 1200 2139 1225 §cd
2151 1201 2225 1225 multo
2237 1202 2273 1226 la-

1230 1240 1283 1263 tius
1300 1244 1388 1272 putet,
1407 1245 1429 1263 ct
1451 1237 1480 1262 <lc
1503 1236 1611 1262 omnibus
1634 1235 1743 1267 dicitur,
1775 1237 1817 1270 qui
1835 1236 1910 1260 Iocum
1944 1241 2104 1271 qunmcunquc
2122 1237 2272 1270 relinquunt.

1231 1273 1273 1299 Sic
1290 1273 1318 1298 de
1328 1276 1441 1307 priuatis
1466 1282 1477 1298 e
1493 1275 1626 1307 prouincia
1639 1270 1781 1297 abeuntibus
1803 1269 1859 1295 Cic.
1874 1271 1949 1295 Vei-r.
1962 1277 1986 1301 2,
1999 1271 2030 1301 63
2044 1278 2064 1295 c.
2080 1278 2113 1303 27
2134 1271 2274 1296 Heraclius

1230 1307 1276 1334 ille
1291 1314 1316 1335 et
1328 1308 1458 1343 Epicrates
1494 1323 1538 1327 —
1575 1307 1687 1333 Romam
1702 1304 1826 1332 decedere
1849 1305 1900 1338 (ex
1922 1305 2030 1338 sicum)
2057 1313 2157 1331 mecum
2186 1307 2273 1339 cupie-

1232 1349 1303 1370 runt.
1375 1343 1443 1370 Ibid.
1471 1350 1514 1377 137
1533 1352 1555 1368 c.
1575 1345 1606 1374 65
1639 1342 1698 1368 Hoc
1717 1341 1807 1367 animo
1827 1341 1874 1366 effe
1896 1339 2013 1371 Siculos,
2034 1347 2078 1370 vt,
2098 1341 2115 1366 si
2143 1342 2170 1366 iu
2195 1342 2271 1367 istum

1229 1378 1443 1405 animaduersum
1457 1387 1511 1404 non
1525 1378 1568 1409 sit,
1588 1377 1637 1403 sibi
1657 1375 1841 1410 relinquendas
1860 1375 1953 1401 domos
1974 1383 2005 1414 ac·
2021 1375 2091 1409 sedes
2106 1377 2178 1408 suas,
2197 1383 2221 1403 ct
2240 1385 2272 1403 ex

1232 1415 1324 1441 Sicilia
1336 1414 1513 1441 decedendum
1522 1434 1531 1446 ,
1550 1420 1628 1447 atquc
1641 1412 1706 1438 adeo
1721 1411 1876 1446 fugiendum
1888 1411 1936 1436 esse
1950 1410 2121 1438 arbitrentur.
2164 1413 2214 1438 His
2229 1414 2273 1438 ali-

1231 1453 1299 1486 isque
1319 1451 1380 1476 locis
1402 1449 1468 1477 refle
1493 1451 1575 1475 utitur
1597 1451 1624 1474 in
1644 1449 1714 1474 Claui
1726 1447 1803 1473 Cicer.
1826 1444 1941 1478 Ernestus
1959 1452 2044 1472 contra
2061 1448 2207 1480 Gracuium,
2229 1451 2273 1483 qui

1232 1485 1364 1512 discedere
1375 1485 1490 1520 insimili
1501 1483 1681 1519 resubsfituere
1695 1489 1775 1508 tentat
1795 1483 1870 1507 Vei-r.
1885 1488 1900 1506 2
1914 1489 1934 1506 c.
1951 1488 1990 1505 20.
2026 1487 2048 1505 et
2062 1489 2074 1513 3
2089 1491 2110 1507 c.
2125 1489 2159 1513 41.
2231 1486 2273 1510 Sic

1232 1521 1303 1548 Cael.
1318 1521 1349 1547 ad
1365 1522 1420 1547 Cic.
1436 1522 1508 1546 Fam.
1522 1525 1545 1550 8,
1561 1526 1620 1553 ipr.
1642 1517 1723 1550 Qiod
1736 1515 1788 1543 tibi
1802 1515 1928 1542 decedens
1949 1515 2084 1548 pollicitus
2103 1518 2174 1547 sum,
2193 1517 2272 1544 intell.

1230 1566 1245 1581 a
1260 1554 1419 1586 dedut‘sione,
1439 1563 1486 1589 qua
1505 1555 1582 1579 Roma
1599 1556 1625 1578 in
1634 1554 1791 1587 prouinciam
1806 1556 1898 1576 euntem
1907 1550 1962 1584 sum
1972 1550 2132 1584 proficuus,
2149 1553 2188 1577 vel
2201 1552 2274 1578 dece-

1231 1590 1320 1621 denti,
1336 1592 1354 1615 i.
1368 1592 1436 1615 eunti
1447 1592 1475 1614 in
1485 1590 1650 1623 prouinciam.
1689 1585 1791 1618 Frustra
1805 1588 1876 1611 etiam
1889 1584 1930 1610 hic
1943 1584 2039 1618 aliquid
2050 1586 2162 1611 moliente
2181 1588 2273 1613 Grono-

1230 1628 1281 1650 vio.
1353 1624 1390 1650 Id.
1408 1624 1512 1650 Caelius
1531 1623 1578 1656 Ep.
1599 1631 1627 1647 10
1649 1622 1708 1653 Qia
1726 1619 1900 1647 obtestatione
1919 1618 2045 1645 decedens
2065 1620 2186 1655 (Roma)
2205 1621 2273 1648 inihi

1230 1659 1369 1685 mandaris.
1441 1660 1481 1685 Sic
1494 1658 1551 1684 Cic.
1567 1656 1595 1682 in
1607 1656 1692 1682 Pison.
1728 1675 1735 1681 .
1774 1674 1779 1680 .
1818 1674 1824 1681 .
1860 1654 1948 1680 Altera
1968 1654 2054 1687 ratio,
2074 1656 2144 1689 quod
2161 1657 2191 1689 ii,
2205 1665 2272 1691 quos

1229 1693 1258 1719 in
1271 1694 1410 1727 prouincia
1424 1692 1590 1720 liberalitatis
1608 1697 1633 1717 et
1653 1690 1761 1717 virtutis
1773 1690 1833 1716 suae
1847 1690 1921 1716 testes
1937 1688 2074 1722 habuerat,
2095 1691 2212 1718 nondum
2230 1692 2272 1719 de-

1229 1730 1359 1754 cesserant.
1455 1729 1535 1756 Plaut.
1555 1726 1646 1753 Bacch.
1669 1734 1688 1756 1,
1711 1733 1732 1761 1,,
1750 1733 1782 1759 74
1808 1725 1859 1751 Hic
1873 1724 1961 1750 nescio
1975 1725 2022 1759 qui
2036 1725 2139 1759 turbat,
2160 1727 2206 1761 qui
2220 1727 2272 1754 huc

1228 1763 1258 1789 it.
1273 1763 1436 1790 decedamus.
1509 1763 1564 1789 Cic.
1576 1771 1625 1797 pro
1641 1762 1716 1787 Font.
1755 1780 1761 1786 .
1800 1780 1806 1786 .
1846 1779 1851 1787 .
1888 1760 1986 1786 Dicunt
2001 1768 2108 1794 contra,
2123 1762 2219 1796 quibus
2233 1763 2272 1789 in-

1228 1798 1359 1824 vitissimis
1374 1799 1532 1832 imperatum
1546 1798 1582 1824 cst
1599 1809 1604 1824 :
1626 1797 1728 1822 dicunt
1743 1795 1789 1830 qui
1803 1805 1834 1822 ex
1848 1796 1917 1830 agris
1929 1804 1960 1821 ex
1975 1796 2022 1822 Cn.
2040 1797 2147 1831 Pompei
2166 1798 2271 1825 decreto

1231 1833 1355 1860 decedere
1368 1835 1427 1861 sunt
1442 1834 1535 1860 coacti.
1606 1832 1687 1859 Plaut.
1701 1831 1796 1865 Amph.
1810 1840 1831 1863 3,
1845 1841 1873 1864 4,
1889 1839 1900 1863 3
1922 1832 1991 1856 Nam
2006 1831 2075 1857 milii
2089 1832 2193 1866 quidem
2212 1834 2268 1860 tier.

1233 1869 1273 1895 cle
1288 1869 1335 1904 qui
1349 1870 1435 1895 minus
1448 1870 1539 1901 liceat,
1556 1868 1621 1900 deo,
1642 1868 1792 1894 minitarier
1808 1866 1923 1900 Populo,
1941 1867 1969 1891 ni
1989 1866 2096 1893 decedat
2115 1868 2182 1894 mihi
2202 1869 2271 1902 (int.

1228 1904 1260 1931 de
1273 1905 1335 1936 via)
1354 1914 1431 1939 quam
1447 1905 1552 1932 sei-uolo
1566 1905 1594 1930 in
1609 1902 1754 1929 comoediis
1768 1903 1777 1927 3
1848 1902 1959 1927 Honoris
1972 1901 2016 1927 hoc
2029 1900 2071 1934 est.
2112 1903 2170 1928 Vid.
2185 1903 2272 1930 deindo

1227 1939 1359 1966 De'cedere
1380 1940 1412 1966 de
1431 1941 1488 1967 Via.
1562 1940 1630 1964 Hinc
1646 1937 1753 1973 absolute
1775 1936 1907 1963 Decedere
1927 1934 1959 1968 est
1971 1936 2105 1971 inferioris
2120 1937 2272 1973 dig-nitatis,

1226 1978 1307 2010 pretii
1320 1983 1365 2001 etc.
1377 1974 1429 2008 effi’.
1500 1975 1567 2000 Hor.
1583 1972 1634 2000 od.
1650 1981 1675 2004 2,
1689 1975 1715 2004 6,
1725 1980 1749 2004 13
1767 1971 1822 1997 Vbi
1835 1979 1889 1997 non
1901 1971 2028 2002 Hymetto
2041 1971 2121 1998 Mella
2134 1974 2271 2002 decedunt.

1228 2012 1316 2046 Magis
1324 2014 1442 2045 proprie,
1461 2009 1489 2036 de
1503 2011 1597 2036 homine
1609 2010 1743 2040 nimirum,
1761 2008 1829 2032 Hor.
1844 2005 1922 2040 Epist.
1937 2014 1962 2038 2,
1979 2015 2003 2038 2,
2018 2015 2059 2039 213
2082 2008 2182 2035 viuere
2195 2009 2212 2035 si
2232 2019 2271 2036 re-

1228 2045 1269 2071 c'te
1281 2046 1372 2077 nescu,
1393 2045 1488 2071 decede
1502 2043 1602 2078 peritis.
1618 2042 1776 2078 i.obfi·quere.
1814 2041 1882 2068 Adri.
1897 2040 1960 2074 past:
1975 2041 2072 2068 Decedi
2087 2052 2112 2069 n.
2126 2053 2146 2069 2.
2196 2046 2271 2071 Dece-

1225 2081 1296 2106 ditur
1315 2083 1389 2105 etiam
1400 2079 1532 2115 auci-sandi
1549 2086 1573 2104 et
1586 2076 1744 2104 abominandi
1755 2077 1837 2112 caufiz,
1852 2077 1924 2103 Caes.
1937 2077 1965 2102 B.
1980 2078 2011 2103 G.
2026 2080 2052 2109 6,
2070 2086 2092 2110 13
2114 2077 2219 2113 Quibus
2234 2081 2273 2107 ita

1225 2114 1399 2141 interdictum
1413 2115 1447 2140 est
1461 2116 1497 2148 (a
1504 2113 1666 2147 Druidibus)
1680 2113 1712 2139 iis
1724 2121 1815 2138 omnes
1829 2111 1973 2142 decedunt,
1992 2112 2093 2139 aditum
2113 2115 2270 2142 sermonem-

1226 2159 1278 2185 que
1292 2150 1441 2185 defugiunt.
1478 2151 1522 2176 Gr.
1535 2148 1610 2175 ra'ras
1622 2148 1801 2183 α’ποτρὲποντοιι.
1874 2148 1931 2174 Cic.
1945 2148 2022 2174 Verr.
2031 2149 2088 2175 Αᾶ.
2099 2158 2119 2182 1,
2128 2159 2154 2182 43
2174 2153 2270 2178 Vtrum

1227 2187 1335 2212 Praetor
1348 2186 1475 2221 imperet,
1495 2186 1576 2219 vique
1588 2189 1663 2218 cogat
1677 2183 1792 2218 aliquem
1807 2182 1839 2210 de
1854 2184 1906 2210 suis
1920 2183 1996 2209 bonis
2019 2185 2144 2211 omnibus
2166 2186 2272 2213 decede»

1225 2230 1272 2256 re,
1291 2231 1323 2248 an
1338 2228 1384 2247 etc.
1493 2221 1549 2247 Cic.
1565 2229 1613 2254 pro
1626 2220 1730 2246 Cluent.
1753 2228 1774 2245 c.
1795 2221 1830 2245 60
1865 2218 1945 2245 Nihil
1977 2220 2089 2253 periculi
2122 2222 2154 2247 de
2187 2224 2271 2249 Causa

1227 2258 1284 2284 eius
1319 2256 1469 2291 decederet,
1506 2256 1538 2282 ad
1571 2256 1672 2281 causam
1708 2264 1808 2281 nouum
1841 2256 1943 2281 crimen
1973 2256 2114 2283 accederet.
2231 2260 2271 2284 De

1227 2293 1361 2319 curriculo
1401 2293 1472 2318 vitae
1509 2290 1635 2317 decedere
1647 2311 1665 2323 .‚
1719 2290 1772 2316 vid.
1815 2296 1832 2316 C
1862 2297 1883 2316 v
1912 2297 1931 2317 R
1959 2297 1978 2317 R
2006 2298 2015 2317 1
2044 2298 2060 2318 C
2091 2298 2112 2317 v
2139 2299 2155 2318 L
2185 2298 2206 2318 V
2234 2301 2269 2320 M.

1227 2329 1283 2354 Cic.
1296 2337 1345 2362 pro
1353 2328 1436 2354 Flacc.
1454 2334 1482 2360 17
1502 2327 1636 2360 Cognosce
1652 2325 1717 2360 quid
1731 2320 2008 2352 meConsuleSeiiatus
2022 2325 2270 2362 decreuerit,quum

1226 2363 1335 2398 quidem
1351 2363 1419 2389 nihil
1433 2372 1447 2389 a
1459 2362 1639 2397 superioribus
1654 2362 1841 2389 continuorum
1856 2370 1987 2388 annorum
2003 2361 2112 2388 decretis
2126 2362 2269 2391 decefl'erit.

1226 2400 1287 2426 Liu.
1301 2408 1344 2433 34,
1381 2419 1386 2425 .
1425 2418 1431 2424 .
1467 2399 1579 2424 Potuisse
1595 2398 1619 2424 se
1633 2403 1705 2423 extra
1719 2397 1747 2423 id
1761 2397 1909 2432 periculum
1922 2398 1986 2429 esse,
2006 2397 2023 2423 fi
2039 2397 2161 2422 decedere
2175 2397 2235 2431 tide,
2249 2399 2268 2425 si

1227 2435 1367 2461 coniurare
1392 2443 1452 2460 cum
1472 2434 1580 2460 caeteris
1601 2433 1749 2460 voluissent.
1853 2433 1949 2458 Furori
1967 2433 2119 2465 aliquorum
2141 2431 2268 2461 decedere

1225 2469 1395 2497 Pseudo-Cic.
1410 2476 1550 2504 antequam
1564 2470 1615 2496 iret
1630 2470 1658 2495 in
1671 2469 1732 2494 exil.
1747 2476 1780 2499 13.
1817 2467 1851 2493 Id
1861 2465 1893 2499 est
1905 2466 1994 2492 cedere.
2066 2467 2190 2494 Instituto
2210 2470 2265 2501 suo,

1227 2506 1259 2533 Id
1271 2504 1303 2538 <st
1314 2504 1389 2532 aliter
1401 2515 1472 2542 agere
1486 2506 1591 2541 (inquit
1607 2504 1739 2536 Budaeus)
1754 2503 1894 2540 quam—quis
1900 2501 1993 2540 solitus
2003 2500 2049 2534 fit.
2105 2503 2165 2529 Liu.
2180 2512 2221 2539 37,
2236 2512 2268 2538 34

1225 2543 1290 2568 Esset
1304 2540 1462 2567 deliberatio
1476 2548 1616 2573 anceps‚ne
1630 2543 1674 2563 aut
1688 2545 1896 2570 regemamlcum
1911 2535 2101 2563 inhonoratum
2121 2537 2267 2566 dimittere-

1224 2578 1273 2607 tis,
1293 2582 1337 2602 aut
1350 2575 1509 2601 decederetis
1521 2574 1640 2599 instituto
1649 2572 1743 2598 vestro.
1850 2571 1958 2603 Itinere,
1961 2578 2009 2606 per
2021 2574 2186 2607 metaphoram
2199 2575 2265 2601 Plin.

1225 2611 1303 2646 Epist,
1319 2620 1339 2642 1,
1354 2619 1378 2636 2,
1495 2610 1534 2635 De
1552 2608 1597 2634 suo
1617 2607 1692 2638 iure,
1712 2605 1745 2639 est·
1765 2615 1814 2632 non
1831 2605 1925 2641 stimmo
1944 2610 1997 2633 iure
2015 2617 2104 2643 agere,
2121 2610 2267 2647 aliqicidfia

1224 2647 1361 2672 condonare
1373 2647 1474 2672 comiter
1487 2654 1495 2669 .·
1531 2643 1587 2669 Cic.
1600 2642 1653 2668 Off.
1668 2650 1693 2673 2,
1706 2644 1742 2674 64
1757 2650 1778 2667 c.
1793 2646 1817 2671 18
1837 2641 1879 2667 Est
1892 2642 1963 2668 enim
1977 2651 2032 2668 non
2045 2643 2126 2670 modo
2147 2644 2266 2679 liberale,

1223 2680 1370 2716 paullulum
1383 2687 1573 2712 nonnunquam
1585 2677 1617 2703 de
1630 2678 1676 2703 suo
1690 2678 1748 2703 iure
1762 2676 1902 2710 decedere,
1923 2677 1966 2704 sed
1979 2678 2112 2705 interdum
2126 2680 2202 2707 etiam
2212 2682 2266 2708 fru-

1225 2716 1355 2742 ftuos'um.
1450 2712 1524 2739 Idem
1537 2722 1584 2747 pro
1598 2713 1673 2739 Rosc.
1686 2713 1775 2738 Amer.
1789 2720 1819 2747 73
1833 2722 1854 2738 c.
1869 2720 1900 2747 27
1927 2713 2003 2745 Esto,
2024 2715 2126 2741 causam
2143 2717 2264 2750 proferre

1224 2759 1278 2776 non
1292 2756 1382 2784 potes,
1404 2748 1501 2775 tametsi
1515 2748 1602 2775 statim
1616 2748 1704 2774 vicisse
1717 2747 1802 2774 debeo
1812 2767 1819 2778 ,
1838 2754 1925 2774 tamen
1939 2748 1970 2774 de
1982 2758 2042 2775 meo
2056 2750 2114 2776 iure
2128 2751 2263 2779 decedam:

1213 2792 1250 2812 ‘et
1268 2786 1329 2818 tibi,
1343 2784 1414 2819 quod
1433 2785 1461 2810 in
1475 2784 1526 2811 alia
1539 2785 1612 2811 causa
1631 2793 1684 2810 non
1705 2782 1886 2816 concederem,
1900 2785 1928 2811 in
1942 2785 1988 2810 hac
2003 2785 2142 2812 concedam
2152 2806 2160 2819 ‚
2180 2788 2263 2814 fretus

1223 2821 1302 2847 huius
1334 2821 1494 2847 innocentia.
1601 2820 1661 2846 Liu.
1690 2828 1713 2851 3,
1750 2839 1754 2845 .
1791 2839 1797 2844 .
1845 2820 2006 2857 Decessitque
2041 2821 2099 2848 iure
2133 2824 2196 2855 suo,
2235 2830 2263 2850 vt.

1224 2856 1340 2883 demtum
1355 2856 1386 2882 de
1399 2856 1426 2882 vi
1440 2855 1621 2890 magistratus,
1640 2855 1732 2889 populi
1746 2854 1863 2881 libertati
1876 2855 2010 2887 adiiceret.
2115 2858 2214 2885 Limite
2221 2859 2263 2885 de.

1223 2892 1293 2919 cedit
1313 2893 1374 2919 Stat.
1389 2891 1480 2918 Theb.
1493 2900 1516 2923 2,
1529 2894 1566 2917 61.
1636 2891 1710 2917 Loco
1723 2889 1848 2916 decedere
1868 2891 1959 2918 Tacit.
1976 2891 2069 2918 Annal.
2083 2900 2104 2924 3,
2117 2902 2150 2924 31.
2222 2895 2261 2921 De

1222 2929 1269 2954 suo
1282 2937 1373 2959 inore,
1387 2934 1436 2962 pro
1450 2929 1535 2954 Mores
1549 2933 1644 2953 mutare
1656 2936 1664 2951 :
1702 2926 1757 2953 Cic.
1779 2927 1857 2952 Verr.
1876 2936 1891 2952 2
1911 2936 1932 2953 c.
1952 2929 1983 2958 64
2003 2927 2100 2954 Nonne
2117 2929 2167 2955 hoc
2192 2930 2261 2957 indi-

1222 2970 1296 2997 cant,
1318 2970 1398 2990 tantas
1413 2964 1460 2989 csse
1474 2963 1601 2994 iniurias,
1621 2968 1649 2988 vt
1663 2962 1748 2988 multo
1760 2962 1901 2988 maluerint
1915 2962 1946 2987 de
1967 2963 2013 2988 suo
2031 2972 2106 2990 more
2126 2964 2260 2998 decedere,

1221 3009 1299 3034 quani
1314 2999 1346 3026 de
1361 2999 1413 3025 tuis
1426 2998 1546 3025 moribus
1560 3007 1614 3024 non
1628 2997 1714 3024 dicere
1731 2998 1740 3023 3
1810 2997 1886 3024 Serae
1904 2998 2027 3023 meminit
2043 2998 2168 3026 decedere
2186 3001 2259 3027 nocti

1573 3032 1689 3065 Officio,
1715 3034 1756 3059 vel
1767 3031 1798 3058 de
1811 3031 1918 3065 officio,
1938 3031 1977 3065 kst
1997 3040 2084 3060 contra
2102 3044 2172 3070 quom
2193 3037 2259 3062 decet

1218 3078 1290 3107 atque
1304 3069 1435 3106 officiosum
1447 3067 1497 3103 est,
1513 3069 1610 3104 aliquid
1621 3079 1699 3106 agei-c.
1736 3069 1792 3095 Cic.
1806 3068 1833 3094 in
1847 3070 1922 3094 Vcrr.
1943 3077 1958 3094 2
1981 3078 2002 3094 c.
2017 3077 2044 3094 10
2070 3070 2142 3101 Quid
2161 3071 2258 3097 faceres

1218 3116 1267 3141 pro
1285 3107 1392 3133 homine
1406 3107 1545 3132 innocente
1558 3112 1583 3131 et
1603 3105 1770 3139 propinquo,
1789 3113 1870 3138 quum
1890 3109 1998 3138 propter
2019 3103 2152 3130 hominem
2172 3105 2258 3139 perdi-

1218 3142 1341 3169 tissimum
1357 3148 1435 3177 atque
1448 3140 1645 3171 alienissimum,
1666 3140 1697 3166 de
1718 3138 1807 3166 officio
1829 3139 1962 3167 decesseris
1978 3141 1986 3166 3
2089 3141 2147 3166 Liu.
2162 3149 2210 3175 27,
2229 3151 2257 3168 10

1218 3179 1265 3205 Eas
1273 3187 1380 3213 quoque
1388 3177 1515 3209 colonias,
1524 3185 1590 3211 quae
1601 3175 1690 3202 officio
1702 3175 1861 3201 deceffifl’ent.
1963 3174 2019 3201 Vici.
2034 3176 2140 3201 Gronau.
2154 3178 2187 3202 ad
2196 3178 2256 3204 Liu.

1341 3212 1490 3240 Poffeffione
1503 3211 1646 3243 decedere,
1665 3213 1705 3237 vel
1718 3210 1750 3236 de
1763 3210 1910 3245 posseslione
1926 3221 1930 3236 :
1964 3211 2023 3244 le.
2039 3210 2066 3235 in
2080 3211 2095 3235 1.
2108 3210 2126 3236 si
2141 3210 2215 3240 finita
2230 3221 2256 3245 ις

1217 3247 1241 3286 §.
1257 3249 1275 3276 fi
1290 3249 1348 3284 quis
1364 3250 1395 3276 D.
1410 3247 1442 3274 de
1461 3248 1557 3274 damno
1571 3247 1673 3273 inchto
1689 3257 1694 3272 :
1729 3247 1755 3272 si
1770 3247 1828 3280 quis
1843 3247 1870 3272 in
1884 3245 2055 3280 possessionem
2069 3246 2172 3277 missus,
2191 3244 2256 3274 rion-

1218 3284 1280 3311 duiu
1296 3285 1420 3320 poslidere
1434 3285 1511 3310 iussus
1525 3283 1572 3315 lit,
1597 3292 1630 3309 an
1650 3281 1773 3308 dominus
1792 3280 1917 3308 decedere
1938 3281 1968 3306 de
1987 3280 2132 3314 poii‘effione
2152 3282 2256 3316 debeat,

1217 3321 1367 3352 videamus,
1387 3328 1432 3346 etc.
1538 3320 1578 3345 De
1591 3317 1737 3352 poss'effione
1751 3316 1876 3343 decedere
1895 3317 1950 3343 Cic.
1971 3315 2003 3341 de
2016 3317 2078 3350 Leg.
2100 3318 2161 3351 Agr.
2177 3327 2208 3351 2,
2220 3322 2255 3354 67

1217 3366 1238 3382 c.
1260 3359 1302 3384 26.
1373 3355 1468 3390 Regnis
1482 3353 1623 3386 deoedcre,
1638 3361 1688 3389 pro
1697 3356 1798 3388 priuari
1811 3362 1886 3388 regno
1900 3353 1940 3377 vel
1949 3354 2050 3385 imperio
2067 3352 2111 3378 Sil.
2128 3361 2164 3388 17,
2202 3374 2208 3380 .
2246 3374 2253 3381 .

1050 3393 1149 3421 Fabula
1163 3396 1199 3421 90
1216 3392 1307 3418 Tacit.
1322 3401 1361 3425 14,
1373 3400 1408 3424 49
1428 3391 1492 3418 Non
1514 3390 1575 3416 ideo
1588 3395 1632 3416 aut
1646 3389 1773 3415 Consules
1785 3394 1919 3413 mutauere
1932 3386 2097 3419 relationem,
2113 3389 2254 3417 autThra·

1214 3429 1255 3454 sea
1270 3427 1370 3453 decessit
1383 3426 1524 3453 Sententia.
1631 3425 1685 3452 Cic.
1698 3433 1746 3459 pro
1758 3425 1838 3450 Corn.
1853 3422 1924 3448 Balb.
1939 3430 1960 3448 11
1979 3423 2035 3456 Qii
2049 3422 2082 3448 de
2095 3424 2202 3451 ciuitate
2211 3425 2255 3451 de.

1213 3464 1321 3495 cedere,
1341 3472 1420 3497 quam
1435 3462 1466 3488 de
1482 3461 1608 3488 sententia
1621 3460 1723 3486 maluit.
1791 3458 1857 3486 Add.
1872 3466 1920 3497 pro
1931 3457 2052 3484 Muraen.
2066 3468 2086 3484 c.
2100 3468 2139 3491 30.
2195 3460 2255 3496 Spa-

1214 3500 1253 3526 tio
1268 3497 1392 3525 decedere
1416 3499 1520 3524 Lucret.
1537 3505 1559 3529 2,
1595 3515 1601 3522 .
1641 3515 1646 3522 .
1717 3494 1797 3520 Plaut.
1811 3493 1929 3527 Amphit.
1944 3501 1972 3525 3,
1985 3502 2020 3526 4,
2032 3501 2049 3528 7
2070 3495 2253 3527 Qiamobrem

1213 3535 1283 3561 mihi
1291 3535 1372 3569 magis
1380 3542 1426 3568 par
1433 3533 1468 3559 est
1477 3534 1529 3559 Via
1536 3531 1662 3558 decedere
1673 3536 1698 3556 et
1711 3529 1862 3569 concedere.
1933 3529 2063 3562 Qiiuetil.
2071 3540 2099 3564 4,
2108 3539 2130 3563 5,
2138 3540 2149 3563 3
2172 3532 2252 3558 Dece.

1214 3570 1275 3596 dere
1288 3571 1338 3596 Via
1351 3568 1472 3601 dicendi,
1495 3568 1617 3594 aberrare.
1687 3566 1792 3591 Sueton.
1801 3573 1829 3590 in
1836 3564 1907 3591 Caes.
1915 3572 1968 3595 c.31
1989 3565 2020 3590 Et
2033 3574 2092 3591 cum
2107 3567 2252 3593 luminibus

1214 3605 1336 3632 extinctis
1358 3604 1457 3631 deceffit
1477 3604 1521 3630 via
1540 3603 1585 3629 diu
1603 3600 1781 3632 errabunduS,
1798 3599 1901 3626 tandem
1921 3599 1953 3625 ad
1968 3600 2053 3626 lucem
2068 3600 2132 3627 duce
2146 3609 2251 3637 reperto

1213 3650 1260 3675 per
1283 3640 1468 3674 angustislimos
1490 3639 1608 3665 tramites
1632 3635 1740 3670 pedibus
1762 3635 1849 3662 euasit.
1921 3635 2002 3662 Plaut.
2022 3636 2141 3670 Amphit.
2162 3646 2184 3670 3,
2199 3648 2227 3672 4²
2242 3646 2252 3664 1

1212 3676 1374 3709 Concedite,
1390 3682 1468 3710 atque
1480 3673 1608 3700 abscedite
1621 3679 1727 3703 onmes,
1744 3670 1775 3696 de
1789 3671 1832 3697 via
1845 3670 1970 3697 decedite.
2039 3674 2125 3698 Aliter
2138 3673 2194 3699 Cic.
2203 3682 2251 3707 pro

1211 3713 1315 3739 Cluent.
1330 3721 1350 3738 c.
1367 3720 1396 3744 59
1415 3712 1441 3737 Si
1454 3709 1626 3739 inuitauerit,
1644 3705 1671 3732 id
1686 3706 1758 3741 quod
1778 3707 1859 3739 solet,
1877 3706 1909 3732 fic
1930 3706 2066 3733 hominem
2084 3708 2250 3742 accipiemus,

1853 3742 1935 3768 Plaut.
1949 3742 2077 3768 Trinum.
2091 3749 2172 3777 2⁷4³ss
2186 3744 2250 3770 Non

1210 3783 1261 3810 tibi
1276 3783 1361 3809 dicam
1375 3782 1452 3812 dolo,
1471 3778 1594 3806 decedam
1608 3786 1656 3813 ego
1671 3777 1713 3804 illi
1749 3778 1788 3804 De
1800 3777 1844 3804 via
1854 3797 1862 3810 ,
1882 3777 1913 3804 de
1927 3778 2033 3809 semita,
2051 3778 2082 3804 de
2095 3778 2196 3804 honore
2204 3788 2249 3812 po-

2006 3814 2045 3839 De
2058 3815 2111 3840 vita
2124 3814 2248 3840 decedere

1210 3819 1278 3854 puli.
1367 3818 1406 3844 De
1420 3817 1489 3842 vitae
1504 3814 1613 3840 statione
1644 3813 1700 3840 Cic.
1714 3813 1746 3838 de
1759 3814 1816 3839 Scn.
1830 3823 1850 3839 c.
1864 3822 1906 3840 20.

1920 3848 2051 3874 Decedere
2071 3853 2143 3875 etiam
2162 3849 2247 3875 dicun-

1211 3855 1266 3881 Cic.
1280 3863 1329 3888 pro
1342 3852 1431 3879 Rabir.
1446 3849 1572 3885 perduell.
1585 3858 1632 3877 reo
1645 3856 1708 3876 extr.
1723 3849 1740 3874 s.
1755 3858 1776 3875 c.
1793 3857 1823 3874 11.
1916 3884 1920 3888 .

1209 3897 1262 3922 tur,
1270 3893 1312 3925 qui
1323 3886 1410 3920 iniuſju
1419 3894 1442 3912 ct
1451 3886 1501 3920 sine
1515 3892 1645 3912 commeatu
1659 3885 1746 3911 cheam
1766 3884 1828 3910 Poll.
1842 3883 1872 3909 ad
1891 3884 1946 3910 Cic.
1955 3884 2025 3909 Fam.
2040 3892 2081 3916 10,
2093 3893 2124 3916 32
2135 3892 2198 3910 extr.
2220 3884 2248 3911 Si

2119 3918 2167 3946 Sed
2175 3926 2248 3954 patet

1509 3957 1531 3983 C
2166 3962 2248 3991 nempe
