2479 4225
614 242 653 284 V
743 244 787 285 N

95 330 130 358 ad
141 327 270 357 iuncturas
287 331 370 359 milis.
417 332 484 358 Plin.
497 340 536 365 21,
556 338 581 362 18
606 335 680 360 varia
699 332 839 359 iuncorum
858 331 940 368 refert
959 340 1061 367 genera.
1095 334 1133 361 De

96 366 191 401 duplici
208 368 260 392 eius
290 370 369 401 pecie,
391 368 443 395 vid.
459 367 526 394 Cels.
539 376 563 400 3,
576 377 609 395 21.
669 369 743 395 Iunci
756 368 860 395 odorati
882 369 928 393 flos
947 368 1064 394 Sci-ibon.
1079 373 1133 404 167.

95 402 170 429 Iunci
184 406 262 427 rotun
283 402 291 428 i
307 403 354 428 tlos
368 402 439 429 Idem
454 405 508 436 169.
581 403 689 430 Fiscella
709 404 762 430 leui
784 403 886 430 detexta
900 402 935 428 cst
949 404 1048 430 vimine
1062 405 1134 431 iunci

98 435 230 477 Tib¹¹¹2²⁷
244 445 309 469 3,19.
365 438 401 465 Ex
414 439 493 465 iunco
508 437 605 464 salitum
620 439 740 466 Scribon.
752 446 804 473 ²7¹·
874 438 959 465 Lucus
975 439 1064 466 densus
1079 440 1135 466 iun-

97 479 134 498 cis
151 471 234 498 Ouid.
249 473 314 499 Fast.
335 475 366 504 6,
386 482 436 508 411.
519 473 644 506 Bibulus,
674 474 728 501 vul.
747 481 779 502 131
790 479 842 501 Bo.

96 515 126 540 4,
136 515 163 546 a,
177 515 223 540 44.
294 509 415 535 Limosus
434 508 530 543 Virgil.
544 510 597 536 Ecl.
613 518 632 542 1,
644 518 688 542 49.
759 508 839 536 Molli
858 508 937 535 iunco
951 509 1070 537 detexere
1089 511 1135 537 ali-

97 542 161 577 quid
180 542 217 568 ld.
230 543 282 577 Ecl.
293 552 319 576 2,
332 551 371 579 72.
392 548 410 573 ο
442 545 568 571 Palustres
587 544 667 571 Ouid.
685 545 747 572 Met.
761 549 790 576 8,
804 545 856 575 336.

94 254 177 292 1257
507 244 524 283 1

134 584 172 603 lv
184 584 206 618 15
219 583 236 604 c
247 580 353 611 1'st,
372 588 396 611 3,
416 589 473 606 11111.
507 580 567 606 Adi.
605 580 745 616 [ιχοινυιός]
781 579 847 606 Plin.
861 586 920 614 15,7
940 579 968 606 de
981 582 1028 607 olci
1039 583 1135 618 generi-

95 612 154 644 bus,
174 613 214 640 Sic
231 620 257 640 et
271 614 424 641 Rhodinum
437 625 451 641 e
463 615 540 647 rofis,
560 617 699 642 Iunciuum
712 624 727 641 c
740 614 842 648 iunco„
982 615 1001 652 ’ᾖ
1023 625 1038 642 2
1074 618 1134 643 lun-

97 650 172 682 ci'na,
185 649 210 685 s
229 649 353 684 lunciua,
373 659 459 677 orum.
488 660 514 678 n.
542 652 581 678 Pl.
615 652 723 678 quena.
758 651 893 677 Innocent.
914 650 944 677 de
960 652 1028 678 Cafis
1048 661 1072 686 p.
1086 660 1136 685 234
1157 664 1186 682 ιο

70 708 71 711 ,
95 691 120 710 tt
138 686 186 716 236
204 685 281 721 Goes.

133 725 142 745 1
153 727 172 746 v
185 726 205 746 N
217 725 234 745 C
244 727 259 746 Ε
268 726 288 746 V
297 727 309 747 S
318 739 327 752 ‚
346 729 370 752 a,
388 730 442 748 um.
469 721 550 748 Aliud
561 721 621 748 Adi.

96 753 140 787 cst.
176 755 270 782 Iuncea
289 758 366 782 cratis
385 757 451 784 Plin.
466 766 551 790 21,14.

97 789 180 816 Ouid.
195 790 259 817 Fast.
273 800 301 825 4,
316 796 375 826 870.

647 720 785 757 [χοινινδς]
804 713 884 755 'Quod
896 729 924 746 ex
942 724 1013 748 iunco
1028 720 1135 757 jafiram

624 756 716 791 Sporta
735 755 866 783 Columel.
887 765 928 788 12,
945 760 968 783 6.
1039 757 1134 784 Vincla

448 794 543 819 Iuncea
556 792 643 826 virgo,
659 799 707 828 per
721 792 916 824 translationem,
933 796 1014 818 tenuis
1028 800 1050 818 ct
1058 794 1135 828 flexi-

95 826 145 851 lis.-
171 825 239 852 Ter.
248 827 310 852 Eun.
325 835 347 859 2,
362 836 383 860 3,
396 836 432 861 24
451 827 589 854 Deducunt
601 828 702 860 cibum,
715 826 814 854 tametsi
828 826 896 852 bona
913 828 947 853 est
963 835 1063 859 natura,
1077 828 1135 855 red·
1154 841 1180 867 13

96 859 163 887 dunt
177 868 298 888 curatura
312 862 426 889 iunceas.
463 864 580 890 Donatus
595 866 775 899 intcrpretatur
787 862 895 890 Tenues
910 871 933 889 ct
947 863 1065 898 pallidas.

134 899 272 924 IVNc'i'D
282 903 302 922 V
313 905 325 924 s
336 917 342 929 ,
362 907 386 930 3,
406 907 460 925 um.
496 898 557 925 Adi.
589 900 691 932 Tenuis,
705 899 787 930 exilis,
801 899 880 934 qualis
894 897 926 931 ‹st
942 902 1037 925 iuncus.
1058 900 1134 926 Varr.

96 929 129 956 de
141 931 171 958 R.
187 932 217 958 R.
231 941 251 964 1,
264 941 288 966 31
309 933 447 960 Iuncidum
462 935 532 960 enim
547 935 704 961 sarmentum
723 938 829 969 propter
847 933 1026 960 infirmitatem
1039 934 1137 967 sterile,

95 975 182 1001 neque
195 975 226 994 ex
240 969 265 994 se
279 969 362 1002 potest
375 969 472 996 eiicere
486 970 584 1003 vitem,
604 977 649 996 cte.
685 970 717 996 al.
733 968 887 1001 Eiuncidun,
906 979 930 995 v.
944 979 970 996 υ.

132 1009 142 1028 1
153 1008 173 1026 V
185 1009 206 1028 N
216 1009 233 1030 C
243 1003 283 1030 (38
293 1011 313 1029 v
323 1012 335 1031 s
345 1024 352 1036 ‚
371 1014 394 1035 a,
413 1014 468 1031 um.
504 1005 565 1031 Adi.
600 1006 612 1039 [
645 1003 750 1038 anthelm]

62 1068 64 1071 .
96 1038 114 1062 6
131 1038 255 1065 Iuncosus
267 1048 330 1073 ager
342 1041 411 1067 verti
425 1040 481 1075 pala
496 1041 581 1068 debet.
660 1041 729 1067 itora
749 1039 830 1067 Ouid.
846 1041 907 1066 Met.

132 1080 141 1098 1
152 1080 172 1097 V
182 1080 203 1099 N
214 1080 231 1100 C
241 1075 260 1101 r:
267 1081 289 1101 T
298 1081 319 1099 V
329 1081 351 1100 M
361 1095 370 1107 ,
390 1076 408 1102 i.
445 1086 471 1103 n.
507 1076 628 1112 [χοινών]
664 1077 743 1102 Lacus
755 1078 837 1102 iuncis
853 1075 965 1109 consitus.
1003 1077 1091 1102 Varro
1105 1075 1137 1101 de

95 1106 128 1134 R.
143 1108 173 1134 R.
189 1116 207 1139 1,
220 1114 233 1140 8
257 1110 373 1137 Primum
389 1120 485 1145 genus,
504 1113 576 1146 quod
589 1111 656 1143 dixi,
675 1111 790 1138 maxime
804 1112 906 1146 quaerit
922 1111 1028 1145 salicta,
1048 1112 1135 1138 secun-

95 1142 158 1170 dum
172 1144 343 1178 arundineta,
361 1148 469 1174 tertium
483 1148 594 1174 iunceta.

132 1186 142 1205 1
152 1185 203 1205 VN
213 1186 234 1207 G
246 1186 266 1206 Ο
276 1201 285 1213 ,
305 1181 396 1213 iunxi,
420 1183 555 1214 iunctum,
576 1184 630 1209 ere.
666 1180 800 1216 [ζευγνύω,
819 1180 955 1217 ζεύγνυμι]

922 1048 947 1075 7,
961 1049 1012 1073 231.

91 1213 163 1254 qaas?
181 1217 208 1251 in
225 1224 299 1242 vnum
313 1226 384 1253 agere
392 1228 401 1247 ;
422 1221 523 1253 proprie
537 1218 565 1244 de
577 1220 692 1244 iumentis
704 1218 806 1244 dicitur.
841 1218 949 1244 Tibull.
963 1226 986 1248 2,
1000 1227 1020 1250 1,
1031 1223 1063 1252 87
1085 1218 1138 1244 Lu-

66 1278 69 1279 .
94 1250 163 1280 dite,
181 1251 233 1277 iam
250 1260 303 1278 nox
319 1253 405 1288 iungit
418 1262 516 1289 equos,
537 1262 696 1287 currumque
710 1254 854 1288 sequuntur
888 1253 981 1281 Matris
997 1254 1093 1280 lasciuo
1107 1252 1137 1279 si-

94 1284 158 1311 dera
176 1286 251 1313 fulua
269 1288 361 1315 choro.
454 1289 515 1315 Stat.
529 1289 594 1315 Silu.
610 1297 635 1321 1,
655 1297 679 1320 2,
696 1297 739 1321 143
771 1289 858 1323 Iungit
871 1290 971 1321 Amor,
989 1289 1137 1323 laetamque

93 1320 193 1347 vehens
214 1331 259 1355 per
276 1322 369 1350 nubila
382 1329 492 1351 matrem
530 1324 668 1351 Gemmato
686 1330 792 1350 temone
805 1323 883 1351 sedet.
961 1324 1015 1351 Cic.
1030 1324 1061 1350 de
1075 1324 1136 1350 Diu.

94 1364 122 1388 α,
137 1365 184 1389 149
205 1358 328 1395 Religio,
346 1368 412 1394 quae
432 1359 468 1385 est
482 1359 571 1386 iunfia
591 1369 650 1386 cum
669 1360 822 1394 cognitione
840 1366 957 1386 naturae.

93 1392 274 1431 Praeposne'one
294 1394 350 1421 Cic.
367 1394 399 1420 de
412 1395 485 1421 Orat.
498 1403 510 1427 3
532 1404 554 1421 c.
570 1404 600 1430 14
626 1397 702 1429 Quae
722 1404 777 1430 quo
798 1396 884 1423 maior
904 1396 939 1422 cst
955 1395 1012 1428 vis,
1032 1395 1082 1422 hoc
1102 1394 1138 1421 cst

93 1436 177 1468 magis
195 1428 326 1461 probitate
339 1430 481 1464 iungenda,
497 1431 649 1465 summaque
664 1430 811 1466 prudentia.
867 1431 914 1459 Sed
923 1431 990 1457 Plin.
1003 1432 1049 1465 Ep.
1064 1439 1102 1463 10,
1116 1439 1137 1456 11

94 1463 236 1490 Romnum
266 1479 312 1485 --
339 1464 480 1493 arfflffiuio
498 1466 607 1493 vinculo
625 1475 728 1493 mecum
746 1473 791 1494 tua
809 1466 837 1493 in
851 1476 892 1493 me
905 1466 1032 1493 beneficia
1045 1467 1137 1492 iunxe-

92 1504 165 1525 runt.
237 1499 294 1526 Cic.
307 1499 339 1527 de
352 1502 426 1528 Orat.
441 1510 460 1532 1,
473 1510 515 1528 222
538 1511 558 1528 c.
573 1511 598 1535 51
624 1503 665 1529 An
681 1502 743 1528 haec
762 1502 832 1530 inter
851 1503 875 1529 se
894 1503 986 1536 iungi,
1007 1501 1138 1536 copulari-

92 1542 146 1568 que
159 1534 259 1569 pollint.

74 1583 77 1586 -
93 1569 121 1596 in
138 1570 290 1604 angustum,
309 1576 338 1598 vt
351 1572 438 1598 omnis
453 1573 545 1599 caritas
563 1579 609 1600 aut
626 1573 696 1601 inter
711 1573 794 1606 duos,
813 1579 858 1601 aut
875 1573 945 1599 inter
964 1581 1060 1607 paucos
1079 1572 1137 1598 iun-

91 1611 209 1646 geretur5
279 1606 457 1634 Orbiculatim
471 1608 599 1642 iungere,
620 1608 673 1635 vid.
692 1616 793 1636 ORffls.
864 1607 1010 1635 Affinitates
1029 1609 1139 1642 iungere

92 1648 152 1666 eum
171 1641 278 1675 aliquo,
299 1642 325 1669 h.
338 1651 357 1668 e.
372 1641 495 1677 affinitate
507 1653 559 1670 cum
574 1654 598 1670 eo
610 1647 736 1680 coniungi,
772 1644 833 1671 Liu.
846 1653 866 1677 1,
884 1652 894 1671 1
919 1644 1021 1678 Duplex
1042 1643 1139 1670 exinde

92 1675 165 1716 fama
183 1676 219 1702 est
234 1687 240 1703 :
262 1677 317 1717 *ahi
335 1679 437 1712 praelio
456 1678 558 1706 vifitum
578 1680 717 1710 Latinum,
736 1689 824 1714 pacem
842 1689 903 1706 cum
921 1680 1022 1711 Aenea,
1043 1678 1139 1705 deinde

90 1709 246 1739 affinitatem
259 1714 370 1740 iunxisse
383 1714 497 1741 tradunt.

92 1747 188 1787 nostris
196 1748 411 1782 consuetudines,
428 1750 581 1782 Amicitias,
601 1759 657 1782 res,
672 1751 842 1786 rationesque
855 1751 988 1785 iungebat.
1059 1751 1139 1777 Amo-

92 1790 134 1810 τα
150 1791 260 1823 iungere
285 1784 393 1812 Tibull.
406 1794 427 1818 1,
444 1794 463 1817 1,
478 1788 520 1818 69.
593 1786 652 1813 Liu.
666 1795 688 1819 1,
700 1795 714 1812 2
741 1786 819 1813 Haud
833 1787 965 1821 grauatim
981 1785 1050 1812 socia
1057 1787 1138 1812 Arma

89 1817 197 1859 Rutulis
208 1819 306 1846 iunxit.
374 1835 386 1845 ι
412 1821 547 1848 Articulos
559 1821 656 1848 incisos
669 1822 779 1856 iungere
805 1821 924 1848 Scribon.
939 1826 995 1850 208.
1069 1821 1139 1847 Con-

88 1853 177 1880 nubio
190 1855 296 1889 iungam
309 1855 394 1882 stabili
423 1856 498 1890 Virg.
513 1857 577 1883 Aen.
592 1866 606 1888 4
614 1876 622 1888 ,
637 1859 692 1883 126.
765 1857 891 1883 Dextram
905 1856 1016 1887 iungere
1030 1855 1138 1880 dextrae

88 1888 129 1915 Id.
144 1888 211 1915 ibid.
225 1898 250 1919 1,
263 1899 317 1922 412.
388 1891 476 1924 Equos
491 1900 570 1917 curru
600 1891 639 1917 Id.
653 1890 720 1916 ibid.
734 1897 767 1924 7,
782 1899 835 1921 724.
903 1890 1006 1923 Equum
1020 1897 1090 1923 equo
1104 1888 1140 1914 al-

89 1923 172 1950 terius
199 1924 272 1952 Caes.
288 1925 316 1950 B.
332 1925 364 1950 G.
379 1930 409 1956 8,
421 1930 464 1957 48.
568 1925 679 1952 Fistulas
690 1924 802 1959 iungere
833 1922 953 1950 Scribon.
968 1929 1024 1953 208.
1097 1924 1139 1950 Sic

89 1958 157 1986 Oras
164 1978 176 1995 ,Α
193 1959 300 1991 Sinum,
320 1959 445 1985 Vulnera.
517 1959 641 1986 Flumina
658 1960 766 1993 ripaeue
779 1958 863 1992 glacie
874 1960 915 1983 vel
926 1957 1053 1991 pontibus
1061 1958 1139 1991 iungi

88 1993 222 2020 dicuntur.-
258 1994 311 2019 vid.
324 1995 398 2020 Curt.
411 2002 432 2025 3,
447 2001 475 2028 7,
490 2002 510 2019 1.
548 2001 572 2026 5,
588 2002 608 2026 1,
622 2002 664 2025 29.
703 2001 723 2025 ς,
738 2001 763 2025 9,
777 2001 802 2025 9.
873 1992 934 2018 Liu.
949 2000 974 2027 7,
989 2001 1020 2024 3ο
1044 1993 1141 2026 Neque

90 2029 161 2055 enim
174 2028 283 2055 foedere
299 2028 456 2055 Samnitium
466 2049 474 2061 ,
488 2036 521 2054 ne
534 2037 585 2063 qua
599 2037 668 2055 noua
681 2027 827 2062 iungeretis
841 2027 967 2060 foedera,
976 2028 1082 2054 cautum
1096 2027 1142 2053 est.

91 2063 210 2091 Foedere
222 2064 304 2090 alicui
316 2064 372 2097 regi
387 2061 462 2098 iungi
480 2064 538 2090 Liu.
552 2066 593 2097 26,
606 2072 648 2097 24·

89 2099 180 2126 Lateri
193 2098 302 2126 alterius
315 2099 391 2134 iungi
423 2099 505 2126 Ouid.
519 2100 585 2126 Met.
600 2109 622 2132 2,
636 2107 699 2133 449.
767 2099 869 2125 Leones
882 2099 971 2125 iunxit
984 2098 1016 2124 ad
1031 2107 1139 2125 currum

87 2134 222 2162 Antonius
252 2134 318 2161 Plin.
333 2141 363 2168 8,
385 2137 420 2162 16.
511 2136 606 2161 Manus
630 2135 739 2169 iungere
757 2141 783 2160 et
795 2133 889 2160 foedus
903 2133 1042 2168 concipere
1076 2134 1138 2160 Stat.

89 2168 186 2197 Aehill.
201 2179 229 2202 2,
246 2176 297 2201 228-
369 2171 441 2197 Orae
454 2170 561 2197 iunc‘tae
591 2171 658 2198 Cels.
673 2178 700 2205 7,
714 2179 739 2203 9.
810 2169 905 2196 Oscula
937 2169 1019 2196 Ouid.
1032 2169 1096 2195 Met.
1113 2177 1140 2201 2,

88 2213 145 2241 3ς7.
216 2206 291 2233 Ostia
322 2206 381 2232 qu.
394 2214 427 2238 9,
445 2214 497 2239 105.
537 2208 629 2233 Lacum
643 2206 727 2231 damus
741 2207 768 2230 in
783 2210 967 2230 FENESTRA.
1039 2204 1140 2231 Paroti-

89 2241 133 2268 das
146 2241 299 2276 supputatas
314 2241 425 2275 iungere
437 2242 556 2268 Scribon.
570 2243 628 2269 206.
663 2241 766 2266 Partem
778 2239 891 2265 diuisam
905 2239 1014 2270 iungere
1022 2237 1061 2263 Id.
1077 2238 1137 2263 206.
1157 2249 1185 2274 53
1207 2247 1253 2265 ror
1267 2245 1292 2264 et
1306 2239 1413 2265 coniux.

86 2277 131 2305 Sic
149 2277 267 2304 Fistulas.
339 2278 430 2304 Preces
443 2277 557 2303 humiles
588 2274 671 2303 Ouid.
690 2275 722 2302 de
735 2276 799 2301 Arte
812 2274 870 2297 Am.
886 2279 917 2301 2,
930 2278 987 2303 234.
1024 2274 1068 2297 Al.
1082 2272 1138 2296 Ma-

87 2321 146 2339 nus.
219 2311 338 2340 Rhedam
350 2313 427 2347 equis
458 2313 513 2339 Cic.
529 2313 582 2338 Att.
599 2313 624 2341 6,
639 2319 658 2334 1.
730 2306 819 2333 Mulos
839 2307 870 2345 ad
889 2305 1043 2331 vehiculum
1075 2305 1137 2332 Sue-

87 2354 144 2375 ton.
159 2348 189 2376 in
202 2349 274 2375 Caes.
289 2356 324 2379 31.
397 2348 428 2374 Se
441 2347 502 2374 viro
522 2346 596 2378 Virg.
605 2344 669 2370 Aen.
682 2349 709 2375 4,
722 2346 764 2371 28-
834 2341 889 2367 Cic.
904 2349 953 2374 pro
962 2341 1037 2366 Rosc.
1046 2341 1136 2367 Ainer.

87 2385 138 2414 236
166 2378 229 2415 Qio
242 2383 270 2408 in
283 2382 427 2407 certamine
440 2380 539 2415 perditi
551 2379 618 2406 ciuis
629 2382 684 2403 erat
694 2395 702 2407 ‚
717 2384 772 2401 non
787 2376 812 2402 se
826 2376 858 2402 ad
875 2384 919 2401 eos
933 2375 1057 2410 iungere,
1077 2377 1136 2411 qui-

919 474 995 501 Leuis
1017 477 1134 510 Propert.
1162 483 1176 509 ς
1203 480 1258 505 288-

786 1005 870 1031 Iuncis
880 1007 985 1039 plenum.
1022 1005 1088 1031 Plin.
1101 1009 1135 1036 18,
1152 1023 1185 1041 20

997 1183 1114 1218 copulare
1126 1191 1136 1211 ‚¹
1155 1191 1183 1217 25

1011 1361 1042 1386 Et
1054 1358 1138 1392 ormffiz
1154 1371 1186 1395 30

569 1715 626 1741 Cic.
640 1724 689 1750 pro
704 1716 792 1742 Deiot.
811 1724 833 1741 c.
851 1724 869 1749 9
893 1715 961 1742 Cum
982 1714 1138 1741 hominibus
1148 1730 1186 1756 40
1207 1717 1264 1743 Cic.
1279 1725 1327 1752 pro
1342 1717 1447 1743 Cluent.
1463 1725 1480 1742 1.

1153 1896 1188 1924 45
1209 1890 1290 1916 Milic.
1313 1899 1341 1920 2,

719 2062 822 2090 Gradus
838 2063 957 2102 iungere·
967 2062 1012 2089 Sil.
1027 2072 1046 2096 4
1056 2083 1065 2096 ,
1079 2071 1182 2099 374.50
1206 2074 1295 2096 arma,
1332 2063 1384 2091 Hic
1397 2073 1489 2091 currus
1502 2064 1562 2089 fuit.

1590 244 1607 285 Ῑ
1694 245 1732 286 V
1817 247 1861 288 N
2159 260 2245 303 1258

1200 333 1275 360 &ura
1300 333 1430 361 Columel.
1445 343 1471 369 2,
1486 343 1506 362 2.
1577 335 1698 361 Genuum
1711 334 1832 362 iunfi‘tura
1858 337 1939 364 Ouid.
1954 337 2018 364 Met.
2032 347 2047 366 2
2059 359 2067 370 ‚
2081 344 2134 372 823.
2196 341 2245 368 La.

1201 370 1293 405 pidum
1306 370 1443 396 111116111131ι
1471 372 1540 396 Suet.
1552 371 1617 404 Aug.
1633 380 1654 397 c.
1665 379 1704 404 92.
1776 371 1930 404 Tignorum
1945 373 2067 401 infletum
2086 376 2157 402 Caes.
2172 375 2200 402 B.
2210 378 2243 402 G.

1202 414 1231 438 4,
1245 414 1281 440 17,
1352 406 1477 432 [uncini-a
1493 406 1544 432 sine
1559 406 1656 432 salebra
1690 406 1746 432 Sen.
1761 406 1808 440 Ep.
1821 415 1871 438 ¹¹4·
1944 409 2094 436 Verborum
2111 410 2244 445 iunctura,

1198 448 1247 476 pro
1261 440 1431 476 Compolitz'onc
1455 441 1584 474 Qiinchl.
1602 450 1617 473 9
1627 461 1635 475 ‚
1649 451 1676 474 4.
1747 441 1859 467 Verticis
1872 442 1992 470 iuueiura
2025 446 2106 471 Ouid.
2124 447 2188 473 Met.
2203 455 2245 478 η,

1331 477 1397 503 Hor.
1412 476 1444 502 dc
1464 478 1527 503 Arte
1548 478 1619 503 l’o'c‘t.
1638 484 1675 510 47
1707 476 1811 503 Notum
1824 476 1842 502 fi
1856 477 1949 503 callida
1961 479 2070 505 verbum
2087 481 2244 508 Reddiderit

1203 511 1324 538 iunctura
1338 521 1447 538 nouum.
1529 512 1668 543 Iuncima,
1688 511 1852 547 posituraque
1868 511 1936 546 ligni
1950 512 2010 539 scite
2020 516 2161 551 periteque
2175 516 2246 543 [11613

1177 558 1182 567 =
1204 547 1271 572 Geli.
1286 555 1313 579 ς,
1330 557 1347 579 3.

1240 590 1249 608 1
1262 587 1281 607 v
1295 589 1314 607 N
1324 589 1372 609 CT
1383 590 1388 608 1
1401 590 1436 615 o,
1452 582 1520 608 onis.
1541 583 1560 609 f.
1596 581 1736 616 [ζεῦγμα]
1782 583 1838 609 Cic.
1853 582 1937 608 Tute.
1953 589 1973 612 1,
1987 588 2015 616 71
2029 592 2050 608 c.
2060 592 2090 616 ²9
2118 585 2159 612 Est
2172 586 2246 613 enim

1204 618 1326 643 interitus
1336 637 1342 648 ‚
1360 618 1430 652 quasi
1444 618 1560 644 discemus
1574 624 1599 644 et
1614 618 1723 644 secretio
1735 626 1763 644 ac
1779 618 1906 644 diremtus
1919 625 2009 644 carum
2021 620 2152 653 partium,
2178 629 2246 656 quae

1203 658 1262 679 ante
1276 653 1414 680 interitum
1428 653 1564 680 iunctione
1577 653 1665 687 aliqua
1679 653 1844 680 tenebantur.

1241 696 1249 714 1
1263 694 1283 714 v
1298 694 1319 713 N
1329 696 1346 716 C
1357 695 1407 715 TV
1417 696 1443 718 s,
1467 687 1505 714 fis.
1532 698 1567 715 111.
1606 688 1680 715 Idem.
1718 689 1794 715 Varr.
1808 688 1839 714 de
1853 688 1882 714 L.
1892 687 1923 715 L.
1937 697 1966 721 4,
1979 692 1993 718 8
2013 697 2039 722 p.
2055 695 2093 721 14,
2107 693 2136 721 38
2160 690 2247 717 Locus

1202 732 1217 751 a
1229 724 1376 750 carinarum
1394 723 1484 750 innon
1504 723 1589 750 dicius
1603 724 1715 750 carinae.

1239 767 1277 785 iv
1288 767 1307 785 N
1318 765 1435 789 c'rOR,
1455 759 1516 786 oris.
1551 768 1586 785 m.
1623 758 1741 794 [ζευκτὴς
1755 758 1833 793 Gloss.
1855 759 1902 785 Gr.
1922 759 2000 792 Lac]
2025 758 2160 785 IunGtores
2174 765 2248 786 erant

1203 795 1288 857 ἱει-ἒιί,
1311 795 1358 855 qusi
1379 794 1521 834 iungebant
1540 794 1648 821 rhedam
1668 794 1758 830 equis,
1789 794 1833 821 vel
1855 794 1934 821 mulis
1967 794 2078 827 Alphen.
2099 795 2117 821 l.
2137 803 2181 827 ²03
2201 795 2249 822 fln-

1230 851 1235 856 .
1267 839 1282 855 e
1299 831 1329 856 V.
1361 849 1367 856 .

1241 872 1279 891 lv
1293 872 1311 891 N
1326 871 1343 891 C
1355 872 1376 892 T
1386 872 1393 890 ῐ
1404 872 1438 892 Μ.
1475 865 1542 891 Adu.
1578 862 1721 899 [ζυγοίδην]
1759 863 1815 891 Sine
1829 865 1969 890 interuallo.
2007 864 2074 891 Suet.
2089 864 2188 892 Tiber.
2203 873 2250 899 c.9

1203 900 1368 935 Magistratus
1381 906 1406 927 et
1418 901 1546 927 maturius
1562 900 1713 931 inchoauit,
1728 904 1753 926 et
1767 908 1849 934 paene
1861 899 1975 926 iunctim
1988 900 2127 934 percurrit.
2175 901 2250 937 Conf.

1204 937 1297 962 Manil.
1310 945 1343 969 4,
1360 939 1422 971 467,

1243 979 1253 998 1
1263 979 1284 998 v
1292 979 1313 998 N
1325 979 1332 998 1
1345 977 1360 997 (J
1370 970 1390 997 x?
1399 978 1416 997 1..
1426 978 1446 997 ν
1456 979 1469 998 s
1479 992 1487 1004 ,
1505 971 1524 997 i.
1556 980 1590 997 m.
1644 971 1676 997 In
1690 969 1853 1002 vindicum,
1867 979 1934 1005 quem
1948 971 2084 996 Draconem
2095 971 2144 997 alio
2155 973 2252 997 nomine

1202 1014 1302 1034 vocant.
1358 1007 1423 1033 Plin.
1446 1015 1486 1041 17,
1505 1015 1537 1032 22
1572 1007 1630 1033 Nec
1649 1012 1765 1032 veterem
1781 1005 1863 1039 placet
1878 1006 2011 1039 palmitem
2031 1007 2059 1032 in
2081 1005 2204 1040 longum,
2225 1011 2253 1033 et

1203 1042 1236 1069 ad
1250 1047 1372 1077 quartum
1384 1051 1466 1077 vsque
1482 1041 1666 1076 pedamentum
1679 1040 1782 1072 emitti,
1809 1041 1879 1075 quod
1893 1041 1939 1066 alii
1956 1041 2095 1074 dracones,
2116 1042 2164 1068 alii
2180 1042 2252 1069 iuni-

1204 1078 1277 1105 culos
1290 1084 1399 1110 vocant,
1421 1084 1449 1104 vt
1462 1077 1559 1103 faciant
1569 1096 1578 1109 ,
1598 1084 1664 1110 quae
1677 1076 1816 1102 masculeta
1830 1076 1969 1111 appellant.

1241 1120 1406 1144 1VN10R,
1441 1112 1702 1139 uid.1VVEle.

1240 1156 1250 1175 1
1260 1157 1280 1175 v
1290 1156 1312 1175 N
1322 1156 1330 1174 1
1341 1157 1355 1176 r
1367 1147 1475 1179 Eavs,
1493 1148 1511 1174 i.
1536 1147 1556 1174 f.
1594 1144 1748 1183 [eifum-90¹5]
1784 1145 1936 1175 Arbuscula,
1952 1151 2019 1179 quae
2033 1146 2061 1172 in
2074 1146 2186 1174 arenosis
2200 1147 2253 1174 fre-

1206 1193 1287 1219 quens
1299 1185 1426 1217 nascitur,
1448 1192 1522 1210 coma
1536 1183 1624 1210 virens
1637 1187 1777 1217 perpetua,
1800 1179 1867 1207 vnde
1881 1186 1906 1206 et
1922 1181 2037 1215 topiario
2051 1183 2123 1213 operi
2140 1183 2253 1215 idonea,

1206 1226 1232 1246 et
1244 1220 1371 1246 cariosam
1386 1219 1514 1246 senectam
1528 1227 1582 1245 non
1594 1218 1679 1244 sentit.
1741 1216 1799 1242 th.
1815 1216 1880 1243 Plin.
1894 1218 1939 1248 16,
1953 1224 1988 1247 ες.
2025 1224 2048 1242 ct
2063 1224 2104 1249 24,
2118 1223 2140 1246 8.
2211 1218 2256 1243 lu.

1207 1256 1293 1290 niperi
1307 1255 1393 1289 grauis
1407 1254 1501 1281 vmbra
1534 1254 1610 1288 Virg.
1626 1254 1688 1280 Aen.
1701 1260 1746 1284 10,
1769 1253 1808 1282 76.
1861 1251 1934 1286 Cous.
1949 1252 2000 1277 Ecl.
2022 1259 2056 1285 7,
2074 1259 2110 1283 33.

1206 1291 1265 1326 peri
1278 1292 1356 1317 tritae
1382 1290 1502 1317 Scribon.
1519 1292 1570 1319 186.
1643 1289 1730 1314 Grana
1745 1287 1860 1321 iuniperi
1888 1286 2008 1314 Scribon.
2023 1295 2077 1318 loc).

1245 1333 1255 1352 1
1265 1333 1317 1353 VN
1327 1334 1335 1352 1
1346 1333 1387 1353 vs
1401 1325 1495 1352 Mensis
1531 1323 1706 1359 [Ιῐυανεψιών]
1744 1321 1801 1355 teste
1816 1322 1891 1348 feno
1901 1343 1909 1356 ‚
1933 1331 1948 1348 a
1969 1323 2072 1348 Iunone
2095 1327 2201 1356 putatur
2215 1321 2256 1348 di-

1208 1361 1282 1395 etus,
1321 1371 1381 1388 uem
1395 1360 1559 1387 Iunonialem
1569 1380 1577 1392 ,
1597 1365 1622 1385 et
1637 1357 1780 1385 Iunonium
1793 1356 1924 1383 dicebant.
1980 1357 2027 1383 Sed
2043 1357 2130 1391 postea
2150 1357 2255 1383 detritis

1208 1372 1365 1432 quibusdam
1378 1397 1478 1428 literis,
1502 1405 1533 1422 ex
1549 1395 1663 1422 Iunonio
1678 1393 1770 1420 lunius
1785 1392 1820 1419 est
1833 1393 1927 1419 dicius.
1980 1392 2043 1419 Sunt
2064 1393 2110 1427 qui
2132 1398 2223 1427 putant
2239 1402 2255 1419 a

1205 1433 1285 1460 lunio
1303 1434 1386 1460 Bruto
1407 1431 1507 1458 dietum
1527 1431 1644 1457 Iunium.
1686 1428 1745 1455 Via.
1769 1427 1886 1455 Macrob.
1904 1428 2006 1455 Saturn.
2021 1437 2045 1460 1,
2068 1437 2099 1454 12.
2163 1429 2219 1454 Alli
2239 1437 2256 1455 a

1206 1468 1362 1495 Iunioribus
1384 1467 1514 1494 deriuant:
1542 1466 1609 1500 ficut
1628 1466 1726 1492 Maium
1744 1474 1758 1489 a
1774 1463 1923 1490 Maioribus.
1996 1463 2077 1490 Ouid.
2092 1462 2157 1490 Fast.
2174 1465 2208 1495 6,
2225 1468 2256 1493 88

1206 1503 1298 1531 Iunius
1312 1504 1348 1530 est
1363 1504 1506 1534 iuuenum,
1526 1501 1574 1536 qui
1588 1501 1638 1527 fuit
1651 1506 1711 1527 ante
1725 1500 1825 1526 senum.
1914 1498 2007 1525 Iunius
2025 1506 2040 1525 a
2062 1499 2190 1525 iuuenum
2207 1506 2256 1525 no-

2180 1253 2255 1278 Iuni-

352 1536 425 1563 Idem
439 1536 472 1563 de
484 1537 592 1564 Amic-it.
605 1547 638 1564 20
662 1539 701 1564 113
716 1538 848 1565 contracta
861 1547 900 1565 res
915 1538 966 1570 est,
987 1544 1012 1564 et
1025 1536 1137 1564 adducta
1156 1549 1184 1576 33
1208 1540 1280 1566 mine
1294 1539 1379 1566 dictus
1394 1538 1463 1564 adest
1495 1536 1534 1564 Id.
1549 1536 1615 1563 ibid.
1631 1544 1653 1569 5,
1666 1542 1707 1571 78.

1242 1582 1252 1601 1
1261 1581 1313 1600 VN
1323 1582 1332 1600 1
1342 1582 1362 1601 v
1372 1582 1384 1601 s
1394 1594 1402 1606 ,
1423 1583 1452 1606 3,
1472 1582 1527 1599 um.
1564 1571 1624 1598 Adi.
1679 1570 1791 1598 Familia
1804 1569 1880 1597 Iunia
1892 1568 1960 1605 apud
1975 1569 2066 1596 Tacit.
2081 1569 2149 1595 Ann.
2163 1576 2190 1600 3,
2210 1576 2256 1602 24.

1206 1612 1230 1637 Ἐ
1257 1620 1287 1636 ua
1299 1620 1324 1637 v.
1333 1620 1358 1647 g.
1373 1611 1414 1636 ille
1427 1608 1519 1636 Iunius
1533 1609 1629 1635 Brutus
1643 1607 1755 1643 expulsor
1771 1607 1983 1642 Tarquiniorum:
2020 1611 2043 1631 ct
2049 1603 2162 1640 Caesaris
2174 1605 2258 1630 Inter·-

1200 1646 1234 1682 fe
1262 1655 1316 1672 ores
1323 1665 1330 1677 ‚
1349 1652 1394 1672 etc.

1242 1686 1474 1713 1VN1ANVS,
1492 1689 1521 1712 a,
1541 1688 1596 1707 um.
1651 1677 1733 1706 Aliud
1752 1675 1813 1703 Adi.
1845 1701 1847 1703 ,
1867 1675 2010 1702 Iunianum
2033 1672 2165 1700 iudicium
2191 1671 2258 1707 apud

1245 1754 1362 1783 IVle,
1376 1752 1433 1779 scis.
1451 1751 1470 1776 f.
1490 1748 1616 1782 [δαμάλη.
1640 1746 1752 1780 δάμαλις
1765 1745 1808 1773 Gl.
1824 1745 1871 1772 Gr.
1883 1744 1962 1778 Lat.]
1990 1744 2099 1770 Tenerae
2112 1745 2204 1770 aetatis
2216 1743 2260 1769 bo:

1201 1787 1316 1823 femina,
1337 1796 1395 1821 quae
1410 1789 1460 1811 iam
1472 1782 1574 1816 ceffiur't
1587 1784 1668 1808 vitula
1682 1781 1740 1813 ff,
1760 1789 1804 1805 nec
1822 1779 1879 1805 dum
1898 1786 1977 1805 tamen
1992 1778 2026 1805 ad
2031 1779 2151 1814 sommam
2163 1781 2260 1813 magm'-

1207 1823 1316 1848 1udinem
1328 1823 1452 1855 peruenit.
1507 1816 1586 1843 Did-‘la
1599 1815 1667 1851 quast
1682 1817 1809 1846 quenta,
1828 1824 1843 1840 a
1857 1814 1967 1840 Iuniore
1981 1820 2068 1840 aetate.
2139 1814 2207 1840 Pers.
2225 1821 2259 1846 2,

1208 1864 1245 1889 47
1275 1856 1334 1881 Tot
1355 1854 1406 1881 tibi
1427 1862 1509 1888 quum
1530 1852 1558 1878 in
1577 1852 1681 1877 flamma
1695 1852 1812 1877 iunicum
1825 1854 1931 1875 omenta
1951 1848 2104 1882 liquescant.
2176 1848 2258 1875 Plaut.

1362 1899 1374 1915 2
1387 1909 1396 1922 ,
1418 1897 1445 1921 33
1482 1889 1571 1921 Qiam
1587 1895 1650 1913 mox
1667 1886 1699 1912 ad
1717 1885 1846 1911 stabulum
1869 1884 1945 1911 iunix
1961 1883 2070 1919 recipiat
2084 1884 2109 1910 se
2123 1891 2138 1910 e
2150 1883 2258 1919 pabulo.

1214 1926 1273 1952 Via.
1293 1925 1386 1951 Taubm
1415 1924 1448 1949 ad
1460 1925 1505 1948 lac.

1244 1967 1253 1985 1
1264 1967 1284 1986 v
1297 1967 1316 1985 Ν
1328 1966 1365 1992 0,
1386 1960 1453 1984 bnis.
1475 1957 1495 1983 f.
1532 1955 1633 1991 [Ἡρα]
1669 1957 1722 1983 Dea
1736 1955 1833 1983 credita
1847 1953 1895 1988 esi,
1916 1954 2066 1990 Iouisfhror
2081 1960 2106 1981 et
2118 1958 2223 1987 coniux,
2241 1962 2258 1981 a

1208 1995 1274 2021 Ioue
1281 1995 1327 2030 soa
1337 2015 1344 2027 ,
1365 2004 1396 2020 an
1410 2003 1426 2020 a
1440 1992 1559 2019 luuando
1573 1995 1708 2018 nominata.
1765 1991 1875 2017 Iunonis
1889 1992 1965 2017 multa
1972 1992 2036 2026 siant
2047 1993 2154 2016 nomina.
2214 1987 2258 2023 1:st

1207 2028 1270 2056 ent'm
1284 2030 1391 2056 Curulis
1400 2050 1407 2061 ‚
1429 2038 1488 2064 quac
1504 2031 1587 2054 vritur
1600 2037 1675 2054 curru
1690 2033 1714 2053 et
1727 2025 1797 2059 hasta
1808 2036 1816 2052 .·
1855 2026 1931 2059 Virg.
1944 2026 2008 2051 Aen.
2023 2033 2043 2056 1,
2057 2025 2088 2050 εό
2117 2024 2169 2050 liic
2182 2024 2256 2051 illius

1635 2062 1742 2089 Seruius
1761 2061 1795 2088 ad
1806 2061 1856 2088 hd.
1871 2061 1899 2085 in
1913 2059 1989 2086 sacris
2003 2059 2182 2092 Tiburtibus,
2201 2063 2257 2092 ait,

1206 2101 1240 2127 sic
1255 2107 1407 2135 precantur:
1442 2100 1510 2126 Iuno
1525 2098 1651 2130 curulis,
1675 2103 1723 2123 tuo
1742 2104 1819 2122 curru
1833 2095 1975 2129 clipeoque
1994 2101 2068 2122 tuere
2083 2104 2155 2121 meos
2167 2095 2256 2122 curiae

1206 2137 1329 2163 vernulas
1343 2136 1411 2162 sane.
1482 2134 1600 2162 Curitis,
1629 2131 1716 2166 vitl.s.
1732 2132 1749 2156 I.
1821 2128 1860 2163 Ffl
1881 2137 1905 2156 et
1921 2130 2036 2163 Lucina,
2062 2139 2121 2166 quae
2134 2130 2258 2165 partubus

1202 2169 1315 2205 praeest:
1348 2171 1416 2196 Ter.
1431 2169 1512 2194 Andr.
1528 2176 1556 2199 3,
1571 2175 1596 2197 1,
1611 2174 1635 2199 ις
1669 2167 1737 2192 Iuno
1751 2165 1851 2191 Lucina
1866 2165 1906 2192 fer
1919 2174 2007 2200 opem.
2082 2164 2123 2198 Est
2143 2166 2258 2198 Regina:

1207 2205 1281 2237 Virg.
1297 2204 1360 2229 Aen.
1376 2212 1385 2230 1
1396 2223 1404 2236 ,
1419 2211 1450 2236 50
1482 2202 1526 2229 Ast
1540 2211 1589 2236 ego
1604 2210 1670 2236 quae
1684 2200 1779 2227 diuum
1792 2200 1886 2227 incedo
1900 2202 1990 2235 regina
2004 2199 2132 2234 Iouisque
2170 2201 2201 2226 Et
2213 2201 2258 2227 So-

1464 2239 1495 2264 Et
1513 2241 1572 2272 quia
1584 2236 1681 2272 praeest
1700 2236 1861 2268 nubentibus,
1885 2235 2007 2262 Pronuba
2027 2235 2137 2262 dicitur.-
2180 2236 2259 2270 Virg.

1207 2275 1273 2300 Aen.
1287 2284 1320 2307 4,
1335 2276 1381 2300 166
1419 2288 1465 2293 -·--
1485 2278 1511 2299 et
1524 2272 1646 2307 pronuba
1659 2273 1736 2298 Iuno.
1825 2271 1936 2298 Iunonis
1958 2270 2102 2297 amiculum
2126 2270 2163 2297 est
2182 2272 2259 2305 pellis

1206 2309 1322 2342 caprina.
1365 2308 1435 2340 31⁷1'd.
1462 2308 1549 2335 Festus
1578 2317 1637 2334 voce
1655 2314 1709 2334 ·FE
1719 2313 1851 2334 BRVAR
1862 2313 1932 2332 IVS.
2052 2307 2163 2333 Couella
2187 2308 2257 2334 Iuno

1205 2344 1272 2380 apud
1287 2345 1435 2371 Varronem
1462 2344 1508 2376 (L.
1523 2344 1554 2370 L.
1570 2351 1591 2376 ς,
1605 2352 1624 2377 4
1643 2351 1720 2378 p.49,
1735 2344 1783 2374 29)
1810 2342 1918 2376 legitur,
1930 2350 1991 2377 quae
2002 2340 2161 2377 di2‘li0,quia
2168 2344 2258 2377 palato

1205 2379 1328 2406 hominum
1352 2379 1512 2406 delicatorum
1530 2388 1579 2405 non
1597 2378 1630 2411 est
1645 2379 1760 2413 placita,
1779 2375 1896 2411 stribunt
1913 2377 1981 2403 Iuno
1999 2377 2130 2403 nouella>
2176 2379 2259 2414 Atqui

87 2418 137 2444 bus
162 2415 345 2443 incolumibus
367 2422 394 2441 et
423 2416 498 2442 domi
519 2413 633 2448 dignitas
647 2431 655 2444 ‚
686 2416 712 2437 et
741 2412 808 2437 {oris
829 2411 974 2437 auotoritas
995 2412 1134 2439 retinetur.
1151 2416 1186 2441 60
1204 2423 1277 2450 quum
1290 2422 1384 2440 veteres
1397 2415 1431 2441 ad
1441 2416 1524 2440 Lunae
1546 2413 1643 2448 cursum
1656 2411 1747 2447 menses
1755 2411 1817 2446 suos
1829 2414 1968 2448 exigerent,
1994 2419 2017 2438 et
2026 2415 2111 2447 prima
2123 2413 2206 2440 Lunae
2219 2416 2259 2439 υἰ-

576 2448 653 2474 Sinus
664 2446 767 2477 1d.208.
820 2447 863 2472 Sic
878 2446 996 2476 Fistulas,
1047 2448 1134 2474 Socie-

87 2493 141 2514 tate
154 2486 274 2521 gentibus
288 2485 365 2518 iungi
394 2485 455 2512 Liu.
471 2486 511 2517 26,
526 2492 571 2517 49.
660 2482 734 2508 Idem
746 2491 792 2517 24,
807 2484 824 2508 6
832 2490 876 2518 pr.
910 2483 957 2509 Per
975 2482 1024 2509 hos
1043 2482 1134 2510 iuncta

85 2523 204 2551 Societas
217 2520 345 2548 Annibali
359 2529 388 2547 ac
402 2520 561 2553 Syracusano
575 2524 695 2550 tyranno.
764 2518 840 2551 Virg.
853 2519 917 2544 Aen.
932 2523 961 2550 8,
973 2521 1015 2549 316
1050 2518 1133 2550 Qieis

87 2566 174 2593 neque
187 2566 260 2590 mos,
278 2565 364 2590 neque
377 2556 462 2583 cultus
476 2561 548 2587 erat,
565 2563 613 2580 nec
625 2554 733 2587 iungere
746 2553 870 2585 Tauros,
906 2553 959 2579 Aut
974 2561 1134 2587 componere

85 2452 179 2479 Sinum
192 2452 302 2485 iungere
328 2449 449 2476 Scribon.
465 2457 523 2481 ²09·

87 2603 151 2628 opes
164 2599 276 2624 norant,
295 2598 339 2619 aut
352 2600 457 2625 parcere
474 2599 559 2625 parto.

88 2630 183 2657 Torus
198 2628 286 2655 iunxit
298 2634 324 2654 te
335 2627 404 2654 mihi
434 2626 514 2653 Ouid.
528 2627 594 2652 Met.
610 2634 630 2655 1,
643 2632 693 2656 353.
777 2623 865 2650 Verba
878 2624 986 2658 iungere
1017 2623 1134 2650 Martial.

90 2668 124 2698 6,
142 2673 182 2699 54.
269 2662 360 2690 Verba
392 2663 517 2697 iungere,
547 2667 596 2695 pro
629 2661 773 2694 Componere
812 2659 868 2686 Cic.
892 2658 921 2685 in
944 2658 1044 2692 Topic.
1083 2679 1090 2686 .
1129 2677 1136 2686 .

89 2699 222 2735 Quinctil.
234 2708 267 2732 9,
285 2709 314 2733 4.
385 2698 501 2725 Vulnera
520 2697 629 2730 iungere
658 2694 779 2721 Scribon.
792 2702 846 2721 212.
903 2695 943 2721 Sir
961 2694 1071 2720 Fistulas
1090 2701 1136 2721 etc.

126 2743 136 2762 1
146 2744 166 2763 v
177 2736 199 2762 Ν
210 2742 228 2763 c
237 2741 260 2761 'r
270 2741 291 2760 v
301 2742 331 2767 s,
350 2742 365 2760 a
373 2753 381 2766 ,
401 2743 454 2760 um.
488 2734 556 2759 Part.
591 2729 768 2765 [ἐξηγμένος]
806 2729 912 2756 1111161115
922 2729 963 2755 illi
977 2730 1135 2764 cognatione

88 2771 151 2800 Liu.
167 2779 209 2804 ες,
222 2778 257 2803 15.
327 2769 420 2796 Iuncta
434 2768 482 2795 ista
501 2774 580 2802 atque
597 2766 735 2793 indiscreta
751 2767 809 2792 sunt

88 2807 217 2835 Amicitia
231 2805 332 2832 vetusta
347 2813 411 2839 puer
418 2812 501 2839 puero
515 2802 620 2830 innexus
645 2801 726 2828 Ouid.
735 2810 766 2828 ex
782 2802 855 2828 Pont.
870 2810 898 2834 4,
912 2810 934 2833 3,
947 2811 981 2829 12.

89 2842 196 2870 iunctus
210 2841 292 2869 alicui
321 2841 358 2867 Id.
373 2840 439 2867 ibid.
456 2848 476 2872 1,
490 2847 516 2874 7,
528 2848 563 2871 3¹-
615 2837 734 2864 Foedere
747 2837 839 2872 aliquo
851 2837 936 2864 iuncti
961 2836 1034 2864 Idem
1048 2837 1134 2864 Trist.

90 2887 119 2910 1,
137 2886 169 2913 7,
183 2880 208 2904 6.
264 2876 382 2904 Foedere
396 2884 472 2902 amor
484 2874 605 2909 legitimo
618 2873 725 2901 iune‘tus
752 2873 826 2899 Idem
840 2873 906 2900 ibid.
920 2882 951 2907 2,
967 2874 1024 2905 536.
1096 2873 1134 2900 T.

91 2914 208 2947 Qiintio
224 2913 348 2947 Crispino
362 2911 457 2938 Badius
471 2912 617 2945 Campanus
638 2908 730 2943 hospes
745 2915 801 2935 erat
818 2908 994 2943 perfamiliari
1010 2908 1136 2943 Hospitio

90 2949 198 2976 iunehis
224 2949 285 2975 Liu.
298 2957 335 2982 25,
351 2954 385 2977 18.
455 2946 632 2974 Matrimonio
646 2944 735 2972 {uncia
746 2944 833 2980 puella
858 2944 931 2972 Idem
945 2953 991 2978 3ο,
1006 2953 1044 2977 14.

89 2983 188 3012 horum
203 2983 322 3018 partibus
332 2983 455 3011 iunctum
486 2983 543 3010 Cic.
564 2982 597 3009 de
615 2983 720 3010 Inuent.
733 2990 765 3014 2,
780 2988 832 3015 137.
921 2981 957 3007 Ex
970 2989 1012 3007 me
1024 2984 1050 3007 et
1065 2988 1096 3006 ex
1110 2986 1136 3007 te

89 3019 197 3049 iunctus
215 3021 253 3046 M.
267 3019 428 3054 Pomponius
462 3019 519 3047 Cic.
534 3020 631 3053 Att.y4,
645 3027 684 3051 14.
775 3016 934 3052 ASanguine
946 3023 1066 3043 materno
1078 3016 1136 3042 iun-

91 3056 151 3084 &us
181 3055 263 3083 Ouid.
277 3056 341 3082 Met.
356 3063 388 3089 2,
406 3057 462 3088 368.
538 3054 639 3082 Scelere
651 3053 741 3080 11111613
754 3052 928 3088 improbitas,
960 3056 979 3079 i.
999 3055 1027 3078 in
1042 3061 1091 3088 qua
1103 3049 1137 3085 qsl·

84 3092 178 3130 fielut.
249 3090 306 3118 Cic.
327 3090 359 3117 de
371 3092 445 3118 Orat.
459 3099 491 3123 2,
510 3098 558 3125 237
590 3090 661 3117 Nam
672 3098 719 3116 nec
733 3089 838 3124 insignis
855 3088 1027 3124 improbitas,
1046 3093 1071 3114 et
1086 3088 1136 3114 sce-

90 3128 147 3155 lere
159 3126 267 3159 iuncta,
291 3135 338 3153 nec
353 3128 442 3153 rursus
457 3127 564 3153 miseria
583 3125 689 3160 insignis
710 3125 806 3159 agitata
823 3124 935 3152 ridetur.

91 3164 166 3191 Brut.
183 3164 229 3189 162
261 3162 311 3189 Sed
330 3162 366 3188 est
386 3164 466 3189 ctiam
486 3163 516 3189 L.
535 3161 614 3189 Cralli
632 3162 661 3188 in
679 3161 842 3194 Consulatu,
866 3169 915 3196 pro
936 3161 972 3194 Q
984 3159 1135 3193 Caepione,

91 3197 244 3225 defensione
255 3197 360 3229 iuncta,
378 3207 432 3224 non
445 3198 550 3230 breuis,
568 3203 597 3224 vt
610 3196 743 3224 laudatio:
777 3202 807 3224 vt
820 3197 909 3224 oratio
921 3202 1018 3228 autem,
1037 3195 1134 3222 breuis.

91 3233 135 3261 Ab
148 3233 196 3260 vsu
208 3232 316 3260 modico
328 3233 381 3260 tibi
393 3232 500 3260 iunctus
531 3233 611 3261 Ouid.
624 3241 656 3260 ex
670 3233 743 3259 Pont.
759 3241 790 3264 2,
804 3239 832 3265 ς,
845 3240 870 3268 7.
947 3231 1034 3258 Amici
1047 3230 1134 3257 iuneti

92 3271 162 3298 Hor.
177 3269 259 3295 Serm.
273 3277 298 3301 1,
313 3277 342 3301 3,
359 3276 400 3303 54.
487 3270 537 3296 Ars
553 3268 640 3296 iuncta
659 3277 720 3295 cum
740 3267 844 3295 viribus
875 3267 956 3295 Ouid.
976 3267 1041 3294 Met.
1054 3272 1078 3299 S,
1093 3274 1135 3299 29.

1036 2802 1135 2828 Amore

93 3306 150 3333 Cic.
165 3304 197 3331 de
210 3304 275 3331 Fato
286 3306 318 3336 36
332 3314 353 3331 c.
362 3306 390 3331 1'6
415 3304 473 3331 Post
486 3312 575 3332 autem
587 3305 661 3331 causa
674 3304 726 3331 fuit
739 3304 865 3339 propior,
883 3309 909 3330 et
919 3312 979 3330 cum
992 3302 1067 3330 exitu
1077 3302 1136 3328 iun·
1153 3314 1181 3342 83

72 3348 82 3351 ⁷
93 3341 175 3368 otior.
1013 3338 1069 3366 Cic.
1083 3338 1137 3364 Att.

95 3387 121 3410 1,
142 3384 178 3410 19
201 3375 256 3409 Ego
273 3380 378 3408 autem,
399 3382 429 3403 vt
442 3376 520 3402 semel
539 3372 681 3403 Nonarum
693 3376 802 3403 illarum
814 3375 1003 3403 Decembrium
1018 3373 1136 3401 iunctam

93 3411 216 3439 inuidiae
228 3419 258 3437 ac
269 3410 415 3437 multorum
434 3412 583 3439 inimicitiis
603 3411 729 3438 eximiam
748 3411 879 3446 quandam
900 3416 978 3446 atque
1000 3410 1137 3436 immorta-

94 3448 149 3511 ἔξω
162 3446 277 3482 gloriam
289 3447 440 3473 consecutus
452 3448 519 3474 sum.
593 3447 745 3482 Indignatio
759 3447 849 3474 iuncta
861 3446 1045 3481 conquestioni
1079 3445 1135 3472 Cic.

114 3494 126 3510 e
142 3485 245 3509 Inuent.
258 3491 281 3514 2,
295 3487 333 3514 38.

95 3519 170 3546 1111110
190 3517 331 3544 clitellario
344 3517 446 3548 afferre,
459 3518 501 3544 sed
515 3518 606 3545 iuncto
619 3518 749 3546 aduehere
762 3528 816 3546 non
830 3518 1001 3554 permittitur.
1055 3516 1137 3544 Ouid.

94 3555 182 3582 Trist.
195 3562 227 3584 2,
241 3559 287 3586 284
315 3554 368 3579 Hic
386 3553 456 3579 sedet
474 3553 567 3588 ignoto
587 3555 674 3581 iundh
692 3555 779 3590 puella
797 3555 868 3582 viro.
959 3553 1030 3580 Salus
1049 3551 1138 3580 nostra

95 3589 187 3617 inuehi
200 3589 236 3616 est
266 3588 341 3615 Idem
356 3587 434 3623 Epist.
447 3597 497 3621 20,
520 3596 569 3621 233.
639 3591 768 3626 Sapientia
782 3591 871 3618 11111613
883 3589 1050 3625 eloquentiae
1081 3587 1140 3615 Cic.

95 3626 128 3653 de
141 3626 216 3652 Orat.
236 3632 264 3657 3,
284 3633 336 3655 140.
424 3624 520 3652 Versus
539 3626 675 3659 impariter
693 3626 778 3654 iunEli
809 3628 876 3654 Hor.
889 3625 921 3652 de
935 3626 999 3652 Arte
1012 3625 1084 3651 Po'e't.
1099 3630 1140 3658 75.

44 3680 47 3681 ν
95 3662 199 3688 Vineae
213 3659 354 3687 moenibus
371 3659 492 3691 iunctae,
530 3663 548 3686 i.
565 3660 685 3690 Admotae
716 3662 776 3690 Liu.
795 3670 822 3696 5¹,
840 3670 858 3698 7
874 3668 917 3697 pr.

96 3699 227 3725 tormentis
239 3696 343 3722 belliczs.
372 3695 421 3730 scd
432 3698 517 3722 verior
529 3694 602 3722 lefiio
615 3697 757 3726 iniuneiae.
860 3699 973 3733 Compar.
1010 3695 1091 3724 Ouid.
1109 3702 1141 3721 ex

96 3733 173 3760 Pont-
190 3741 210 3764 1,
222 3741 249 3764 4,
263 3739 286 3763 31
316 3731 438 3758 Iuntffior
452 3731 582 3757 Aemonia
594 3732 629 3758 est
640 3733 734 3762 Ponto.
850 3734 944 3768 Superl.
980 3731 1095 3759 Aduersa
1107 3729 1139 3756 ad

97 3767 268 3794 iunfflffimos
284 3767 416 3801 pertinent
440 3766 532 3793 Tacit.
546 3765 614 3792 Hist.
627 3776 662 3800 4,
673 3777 711 3802 52,
783 3768 864 3797 Ouid.
879 3769 944 3796 Met,
957 3777 989 3802 9,
1007 3772 1055 3802 548
1089 3765 1139 3793 Sed

97 3812 181 3838 quae,
200 3811 260 3829 cum
273 3802 325 3829 tibi
340 3802 370 3829 lit
384 3801 556 3834 iunffissima,
576 3801 694 3831 iunctior
705 3807 753 3833 esse
788 3805 903 3841 Expetit.
1082 3798 1104 3839 ff
1125 3810 1142 3828 2

247 3339 394 3367 Columbae
407 3340 436 3366 in
449 3349 539 3368 amore
552 3340 657 3367 iunciae
679 3341 832 3381 Propert‚2‚
848 3348 885 3370 15,
898 3347 941 3374 27.

98 3840 157 3875 Obs.
193 3841 319 3866 Po'e‘ticzaem
333 3838 406 3864 huius
421 3841 489 3864 vocis
501 3837 570 3874 vstmz
591 3837 660 3864 docet
673 3840 796 3868 Drakenb.
817 3840 851 3868 ad
867 3840 911 3867 Sil.
925 3841 956 3871 6,
974 3840 1034 3872 690.
1071 3844 1095 3863 et
1108 3845 1141 3870 9,
1152 3850 1199 3868 100

99 3876 156 3908 641.
209 3875 240 3901 In
254 3875 287 3901 M
291 3874 327 3900 ΕΞ.
343 3873 531 3909 confunduntur
543 3872 652 3900 Iunctus
666 3880 689 3900 et
703 3875 818 3903 cuns-ltus
827 3897 837 3910 ,
859 3876 1000 3912 observante
1015 3871 1142 3901 Drakenb.

56 3915 61 3918 ’
98 3910 126 3936 11.
138 3919 174 3936 cc.
210 3913 240 3936 it.
253 3909 358 3936 Iunctus
371 3916 395 3936 et
407 3909 536 3943 vinens,
562 3907 603 3937 ld.
617 3908 652 3935 ad
667 3914 698 3942 8,
719 3916 771 3945 487
801 3919 824 3939 et
837 3914 950 3948 Interpp.
969 3911 1046 3938 Varr.
1060 3909 1091 3935 R.
1108 3909 1140 3935 R.

99 3953 231 4008 1'153'1K13C
244 3987 266 4008 Τ
276 3982 324 4008 VR
334 3988 370 4012 A,
388 3989 427 4007 ae.
447 3980 468 4007 f.
503 3979 667 4016 [ζευκτηρία,
687 3978 761 4013 αἶφῆ]
796 3981 950 4010 Οονιίαηὲἶίο.
988 3981 1054 4008 Ρ1111.
1067 3988 1101 4012 13,
1116 3987 1141 4009 ις

99 4014 239 4059 Maiusque
250 4017 410 4082 ιεὶἔῖειὼίἳι
422 4016 451 4044 in
462 4024 493 4043 ea
507 4016 543 4043 est
556 4016 643 4049 artis,
653 4015 750 4044 latente
761 4014 893 4046 iunctura.

614 2588 719 2616 Taedae
732 2588 841 2622 iungere
866 2588 927 2614 Stat.
936 2588 1003 2614 Silu.
1015 2597 1039 2620 3,
1051 2598 1080 2622 4,
1095 2598 1134 2621 54.
1151 2593 1183 2625 65
1209 2589 1317 2616 Turneb.

846 2765 977 2799 Qiintffil.
1002 2774 1033 2799 1,
1057 2774 1072 2792 2
1091 2772 1135 2801 pr.
1151 2773 1186 2801 70
1205 2773 1280 2798 neta,
1306 2767 1396 2803 vraks.
1411 2768 1428 2793 I.

1098 2945 1136 2971 EX
1152 2954 1183 2982 75
1204 2949 1223 2973 i.
1242 2946 1349 2980 Zygiam
1362 2944 1391 2971 de
1404 2944 1485 2984 quas.
1500 2945 1517 2971 l.
1674 2941 1695 2980 q
1717 2952 1732 2969 2

1197 3016 1275 3051 stella
1284 3037 1292 3049 ,
1318 3017 1348 3042 In
1362 3025 1458 3050 magno
1472 3016 1613 3042 nominum
1627 3013 1729 3041 ambitu
1743 3014 1788 3041 est.

1012 3123 1086 3150 Idem
1107 3123 1134 3149 in
1153 3132 1185 3158 80
1203 3125 1337 3151 dixerunt.

405 3482 534 3510 Columel.
548 3491 579 3516 2,
592 3492 618 3509 22
649 3483 766 3510 Arbores
780 3482 883 3510 serendi
895 3483 968 3509 causa
981 3482 1067 3514 collo,
1092 3481 1135 3507 vel
1148 3497 1182 3522 90

973 3663 1094 3696 Loquitur
1113 3658 1141 3685 de
1156 3665 1188 3693 9,·
1201 3658 1432 3696 fieumobtestatur.

1196 2449 1287 2483 fitatio
1294 2469 1303 2481 ,
1317 2453 1471 2484 primumque
1484 2452 1538 2473 eius
1550 2449 1630 2474 lumen
1643 2447 1707 2473 diem
1721 2447 1882 2473 Calendarum
1894 2445 2008 2481 efficeret,
2027 2455 2050 2473 ec
2058 2448 2175 2474 Calendae
2183 2448 2257 2481 ejffi‘nt

1202 2484 1283 2519 ipsum
1298 2486 1472 2517 nouz'lunimn,
1496 2482 1595 2509 dubium
1613 2492 1661 2509 non
1680 2481 1730 2514 est,
1744 2485 1803 2516 quin
1816 2487 1867 2507 tum
1888 2488 1911 2507 et
1932 2483 2015 2508 Nonis·
2034 2481 2089 2515 effic
2108 2483 2169 2509 luna
2182 2492 2256 2511 caua.

1203 2519 1287 2553 Prisci
1299 2526 1378 2545 autem
1391 2520 1512 2545 Varrone
1527 2518 1579 2553 ipſs>
1592 2515 1691 2543 auctore
1707 2517 1826 2548 Canum,
1848 2517 1955 2543 Couum
1975 2517 2101 2548 dicebant,
2128 2519 2191 2544 vnde
2204 2520 2256 2546 Co-

1202 2553 1266 2581 velli
1281 2553 1422 2581 diminutio.
1488 2555 1553 2588 Ergo
1572 2554 1638 2579 Iuno
1657 2552 1774 2582 conella,
1798 2550 1832 2584 cst
1845 2553 1913 2578 Iuno
1926 2552 2026 2583 lucina,
2053 2560 2075 2580 ct
2094 2554 2167 2580 Luna
2182 2563 2255 2582 caua.

1374 2589 1421 2616 Sed
1433 2588 1486 2615 vid.
1501 2594 1626 2615 COVEL
1637 2594 1652 2613 L
1662 2595 1693 2614 A.
1766 2588 1873 2614 Inferna
1889 2589 1956 2614 Iuno
1989 2588 2064 2622 Virg.
2080 2590 2144 2616 Aen.
2158 2592 2187 2620 6,
2206 2596 2255 2622 138.

1204 2626 1299 2659 Magna
1332 2624 1370 2651 Id.
1386 2624 1452 2650 ibid.
1466 2633 1494 2656 3,
1514 2632 1574 2658 437.
1649 2624 1694 2650 Per
1707 2623 1836 2649 Iunonem
1851 2623 1964 2650 Matrem
1977 2624 2091 2651 familias
2112 2628 2181 2651 iurat
2195 2626 2255 2652 Alc-

1204 2669 1281 2688 mena
1311 2660 1390 2687 Plaut.
1404 2659 1498 2694 Amph.
1512 2668 1544 2691 2,
1558 2668 1568 2685 2
1577 2678 1585 2691 ,
1599 2667 1656 2685 201.
1731 2659 1877 2694 Hincsuam
1890 2659 2020 2686 Iunonem
2039 2663 2092 2686 viri
2100 2667 2148 2695 per
2161 2661 2255 2697 iccojar

1204 2696 1341 2723 blanditias
1353 2697 1478 2730 appellant
1491 2704 1580 2722 uxores
1609 2694 1690 2721 Plaut.
1705 2694 1788 2721 Calin.
1805 2703 1833 2727 2,
1850 2703 1877 2727 3,
1896 2703 1934 2728 14.
1971 2698 2002 2721 it.
2016 2695 2107 2724 Bacch.
2122 2704 2153 2728 2,
2166 2704 2198 2729 2,
2213 2705 2254 2729 39.

1205 2733 1327 2758 Matrona
1355 2732 1424 2758 Hor.
1439 2731 1528 2758 Carm.
1544 2739 1567 2762 3,
1581 2739 1609 2764 4,
1622 2737 1661 2763 59.
1732 2730 1851 2756 Maxima
1877 2730 1953 2764 Virg.
1967 2731 2030 2756 Aen.
2046 2741 2070 2764 4,
2085 2739 2137 2766 371.
2194 2733 2256 2758 Mo.

1500 2766 1676 2800 Omnipotens
1700 2766 1776 2800 Virg.
1789 2767 1854 2792 Aen.
1868 2774 1897 2799 4,
1910 2768 1967 2798 693.
2035 2766 2169 2793 Profunda
2177 2767 2254 2799 Iuno,

1205 2804 1353 2838 Proserpina
1380 2801 1472 2829 Claud.
1488 2801 1519 2828 de
1533 2802 1609 2835 Rapt.
1625 2801 1742 2836 Proserp.
1757 2809 1777 2833 1,
1791 2809 1814 2827 2.
1904 2800 2026 2828 Pronuba
2056 2802 2130 2837 Virg.
2145 2804 2210 2830 Aen.
2224 2813 2256 2835 4,

1205 2841 1260 2866 166.
1333 2838 1416 2873 Regia
1448 2837 1487 2864 Id.
1504 2837 1571 2864 ibid.
1589 2845 1607 2868 1,
1625 2843 1672 2865 118.
1761 2837 1863 2871 Regina
1894 2837 1954 2863 Liu.
1967 2844 1995 2869 ς,
2007 2845 2046 2868 30.
2133 2838 2255 2865 Saturnia

1205 2875 1279 2909 Virg.
1301 2875 1365 2900 Aen.
1384 2883 1411 2906 3,
1432 2878 1485 2906 380.
1557 2872 1715 2907 Sceptrifera
1747 2872 1808 2899 Stat.
1822 2871 1914 2898 Theb.
1928 2880 1972 2904 10,
1992 2881 2025 2904 51-
2096 2873 2198 2907 Stygia,
2233 2877 2254 2900 i.

1205 2910 1354 2945 profi-rpina
1379 2909 1483 2936 Reines.
1496 2909 1575 2935 Inscr.
1590 2916 1610 2941 1,
1623 2916 1656 2941 34
1677 2910 1747 2941 p.6r,
1785 2911 1810 2934 ui
1815 2907 1960 2943 Jiespicatur
1972 2907 2093 2942 degiam
2107 2908 2149 2941 este
2162 2908 2255 2942 debere,

1785 2944 1880 2969 unonis
1892 2943 1969 2969 Stella
1983 2941 2016 2975 est
2030 2943 2160 2978 Hesperus
2169 2964 2177 2976 ‚
2197 2946 2255 2979 pla-

1204 2988 1277 3014 neta,
1298 2983 1338 3007 cui
1346 2982 1455 3008 Veneris
1476 2988 1561 3006 nomen
1582 2989 1647 3006 nunc
1661 2979 1746 3005 haeret
1764 2982 1845 3006 unice.
1934 2978 1999 3005 Plin.
2014 2987 2043 3009 2,
2069 2985 2081 3008 8
2115 2978 2143 3006 de
2163 2981 2256 3006 Venere

1845 3014 1900 3040 Alii
1914 3014 1985 3040 enim
2000 3014 2126 3048 Iunonis,
2149 3015 2196 3041 alii
2211 3015 2256 3041 Ifi-
2277 3040 2286 3041 -

1205 3053 1262 3085 dis,
1279 3053 1325 3079 alii
1340 3053 1432 3078 Matris
1447 3050 1533 3078 Deum
1548 3050 1723 3086 appellauere.
1795 3050 1892 3084 Hygin.
1909 3050 1979 3076 Poet.
1994 3049 2097 3076 Astron.
2112 3058 2147 3084 42
2171 3060 2196 3085 p.
2209 3052 2254 3082 416

1204 3090 1305 3122 Quarta
1319 3088 1391 3114 stella
1403 3087 1439 3113 est
1453 3086 1580 3120 Veneris,
1595 3086 1703 3113 Lucifer
1718 3085 1840 3118 nomine,
1861 3094 1939 3120 quam
1950 3085 2075 3112 nonnulli
2087 3087 2196 3112 Iunonis
2204 3087 2254 3112 effe

1409 3123 1485 3156 Apul.
1501 3122 1534 3149 de
1546 3121 1648 3148 Mundo
1662 3130 1687 3156 p.
1702 3127 1738 3155 58,
1753 3130 1778 3148 12
1799 3121 1913 3156 Qiintus
1927 3121 2108 3154 Phosphorus,
2128 3121 2252 3154 Iunonia,

1204 3160 1287 3187 immo
1300 3159 1412 3187 Veneris
1427 3158 1499 3185 stella
1511 3159 1639 3184 censetur.
1711 3157 1849 3191 Augustin.
1862 3158 1894 3183 de
1910 3157 1941 3183 C.
1956 3157 1985 3182 D.
1999 3165 2032 3191 7,
2047 3164 2070 3188 13
2096 3157 2251 3184 Luciferum

1202 3196 1311 3232 quidam
1325 3194 1451 3228 Veneris,
1467 3194 1575 3229 quidam
1590 3193 1680 3219 dicunt
1692 3194 1740 3219 esse
1756 3193 1874 3220 Iunonis.
1931 3193 1994 3223 Sed,
2015 3197 2044 3218 vt
2058 3192 2139 3225 solet,
2159 3193 2250 3219 Venus

1202 3232 1295 3259 vincit.
1349 3231 1420 3258 Nam
1434 3230 1520 3257 multo
1533 3230 1621 3264 plures
1633 3237 1691 3255 eam
1705 3228 1804 3255 stellam
1819 3228 1918 3255 Veneri
1926 3228 2055 3254 tribuunt.
2196 3224 2217 3263 fl
2238 3237 2251 3259 3

1202 3269 1270 3294 Iuno
1282 3270 1309 3293 in
1318 3266 1427 3302 feminis
1439 3266 1468 3292 id
1478 3265 1528 3298 est,
1565 3265 1612 3291 uod
1623 3267 1649 3290 in
1664 3268 1730 3290 viris
1742 3265 1850 3291 Genius.
1922 3264 1978 3290 Sen.
1993 3262 2070 3297 Epist.
2088 3265 2135 3289 110'
2148 3263 2251 3297 Sepone

1203 3303 1231 3329 in
1245 3303 1404 3337 praesentia,
1423 3309 1489 3336 quae
1502 3275 1658 3337 quibusdam
1672 3301 1789 3335 placent,
1817 3293 1967 3332 Vfiicuique
1991 3298 2107 3324 nostrum
2123 3299 2253 3333 paedago-

1204 3348 1267 3375 gum
1281 3339 1336 3365 dari
1353 3339 1453 3369 Deum,
1472 3345 1527 3363 non
1541 3336 1648 3371 quidem
1663 3335 1844 3368 ordinarium,
1866 3334 1908 3361 sed
1921 3333 1990 3361 hunc
2004 3334 2141 3360 inferioris
2155 3340 2251 3367 notae,

1202 3384 1236 3402 ex
1249 3383 1342 3401 eorum
1355 3381 1467 3400 munero
1477 3392 1486 3405 ,
1507 3380 1572 3407 quos
1586 3371 1700 3398 Ouidius
1720 3372 1757 3397 ait
1777 3370 1808 3397 de
1821 3370 1898 3405 plebe
1912 3370 1984 3397 deos.
2040 3370 2079 3396 Ita
2098 3375 2185 3395 tamen
2199 3369 2251 3396 hoc

1204 3412 1311 3445 seponas
1324 3410 1405 3441 volo,
1423 3414 1452 3435 vt
1464 3407 1634 3440 memineris,
1657 3407 1771 3433 maiores
1793 3406 1911 3438 nostros,
1941 3405 1986 3439 qui
2000 3405 2169 3432 crediderunt
2182 3404 2250 3437 hoc,

1205 3446 1308 3474 Stoicos
1321 3446 1411 3472 fuisse:
1437 3443 1542 3476 singulis
1561 3443 1633 3469 enim
1646 3443 1761 3469 Genium
1772 3448 1797 3468 et
1808 3443 1940 3468 Iunonem
1953 3440 2090 3473 dederunt.
2126 3442 2252 3475 Apparet,

1205 3483 1272 3509 nihil
1289 3481 1359 3508 aliod
1375 3490 1414 3507 cor
1433 3477 1591 3512 intellexiffi’,
1604 3487 1674 3513 quam
1687 3478 1716 3513 ft
1731 3477 1796 3513 ipsbs
1808 3477 1880 3513 sicum
1898 3486 1925 3503 ue
1936 3480 2052 3502 animum.
2090 3476 2191 3502 Iudicat
2205 3476 2251 3502 hoc

1206 3520 1280 3544 etiam
1290 3517 1355 3543 Plin.
1372 3525 1392 3548 2,
1405 3523 1422 3550 7
1443 3515 1533 3541 Maior
1545 3514 1667 3540 caelitum
1682 3514 1796 3548 populus
1805 3522 1884 3547 quam
1911 3512 2032 3539 ominum
2040 3511 2120 3538 etiam
2134 3510 2251 3546 intelligi

1206 3553 1296 3588 potest,
1305 3561 1365 3579 cum
1374 3550 1467 3586 singuli
1480 3558 1587 3585 quoque
1600 3558 1632 3576 ex
1645 3548 1784 3584 semetipsis
1799 3549 1910 3576 totidem
1924 3550 1994 3574 Deos
2008 3548 2121 3578 faciant,
2137 3548 2250 3574 Iunones

1206 3589 1296 3624 genios
1317 3597 1351 3614 ue
1363 3586 1511 3621 adoptando
1525 3586 1583 3612 sibi.
1640 3586 1756 3619 Propert.
1769 3593 1795 3617 2,
1807 3593 1835 3618 4,
1848 3592 1876 3619 17
1906 3586 1941 3610 At
1963 3588 1992 3610 111
2004 3592 2053 3618 per
2067 3583 2192 3609 dominae
2205 3582 2249 3607 Iu·

1208 3624 1286 3651 nonis
1299 3598 1387 3650 dulcia
1402 3623 1459 3650 iura
1467 3623 1544 3648 Parce
1559 3621 1612 3648 tuis
1624 3621 1730 3653 animis,
1743 3620 1810 3652 vita,
1822 3628 1918 3647 nocere
1930 3619 1997 3651 tibi,
2013 3626 2060 3654 per
2074 3621 2169 3654 genium
2180 3617 2249 3656 illurn

1488 3657 1557 3684 Tib.
1571 3666 1599 3689 4,
1613 3665 1646 3688 13,
1661 3663 1686 3689 15
1709 3657 1780 3682 Haec
1793 3655 1844 3682 tibi
1859 3656 1945 3682 sancia
1963 3661 2023 3682 tuae
2036 3654 2142 3680 Iunonis
2160 3659 2247 3676 numi-

1209 3704 1243 3722 na
1257 3696 1327 3722 iuro.
1364 3696 1395 3722 Et
1408 3702 1431 3727 3,
1446 3695 1470 3724 6,
1483 3698 1515 3726 48
1534 3692 1583 3719 Etsi
1598 3700 1697 3727 perque
1710 3692 1769 3719 suos
1783 3692 1862 3718 fallax
1877 3691 1974 3718 iurarit
1987 3690 2093 3727 ocellos,
2107 3688 2247 3712 Iunonem-

1209 3739 1260 3767 que
1274 3731 1363 3763 suam,
1377 3738 1474 3764 perque
1488 3730 1558 3754 suam
1573 3729 1712 3754 Venerem.
1766 3726 1854 3754 Eadem
1868 3726 1916 3760 est,
1929 3727 1959 3753 de
1972 3735 2019 3762 qua
2032 3723 2097 3750 Tib.
2111 3730 2137 3755 4,
2151 3723 2176 3753 6,
2190 3728 2202 3748 1

1365 3765 1469 3793 Natalis
1482 3766 1565 3796 Iuno,
1578 3763 1678 3790 sanctos
1693 3771 1755 3797 cape
1769 3763 1836 3789 turis
1852 3762 1977 3792 honores,

1405 3802 1479 3834 Qios
1500 3800 1551 3826 tibi
1564 3798 1608 3825 dat
1619 3805 1708 3826 tenera
1722 3798 1801 3825 desta
1814 3799 1902 3833 puella
1915 3803 1999 3825 manu·

1365 3834 1440 3864 Tota
1453 3835 1504 3862 tibi
1519 3836 1554 3862 est
1567 3834 1665 3865 hodie;
1685 3834 1737 3861 tibi
1757 3835 1783 3861 se
1795 3834 1927 3861 laetiffima
1942 3828 2040 3859 comfit,

1404 3872 1488 3898 Staret
1501 3876 1529 3898 vt
1548 3877 1606 3898 ante
1619 3876 1678 3897 tuos
1691 3869 1873 3905 conspicienda
1889 3869 1970 3898 socos,
1986 3871 2032 3890 ete.
2087 3900 2092 3904 ¹
2233 3898 2239 3902 -

1216 3908 1251 3936 Vt
1263 3909 1344 3945 igitur
1354 3909 1437 3934 natali
1451 3907 1489 3933 die
1501 3907 1608 3941 genium
1623 3912 1713 3932 curant
1732 3912 1756 3932 et
1770 3907 1852 3933 colunt
1866 3903 2025 3938 peculiariter
2038 3900 2108 3939 virt,
2119 3896 2159 3930 fic
2171 3895 2250 3937 femi-

1210 3954 1256 3970 nae
1264 3946 1387 3970 Iunonem.
1424 3942 1568 3978 Perfi’cutus
1580 3942 1624 3968 hoc
1636 3940 1669 3973 est
1683 3942 1800 3968 Politian.
1809 3939 1945 3973 Miscellan-
1958 3945 1980 3961 c·
1993 3942 2024 3967 89
2033 3951 2041 3963 9
2056 3942 2096 3968 qul
2110 3932 2155 3958 huc
2168 3938 2193 3957 tr
2195 3931 2250 3957 ahu

1210 3980 1286 4014 Virg.
1299 3979 1350 4005 Ecl.
1363 3987 1382 4011 4
1401 3985 1465 4008 extr.
1496 3978 1553 4004 Nec
1569 3978 1638 4004 Deus
1659 3977 1789 4011 (genius)
1807 3975 1875 4000 hunc
1893 3971 1993 3999 mensa,
2006 3969 2059 3995 Dea
2078 3969 2178 3999 (Iuno)
2199 3973 2248 3992 nec

978 4018 1064 4048 Eoum
1080 4015 1139 4043 iun·
1149 4029 1193 4056 102¹
1210 4015 1315 4051 dignata
1328 4013 1412 4041 cubili
1431 4012 1515 4047 (12⁷on
1527 4014 1645 4050 geniali)
1659 4012 1704 4041 est.
1739 4012 1803 4040 Item
1815 4010 1903 4037 Douza
1920 4004 2033 4034 Praecid.
2045 4003 2079 4030 ad
2093 4002 2150 4030 Tib.
2169 4011 2189 4027 c.
2209 4009 2246 4034 ¹9·

1407 4056 1425 4085 7
1440 4050 1465 4078 V
2180 4037 2249 4062 Hine
