2479 4225
266 82 307 119 [5
599 62 636 100 D
721 59 756 98 E
841 57 889 96 M
1732 48 1769 88 D
1858 51 1893 92 E
1938 52 2029 98 ,Μ
2331 55 2383 104 76

268 165 322 181 nus.
355 155 386 180 In
403 149 543 184 tranquillo
561 147 738 182 tempestatem
756 145 888 171 aduersam
907 146 996 175 optare
1011 139 1140 164 dementis
1164 135 1285 163 Cic.'Off.
1384 140 1609 177 Demea-1011,
1636 136 1740 178 mensus
1758 137 1830 170 sum,
1846 139 1892 166 iri.
1928 137 2097 176 [δικμτρέω]
2133 141 2163 170 si
2173 148 2222 178 qua
2230 141 2292 178 ρης
2309 141 2382 169 huius

269 198 279 216 1
295 199 316 215 c,
328 197 371 220 24,
421 187 487 212 Ter.
501 183 579 209 Andr.
594 191 614 214 3,
629 191 648 214 1,
662 191 690 208 ιο
720 180 792 213 Qid
803 179 870 205 hoc?
889 176 995 214 Adeone
1008 173 1043 199 est
1058 173 1180 199 demens?
1200 179 1230 197 ex
1245 179 1288 205 pe-
1349 170 1418 196 verb!
1431 172 1553 211 exempla,
1574 181 1614 202 ea,
1640 171 1692 198 wd.
1707 181 1733 197 m
1754 177 1772 196 D
1782 179 1791 198 1
1801 179 1964 213 MEJrloR.
1978 214 1982 218 .
2212 214 2216 218 .
2238 214 2243 219 -
2352 212 2356 216 .

269 224 387 257 regrina?
456 220 564 252 Compar.
585 218 640 243 Cic.
655 218 682 243 in
696 217 779 242 Pison.
797 221 833 247 47
851 222 871 238 c.
893 219 929 248 ²0.
952 211 1006 248 hgo
1025 213 1051 234 te
1064 217 1118 234 non
1138 205 1288 238 vecordem,
1387 211 1405 230 D
1415 212 1462 232 ΕΜ
1472 213 1487 232 Ε
1497 213 1518 233 T
1528 214 1537 232 1
1550 214 1631 239 TVS,
1657 216 1681 239 a,
1695 217 1756 247 ἰιιιι.
1792 208 1884 256 partic.
1917 208 2009 237 Affiue
2025 217 2047 237 ct
2056 210 2148 251 pqffiue
2162 218 2292 251 acfzpntur.
2307 246 2312 252 .
2325 212 2382 252 Cic.

269 267 321 284 non
335 256 478 285 furiosum.
499 262 553 279 non
567 258 651 278 mente
665 259 782 285 captum,
798 257 853 274 non
865 252 963 277 tragico
974 243 1024 283 gilo
1037 243 1137 274 Oreste,
1153 248 1195 267 aut
1210 241 1288 267 Atha·
1352 239 1383 265 de
1396 240 1432 266 N·
1446 241 1477 266 D·
1492 250 1517 273 2.
1533 251 1574 268 ¹10
1593 243 1679 277 Atque
1693 248 1728 268 ua
1742 242 1864 269 demetita
1880 244 1948 278 figna
1960 248 2036 278 sunt,
2053 252 2082 272 vt
2095 254 2124 273 ιιι
2136 252 2214 273 tantis
2232 247 2384 281 descriptio-

270 298 353 318 mante
371 289 559 315 dementiorem
579 287 682 321 putem?
708 285 754 319 qui
772 283 802 309 sis
820 281 908 310 ausuS,
930 284 974 304 etc.
1044 277 1116 312 Quid
1139 276 1221 316 potest
1239 277 1287 302 effe
1312 275 1326 301 5
1351 274 1430 314 nibus
1444 275 1535 303 diuina
1552 277 1659 317 solertia
1671 284 1800 318 appareat.
1851 278 1899 305 Sed
1910 282 1942 307 al.
1954 281 2092 308 demetata.
2147 281 2212 309 Ibid.
2227 290 2267 315 15,-
2284 282 2383 309 Eorum

270 328 315 354 hac
330 326 424 359 pietate
438 323 582 349 dementius
603 321 717 348 Laetam.
740 326 761 351 ς,
780 326 815 342 ιο.
886 314 978 347 Sapei-l.
992 312 1247 350 Inconfideratissima
1259 320 1288 338 ac
1353 317 1424 335 emm
1437 312 1524 337 cursus
1537 311 1673 352 dementi,
1692 319 1854 340 maturitates
1868 318 2031 349 temporum,
2050 323 2075 343 et
2088 316 2243 350 varietates,
2261 317 2384 343 mutatio-

268 358 450 387 dementissima
462 357 592 384 temeritas
611 356 666 381 Cic.
679 354 710 380 de
725 353 815 384 Arusp.
828 348 901 382 Resp.
916 350 948 380 56
963 357 984 373 c.
998 355 1041 382 27.
1096 346 1289 374 Dementiffima
1351 353 1449 386 nesqiie
1462 354 1644 380 eognouimus.
1679 350 1760 375 Etiam
1772 348 1907 387 dimetati,
1926 357 1950 376 et
1962 351 2076 379 diffie-titi
2095 353 2129 378 al,
2161 352 2220 379 για,
2235 354 2309 379 pare,-
2322 353 2381 379 Lex·

267 395 336 422 afflo
357 394 413 420 Val-
423 394 493 419 Max.
509 402 531 424 3,
546 399 571 425 7⁷
586 396 607 420 8.
676 383 879 415 Dementjffimus
892 391 1015 415 tyrannus
1035 383 1151 409 Lafiant.
1165 381 1197 407 dc
1206 382 1288 408 Mox-t.
1352 381 1415 406 Crn.
1426 386 1454 415 p.
1469 385 1524 412 362.
1546 389 1568 409 et
1582 384 1622 410 01.
1635 384 1750 411 Borrich.
1758 391 1807 419 pro
1826 383 1888 418 Voſj.
1901 384 1995 421 aduersi
2008 388 2104 423 Sciopp.
2114 393 2141 422 p.
2154 396 2209 421 273.

267 430 360 464 perfec.
378 438 399 454 c.
417 436 453 460 31.
521 427 574 453 Cic.
590 426 618 451 in
632 424 710 450 Catil.
724 431 745 454 3,
760 429 797 457 ιι,
813 418 890 445 Tum
903 418 948 444 ille
967 417 1054 444 subito
1072 417 1167 443 scelere
1183 416 1288 443 demens
1389 421 1408 441 D
1418 423 1433 442 E
1443 422 1491 441 ME
1502 422 1523 441 N
1533 425 1545 443 s
1555 424 1614 450 vs,
1635 427 1660 451 a,
1680 428 1733 445 um.
1755 420 1848 446 Partic.
1868 418 2063 457 [διαμετρητδς]
2092 422 2253 457 Mensuratus
2264 429 2287 448 et
2298 431 2385 458 aequa.

268 470 362 500 quanta
375 462 543 489 conscientiae
560 459 598 486 vis
611 459 682 490 esset,
701 453 819 484 ostendit.
890 454 1020 485 Demens,
1045 452 1217 488 improuidus,
1246 455 1290 487 qui
1307 458 1336 476 ¹0
1351 457 1401 490 2¹¹3*-
1427 451 1520 490 ‚Plflssf-
1532 452 1602 479 Men·
1616 454 1685 488 prol·
1706 458 1774 488 v.'14
1805 456 1885 482 Nunc
1897 462 2035 490 argentum
2045 458 2123 485 vobis
2143 458 2292 484 demensum
2306 457 2384 484 dabo.

267 510 315 526 mm
335 498 476 532 confidrrat.
515 495 590 528 ish-g,
604 495 667 520 Aen,
685 494 711 524 6,
730 498 769 524 ¹7¹
803 488 852 514 Sed
865 494 921 515 tum
934 489 1003 515 forte
1015 496 1078 514 caua
1092 487 1155 514 dum
1169 487 1290 522 personat
1353 486 1409 512 Cic.
1424 494 1453 512 ιιι
1464 487 1537 512 Orat.
1550 493 1578 519 38
1593 497 1614 514 c.
1628 498 1653 515 12
1684 490 1740 522 Qu
1754 499 1808 516 non
1826 491 1926 518 infidiis
1936 511 1943 523 ,
1964 490 2007 517 sed
2027 499 2113 525 aperte
2129 502 2157 519 ac
2172 493 2256 528 palam
2269 492 2386 519 elabora-

267 543 379 569 aequora
391 532 487 559 concha
522 531 648 560 Demens,
675 533 700 553 et
713 529 788 551 cantu
801 529 879 550 vocat
892 525 921 550 in
932 523 1074 550 certamina
1086 523 1172 549 diuos.
1208 522 1289 549 Actus
1352 526 1410 554 tur,
1430 527 1459 548 vt
1472 521 1553 548 verba
1565 523 1654 551 verbis
1666 524 1737 559 quali
1750 525 1870 553 demensa
1881 533 1907 553 et
1921 527 1994 561 paria
2010 527 2188 560 respondeant.
2233 528 2308 561 Virg.
2320 528 2385 554 Aen.

268 569 365 597 Orestis
379 568 482 594 demens
500 566 565 591 Hor,
580 565 659 590 germ,
674 571 699 592 2,
713 568 735 592 3,
752 566 799 592 ¹32·-
863 559 973 585 Animus
986 558 1090 585 demens
1110 559 1166 585 Sen.
1178 558 1289 598 Hippoi.
1353 565 1391 589 12,
1407 559 1448 596 116
1478 557 1606 591 Campum
1623 559 1656 585 ad
1675 565 1806 587 certamen
1823 570 1930 597 magnae
1950 561 1996 588 sub
2014 563 2151 590 moenibus
2170 563 2244 591 vrbis
2264 563 2385 590 Demenst

268 614 323 631 202.
375 604 443 630 Cura
463 600 547 626 Valer.
562 601 657 633 Argon.
678 599 701 626 ό,
719 602 784 634 474.
855 595 930 629 Virg.
947 595 1011 620 Aen.
1031 596 1057 625 6,
1070 599 1120 624 280
1151 593 1289 621 Discordia
1353 591 1491 626 Rut111que
1509 593 1563 619 viri
1574 594 1732 630 Teucrique
1745 595 1877 630 parabant.
1915 597 1962 625 Sed
1974 596 2083 623 dimensi
2100 598 2188 626 editur.

266 641 369 666 demens
385 638 524 670 Vipereum
544 635 640 661 crinem
653 630 725 656 villis
744 637 838 655 innexa
850 629 972 657 cruentis.
1044 630 1160 663 Propert.
1174 638 1193 660 1,
1207 638 1242 662 13,
1256 638 1291 655 20
1310 631 1335 657 15
1355 661 1361 666 ¹
1388 633 1490 667 DEME
1500 635 1523 668 N
1534 635 1576 655 sv
1586 636 1629 660 M,
1656 629 1675 656 i.
1701 639 1726 656 n.
1763 631 1944 668 [σιτομέτριον]
1980 632 2049 659 Ter.
2058 632 2162 659 Phorm.
2180 643 2202 667 1,
2216 643 2236 666 1,
2252 642 2280 659 10
2304 632 2386 666 Qiod

266 676 368 701 Tamus
380 677 432 697 ἕως
443 670 547 696 demens
560 670 628 695 inter
640 671 761 699 verasque
779 666 873 691 Furor.
928 666 984 692 Sen.
999 665 1077 691 Herc.
1091 666 1151 691 Fur.
1165 672 1214 699 973
1234 666 1290 691 Ma-
1351 661 1399 702 ille
1412 669 1540 689 vnc1at1m
1553 665 1599 691 vix
1613 663 1644 691 de
1659 665 1781 692 demenso
1794 667 1852 699 suo,
1871 669 1947 695 suum
1961 667 2101 695 defrudans
2115 669 2229 702 genium,
2249 668 2388 703 comparsit

264 710 310 745 gni
322 715 406 734 tamen
425 705 553 739 compesce
570 702 715 727 dementem
734 701 873 740 Impetum.
916 735 921 740 Π
943 700 1008 726 Plin.
1022 709 1048 732 2,
1061 708 1088 732 23
1103 701 1121 727 s.
1134 709 1162 726 21
1191 701 1248 727 Nec
1260 705 1290 726 vt
1352 698 1447 738 miser,
1458 704 1510 738 ¹etc.
1568 700 1616 726 Vbi
1635 700 1768 734 Donatus,
1785 702 1860 728 Serui
1879 709 2019 738 quaternos
2037 703 2142 730 modios
2161 704 2321 738 accipiebant
2333 704 2388 730 fru-

263 744 380 771 mensum
400 745 409 773 (
418 741 444 766 id
455 740 522 765 enim
535 737 619 768 velle,
638 745 717 771 paene
730 735 858 761 dementis
866 736 924 762 Otii
938 735 972 762 est
979 742 989 767 )
1009 735 1051 761 scd
1065 741 1094 762 vt
1107 741 1222 768 tantum,
1242 742 1289 762 etc.
1352 740 1436 760 menti
1455 743 1484 759 ιιι
1498 735 1627 761 mensem:
1652 741 1679 762 et
1697 736 1725 762 id
1742 736 1894 764 demensum
1910 738 2055 766 dicebatur.
2107 739 2138 764 Et
2156 744 2243 765 vtrum
2257 749 2272 766 a
2285 739 2386 771 Mense,

265 778 370 805 Somnia
383 774 510 802 dementia
521 771 645 798 timidum
659 777 759 798 terrent
777 772 892 805 Propert.
905 779 926 802 3,
939 776 962 803 8,
976 773 1015 802 (6)
1030 778 1063 803 ις.
1117 772 1186 798 Hor.
1201 773 1288 798 Carm.
1351 777 1384 794 ³¹¹
1397 778 1411 795 a
1423 769 1576 801 Medendo,
1601 771 1732 798 incertum
1745 771 1789 797 est·
1838 774 1916 809 Apud
1937 774 2020 808 Spart.
2040 774 2147 801 Adrian.
2162 783 2183 799 c.
2196 780 2214 808 7
2231 773 2263 806 est
2277 776 2389 801 Demen-

263 823 286 845 3,
300 821 337 845 19⁷
349 820 377 842 23
395 808 489 835 Audiat
502 807 610 833 inuidus
645 808 800 833 Dementem
812 806 954 839 Strepitum
966 807 1059 838 Lycus.
1307 810 1339 828 20
1352 804 1409 836 sum
1422 804 1451 830 in
1465 804 1536 831 diem
1548 806 1629 838 vitae,
1650 807 1709 833 suae
1722 807 1858 841 praestare.
1895 810 1937 836 Al.
1952 810 2114 836 Dimensum.
2155 810 2236 835 Tenui
2248 808 2389 844 dtscrimine

297 855 315 874 D
324 854 339 873 E
348 852 395 871 ΜΕ
404 851 424 869 N
433 850 453 869 T
463 850 471 868 1
481 850 503 869 A
512 862 520 875 ,
539 851 577 869 ae.
594 843 614 869 f.
649 842 798 878 [πα-ράνοια,
816 841 1002 876 παραφροσύνη]
1038 842 1094 868 Cic.
1109 842 1193 868 Tusc.
1212 851 1225 874 3
1239 851 1260 868 c.
1274 849 1288 875 5
1350 839 1522 875 &scripturae
1534 840 1757 877 &significationis
1771 840 1881 876 dzstant,
1898 841 1944 878 ngfi
1956 845 2019 881 quod
2030 845 2183 872 Dimensum
2192 845 2277 880 plures
2289 845 2388 871 videtur

262 883 317 909 Nec
331 880 416 906 minus
434 877 499 904 illud
512 884 601 909 acute,
619 877 689 912 quod
703 877 785 903 animi
796 876 963 903 affec'fioncm
981 877 1082 904 lumine
1095 878 1190 904 mentis
1203 886 1290 903 caren-
1344 881 1453 911 ponere,
1471 876 1557 911 quibus
1569 877 1668 912 aliquid
1678 877 1814 904 tribuatur.

260 922 328 946 tem,
351 913 554 940 nominauerunt
572 913 711 939 amentiam
720 933 728 945 ,
750 912 912 946 eandemque
933 912 1100 939 dementiam.
1171 914 1289 947 Propert.
1388 916 1463 936 DEM
1472 918 1488 937 Ε
1497 918 1599 943 Νειο,
1622 920 1646 939 et
1666 919 1685 939 D
1698 920 1709 939 1
1720 920 1743 939 M
1752 920 1769 940 Ε
1778 920 1799 939 Ν
1808 919 1820 938 S
1829 920 1839 940 1
1849 919 1888 947 Ο,
1912 915 1980 942 onis.
2002 915 2023 942 f.
2061 916 2115 942 Cic.
2129 915 2210 943 Tusc.
2231 923 2252 947 1,
2265 921 2295 949 57
2309 923 2330 941 c.
2343 922 2388 947 24.

257 960 283 983 2,
297 958 323 984 7,
338 958 359 976 11
391 949 486 983 Aspera
499 950 641 975 Centauros
653 948 744 974 eadem
758 947 889 974 dementia
900 947 940 973 ius
954 948 991 974 fit.
1049 948 1185 983 Popularis
1199 948 1291 975 turbu·
1353 946 1451 972 Auson.
1464 946 1542 980 Epist.
1556 954 1579 980 ς,
1591 956 1616 980 9.

259 986 379 1019 lentaque
396 984 526 1010 dementia
543 984 642 1010 ciuium
656 983 821 1018 perditorum
853 983 908 1009 Cic.
922 983 951 1009 in
965 984 1037 1010 Brut.
1075 1003 1082 1010 .
1119 1004 1126 1010 .
1180 983 1209 1010 Id
1221 984 1289 1011 sum-
1308 981 1336 1007 ²5
1389 981 1566 1014 DEMIZTo,
1584 983 1684 1015 messui,
1701 984 1817 1016 messum,
1840 985 1894 1011 ere.
1932 984 2095 1020 [οἷποθερίξω]
2132 985 2199 1012 Idem
2211 984 2275 1021 quod
2287 985 2390 1011 Mete-re.

259 1030 316 1047 mae
331 1020 476 1046 dementiae
489 1021 536 1045 effe
548 1019 699 1046 iudicabant
725 1019 797 1045 Caes.
810 1019 839 1045 B.
853 1019 885 1045 G.
899 1028 927 1052 4,
942 1027 976 1051 13.
1030 1018 1145 1045 Robusta
1162 1025 1289 1054 vetusque
1351 1016 1483 1044 Columel.
1497 1025 1524 1051 7,
1559 1037 1566 1044 .
1603 1038 1610 1043 .
1655 1019 1725 1045 Illud
1738 1019 1860 1054 deinceps
1873 1020 2087 1054 praecipiendum
2100 1021 2196 1048 habeto
2205 1041 2214 1054 ,
2234 1027 2261 1046 vt
2274 1019 2390 1046 demeffis

259 1055 389 1082 dementia
405 1054 496 1081 Claud.
509 1054 541 1081 de
554 1056 582 1081 B.
597 1055 667 1081 Gild.
682 1063 720 1088 14.
743 1054 911 1081 Dementiam
923 1060 995 1081 vocat
1010 1055 1055 1081 hoc
1073 1056 1124 1081 Ioco
1141 1056 1254 1081 furorem
1268 1061 1291 1081 ee
1353 1051 1483 1087 segetibus
1498 1053 1550 1079 iam
1564 1053 1592 1079 in
1606 1062 1666 1080 area
1683 1054 1776 1081 futuro
1790 1055 1885 1082 semini
1905 1056 2081 1082 consulamus,
2153 1057 2212 1083 Sole
2227 1055 2274 1082 sub
2288 1055 2391 1082 ardenti

257 1092 378 1127 insaniam
394 1090 514 1116 bellorum.
585 1091 660 1123 Qxae
672 1096 697 1116 te
711 1090 842 1117 dementia
860 1089 946 1124 cepit?
978 1089 1053 1124 Virg.
1068 1090 1122 1116 Ecl.
1140 1099 1164 1122 2,
1179 1093 1221 1123 69.
1258 1091 1290 1117 Et
1352 1087 1475 1114 flauentia
1490 1087 1599 1115 demetit
1611 1098 1675 1116 arua
1705 1090 1790 1117 Catul.
1812 1093 1848 1125 64
1860 1093 1914 1124 (65)
1929 1099 1983 1124 350.
2054 1091 2120 1117 Faui
2134 1091 2300 1118 demetuntur
2330 1090 2389 1117 Col.

260 1126 325 1154 ibid.
339 1128 364 1158 6,
378 1131 418 1158 48.
472 1125 528 1151 Cic.
542 1126 571 1151 in
585 1126 661 1152 Catil.
674 1135 702 1159 4,
716 1134 749 1152 22
764 1135 785 1152 c.
799 1134 828 1152 10
850 1126 906 1158 Qii
918 1130 1005 1152 autem
1018 1134 1049 1152 ex
1062 1134 1173 1152 numero
1187 1126 1289 1152 ciuium
1353 1132 1385 1155 ιι,
1406 1131 1431 1155 2,
1451 1131 1490 1157 57.
1561 1124 1635 1151 Idem
1656 1134 1699 1156 ιο,
1718 1134 1768 1158 304
1802 1127 1834 1153 Et
1847 1135 1895 1153 vos
1914 1126 2024 1161 agrestes
2039 1126 2106 1152 duro
2122 1127 2169 1161 qui
2187 1127 2283 1161 pollice
2297 1126 2391 1153 molles

260 1161 388 1188 dementia
407 1160 494 1195 aliqua
515 1161 672 1195 Deprauad,
690 1161 776 1187 hostes
796 1161 894 1196 patriae
912 1160 990 1187 semel
1009 1161 1057 1187 ess'e
1069 1168 1226 1195 coeperunt,
1243 1169 1289 1188 etc.
1307 1167 1339 1190 30
1353 1159 1493 1185 Demetitis
1516 1158 1614 1186 Flores.
1686 1161 1796 1187 Fruelus
1816 1161 1949 1188 demetere
1969 1171 1997 1188 ac
2017 1162 2153 1196 percipere
2185 1162 2240 1189 Cic.
2258 1162 2289 1188 de
2309 1161 2344 1188 N.
2358 1162 2391 1188 D.

258 1198 363 1224 Soluerc
376 1196 491 1230 aliquem
504 1196 635 1223 dementia
665 1197 732 1223 Hor.
750 1196 831 1230 Epod.
847 1204 884 1231 17,
903 1203 944 1230 43.
1013 1196 1079 1222 Plin.
1094 1204 1130 1230 17,
1145 1196 1220 1232 fffim
1239 1197 1257 1222 s.
1275 1205 1288 1229 3
1353 1203 1376 1226 2,
1392 1202 1439 1227 153.
1510 1194 1585 1222 Idem
1597 1195 1630 1222 de
1640 1196 1740 1222 Sene&
1755 1204 1789 1231 70
1803 1206 1825 1224 c.
1840 1206 1868 1230 19
1898 1197 2011 1232 Reliqua
2021 1203 2109 1224 autem
2128 1203 2246 1232 tempora
2260 1198 2391 1224 demeten-

257 1233 370 1260 Tcrram
390 1232 461 1257 enim
478 1237 548 1258 terra
566 1232 700 1258 emendari
718 1235 764 1263 (vt
789 1232 874 1267 aliqui
886 1231 1067 1266 praecipiunt)
1087 1232 1163 1266 super
1184 1238 1290 1258 tenuem
1353 1229 1392 1256 dis
1412 1229 1533 1264 frugibus
1554 1239 1583 1257 ac
1602 1231 1777 1266 percipiendis
1794 1233 1991 1260 accommodata
2011 1233 2077 1259 sunt.
2150 1232 2290 1266 Aegisthe,
2316 1233 2391 1258 cessas

256 1267 347 1302 pingui
360 1266 470 1299 iniecta,
490 1273 536 1293 aut
547 1267 640 1302 gracili
653 1267 798 1302 bibulaque
811 1268 887 1302 super
905 1267 1041 1295 humidam
1055 1276 1083 1294 ac
1093 1267 1290 1302 praepinguem,
1352 1266 1466 1300 impium
1480 1266 1554 1292 ferro
1568 1267 1653 1301 Caput
1665 1268 1796 1295 demetere
1816 1267 1873 1294 Sen.
1887 1268 1979 1303 Agam.
1993 1270 2051 1301 986-
2124 1269 2188 1294 Ense
2202 1268 2332 1294 demetere
2343 1267 2390 1294 ali-

253 1303 381 1330 dementia
393 1303 496 1337 Operae
509 1303 552 1329 est.
1352 1309 1431 1335 quem
1460 1301 1547 1328 Valer.
1561 1303 1660 1337 Argon.
1680 1311 1703 1335 3,
1720 1310 1771 1338 ι7ς.
1842 1306 1879 1337 Q
1889 1305 1944 1331 Cic.
1959 1304 1991 1330 de
2004 1305 2056 1330 Pet.
2069 1303 2176 1330 Consul.
2189 1313 2211 1330 c.
2223 1311 2241 1330 2
2265 1303 2320 1337 Qi
2332 1309 2391 1329 tum

290 1344 450 1365 DEMENT
461 1345 514 1370 10,
542 1342 589 1365 ire.
626 1338 815 1374 [παραφρονῶ]
851 1337 980 1374 Insanire,
1007 1337 1130 1370 delirare,
1163 1337 1192 1364 de
1212 1344 1290 1364 mente
1307 1338 1335 1364 35
1351 1337 1524 1363 Titiniorum
1559 1352 1604 1358 —·
1637 1339 1729 1372 Capita
1749 1339 1923 1366 demetebant.
1995 1339 2071 1365 Colla
2090 1339 2202 1365 alicuius
2235 1338 2281 1364 Sil.
2294 1348 2322 1371 4,
2336 1347 2390 1370 213.

254 1377 328 1400 exire.
364 1373 468 1400 Lucret.
483 1382 505 1405 3,
519 1376 575 1406 464
593 1374 671 1407 Saepe
685 1374 788 1399 animus
810 1373 936 1400 dementit
948 1373 1038 1406 enim,
1058 1373 1194 1408 deliraque
1207 1374 1287 1400 fatur.
1350 1372 1420 1399 Add.
1439 1371 1477 1398 Id.
1492 1380 1514 1405 ς,
1530 1376 1586 1403 286.
1658 1374 1704 1401 Sil.
1717 1376 1754 1405 16,
1764 1383 1803 1400 101
1826 1375 1948 1401 Tantum
1960 1374 2028 1401 acies
2043 1373 2235 1408 hominumque
2249 1375 2327 1400 ferox
2340 1373 2391 1399 dis-

253 1409 294 1436 Sic
306 1408 386 1434 editur
399 1408 476 1435 hodie.
511 1409 568 1434 Alii
579 1408 600 1433 le
619 1414 678 1439 unt,
692 1408 831 1434 Dementia
843 1409 923 1434 enim.
979 1409 1055 1443 Apul.
1070 1409 1148 1443 Apol.
1162 1418 1186 1443 p.
1199 1415 1261 1442 480,
1276 1414 1290 1438 8
1352 1407 1443 1434 cordia
1455 1408 1529 1434 ferro
1545 1409 1670 1436 Demetit.
1740 1410 1797 1436 Col.
1814 1419 1846 1443 11,
1859 1419 1884 1443 2,
1899 1419 1931 1443 50
1956 1409 2114 1437 Demetendi
2136 1411 2194 1436 sunt
2217 1409 2282 1435 faui.
2340 1410 2390 1435 Ac-

256 1444 359 1471 floridi.
373 1443 479 1470 Elmenh.
495 1451 520 1476 p.
534 1451 579 1473 203
596 1416 626 1468 ἔτ
640 1450 671 1467 ex
684 1450 716 1467 eo
730 1443 930 1481 sacro-coepifl'e
943 1443 1089 1469 dementire
1107 1445 1203 1477 potius.
1257 1445 1289 1471 Et
1351 1443 1433 1474 cidit,
1455 1448 1483 1469 vt
1496 1443 1601 1471 cuidam
1618 1444 1693 1471 testes
1705 1445 1866 1481 caudamque
1887 1446 2002 1472 Salacem
2021 1446 2174 1472 Demeteret
2191 1445 2295 1472 ferrum
2321 1445 2389 1471 Hor.

256 1488 282 1514 p.
294 1487 349 1513 527,
362 1489 380 1512 4
406 1478 524 1504 Confeffa
546 1478 583 1504 est
600 1478 651 1503 sese
667 1485 726 1502 mea
745 1484 831 1510 magia
843 1485 871 1502 ιιι
893 1485 1011 1502 amorem
1031 1478 1165 1504 inductam
1184 1479 1289 1505 demen-
1350 1479 1401 1504 Sat.
1417 1487 1437 1510 1,
1453 1487 1478 1509 2,
1492 1487 1532 1512 45.

256 1515 316 1541 tire.
373 1513 448 1548 Quid.
466 1513 622 1539 Dementare
638 1519 740 1547 utroque
757 1512 826 1537 loco.
880 1511 996 1538 Laetant.
1010 1521 1038 1545 4,
1052 1519 1096 1545 27,
1110 1520 1136 1537 12
1164 1513 1228 1538 Ecce
1241 1514 1288 1538 ali·
1296 1523 1333 1546 40
1386 1519 1428 1538 DE
1438 1519 1506 1539 MEs
1516 1520 1595 1544 svs,
1611 1522 1635 1545 a,
1654 1524 1708 1541 um.
1726 1515 1819 1543 Partic.
1850 1516 1910 1542 Flos
1924 1516 2049 1543 demessus
2062 1516 2158 1551 pollice
2171 1514 2296 1549 virgineo
2311 1514 2389 1548 Virg.

257 1549 316 1584 quis
329 1548 452 1575 instinctu
471 1548 605 1574 daemonis
631 1548 745 1581 percitus
770 1547 912 1579 dementit,
936 1547 1073 1575 efferatur,
1092 1546 1197 1572 insanit.
1257 1549 1289 1573 Ec
1351 1547 1415 1572 Aen.
1432 1555 1463 1578 11,
1476 1550 1515 1576 68.
1586 1549 1652 1575 Fani
1664 1550 1766 1577 demeffi
1793 1551 1924 1579 Columel.
1946 1560 1972 1585 9,
1984 1560 2018 1586 ις,
2032 1561 2069 1579 12.
2140 1552 2243 1586 Segetes
2265 1549 2390 1577 demessae

257 1592 282 1620 7,
296 1593 330 1616 12,
349 1592 379 1618 14
397 1583 527 1610 Ebrietate
541 1583 673 1610 dementit.
718 1582 837 1609 Tertull.
853 1582 884 1608 de
899 1582 995 1608 Anima
1008 1587 1032 1611 18
1057 1583 1147 1615 Qmm
1159 1581 1288 1608 dementit
1350 1581 1440 1608 Tacit.
1454 1581 1521 1608 Arm.
1538 1590 1578 1615 14,
1593 1591 1637 1617 24.

257 1620 354 1652 homo,
374 1618 499 1645 dementit
512 1620 606 1645 anima.
641 1618 712 1645 Idem
721 1618 797 1652 Apol.
813 1627 835 1649 13
858 1619 894 1644 Vt
907 1618 984 1644 aliter
997 1617 1143 1643 dementire
1156 1617 1289 1650 videatur,
1387 1622 1463 1642 DEM
1472 1624 1489 1643 E
1498 1624 1518 1643 T
1528 1624 1546 1643 O
1555 1624 1591 1650 R,
1616 1618 1665 1645 ari.
1707 1618 1777 1646 Vnde

256 1655 303 1690 qui
315 1655 396 1681 sacras
411 1660 494 1681 turres
503 1656 629 1689 pernolat.
656 1653 871 1689 lssusct'sertull.
881 1653 1025 1687 Apol.c.23
1033 1653 1075 1679 vbi
1083 1654 1214 1679 Pamelium
1221 1653 1287 1679 vide.
1387 1658 1406 1676 D
1417 1659 1433 1677 E
1444 1658 1467 1676 M
1475 1659 1553 1678 ΕΤΑ
1563 1659 1584 1678 Τ
1594 1660 1614 1679 ν
1624 1661 1652 1685 s,
1676 1662 1701 1686 a,
1725 1664 1779 1681 um.
1807 1655 1875 1682 Part.
1911 1653 2004 1690 Paffiue
2027 1655 2083 1681 Cic.
2098 1655 2130 1681 de
2142 1656 2178 1681 N.
2193 1656 2225 1681 D.
2240 1662 2256 1680 2
2268 1663 2289 1680 c.
2303 1662 2334 1686 43
2342 1659 2388 1689 pr.

292 1697 335 1716 DE
345 1697 369 1716 M
378 1697 393 1715 E
403 1698 424 1716 Ν
435 1697 456 1716 Τ
465 1697 484 1716 0
493 1710 501 1722 ,
521 1694 572 1717 are.
607 1691 683 1724 [Vct.
697 1689 740 1715 Gl.
756 1688 794 1723 οἶφ
808 1690 879 1722 ovar]
917 1689 992 1716 Idem.
1029 1688 1146 1715 Laetant.
1159 1687 1191 1714 de
1206 1689 1287 1715 Mort.
1300 1691 1334 1717 45
1350 1687 1436 1726 Atque
1450 1686 1488 1712 ita
1502 1686 1631 1714 demetata
1645 1688 1715 1722 signa
1727 1683 1802 1721 sunt,
1828 1697 1856 1716 vt
1869 1691 1898 1715 in
1912 1690 1991 1716 tantis
2008 1689 2229 1724 descriptionibus
2248 1689 2340 1715 diuina
2351 1689 2391 1716 so-

251 1725 347 1751 Persec.
363 1734 383 1750 c.
397 1733 414 1758 7
426 1733 491 1751 extr.
510 1727 549 1751 Ita
562 1726 660 1760 semper
675 1724 793 1752 dementa
814 1730 849 1751 at.
873 1727 892 1750 ι’.
908 1726 943 1751 Io.
962 1724 1071 1751 Columbo
1086 1726 1230 1758 interprete,
1244 1725 1287 1749 In-
1349 1721 1427 1748 lerna
1440 1727 1577 1756 appareat,
1593 1725 1611 1748 i.
1626 1723 1744 1759 dimensa,
1758 1724 1838 1759 descri
1856 1724 2019 1760 ta,definita,
2033 1728 2051 1750 i.
2065 1725 2094 1750 de
2103 1724 2230 1756 sideribus.

244 1759 375 1796 finiebat,
395 1759 512 1795 furiosus
524 1768 586 1787 erat.
621 1760 743 1787 Martian.
759 1761 821 1795 Cap.
837 1765 850 1789 8
866 1769 890 1794 p.
906 1768 954 1794 272
979 1760 1037 1786 Nae
1049 1765 1079 1786 tu
1093 1758 1223 1793 desipere,
1243 1759 1286 1785 vel
1386 1763 1405 1783 D
1411 1764 1429 1787 ιε
1439 1764 1462 1783 M
1472 1764 1488 1783 E
1498 1764 1547 1784 TR
1557 1765 1634 1791 1As,
1652 1758 1715 1785 adis.
1731 1760 1751 1785 f.
1772 1760 1825 1785 Her
1840 1769 1856 1786 a
1869 1759 2010 1786 verbenaca.
2047 1760 2123 1793 Apul.
2131 1759 2163 1785 de
2170 1758 2253 1785 Herb.
2265 1767 2287 1784 c.
2298 1767 2320 1790 3.

251 1794 400 1821 dementare
414 1795 531 1829 coepisti.
566 1797 610 1822 Al.
627 1795 781 1823 dementire.
827 1796 909 1822 Vetus
916 1795 1105 1822 Onomasticon
1113 1815 1122 1827 ,
1139 1795 1288 1827 Dementat,
1384 1799 1404 1820 D
1413 1800 1429 1819 Ε
1440 1800 1465 1819 Μ
1473 1799 1489 1819 E
1499 1798 1520 1818 T
1529 1799 1549 1818 R
1559 1800 1568 1818 l
1576 1800 1597 1819 V
1607 1800 1619 1818 S
1639 1793 1788 1826 Phalereus,
1806 1793 1970 1830 Theophrasti
1982 1794 2091 1826 auditor,
2105 1794 2133 1820 dc
2145 1797 2196 1830 quo*
2204 1793 2297 1820 abunde
2334 1791 2391 1818 Cic.

252 1830 364 1862 ἰξίςησιν,
395 1832 413 1856 i.
430 1830 558 1856 dementem
569 1830 662 1858 reddit.
715 1832 765 1858 Int.
782 1832 851 1858 Iren.
866 1840 886 1863 1,
899 1839 933 1857 20
966 1830 1049 1864 Qod
1069 1830 1154 1857 multo
1168 1835 1288 1864 tempore
1348 1828 1378 1854 in
1391 1828 1464 1854 Brut.
1479 1835 1510 1860 37
1540 1828 1591 1854 Hic
1603 1829 1703 1862 primus
1719 1830 1822 1856 inflexit
1835 1831 1996 1862 orationem,
2005 1838 2116 1864 eamque
2134 1829 2244 1855 mollem
2262 1834 2392 1854 teneram-

251 1864 359 1899 magicis
374 1864 424 1890 suis
436 1865 598 1891 dementasset
611 1875 664 1893 eos.
1303 1869 1337 1896 50
1350 1871 1402 1896 que
1416 1862 1546 1888 reddidit:
1566 1869 1591 1889 et
1603 1864 1688 1890 suauis
1697 1884 1705 1896 ,
1725 1864 1801 1890 sicuti
1814 1865 1866 1890 fuit
1895 1865 1983 1891 videri
2001 1865 2112 1896 maluit,
2131 1872 2210 1898 quam
2223 1863 2325 1896 grauis,
2346 1868 2393 1888 etc.

287 1907 512 1927 DEMENTER.
546 1900 611 1926 Adu.
645 1900 780 1935 [ἀνοήτως]
817 1899 913 1936 Infime.
950 1900 1007 1926 Cic.
1027 1901 1056 1926 in
1069 1900 1148 1926 Catii.
1162 1908 1183 1932 3,
1198 1908 1228 1925 22
1242 1908 1263 1924 c.
1270 1907 1287 1931 9
1355 1896 1414 1924 Vid.
1432 1896 1562 1930 Quinffil.
1584 1907 1627 1931 10,
1643 1908 1653 1925 1
1672 1908 1697 1933 p.
1716 1907 1778 1931 902.
1831 1900 1889 1926 Alii
1909 1899 2040 1926 Demetrii
2048 1901 2124 1935 plane
2143 1908 2159 1924 <z
2176 1897 2258 1932 nqsiro
2277 1897 2393 1931 instituto

251 1935 342 1962 Tanta
355 1943 395 1961 res
409 1941 461 1961 tam
479 1934 612 1961 dementer
624 1935 730 1961 credita.
800 1935 991 1962 Dementissime
1005 1935 1093 1961 testari
1127 1936 1184 1962 Sen.
1197 1934 1229 1961 de
1243 1935 1289 1961 Be-
1348 1933 1425 1959 alieni
1431 1933 1502 1968 sunt.

251 1971 305 1997 nef.
320 1979 348 2003 4,
362 1977 405 2004 27.
476 1970 523 1997 Vti
535 1969 668 1996 dementer
679 1968 814 1995 amoribus
837 1970 917 1997 Ouid.
930 1972 995 1998 Met.
1009 1980 1038 2004 4,
1052 1979 1106 2004 259.
1387 1974 1405 1994 D
1415 1975 1430 1994 L*
1439 1975 1461 1993 Μ
1473 1966 1485 1993 ἰ
1496 1973 1517 1994 G
1529 1975 1547 1994 R
1556 1975 1575 1994 0
1584 1988 1592 2000 ‚
1616 1972 1670 1996 are.
1706 1969 1718 2002 [
1730 1968 1857 2003 μετοικίζω
1869 1969 1883 2003 ]
1918 1970 2078 1996 Domicilium
2092 1975 2201 2001 mutare,
2223 1974 2246 1994 et
2259 1968 2308 1994 alio
2314 1967 2344 2002 se
2357 1965 2393 1993 ad.

287 2012 307 2032 D
316 2012 332 2032 Ε
343 2012 368 2032 M
379 2012 396 2031 Ε
405 2012 427 2031 N
437 2011 450 2031 S
458 2012 479 2031 V
488 2012 513 2031 M
522 2025 531 2038 ,
556 2005 610 2031 vid.
641 2011 660 2030 D
669 2011 685 2030 E
695 2012 719 2030 M
730 2011 746 2030 E
754 2010 793 2030 ΊἺ
803 2010 821 2030 O
830 2011 858 2030 R.
1349 2003 1508 2030 habitandum
1522 2003 1646 2039 conferre.
1683 2004 1738 2030 Cic.
1752 2003 1835 2031 Tusc.
1849 2013 1867 2035 1,
1880 2012 1917 2038 74
1929 2014 1952 2030 c.
1964 2013 1996 2035 3ο
2017 2005 2096 2030 Vetat
2105 2004 2176 2029 enim
2193 2002 2331 2029 dominans
2344 2002 2391 2028 ille

289 2047 333 2067 DE
343 2047 392 2067 ME
401 2047 420 2067 O
429 2060 437 2073 ,
459 2045 509 2067 vare.
545 2039 680 2073 [κάτειμι]
715 2039 832 2074 Dcorsum
842 2045 990 2075 penetrare,
1009 2039 1157 2075 dtsccndcre.
1194 2040 1289 2074 Apule·
1307 2047 1334 2074 53
1351 2039 1380 2064 in
1392 2038 1470 2064 nobis
1484 2039 1553 2065 Deus
1567 2039 1662 2065 iniussu
1681 2039 1742 2066 hinc
1756 2048 1803 2066 nos
1823 2040 1870 2066 suo
1883 2039 2039 2073 demigrare.
2111 2039 2266 2073 Demigrare
2280 2046 2312 2064 ex
2324 2047 2393 2064 cam-

253 2076 295 2103 ius
306 2077 370 2103 Met.
386 2078 402 2101 6
415 2085 438 2110 p.
453 2081 496 2106 180
521 2077 597 2109 Qae
610 2075 663 2101 suis
677 2074 789 2109 pedibus
803 2074 834 2101 ad
847 2075 995 2102 Tartarum
1009 2075 1129 2101 demeare
1142 2081 1289 2109 cogeretur.
1350 2073 1479 2108 pestribus
1493 2074 1559 2100 vicis
1572 2074 1695 2109 agrisque
1714 2075 1775 2101 Liu.
1788 2080 1827 2107 38,
1840 2080 1874 2105 18.
1944 2074 2130 2110 Plaut.Amph.
2144 2083 2164 2106 1,
2180 2083 2200 2105 1,
2216 2079 2243 2107 85
2263 2074 2393 2099 Animum.

249 2111 318 2142 Αείῑί.
335 2120 362 2138 ιο
377 2120 401 2145 p.
416 2118 472 2143 254.
1350 2109 1475 2135 amittunt
1489 2110 1571 2143 prius,
1583 2119 1663 2145 quam
1671 2111 1743 2137 Loco
1759 2110 1920 2144 demigrent:
1947 2117 2060 2146 correpta
2070 2111 2223 2146 penultima,
2247 2109 2314 2144 quod
2322 2108 2393 2135 docet

286 2153 304 2174 D
313 2154 329 2174 E
339 2154 363 2173 M
373 2154 389 2173 E
398 2144 497 2173 ACV⁵¹L
504 2152 575 2181 yM,
604 2145 624 2171 i.
642 2154 668 2172 n.
703 2144 827 2180 Deftevfio
846 2145 880 2171 ad
895 2146 948 2171 loca
956 2144 1127 2181 subterranea.
1162 2146 1290 2180 Apuleius
1348 2148 1421 2170 etiam
1435 2145 1571 2180 Remigro.
1627 2147 1663 2172 Ex
1675 2145 1802 2173 aedificiis
1835 2147 1906 2172 Caes.
1919 2146 1947 2172 B.
1963 2147 1995 2172 G.
2009 2155 2038 2180 4,
2053 2155 2079 2179 4.
2148 2145 2303 2179 Demigrant
2315 2144 2393 2170 Heli-

251 2184 316 2209 Met.
330 2185 345 2208 6
356 2181 403 2218 fieb
415 2184 474 2207 init.
488 2182 506 2207 s.
520 2191 543 2216 p.
560 2189 616 2215 174,
630 2189 651 2207 11
682 2180 724 2206 vbi
736 2180 827 2216 Pspche
845 2180 990 2215 deprecatur
1009 2184 1082 2206 etiam
1089 2187 1137 2215 per
1153 2181 1290 2207 illumina-
1350 2189 1417 2206 cone
1434 2180 1496 2207 deae
1523 2181 1584 2207 Stat.
1596 2181 1661 2208 Silu.
1682 2190 1703 2214 1,
1717 2190 1742 2214 2,
1754 2192 1782 2216 4.
1873 2182 1910 2207 Ex
1924 2182 1992 2215 agris
2007 2181 2035 2207 in
2048 2180 2141 2208 vrbem
2165 2181 2226 2206 Liu.
2240 2188 2260 2212 1,
2296 2199 2303 2205 .
2340 2198 2347 2205 .

252 2224 339 2245 tarum
347 2217 672 2251 Proserpinaenuptiarum
679 2215 827 2242 demeacula
840 2222 865 2242 et
879 2216 1068 2242 luminosarum
1077 2216 1147 2242 filiae
1157 2216 1289 2243 inuentio·
1297 2221 1332 2245 60
1349 2216 1386 2242 Ex
1399 2215 1498 2250 oppido
1507 2236 1516 2248 ,
1533 2222 1560 2242 et
1572 2226 1628 2243 aras
1643 2226 1672 2243 ac
1685 2217 1759 2244 focos
1772 2216 1924 2252 relinquere
1944 2217 1999 2244 Cic.
2013 2217 2042 2243 in
2055 2217 2141 2243 Pison.
2153 2224 2191 2248 91.
2261 2215 2300 2241 De
2315 2215 2392 2249 oppi-

251 2263 314 2280 num
334 2253 488 2280 remeacula.
560 2253 641 2278 Vetus
664 2251 864 2283 Onamasticon,
897 2252 1101 2283 Demeaculum,
1131 2252 1288 2287 καταποράα,
1349 2251 1389 2277 dis
1414 2252 1485 2278 Caes.
1498 2252 1527 2278 B.
1541 2252 1572 2278 G.
1589 2261 1615 2286 4,
1631 2261 1668 2286 19.
1738 2254 1769 2279 In
1782 2253 1839 2279 loca
1852 2252 1981 2288 quaedam
1998 2258 2107 2287 propter
2121 2251 2269 2278 bonitatem
2286 2249 2342 2276 Cic.
2358 2249 2392 2276 de

248 2292 267 2315 i.
281 2289 422 2325 Dqscenfiss.
546 2301 548 2303 ·
1348 2287 1379 2313 L.
1394 2287 1455 2320 Agr.
1473 2296 1497 2318 2,
1511 2296 1555 2319 42.
1593 2289 1640 2315 Per
1655 2289 1858 2314 translationem:
1883 2295 1926 2320 ut,
1948 2288 2102 2322 Demigrare
2117 2296 2148 2313 ex
2162 2287 2232 2316 vita,
2247 2292 2296 2322 pro
2310 2286 2391 2311 Mori.

285 2331 361 2351 DEM
371 2322 485 2356 13⁹REO,
517 2322 561 2354 ui,
587 2323 670 2355 itum,
693 2325 747 2349 ere.
784 2322 796 2356 [
811 2319 935 2358 κερδαίνω,
954 2322 1109 2356 περιποιξμαι
1122 2323 1134 2356 ]
1172 2323 1287 2349 Lucrari.
1348 2322 1404 2348 Cic.
1419 2330 1467 2356 pro
1483 2322 1573 2349 Rabir.
1590 2332 1621 2356 30
1652 2323 1862 2350 Fortissimorum
1875 2324 1977 2350 ciuium
1990 2330 2089 2350 mentes
2103 2331 2170 2357 quae
2183 2321 2252 2348 mihi
2264 2321 2391 2348 videntur

251 2359 317 2385 Gell.
331 2368 351 2392 1,
364 2365 377 2390 8
395 2359 454 2385 Lais
469 2357 618 2390 Corinthia,
632 2358 667 2384 ob
682 2358 846 2391 elegantiam,
858 2356 1073 2390 venustatemque
1086 2356 1199 2389 formae,
1213 2366 1287 2391 gran-
1347 2365 1378 2382 ex
1394 2356 1533 2385 hominum
1553 2358 1608 2385 vita
1620 2358 1653 2385 ad
1665 2358 1776 2385 deorum
1789 2359 1948 2393 religionem
1961 2365 1988 2385 et
2007 2358 2207 2385 sanctimoniam
2227 2356 2390 2391 demigrasse,

251 2394 310 2421 dem
329 2395 463 2429 pecuniam
482 2393 640 2419 demerebat.
712 2392 792 2418 Plaut.
808 2392 896 2418 Pseud.
912 2402 939 2426 4,
960 2400 987 2426 7,
1001 2400 1032 2417 20
1066 2391 1140 2425 Qud
1158 2393 1285 2418 mercedis
1300 2391 1331 2422 63
1347 2392 1444 2424 testor,
1464 2402 1523 2425 me,
1543 2400 1587 2419 etc.
1660 2394 1817 2428 Demigrare
1829 2394 1860 2420 de
1876 2394 1943 2421 statu
1956 2395 2003 2420 suo
2030 2395 2086 2420 Cic.
2102 2394 2155 2420 Att.
2172 2403 2201 2427 4,
2216 2395 2253 2419 16.
2314 2391 2390 2418 Idem

251 2431 349 2464 petasus
368 2429 447 2456 hodie
467 2429 576 2455 domino
597 2427 729 2453 demeret?
765 2426 812 2454 Sed
968 2425 988 2463 q
1007 2435 1024 2453 α,
1062 2429 1126 2453 Tum
1145 2429 1288 2462 Demereo,
1349 2427 1474 2453 Paradox.
1492 2436 1507 2452 2
1539 2429 1689 2455 Mortemne
1702 2430 1770 2455 mihi
1783 2430 1932 2462 minitaris,
1957 2436 1986 2455 vt
1999 2431 2112 2456 omnino
2125 2429 2157 2455 ab
2170 2426 2338 2455 hominibus:
2357 2435 2391 2452 an

250 2471 301 2491 tum
314 2465 466 2495 Demereor,
480 2467 532 2490 itus
546 2465 609 2494 sum,
622 2463 670 2488 eri.
705 2463 806 2494 Depon.
819 2461 952 2497 Significat
964 2464 1059 2489 Merito
1072 2464 1154 2498 aliquo
1159 2462 1211 2496 fibi
1223 2465 1286 2489 alios
1348 2462 1477 2494 exilium,
1501 2468 1530 2488 vt
1549 2462 1581 2488 ab
1601 2463 1731 2497 improbis
1750 2463 1951 2497 demigrandum
1963 2463 2011 2489 fit?
2082 2464 2139 2489 Cic.
2159 2463 2188 2488 in
2205 2463 2293 2488 Vatin.
2316 2471 2337 2487 c.
2359 2464 2389 2487 16

252 2497 431 2535 constringere,
449 2502 530 2534 inquit
550 2498 619 2524 Valla
633 2501 659 2523 in
671 2496 835 2532 Raudensem:
855 2497 1032 2532 etAccufiniuo
1043 2500 1168 2533 iungitur.
1204 2498 1285 2525 Ouid.
1349 2498 1467 2524 Strumae
1482 2497 1597 2532 deniqne
1610 2498 1643 2524 ab
1657 2507 1704 2524 ore
1716 2499 1840 2533 improbo
1855 2498 2045 2532 demigrarunt.

254 2535 331 2568 Epist.
350 2543 372 2567 2,
389 2540 426 2566 138
446 2534 565 2561 Crimine
579 2539 604 2560 te
618 2533 694 2567 potui
706 2531 859 2558 demeruisse
871 2539 940 2556 meo.
995 2531 1076 2557 Plaut.
1090 2533 1192 2559 Mostel.
1206 2542 1285 2566 3,2,2
1384 2539 1427 2558 DE
1437 2540 1460 2558 M
1473 2539 1481 2558 1
1495 2540 1603 2559 GRAT
1613 2541 1621 2559 1
1631 2540 1649 2560 ο
1659 2553 1667 2566 ,
1688 2534 1756 2560 onis.
1777 2535 1796 2560 f.
1834 2533 1935 2566 Aemyl.
1950 2533 2049 2560 Probus
2065 2541 2084 2564 1,
2099 2541 2118 2564 1,
2135 2541 2147 2558 2
2178 2533 2268 2564 Qmm
2279 2538 2389 2564 magnus

254 2571 311 2597 Nec
325 2571 371 2604 qui
384 2571 437 2596 esca
451 2578 501 2596 vna
513 2569 562 2595 fibi
574 2577 614 2594 me
629 2567 788 2594 demeruerit
800 2566 892 2600 magis.
963 2566 1039 2592 Plura
1051 2567 1126 2600 saepe
1138 2574 1286 2601 peccantur,
1294 2576 1329 2602 70
1347 2576 1472 2594 numerus
1486 2569 1544 2594 esset
1553 2588 1561 2600 ,
1588 2574 1614 2595 et
1626 2569 1706 2595 multi
1719 2570 1775 2595 eius
1791 2569 1991 2602 demigrationis
2011 2573 2129 2602 peterent
2142 2567 2301 2593 societatem.

254 2605 317 2631 dum
330 2605 508 2637 demeremur,
528 2613 606 2639 quam
621 2603 683 2629 dum
705 2602 863 2629 offendimus
882 2601 950 2627 Tac.
966 2602 1033 2627 Ann.
1053 2610 1088 2635 ις,
1100 2611 1139 2634 21,
1152 2611 1176 2629 2.
1231 2603 1286 2629 Ali·
1383 2609 1427 2628 DE
1437 2610 1460 2627 M
1471 2610 1509 2629 IN
1519 2610 1539 2629 α
1549 2610 1584 2634 0,
1604 2606 1657 2629 ere.
1678 2604 1751 2636 ἐξερῶ
1768 2604 1847 2629 Gloss'.
1860 2605 1918 2629 Lat.
1931 2604 1977 2630 Gt.

272 2649 332 2666 uem
344 2640 472 2667 demereri
499 2639 627 2673 Qiine’til.
641 2647 667 2671 9,
682 2648 700 2665 1.
756 2636 948 2664 Amantiffimos
967 2636 1007 2662 sui
1026 2637 1143 2670 pleniori
1157 2638 1286 2672 obsequio
1383 2644 1401 2664 D
1410 2644 1426 2664 E
1437 2644 1461 2663 M
1470 2645 1479 2663 1
1490 2645 1511 2664 N
1521 2645 1539 2663 O
1548 2645 1567 2664 R
1577 2645 1595 2664 0
1604 2659 1613 2671 ,
1631 2642 1683 2664 are.
1703 2638 1822 2665 Tertull.
1833 2638 1864 2665 de
1871 2638 1966 2665 Anima
1980 2647 2001 2664 c.
2015 2645 2043 2670 33
2061 2637 2250 2664 Deminoratur
2262 2635 2318 2662 illic
2331 2634 2389 2665 ille,

254 2650 384 2702 demereri
402 2675 531 2708 Qninehl.
545 2684 662 2709 prooem.
678 2683 696 2700 1.
766 2673 912 2700 Ciuitatem
926 2670 1057 2697 demereri
1071 2671 1202 2698 beneficio
1221 2674 1282 2699 Liu.
1345 2675 1364 2698 i.
1378 2673 1483 2704 honore,
1496 2672 1588 2708 fama,
1604 2676 1735 2700 minuitur.
2264 2703 2271 2708 ·
2368 2702 2375 2707 .

253 2720 277 2745 3,
292 2716 325 2741 18.
379 2710 459 2737 Ouid.
472 2710 504 2736 ad
517 2711 621 2736 Liuiam
634 2719 671 2741 131
697 2711 773 2742 Qme
786 2717 840 2734 non
854 2716 903 2742 ego
916 2707 1025 2732 numina
1038 2706 1125 2739 cultu,
1147 2708 1222 2740 Qios
1236 2716 1285 2741 ego
1383 2714 1401 2732 D
1411 2713 1426 2732 F,
1436 2714 1459 2731 M
1468 2715 1476 2731 1
1487 2715 1507 2732 N
1518 2713 1538 2732 ο
1549 2715 1567 2733 R
1577 2715 1598 2733 A
1610 2714 1632 2733 T
1645 2716 1654 2733 1
1664 2715 1683 2734 o
1693 2727 1702 2739 ,
1723 2707 1789 2733 finis.
1811 2708 1830 2733 f.
1865 2707 1971 2741 Vulgat.
1986 2706 2066 2734 Sirac.
2080 2715 2120 2740 22,
2136 2716 2149 2739 3
2181 2705 2250 2732 Filia
2263 2712 2292 2729 m
2305 2702 2388 2729 demi-

253 2755 307 2772 non
322 2747 397 2780 potui
408 2746 567 2772 Demeruisse
580 2746 666 2771 Deos?
700 2743 831 2771 Columel.
846 2752 865 2775 1,
881 2751 907 2776 4,
917 2747 930 2772 8
953 2742 1095 2768 Iucundius
1108 2742 1200 2776 vtique
1214 2743 1285 2774 viro,
1297 2745 1329 2772 75
1346 2741 1486 2767 noratione
1499 2741 1559 2773 fiet,
1578 2741 1614 2766 ἐπ’
1637 2742 1767 2767 ἐλαττώσει
1782 2741 1912 2774 γενήσεταί.

252 2781 272 2808 si
284 2781 363 2807 etiam
380 2787 499 2808 matrona
518 2780 702 2812 comitabitur,
725 2781 799 2805 cuius
813 2785 840 2806 vt
853 2779 942 2809 sexus,
962 2778 999 2804 ita
1017 2777 1119 2804 animus
1136 2777 1172 2803 est
1190 2777 1284 2803 delica-
1381 2783 1398 2802 D
1407 2783 1423 2802 Ε
1433 2783 1456 2801 Μ
1465 2784 1474 2802 1
1484 2782 1506 2801 N
1515 2783 1537 2802 v
1548 2782 1581 2808 ο,
1594 2786 1647 2802 cum
1667 2778 1814 2808 Deriuatis,
1834 2777 1901 2812 quod
1911 2779 2027 2804 maiorem
2033 2782 2133 2813 partem
2144 2774 2320 2810 biccpertirzct,
2331 2772 2387 2799 vid.

252 2817 320 2843 tior:
341 2816 511 2851 quamobrem
531 2816 686 2843 amoenitate
705 2815 792 2850 aliqua
809 2813 966 2841 demerenda
985 2813 1049 2846 erit,
1072 2822 1126 2848 quo
1144 2813 1285 2848 patientius
1345 2818 1496 2838 DlMxNv
1508 2817 1539 2838 ο.
1635 2846 1640 2850 ἡ

251 2858 371 2879 moretur
384 2861 442 2878 cum
458 2852 528 2878 viro.
1381 2854 1400 2873 D
1408 2854 1424 2873 E
1434 2854 1458 2872 M
1469 2848 1507 2872 iR
1516 2853 1535 2873 O
1545 2853 1564 2873 R
1574 2866 1582 2879 ‚
1602 2850 1652 2873 ari.
1671 2847 1737 2881 Dcp.
1757 2845 1945 2883 [ὑπεράγαμοα]
1968 2846 2044 2874 Valde
2055 2846 2155 2872 mirari.
2174 2843 2242 2870 Ter.
2251 2844 2388 2883 Heaut32,

287 2894 331 2914 DE
341 2886 439 2914 Mfflti
448 2895 469 2914 'r
480 2895 538 2920 vs,
563 2895 586 2919 a,
612 2895 665 2913 um.
701 2886 792 2914 Partic.
826 2884 976 2912 'Demeritas
989 2883 1051 2911 dare
1064 2883 1177 2910 laetitias
1200 2883 1284 2910 Plaut.
1345 2890 1368 2914 3,
1379 2891 1418 2908 121
1440 2882 1474 2908 At
1487 2882 1538 2908 hoc
1553 2881 1687 2915 demiror,
1709 2880 1754 2916 qui
1769 2888 1822 2908 tam
1837 2882 1913 2908 facile
1930 2882 2048 2917 potueris
2063 2879 2216 2915 persuadere
2232 2879 2292 2918 illi„
2318 2878 2387 2905 le.

249 2923 338 2950 Pseud.
352 2931 378 2955 2,
392 2932 419 2955 4,
434 2930 471 2956 14.
1297 2922 1329 2948 80
1345 2926 1382 2949 31,
1396 2920 1413 2944 6
1426 2918 1444 2944 s.
1459 2926 1490 2950 32
1518 2918 1666 2944 Homerum
1685 2917 1833 2944 calidorum
1852 2918 1970 2944 fontium
1987 2918 2151 2944 mentionem
2170 2924 2224 2942 non
2241 2914 2329 2940 fecisse
2344 2913 2388 2940 de-

288 2964 488 2990 DEMERGO,
511 2957 546 2990 fl,
570 2957 636 2989 sum,
666 2957 718 2983 ere.
754 2955 956 2990 [καταποντῖζω]
994 2954 1061 2981 Idem
1078 2954 1143 2989 quod
1160 2955 1284 2990 Met-gere,
1346 2954 1440 2979 miror.
1496 2953 1647 2985 Demirari,
1667 2961 1715 2987 pro
1735 2953 1858 2980 Nescire:
1877 2962 1938 2980 nam
1958 2952 2181 2983 admirationem,
2198 2953 2225 2976 in
2244 2953 2281 2976 uit
2299 2950 2387 2975 Dona-

249 2994 290 3020 vel
301 2995 461 3029 Immergcre,
482 3000 504 3019 ct
517 3002 581 3028 aqua
594 2992 698 3018 obruere.
733 2991 798 3017 Plin.
811 3000 852 3024 32,
862 3000 878 3018 2
892 2992 910 3017 s.
919 3000 931 3023 3
952 2991 1024 3017 Idem
1037 2990 1162 3024 loligines
1176 2990 1283 3016 euolare
1345 2994 1385 3015 tus
1399 3008 1406 3019 ‚
1425 2989 1574 3023 ignorantia
1590 2988 1663 3015 facit.
1733 2989 1800 3016 Ter.
1816 2989 1921 3016 Phorm.
1940 2998 1959 3022 1,
1971 2996 1993 3022 5,
2007 2996 2020 3022 5
2045 2987 2121 3021 Qid
2137 2985 2207 3014 mihi
2241 2985 2324 3012 ‘centz
2339 2988 2386 3011 aut

250 3037 281 3054 ex
296 3038 363 3063 aqua
380 3028 475 3061 tradit,
491 3034 560 3054 tanta
573 3026 751 3057 multitudine⁷
763 3033 791 3053 vt
805 3027 912 3061 nauigia
925 3027 1085 3059 demergant.
1138 3026 1283 3052 Obscenam
1344 3033 1423 3059 quam
1438 3024 1538 3050 causam
1552 3024 1702 3058 reperient?
1721 3024 1849 3051 demiror.

251 3064 333 3090 Ponto
348 3063 492 3098 demergite
510 3064 617 3098 puppim
637 3061 717 3088 Ouid.
734 3062 811 3096 Epist.
825 3070 848 3095 ς,
862 3071 909 3094 119.
945 3063 989 3088 Al.
1003 3063 1045 3088 DI
1060 3062 1180 3095 mergite.
1234 3062 1283 3087 Ca·
1381 3067 1424 3086 DE
1434 3066 1458 3085 M
1468 3067 1477 3085 1
1487 3067 1565 3086 RAN
1575 3067 1593 3086 D
1604 3067 1660 3091 vs,
1678 3068 1702 3091 a,
1723 3069 1777 3086 um.
1814 3060 1906 3087 Partic.
1941 3059 2010 3086 Gell.
2031 3061 2069 3091 16,
2084 3063 2117 3088 18.

251 3105 297 3134 put
315 3099 441 3134 demergit
462 3098 553 3125 cornix
572 3107 618 3133 per
637 3098 717 3124 litora
745 3098 801 3124 Cic.
815 3097 846 3124 de
867 3098 960 3124 Diuin.
982 3106 1002 3129 1,
1021 3106 1058 3130 ¹4·
1130 3097 1185 3123 Rex
1202 3105 1282 3122 naues
1299 3096 1327 3125 85
1379 3096 1632 3127 DEMiRA’Tvs,
1652 3103 1676 3127 a,
1696 3103 1750 3121 um.
1787 3096 1880 3122 Partic.
1917 3095 1984 3122 Gell.
1999 3104 2020 3127 1,
2035 3103 2072 3130 ¹7·
2088 3101 2112 3120 et
2124 3101 2166 3124 20,
2181 3101 2219 3119 10.

252 3143 340 3160 omnes
353 3134 472 3161 demersit
490 3136 564 3160 Curt.
579 3142 606 3166 4,
620 3141 647 3165 4,
662 3142 686 3165 9.
757 3133 848 3159 Semen
860 3133 1012 3167 demergere
1031 3132 1162 3158 Columel.
1176 3141 1198 3164 3,
1213 3136 1246 3163 18,
1262 3141 1281 3158 1.
1380 3137 1399 3157 D
1408 3137 1422 3156 E
1432 3137 1456 3156 M
1467 3138 1475 3156 1
1485 3138 1504 3156 R
1513 3138 1534 3157 A
1544 3137 1559 3157 Β
1568 3138 1587 3157 ν
1597 3138 1617 3157 N
1628 3138 1646 3157 D
1656 3137 1695 3156 VS
1704 3150 1712 3162 ‚
1731 3139 1756 3163 a,
1775 3140 1828 3157 um.
1865 3131 2002 3166 Augustin.

253 3169 283 3194 In
297 3178 362 3203 aqua
374 3169 482 3197 demerfi
502 3170 558 3196 Cic.
570 3169 602 3194 de
616 3169 672 3194 Fin.
687 3177 709 3200 3,
722 3173 754 3202 48
767 3177 788 3194 c.
802 3177 841 3202 ¹4·
894 3169 925 3195 In
938 3177 1049 3195 coenum
1076 3168 1150 3194 Curt.
1165 3176 1189 3200 3,
1202 3176 1235 3200 13,
1251 3176 1282 3194 11.
1366 3173 1397 3206 ,D
1407 3173 1423 3192 Ε
1433 3173 1457 3192 Μ
1467 3173 1475 3192 1
1486 3173 1505 3192 R
1514 3170 1535 3193 Α
1544 3173 1564 3192 Τ
1573 3172 1582 3191 1
1592 3173 1627 3198 ο,
1648 3166 1715 3191 onis.
1733 3167 1751 3192 f.
1777 3166 1844 3202 apud
1857 3167 1980 3193 Martian.
1993 3164 2134 3199 Capellam.
2173 3181 2179 3188 -

252 3204 282 3229 ln
302 3204 390 3237 palude
407 3206 536 3232 demersus
564 3203 636 3230 Idem
651 3203 683 3230 de
697 3202 783 3230 Finib.
804 3212 828 3237 2,
842 3211 893 3236 105.
962 3205 994 3230 In
1011 3203 1146 3238 profundo
1165 3203 1281 3230 demersa
1380 3207 1399 3227 D
1408 3208 1423 3227 E
1434 3208 1455 3227 M
1466 3209 1473 3227 1
1483 3209 1515 3228 ss
1525 3208 1557 3233 E,
1579 3208 1621 3228 DE
1634 3208 1697 3228 3118
1706 3207 1769 3228 810
1781 3221 1788 3233 ‚
1808 3209 1825 3228 D
1835 3210 1850 3228 E
1861 3209 1883 3227 M
1895 3210 1902 3228 1
1913 3209 1925 3229 s
1935 3209 1947 3228 s
1956 3208 1977 3228 v
1987 3208 2015 3232 S,
2039 3199 2091 3225 vid.
2114 3204 2133 3224 D
2142 3204 2159 3224 E
2169 3204 2193 3222 M
2204 3204 2212 3222 1
2223 3199 2244 3223 T
2253 3202 2273 3222 T
2282 3202 2312 3235 o.

253 3239 347 3264 veritas
359 3240 392 3265 est
412 3241 448 3267 Id.
465 3240 541 3267 Acad.
557 3248 566 3266 1
581 3248 602 3265 c.
619 3247 653 3265 12.
1379 3242 1398 3262 D
1408 3244 1425 3263 E
1435 3244 1457 3262 M
1468 3244 1476 3262 ι
1486 3243 1507 3262 T
1518 3235 1557 3264 '1'G
1567 3243 1601 3269 o,
1620 3240 1670 3263 are.
1697 3238 1894 3273 [καταπραΰγω]
1932 3237 1998 3263 Idem
2012 3234 2075 3271 quod
2087 3234 2219 3268 Mitigarc.
2257 3231 2313 3257 Cic.
2327 3230 2382 3256 Art.

289 3279 308 3299 D
320 3279 335 3298 E
346 3281 418 3301 MER
428 3282 506 3308 svs,
526 3284 550 3307 a,
569 3283 622 3301 um.
652 3273 743 3300 Partic.
779 3274 810 3299 In
822 3272 898 3299 vndis
912 3272 1044 3299 demersus
1066 3273 1148 3300 Ouid.
1162 3275 1225 3300 Met.
1240 3283 1280 3308 14,
1288 3283 1324 3308 90
1341 3280 1362 3304 1,
1378 3280 1401 3304 13
1411 3290 1416 3293 ι
1427 3271 1605 3307 Nosmetipsi,
1627 3272 1676 3307 qui
1694 3272 1824 3307 Lycurgei
1841 3281 1856 3299 a
1874 3271 2008 3308 principio
2025 3269 2174 3299 fuissemus,
2204 3265 2326 3302 quotidie
2339 3265 2382 3290 de-

253 3309 304 3339 613.
358 3308 415 3335 Liu.
429 3319 452 3342 2,
465 3319 494 3343 29
513 3312 615 3337 Totam
627 3308 730 3344 plebem
742 3308 810 3334 Aere
826 3308 912 3335 alieno
931 3308 1073 3335 demersam
1087 3310 1149 3335 csse:
1169 3318 1216 3335 nec
1229 3309 1281 3336 sisti
1340 3307 1505 3341 mitigemur.
1817 3308 1819 3310 ’
2181 3337 2187 3345 .
2328 3327 2331 3328 γ

253 3343 335 3376 posse,
358 3343 387 3369 ni
405 3345 523 3372 omnibus
544 3346 707 3372 consulatur:
728 3344 793 3377 quin
810 3343 828 3370 si
842 3344 893 3369 alia
912 3344 1025 3370 aliorum
1045 3344 1074 3370 fit
1086 3344 1222 3377 conditio,
1241 3353 1282 3371 ac·
1379 3348 1582 3375 ΩΕΜιΤΤο,
1605 3342 1678 3374 miii,
1704 3343 1823 3375 miffum,
1851 3344 1904 3369 ere.
1941 3341 2074 3375 [καθῖημι.
2093 3338 2224 3378 gustulum]
2260 3334 2380 3375 Df'O'fi‘m

253 3377 329 3415 cendi
343 3378 423 3412 magis
437 3378 606 3413 discordiam,
631 3389 709 3415 quam
728 3378 819 3405 sedari.
892 3379 1000 3404 Animus
1019 3388 1049 3405 ex
1063 3380 1183 3406 altissimo
1195 3380 1280 3406 domi·
1342 3380 1447 3405 mittere.
1484 3378 1586 3404 Sallust.
1601 3377 1669 3404 Hist.
1683 3387 1694 3409 3
1722 3379 1790 3404 Cum
1806 3377 1935 3404 machinis
1960 3377 2009 3407 (al.
2025 3373 2192 3404 machinato)
2213 3373 2320 3411 strepitu
2335 3370 2381 3412 fle-

253 3411 316 3437 cilio
328 3412 454 3446 deprcss'us
467 3419 491 3439 ct
504 3416 571 3448 quasi
584 3416 715 3442 demersus
729 3414 757 3440 in
769 3420 866 3440 terram
892 3414 948 3440 Cic.
963 3414 995 3440 dc
1008 3415 1108 3441 Sence't.
1122 3423 1166 3449 77.
1212 3416 1281 3442 Hor.
1342 3414 1446 3440 missum
1460 3413 1590 3439 viftoriac
1603 3413 1766 3439 iimulacrum
1780 3422 1904 3440 coronam
1919 3412 1998 3446 capiti
2011 3409 2172 3444 imponebat.
2243 3407 2316 3439 V1rg·
2326 3405 2379 3432 hcl-

253 3447 339 3472 carm.
358 3456 380 3478 3,
396 3450 432 3479 16,
445 3456 467 3479 ι3
503 3450 623 3477 Concidit
640 3450 754 3484 Auguris
773 3449 868 3483 Argiui
887 3449 980 3475 domus
993 3449 1028 3475 ob
1043 3450 1144 3476 lucrum
1157 3451 1280 3478 Demersa
1292 3455 1324 3480 95
1341 3459 1370 3482 4,
1384 3457 1401 3483 7
1420 3450 1473 3475 lam
1494 3457 1563 3474 ”01¹³
1577 3449 1716 3483 progenies
1736 3449 1807 3475 caelo
1829 3448 1978 3474 demittitur
1997 3446 2060 3472 alto.
2131 3441 2261 3483 Colffflld·
2276 3450 2314 3473 ¹2,
2327 3444 2352 3473 6»
2364 3449 2382 3467 2

253 3481 344 3507 exitio.
365 3483 389 3507 h.
403 3492 421 3508 ι’,
442 3482 548 3508 Deiec'ta
567 3484 637 3512 hiatu
657 3485 768 3513 telluris.
804 3486 899 3510 Acron.
969 3485 1071 3518 Equus,
1091 3485 1118 3510 in
1134 3495 1187 3520 quo
1200 3486 1279 3512 vehe-
1342 3484 1397 3511 Vbi
1409 3484 1511 3511 dulcem
1525 3485 1626 3510 caseum
1641 3484 1783 3510 Demiseris
1796 3484 1825 3510 in
1837 3493 1910 3515 eam,
1931 3483 1958 3508 tlt*
1970 3485 2059 3507 muria.
2115 3482 2258 3506 Demitterc
2280 3485 2379 3517 equum

251 3516 314 3547 bar,
344 3515 474 3543 demersus
492 3526 542 3543 vna
560 3527 675 3551 mecum,
711 3521 799 3547 rursus
811 3518 931 3553 apparuit
966 3519 1021 3545 Cic.
1035 3519 1066 3544 de
1085 3520 1146 3547 Diu.
1165 3530 1177 3547 2
1196 3531 1217 3547 c.
1237 3524 1278 3552 68.
1342 3521 1370 3546 in
1384 3521 1481 3546 flumen
1500 3520 1557 3546 Cic.
1572 3520 1604 3545 de
1618 3519 1710 3545 Diuin.
1728 3528 1747 3551 ι,
1761 3527 1800 3553 73.
1837 3519 1895 3544 Cum
1908 3518 1992 3544 Ablat.
2013 3517 2127 3543 Demitti
2140 3516 2166 3541 in
2180 3521 2246 3546 aque]
2262 3512 2379 3539 seruent!

251 3550 323 3577 Idem
337 3551 388 3590 Off.
404 3560 426 3582 2,
442 3560 476 3584 24
500 3554 627 3585 Qiamuis
641 3556 709 3581 cuim
725 3555 872 3582 dermcrsae
891 3554 939 3580 fint
954 3554 1033 3587 Leges
1050 3554 1158 3582 alicuius
1173 3556 1278 3590 opibus,
1341 3555 1460 3582 Scribon.
1476 3563 1522 3586 123.
1579 3556 1609 3580 Et
1624 3555 1765 3581 Demissum
1778 3555 1806 3580 in
1819 3563 1885 3588 aqua
1898 3554 1999 3579 ferrum
2014 3552 2123 3578 candens
2130 3549 2223 3579 Iti-132.
2237 3550 2293 3579 146.
2310 3583 2315 3587 .
2331 3546 2379 3575 Sed

253 3595 372 3620 quamius
386 3586 518 3613 timefacta
531 3587 651 3619 libertas,
671 3596 714 3615 etc.
784 3590 896 3617 Patriam
909 3589 1051 3615 demersam
1065 3591 1149 3616 extuli
1177 3592 1215 3618 Id.
1228 3602 1277 3626 pro
1343 3592 1424 3617 Auem
1446 3591 1518 3617 caelo
1541 3590 1680 3616 demittere
1701 3589 1804 3624 (funda
1822 3590 1862 3615 vel
1874 3590 1943 3623 telo)
1963 3589 2014 3614 uid.
2030 3583 2227 3614 Drakenborch.
2247 3583 2278 3609 ad
2291 3583 2337 3609 Sil.
2352 3591 2379 3615 2,

251 3620 313 3647 5⁰11·
333 3626 363 3654 87
385 3630 405 3646 c.
427 3630 460 3650 ³¹·
1286 3635 1332 3652 100
1342 3629 1385 3659 96.
1405 3630 1424 3652 i.
1447 3629 1578 3656 traiicere,
1598 3632 1627 3651 vt
1642 3625 1747 3651 decidat.
1804 3624 1927 3658 Defotlere
1947 3625 2023 3659 Virg.
2040 3625 2133 3654 Georg.
2149 3628 2174 3658 2,
2193 3627 2233 3650 231
2266 3618 2379 3658 Alteque

270 3663 326 3695 ‘DE
337 3663 358 3681 M
368 3663 383 3681 1:
394 3664 409 3681 R
420 3663 463 3695 sy*
473 3664 501 3688 s,
523 3655 559 3682 (ts.
580 3666 614 3682 m.
649 3658 725 3690 Apul.
739 3659 814 3692 Apol.
830 3670 854 3694 p.
870 3665 918 3693 287
939 3659 1021 3685 Leuia
1033 3658 1199 3692 sustentatui‚
1220 3669 1276 3695 gra·
1340 3662 1446 3688 iubebis
1461 3662 1489 3688 in
1504 3661 1589 3687 solido
1603 3666 1711 3694 puteum
1731 3660 1858 3690 Demitti,
1879 3666 1923 3685 stc.
1995 3656 2130 3686 Imbecilla
2142 3653 2336 3695 vmapdemiss'is
2349 3662 2378 3679 ln

250 3699 293 3717 ”¹¹³
308 3691 446 3717 demessffl·
1341 3703 1437 3723 terram
1453 3697 1533 3723 doliis
1547 3695 1685 3725 seruanda,
1709 3695 1797 3721 valida
1812 3695 1934 3728 expolitis
1959 3695 2024 3721 Plin.
2040 3702 2076 3726 14,
2089 3699 2122 3716 ει.
2198 3691 2322 3715 formulas
2330 3694 2378 3722 pa-

284 3732 301 3751 D
312 3733 327 3752 Ε
337 3732 359 3751 Μ
369 3733 383 3751 ij
395 3733 412 3751 R
423 3733 481 3752 310
492 3746 499 3757 ,
517 3725 580 3751 finis.
601 3726 620 3751 f.
657 3725 730 3752 Idem.
753 3727 869 3753 Macrob.
883 3730 970 3755 Somn.
983 3729 1049 3763 Scip.
1064 3737 1084 3761 1,
1099 3737 1135 3755 12.
1155 3735 1178 3756 ee
1191 3730 1273 3757 Solin.
1339 3735 1376 3757 rit
1389 3736 1489 3763 varias,
1509 3742 1535 3758 υ.
1548 3742 1573 3768 g.
1629 3730 1737 3756 Robora
1760 3730 1898 3756 demittere
1912 3731 1993 3760 ferro,
2008 3727 2040 3761 est
2053 3726 2155 3752 Caedere
2169 3725 2269 3751 arbores
2289 3724 2377 3750 Valer.

248 3769 268 3789 ⁰·
282 3769 313 3794 43
334 3760 446 3787 Vl‘bilffl‘
460 3761 595 3787 demersio·
1339 3767 1465 3802 Argon.1‚
1473 3776 1517 3801 94.
1588 3766 1678 3793 Tacit.
1694 3767 1761 3791 Ann.
1777 3774 1849 3801 15,73
1870 3767 1902 3791 At
1916 3767 1943 3792 in
1951 3766 2042 3792 Senatu
2056 3761 2155 3788 cunelis
2169 3767 2197 3786 vt
2210 3760 2304 3793 cuique
2318 3759 2376 3793 plu-

283 3802 325 3822 DE
335 3803 358 3822 M
370 3804 385 3822 ε
395 3804 411 3822 R
422 3804 433 3821 s
443 3805 476 3829 o,
497 3800 547 3823 arc.
585 3796 725 3829 frequent.
758 3796 879 3824 Μαι-(ιω.
892 3798 995 3832 Capella
1010 3804 1032 3830 8.
1067 3820 1073 3827 .
1111 3820 1118 3825 .
1288 3812 1329 3839 ¹05
1338 3802 1436 3831 timum
1457 3802 1587 3832 moeroris
1607 3803 1639 3830 In
1650 3801 1831 3829 adulationem
1851 3801 1986 3831 demissus,
2005 3804 2049 3825 etc.
2119 3795 2199 3823 Ouid.
2214 3795 2276 3822 Met.
2291 3800 2313 3825 ε,
2327 3800 2375 3828 834

2260 3829 2372 3864 Plusque
