2479 4225
287 196 357 241 237
671 180 936 224 DVO

289 279 350 306 teris
365 277 389 305 P.
405 277 462 303 dua.
498 280 526 305 82
543 273 649 301 Resinae
667 270 858 299 terebinthinae
875 264 951 301 pond·
969 261 1035 294 dua,
1055 267 1080 288 et
1096 260 1126 287 id

289 325 315 341 v.
334 323 358 349 g.
383 314 433 339 206
453 310 558 337 Refinae
577 308 758 343 Colophoniae
779 307 803 331 P.
823 312 879 330 1111.
909 298 982 333 (vid.
1001 299 1049 334 leg.
1062 297 1130 338 111.)
1180 332 1183 335 .

292 350 392 376 bessem.
442 347 551 381 Denique
571 350 615 377 238
642 343 726 370 Postea
740 349 817 378 cerae
829 339 854 364 P.
871 336 921 361 dua
934 333 987 375 bes.
1026 334 1073 375 *In
1086 332 1125 372 his
1137 329 1225 355 talibus
1238 333 1309 370 tanto

292 386 369 409 maior
385 381 492 417 confusio
512 380 627 412 videtur,
644 377 707 414 quod
721 377 784 402 alias
801 372 877 398 libras
897 368 1003 395 adiicere
1021 378 1049 394 m
1065 368 1111 393 eali
1129 374 1155 391 re
1167 364 1247 400 solet,
1266 364 1308 389 vbi

295 418 427 480 &gg-pel
438 412 712 486 dgggdgziib{?,pgei
729 441 837 477 Cyprini
855 438 944 474 pondo
964 438 1034 465 libra
1066 451 1112 457 —-
1145 433 1199 461 olei
1216 435 1313 461 veteris

295 487 383 515 Pondo
399 487 456 513 dua.
497 487 569 513 Talia
581 491 622 509 net:
635 479 769 506 damnanda
782 483 868 503 temere
876 496 885 508 ,
902 484 945 500 nec
959 472 1091 512 imitanda.

333 530 351 548 D
362 530 381 548 V
390 529 409 549 Ο
417 529 436 549 D
445 528 461 548 Ε
470 528 529 548 0113
538 528 550 546 s
559 539 565 544 .
599 515 665 542 Adu.
700 510 859 546 [δωδεκάκις]
893 509 1007 536 Pseudo·
1015 509 1069 535 Cic.
1083 514 1111 532 in
1123 504 1223 531 Sallust.
1260 523 1268 531 .

298 559 341 585 Ne
354 558 454 584 causam
467 556 573 583 diceret,
591 549 705 577 sestertio
718 543 856 573 duodecies
868 555 928 572 cum
941 545 1049 572 Caesare
1060 540 1208 576 paciscitur.
1242 539 1315 566 Duo.

299 589 657 655 deiiexigifacqiiyeffiif?
677 589 810 651 ιῗέἑιδικα]
847 615 902 642 Cic.
918 615 949 641 de
960 615 1039 654 regg.
1054 621 1078 644 2,
1093 619 1124 644 59
1143 619 1165 636 c.
1179 618 1208 642 23
1227 609 1315 652 pisce-

299 663 390 691 bamus
407 662 473 689 enim
486 657 559 693 pueri
573 654 723 684 duodecim,
739 657 764 678 et
775 660 878 678 carmen
889 650 1066 691 necessarium.
1101 645 1270 685 Compendium
1283 644 1317 678 es}

299 698 422 735 loquendi,
442 703 483 730 quo
494 691 695 729 significabantur
712 688 793 721 Leges
814 686 953 712 duodecim
970 684 1127 711 tabularum.
1198 682 1230 708 Et
1249 680 1315 707 ibid.

301 733 386 767 Qiid,
409 732 451 764 qui
469 729 523 762 post
537 725 669 753 duodecim
689 723 717 749 in
731 722 795 748 vrbe
813 721 908 756 sepulti
928 721 987 746 sunt
1001 719 1064 746 clari
1076 717 1151 744 viri?
1207 717 1238 743 Et
1254 725 1277 750 p.
1291 725 1315 750 p.

1136 267 1208 296 genus
1220 257 1305 291 plura,

1149 294 1190 321 vel
1212 292 1262 318 dua
1281 299 1307 319 et

300 771 352 796 Iam
365 765 456 793 caeteri
471 766 498 790 in
512 760 662 791 Duodecim,
678 765 722 784 etc.
760 758 822 784 Sum
833 760 896 782 enim
910 755 1036 791 ibiplura.
1072 754 1126 780 Cic.
1136 752 1168 779 de
1182 752 1260 786 Legg.
1271 760 1290 784 i,
1305 758 1317 783 ς
1337 759 1363 787 ¹⁵
1382 749 1458 782 pleX,
1475 754 1519 775 aut
1531 748 1642 782 dupleX,
1660 753 1705 773 aut
1719 757 1764 782 par
1781 750 1837 775 Cic.
1850 750 1877 774 in
1890 749 1963 775 Orat.
1978 757 2030 782 193.

295 805 403 840 plenius,
419 798 559 825 Duodecim
572 794 683 821 tabulae.
797 826 803 831 .

332 843 377 863 ov
389 837 598 861 ODECIMVS,
617 838 646 861 a,
665 837 718 854 um.
754 825 814 852 Adi.

298 873 328 898 G.
342 879 365 900 2,
378 878 415 901 23.
481 866 570 893 Tacit.
584 866 651 891 Ann.
667 873 701 896 ις,
715 865 740 895 6,
754 871 804 903 23,
901 895 907 900 ⁵

298 904 456 933 Duodecimo
473 902 583 928 Turnus
603 899 700 926 diuinis
721 897 818 925 occidit
841 902 929 923 armis.

296 941 375 1001 Β,θῦν
383 946 483 1000 ἓύἒσ
494 977 579 998 ΙΜΟ.
616 969 683 997 Adu.
720 968 758 995 Fl.
778 965 933 993 Domitiano
951 963 1111 991 duodecimo
1128 970 1153 990 et
1172 964 1252 990 Corn.
1267 964 1320 990 Do-

296 1010 387 1037 labella
401 1009 471 1034 Coss.
483 1007 531 1034 Iul.
545 1005 685 1040 Capitolin.
704 1004 733 1030 iu
746 1004 843 1029 Anton.
858 1001 904 1027 Pio
919 1009 937 1026 ι.
972 999 1187 1039 A13Du0decies.
1291 1034 1296 1039 ,

329 1051 347 1071 D
358 1050 377 1069 v
389 1050 408 1070 o
417 1049 434 1068 D
443 1049 458 1069 E
468 1049 483 1069 C
493 1049 509 1068 E
518 1048 539 1067 N
550 1049 571 1067 N
582 1048 590 1067 1
602 1048 630 1072 s,
647 1050 669 1067 e.
705 1038 764 1065 Adi.
800 1037 869 1071 Sulp.
889 1037 974 1062 Seuer.
989 1035 1057 1061 Dial.
1074 1043 1098 1067 3,
1117 1043 1133 1061 2
1157 1033 1318 1061 Paterfamil.

294 1080 484 1107 duodecennem
496 1076 529 1103 ab
540 1082 616 1103 vtero
631 1080 728 1102 mutam
741 1073 853 1108 puellam
864 1071 981 1098 Martino
999 1070 1086 1104 coepit
1099 1069 1203 1096 offerre.
1245 1069 1319 1096 Idem

855 826 902 857 Vt,
923 825 1084 851 Duodecima
1103 823 1187 857 Legio
1205 823 1275 849 Caes.
1288 823 1318 849 B.

839 862 899 886 Vet.
915 860 991 887 Auel.
1006 861 1114 893 Argum.
1132 859 1161 884 in
1173 859 1237 884 Aen.
1245 858 1320 892 Virg.

1001 894 1166 921 Duodecimo
1186 893 1229 920 die
1248 894 1320 920 Caes.

294 1115 362 1143 Dial.
381 1123 400 1145 1,
419 1122 455 1145 10,
478 1109 603 1139 coneneie
621 1110 792 1139 Duodennis;
817 1114 890 1144 atque
906 1109 944 1133 ita
957 1109 984 1131 in
998 1106 1072 1133 MSto
1085 1107 1191 1141 reperiri
1207 1104 1321 1139 Vorstius
1337 1106 1369 1132 ²5
1385 1101 1445 1136 plex
1465 1101 1580 1136 pretium
1599 1111 1680 1136 quam
1699 1101 1817 1128 caeteris.

292 1151 426 1178 adnotauit.
968 1178 972 1182 ι
1070 1178 1074 1182 .

329 1192 348 1212 D
357 1192 376 1211 v
385 1191 402 1211 0
412 1191 429 1210 D
440 1183 456 1209 fi
466 1190 486 1209 N
496 1189 505 1207 Ι
513 1201 521 1213 ,
540 1189 579 1212 ae,
599 1190 621 1207 a.
646 1179 706 1207 Adi.
732 1176 893 1214 [δωδέκατοι]
936 1173 1131 1208 Distributzuum
1140 1195 1148 1208 ,
1166 1184 1212 1211 quo
1225 1175 1321 1202 Duode-

671 1216 726 1242 Cic.
740 1223 787 1249 pro
800 1214 829 1240 L.
841 1214 901 1246 Agr.
915 1216 947 1245 84
968 1210 1096 1238 Duodena
1108 1211 1208 1245 iugera.
1244 1211 1322 1245 Apud

295 1224 342 1248 cim
353 1219 459 1255 fingulis
470 1217 621 1244 tribuuntur.
846 1248 851 1252 Ι
1094 1247 1099 1251 η
1312 1247 1317 1251 .

814 1248 879 1274 Plin.
899 1255 929 1280 2,
950 1251 972 1276 8.
1044 1248 1184 1273 Pariuntur
1203 1245 1320 1273 duodeni

295 1257 354 1284 Liu.
373 1264 400 1287 i,
435 1273 442 1281 .
479 1273 485 1279 .
522 1250 644 1278 Duodeni
662 1251 746 1285 pedes,

295 1292 366 1320 Idem
385 1298 417 1323 ιι,
429 1296 466 1321 25.

450 1324 498 1354 Vt,
518 1322 591 1349 Astra
611 1321 708 1363 Virgil.
729 1321 823 1353 Georg.
843 1327 870 1350 i,
890 1326 945 1350 232.
1050 1317 1128 1352 Signa
1153 1317 1235 1344 Ouid.
1254 1318 1319 1344 Met.

296 1335 400 1353 numero.

296 1362 628 1423 13b5b8uENAR1vs,
647 1400 670 1423 a,
691 1399 742 1417 uni.
778 1388 838 1416 Adi.
873 1389 948 1415 Varr.
962 1387 995 1414 de
1009 1387 1076 1414 L.L.
1090 1396 1119 1421 4,
1132 1397 1151 1421 4
1171 1388 1256 1415 Multa
1267 1389 1321 1415 An-

293 1431 362 1466 tiqui
373 1427 529 1456 duodenarii
541 1435 650 1453 numero
663 1425 797 1452 finiebant.

1371 255 1454 284 sidera
1473 256 1586 291 palmas,
1608 259 1626 283 i.
1641 255 1731 283 ambas.

1372 292 1460 318 culum
1479 293 1546 327 Nep.
1567 301 1604 325 14,
1623 299 1646 324 3,
1666 299 1689 318 2.
1706 288 1816 325 craffius.

1349 329 1351 331 ’
1376 327 1423 361 pol
1446 328 1497 354 tibi
1518 327 1625 354 reddam
1651 326 1755 361 duplex.

686 411 759 436 rebat.
798 408 826 434 V.
840 415 865 442 g.
881 406 922 437 136
941 405 971 430 In
984 412 1037 438 quo
1049 401 1171 429 adiicitur
1197 412 1241 419 —
1271 407 1311 424 ce.
1333 399 1349 427 ς

1335 583 1365 601 10
1380 580 1530 597 animorum
1545 580 1559 597 e
1571 581 1682 606 corpore
1695 572 1884 599 excedentium.

1340 929 1376 949 20
1384 924 1474 951 Bacch.
1487 935 1515 958 4,
1529 935 1558 959 4,
1571 934 1596 952 2.

521 1289 622 1318 Poetae,
642 1293 671 1312 vt
678 1286 760 1321 fhlent
776 1287 803 1309 in
815 1284 891 1317 aliis,
904 1291 996 1318 quoque
1008 1288 1115 1308 utuntur
1128 1288 1177 1317 pro
1194 1282 1321 1309 cardinali
1333 1285 1366 1310 30
1385 1278 1456 1305 libus
1470 1278 1577 1305 iudiciis
1591 1277 1740 1313 duplicibus
1755 1284 1827 1313 parte
1839 1279 1919 1305 vieta.

2341 170 2412 212 288
2443 139 2445 144 ¹

2338 253 2413 281 Ami-

1825 254 1943 281 Amicius
1963 255 2035 281 Idem
2050 254 2115 280 Aen.
2130 260 2160 287 ς,
2177 262 2234 286 4²1·

1888 290 2030 324 Argentum
2050 290 2131 316 Plaut.
2144 290 2216 316 Men.
2229 298 2252 321 3,
2270 296 2292 321 3,
2304 297 2332 315 22
2357 289 2413 323 Ego
2436 310 2443 313 .

1858 325 1939 351 Causa
1958 325 2053 360 duplex
2066 326 2121 352 irae
2139 325 2219 351 Ouid.
2235 324 2299 352 Fast.
2319 326 2351 357 6,
2372 331 2414 357 43.

1377 362 1446 389 Ter.
1467 363 1534 396 prol.
1556 364 1652 389 Heaut.
1672 369 1685 396 ς
2257 384 2262 388 ,

1719 426 1765 432 -
1806 411 1939 444 Integram
1952 410 2126 437 Comoediam

1573 449 1663 476 Hodie
1678 450 1733 476 sum
1747 448 1867 480 aeiurus,
1886 449 2220 476 Heautontimorumenon:

1572 488 1673 522 Duplex
1689 496 1755 523 quae
1769 495 1800 513 ex
1813 492 1968 521 argumento
1979 486 2048 514 facia
2059 488 2095 514 est
2107 486 2228 522 simplici.

1381 536 1438 563 Cic.
1452 535 1564 562 Tuscul.
1579 545 1599 569 1,
1611 545 1645 572 72
1665 539 1756 572 Itaque
1775 537 1892 563 disseruit
1911 536 1972 563 duas
1989 536 2036 562 esse
2048 537 2120 570 vias,
2138 537 2305 571 duplicesque
2318 535 2416 562 Cursus
2430 552 2433 555 «
2456 553 2458 556 >

1416 572 1421 577 '
1977 572 2106 599 Damnum
2120 573 2201 599 Plaut.
2214 571 2297 598 Casin.
2311 579 2334 603 3,
2351 572 2377 602 6,
2393 580 2415 601 3.
2455 582 2460 608 ‘.

1380 607 1456 634 Ficus
1470 606 1585 640 duplices
1603 609 1696 641 Veget.
1710 608 1822 634 Mulom.
1835 617 1855 640 i,
1869 613 1907 640 38,
1920 609 1945 633 6.
1981 610 2040 633 item
2060 615 2079 638 1,
2091 611 2132 640 56,
2143 617 2172 643 17
2195 614 2218 634 et
2232 608 2311 638 alias,
2330 606 2417 632 viden-

1380 648 1422 669 tur
1435 641 1532 668 bifidae
1545 641 1644 669 <maore
1658 642 1742 670 Schol.
1758 644 1852 670 Horat.
1867 644 1917 669 Sat.
1933 651 1958 674 2,
1972 651 1997 673 2,
2010 650 2050 668 121
2071 642 2102 668 Et
2119 651 2172 670 nux
2185 641 2296 670 ornabat
2315 641 2416 668 mensas

1381 686 1439 704 cum
1457 677 1561 712 duplice
1576 677 1637 703 ficu.
1729 679 1853 705 Linteum
1872 678 1967 712 duplex
1987 677 2107 704 Scribon.
2125 681 2181 708 268.
2251 678 2299 704 Per
2320 675 2417 710 duplex

1382 712 1660 745 Linteumrecolatur.
1726 713 1823 740 Modus
1837 714 1865 740 in
1882 713 1987 748 singulis
2000 712 2110 747 pedibus
2122 713 2249 774 οόῑιιὲιοῃίἶ
2266 718 2310 739 aut
2322 711 2419 746 sesqui·
2467 742 2470 746 .

2157 757 2170 774 r
2188 757 2205 774 o
2222 749 2288 775 Pin.
2310 756 2355 780 ii,
2372 755 2419 780 40.

1381 784 1470 810 Panno
1481 783 1583 818 duplici
1596 784 1695 810 velatus
1707 784 1799 810 Horat.
1812 784 1890 818 Epist.
1907 793 1927 817 1,
1942 789 1976 816 18,
1991 791 2030 817 25.
2074 783 2130 810 Vid.
2148 784 2244 810 Fcrrar.
2266 783 2294 809 de
2310 792 2338 809 re
2357 780 2419 815 vesi.

1382 829 1527 881 2'15391'211..
1552 820 1622 887 ξῗί
1648 825 1690 851 ⁰³²
1706 817 1975 887 di'?÷{?5niifinisi¹}l?⁵
1986 819 2109 887 ,semime
2123 817 2421 886 ωΜῗὶἳίἓῑιῗςῗίΓιῖ
2452 825 2458 828 ⁴

1530 874 1535 880 .
1571 873 1578 885 ,
1621 873 1627 879 .
1960 875 1966 881 .
2020 875 2028 887 ,
2066 875 2073 881 .
2111 874 2118 881 .
2249 873 2255 880 .
2366 873 2372 879 .
2412 871 2422 885 ,

1385 898 1408 921 2,
1422 898 1445 922 13
1472 889 1647 916 Commodius
1666 889 1713 915 esse
1732 889 1850 916 arbitror
1868 890 1968 924 duplici
1985 865 2032 925 Sge
2051 890 2129 916 vtier.
2231 889 2320 923 Spolia
2338 888 2421 915 Plaut-

1689 926 1740 950 Vas
1759 924 1855 959 duplex
1874 925 1994 952 Scribon.
2008 928 2051 958 66,
2064 934 2105 960 73.
2181 924 2269 950 Verba
2290 923 2422 959 duplicia,
2452 925 2459 935 ”·“

1384 962 1402 986 i.
1416 960 1544 996 composita
1556 962 1649 996 legitur
1664 959 1794 994 Qinffil.
1803 965 1825 993 8,
1840 968 1901 993 3,43
1915 967 1964 996 pro
1977 970 2011 993 eo,
2026 962 2090 997 quod
2103 958 2135 994 est
2146 960 2213 995 apud
2225 960 2362 986 Ciceronem
2375 958 2423 985 du·
2456 972 2471 996 ’,Α

1385 995 1494 1030 plicata,
1519 995 1562 1022 vbi
1576 995 1630 1022 vid.
1827 993 1848 1032 fl
1875 1004 1891 1022 2
1927 996 2067 1032 Obseruan.
2101 997 2214 1023 Alterum
2233 1002 2330 1021 tantum
2342 993 2425 1030 figni—
2457 995 2464 1018 *ι

1376 1031 1451 1067 ficat.
1487 1031 1618 1057 Columel.
1637 1039 1663 1062 ι,
1684 1035 1698 1060 8
1705 1048 1714 1060 ,
1740 1035 1753 1060 8
1783 1031 1906 1065 Duplicia
1928 1040 2006 1066 quam
2029 1040 2153 1058 numerus
2173 1031 2310 1057 seruorum
2330 1029 2423 1063 exigit.
2461 1059 2466 1064 ἡ

1383 1066 1506 1101 Duplicia
1522 1067 1681 1093 ferramenta
1699 1065 1772 1092 Idem
1791 1075 1810 1098 1,
1825 1071 1846 1096 8.
1875 1069 1893 1092 i.
1907 1065 1979 1101 duplo
1990 1068 2076 1102 plura.
2169 1067 2236 1093 Plin.
2256 1074 2301 1100 19,
2321 1073 2345 1097 ¹3
2369 1065 2425 1091 Du-
2464 1095 2468 1098 .

1917 1102 2041 1136 Duplicia
2066 1102 2165 1129 iudicia
2188 1103 2245 1128 olim
2270 1101 2426 1132 dicebantur,
2446 1111 2462 1128 ¹,

1385 1145 1458 1173 quum
1470 1138 1525 1163 Duo
1538 1136 1638 1171 coasilia
1656 1136 1690 1163 ad
1706 1146 1780 1163 unam
1798 1137 1946 1173 cogebantur
1959 1136 2069 1170 hastam,
2085 1146 2205 1173 unumque
2222 1136 2348 1168 tribunal,
2357 1134 2426 1170 ficut

1386 1171 1593 1207 deruplicia,
1611 1182 1671 1208 quae
1690 1182 1719 1198 ex
1729 1179 1834 1207 quatuor
1845 1172 1952 1199 iudicum
1964 1172 2073 1207 cowfiliis
2089 1180 2112 1199 et
2125 1173 2248 1204 decuriis,
2266 1180 2325 1207 quae
2338 1174 2366 1197 in
2381 1171 2426 1198 Iu-

1384 1208 1420 1234 lia
1434 1207 1532 1241 basilica
1540 1208 1674 1243 sedebant,
1688 1205 1775 1234 coaHn
1788 1214 1867 1235 erant.
1903 1208 2034 1241 Qiine'til.
2049 1217 2082 1241 ιι,
2097 1217 2117 1241 1,
2131 1213 2162 1243 78
2183 1209 2322 1235 Succurret
2335 1206 2426 1238 etiam,
2446 1210 2462 1238 g

1384 1243 1402 1269 si
1415 1242 1484 1277 apud
1497 1242 1563 1269 alios
1577 1242 1678 1269 iudices
1691 1248 1797 1277 agatur,
1818 1249 1847 1270 vt
1860 1243 1888 1269 in
1901 1243 2012 1270 secunda
2023 1244 2176 1276 assertione,
2195 1249 2240 1270 aut
2254 1243 2284 1269 in
2295 1241 2426 1269 centuria-

1976 1282 2013 1306 De
2028 1278 2244 1314 quadruplicibus
2263 1278 2331 1305 Plin.
2344 1276 2425 1312 Epist.
2453 1279 2459 1283 '

1386 1323 1408 1346 1,
1422 1321 1444 1347 ς,
1458 1324 1477 1348 4
1497 1321 1541 1340 etc.
1634 1314 1756 1347 Duplicia
1769 1314 1868 1340 iudicia
1874 1314 1937 1350 sunt
1944 1315 2140 1351 Iurisconsultis,
2159 1314 2285 1341 Familiae
2299 1313 2426 1340 erciscun-

1384 1349 1449 1382 dae,
1464 1349 1608 1376 Communi
1621 1348 1785 1381 diuidundo,
1806 1350 1912 1376 Finium
1924 1350 2103 1384 regundorum
2119 1362 2124 1376 :
2151 1350 2213 1385 quia
2226 1358 2273 1384 par
2285 1348 2370 1376 virius
2391 1354 2424 1374 ue

1384 1384 1528 1420 litigatoris
1542 1385 1571 1411 in
1584 1384 1624 1410 his
1638 1384 1759 1411 conditio
1772 1384 1824 1419 est,
1844 1394 1891 1411 nec
1911 1386 2051 1421 quisquam
2069 1385 2209 1421 praecipue
2219 1394 2280 1412 reus
2293 1384 2341 1412 vel‘
2351 1392 2365 1410 a
2393 1391 2426 1411 or

1384 1419 1562 1454 intelligitur,
1581 1419 1625 1446 sed
1643 1420 1823 1455 vnusquisque
1843 1427 1895 1448 tam
1911 1421 1966 1454 rei,
1990 1430 2070 1456 quam
2089 1421 2186 1447 aeioris
2205 1427 2290 1455 partes
2310 1420 2429 1446 sustinet.

329 1468 577 1493 DVODEVIGINTI.
597 1461 655 1488 Adi.
669 1461 702 1494 pl.
715 1459 802 1486 indecl.
821 1459 911 1492 [eiam
924 1456 983 1484 δυοῖν
994 1455 1098 1493 δέοντες]
1113 1459 1162 1494 pr‘o
1170 1456 1320 1485 OHodecim.
1336 1470 1365 1496 35
1385 1456 1480 1483 Similis
1493 1454 1526 1489 est
1540 1454 1747 1482 interdictorum
1760 1455 1846 1490 diuifio
1858 1456 1950 1483 lustin.
1986 1457 2068 1484 Instit.
2082 1456 2113 1483 de
2126 1456 2223 1483 Interd.
2240 1454 2295 1493 §.7
2316 1455 2360 1482 fin.
2382 1454 2462 1501 ¹²⁶³,ss

293 1502 365 1529 Hanc
384 1497 487 1526 dicendi
504 1496 728 1527 consuetudinem,
751 1497 832 1531 inquit
845 1493 950 1526 Festus,
975 1501 990 1519 a
1004 1494 1110 1520 Graecis
1124 1494 1227 1520 traxisse
1246 1494 1320 1520 vide-

293 1545 369 1569 mur,
387 1535 434 1570 qui
450 1534 482 1560 fic
498 1533 630 1559 enuntiant
646 1530 787 1563 δυοεξεὶκοσι.
859 1529 914 1554 Cic.
931 1528 1056 1567 Acad..4‚
1074 1534 1115 1557 128
1135 1537 1157 1554 e.
1176 1537 1206 1561 41
1232 1529 1320 1554 Solem

294 1572 352 1608 plus
365 1578 442 1605 quam
454 1567 637 1601 duodeuiginti
651 1566 768 1601 partibus
787 1563 942 1591 confirmant
962 1570 1092 1588 maiorem
1107 1563 1156 1587 esse
1173 1571 1253 1595 quam
1273 1569 1323 1588 ter.

297 1616 368 1637 ram,
386 1608 404 1631 i.
418 1602 594 1637 duodeuicestes.
663 1602 722 1628 Liu.
736 1610 775 1636 30,
788 1605 822 1630 ιε.
877 1598 959 1625 Plaut.
973 1598 1051 1623 Poen.
1065 1605 1094 1629 4,
1112 1605 1138 1628 2,
1150 1603 1192 1631 75.
1246 1596 1320 1622 Caes.

363 1661 369 1667 ,
458 1645 521 1664 exsr-

296 1642 550 1702 Ε’[Ῠνέἰξιῑνιεε
562 1677 575 1699 s
586 1677 718 1702 ιΜΑΝι,
742 1671 855 1702 Milites,
872 1677 888 1696 a
906 1669 1010 1705 legionis
1027 1675 1135 1694 numero.
1178 1664 1320 1693 Vid.Alax.

322 1711 392 1738 enias.
408 1713 427 1736 6
459 1718 496 1735 22.

299 1713 320 1739 G
333 1753 379 1773 nv
390 1751 410 1771 o
420 1729 439 1770 D'
448 1751 491 1770 Εν
500 1750 510 1769 1
521 1748 537 1769 c
550 1744 567 1768 i}
576 1748 597 1767 N
607 1748 632 1773 1,
652 1749 737 1768 orum.
777 1740 826 1772 Vt,
844 1738 1027 1766 Duodeuiceni
1045 1737 1148 1764 denarii
1165 1736 1224 1764 Liu.
1236 1744 1271 1770 21,
1282 1744 1322 1770 41,

296 1784 314 1807 i.
333 1778 462 1806 oc‘lodccim
479 1781 505 1804 in
513 1777 635 1813 singulos.
894 1809 899 1814 ι
965 1809 978 1814 ..
1233 1807 1239 1812 ⁵

330 1819 531 1842 DVODEVic
543 1818 700 1843 ESIMVS,
719 1820 743 1843 a,
763 1819 816 1836 um.
850 1809 909 1837 Adi.
943 1809 1008 1835 Ptin.
1022 1817 1059 1841 35,
1076 1813 1089 1838 8
1116 1809 1177 1834 Duo
1196 1815 1268 1834 enirn
1288 1806 1320 1846 de

295 1849 414 1877 vicesima
429 1847 543 1881 olympia
558 1846 660 1872 interiit
675 1846 826 1873 Candaules.
895 1844 967 1871 Idem
980 1853 1008 1876 2,
1025 1852 1057 1878 73
1078 1844 1119 1870 Bis
1135 1852 1203 1870 anno
1217 1842 1319 1869 absumi

294 1885 397 1912 vmbras
408 1905 416 1916 ,
437 1883 489 1909 sole
506 1880 742 1908 duodeuicesimam
755 1881 844 1908 Tauri
861 1885 963 1915 partem
979 1880 1123 1906 obtinente.
1164 1878 1220 1907 Vid.
1228 1877 1319 1905 Tacit.

296 1919 361 1948 Hist.
378 1928 396 1951 i,
406 1926 443 1952 53,
455 1926 475 1950 3.
510 1916 576 1943 Gell.
589 1924 607 1947 1,
618 1923 643 1950 7.
671 1948 680 1956 u
962 1949 967 1955 ⁸
1223 1949 1230 1955 .

332 1962 350 1982 D
359 1962 378 1979 v
387 1961 406 1980 ο
417 1961 434 1980 1)
442 1960 458 1980 E
467 1960 487 1978 ν
495 1960 506 1978 i
514 1958 580 1979 G1N
591 1959 611 1978 T
622 1953 658 1977 fis
668 1958 676 1976 1
688 1957 712 1976 M
721 1957 742 1975 ν
751 1957 764 1976 s
772 1969 781 1982 ,
796 1957 821 1982 a,
842 1958 896 1976 um.
918 1950 977 1976 Adi.
1002 1950 1078 1977 Idem.
1107 1950 1320 1984 Duodeuigente-

1382 1491 1424 1519 his
1442 1490 1501 1526 zPfis
1518 1491 1602 1517 verbis
1620 1493 1711 1517 vritur.

1421 1532 1494 1552 Dvr
1504 1532 1520 1551 L
1530 1532 1627 1557 ICES,
1646 1525 1730 1551 Subst.
1756 1534 1791 1551 m.
1815 1525 1883 1560 plur.
1915 1526 2094 1562 pugillarium,
2106 1526 2160 1560 fiae
2178 1525 2334 1553 Tabellarum
2348 1533 2426 1561 genus

1385 1558 1434 1591 esi,
1454 1563 1482 1584 in
1495 1560 1581 1595 quibus
1594 1561 1680 1585 literae
1692 1560 1774 1595 scribi
1786 1561 1913 1595 solebam,
1932 1570 1991 1596 quae
2008 1569 2032 1588 et
2045 1563 2189 1597 Diplomata
2206 1562 2300 1588 Graeca
2315 1569 2373 1586 voce
2390 1559 2436 1588 di..

1384 1600 1483 1619 cuntur.
1524 1595 1591 1620 Nam
1606 1592 1686 1619 δι’πλον
1700 1596 1788 1620 Graeci
1801 1595 1899 1630 duplum
1914 1596 2009 1623 dicunt.
2064 1598 2170 1627 Sueton.
2209 1616 2215 1623 .
2254 1616 2261 1622 .
2296 1597 2327 1622 In
2340 1595 2424 1633 diplo-

1328 1640 1366 1666 40
1385 1627 1501 1668 matibus
1513 1647 1522 1660 ,
1542 1628 1693 1662 libellisque
1713 1634 1740 1654 et
1757 1629 1874 1663 epistolis
1892 1630 2035 1664 signandis,
2060 1632 2141 1659 initio
2161 1631 2275 1667 Sphinge
2293 1630 2353 1657 vsus
2369 1630 2420 1663 est,

1385 1671 1449 1689 mox
1471 1663 1586 1697 imagine
1605 1663 1695 1698 magni
1713 1663 1875 1698 Alexandri,
1895 1666 2031 1693 nouiffime
2051 1667 2104 1694 sua.
2158 1665 2309 1694 Huiusmodi
2322 1665 2419 1699 tabellae

1384 1699 1518 1733 aliquando
1532 1698 1647 1733 triplices
1662 1705 1747 1730 erant,
1764 1702 1790 1725 in
1803 1701 1890 1735 quibus
1902 1710 1942 1727 res
1954 1705 2088 1728 amatoriae
2095 1702 2176 1737 scribi
2183 1701 2304 1738 solebant.
2352 1700 2423 1725 Mar-

1383 1734 1440 1759 tial.
1455 1742 1493 1766 14,
1506 1735 1523 1759 6
1549 1734 1630 1760 Tunc
1644 1734 1762 1768 triplices
1781 1735 1883 1762 nostros
1902 1745 1958 1762 non
1976 1737 2043 1764 vilia
2061 1737 2130 1763 dona
2143 1737 2260 1772 putabis,
2296 1736 2388 1768 Qum
2398 1733 2424 1759 se

1384 1774 1523 1794 venturam
1537 1768 1634 1794 scribet
1651 1769 1735 1795 amica
1754 1769 1813 1796 tibi.
1883 1772 2026 1806 Aliquando
2044 1773 2239 1807 quincuplices:
2269 1771 2343 1798 Idem
2357 1777 2395 1802 14,
2407 1776 2428 1802 4

1384 1802 1471 1829 Caede
1485 1803 1661 1829 iuuencorum
1679 1803 1783 1829 domini
1801 1804 1867 1830 calet
1884 1813 1945 1831 area
1964 1805 2046 1838 felix,
2082 1807 2255 1840 Qincuplici
2267 1813 2327 1832 cera
2344 1812 2428 1839 quum

1385 1838 1462 1865 datur
1474 1837 1540 1864 altus
1558 1838 1653 1864 honor.
1693 1838 1752 1864 Vid.
1774 1845 1793 1864 D
1803 1846 1812 1864 1
1824 1845 1840 1864 r
1850 1846 1872 1865 ‘r
1881 1846 1899 1865 Y
1911 1846 1928 1866 c
1937 1847 1958 1866 H
1967 1847 1997 1866 A.

1421 1880 1439 1900 D
1448 1881 1469 1900 ν
1478 1880 1517 1900 PL
1527 1881 1535 1899 1
1544 1879 1560 1899 c
1570 1871 1583 1899 1⁹
1591 1880 1612 1900 T
1621 1880 1678 1903 As,
1698 1873 1755 1900 atis.
1790 1874 1811 1900 f.
1848 1873 1965 1901 Laetam.
1979 1875 2011 1901 de
2023 1874 2119 1909 Opific.
2131 1875 2182 1901 Dei
2197 1884 2218 1901 c.
2233 1879 2247 1905 8
2266 1875 2338 1901 Deus
2351 1880 2427 1900 aures

1384 1909 1447 1936 duas
1460 1909 1508 1935 esse
1522 1908 1628 1935 voluit:
1655 1917 1767 1943 quarum
1785 1909 1924 1943 duplicitas
1935 1910 2094 1937 incredibile
2114 1910 2151 1936 est
2166 1916 2291 1945 quantam
2312 1907 2429 1943 pulchri-

1384 1944 1504 1971 tudinem
1522 1952 1585 1978 prae
1605 1945 1630 1970 se
1643 1944 1720 1970 ferat.
1816 1944 1883 1971 Ibid.
1904 1954 1926 1971 c.
1943 1953 1973 1972 ιο
1999 1945 2028 1971 de
2048 1944 2110 1978 Nafi
2128 1945 2274 1981 foramine,
2300 1944 2331 1972 Id
2352 1943 2429 1972 velut

296 1991 386 2017 fimum
400 1987 486 2015 consul
503 1987 601 2013 totidem
614 1987 694 2013 literis
706 1987 725 2011 It·
744 1987 796 2010 itur
808 1984 984 2012 aduerbialiter
997 1989 1023 2011 in
1036 1987 1159 2012 Monum.
1174 1986 1320 2018 Ancyrano.
1329 1998 1360 2025 50
1382 1980 1483 2015 pariete
1496 1989 1544 2014 per
1556 1980 1675 2006 medium
1687 1978 1768 2006 (1υᾶὶο
1779 1979 1941 2015 intersepsit,
1960 1985 2038 2015 atque
2053 1979 2159 2013 diuisit,
2175 1980 2293 2015 fecitque
2305 1979 2361 2014 ipsa
2379 1978 2427 2006 du-

664 2021 710 2049 Sed
753 2019 987 2048 uodeuicinfimum
1003 2022 1028 2048 P.
1042 2022 1125 2048 Lucas
1144 2021 1211 2057 apud
1224 2019 1321 2048 Fabric.

300 2025 356 2053 Vid.
371 2026 473 2051 Gronon.
488 2023 615 2049 comment.

295 2058 399 2097 Augusti
421 2061 515 2094 Fragm.
529 2064 557 2093 p.
570 2067 626 2092 224.
743 2090 748 2095 η
772 2094 776 2097 -
1303 2089 1310 2096 .

331 2102 349 2121 D
360 2102 378 2119 ν
391 2101 409 2121 o
419 2102 436 2121 D
446 2100 489 2120 Εἰ·
498 2100 516 2119 R
526 2100 535 2118 1
544 2099 581 2119 Gi
593 2099 613 2117 N
622 2099 643 2118 T
652 2098 682 2118 A.
700 2089 854 2117 Ad1.zndecl.
869 2090 1061 2118 Varr.deR.R.
1073 2100 1098 2124 1,
1108 2099 1117 2116 1
1133 2091 1213 2124 Quod
1228 2100 1268 2117 res
1283 2089 1323 2116 di-

297 2127 589 2166 spersascomprchendit
602 2127 676 2153 libris
695 2125 900 2160 duodetriginta.
954 2126 1014 2152 Liu.
1036 2131 1081 2156 28,
1102 2130 1136 2155 ¹8-
1172 2126 1240 2152 Suet.
1254 2127 1321 2159 Aug.

297 2176 318 2193 c.
353 2168 377 2192 6.

295 2202 322 2228 de
333 2175 412 2236 ineufi
426 2199 560 2226 Februarii.

332 2242 348 2262 o
359 2241 486 2262 VODET
498 2231 686 2261 RIGES'i'MV
697 2239 726 2265 s,
745 2240 770 2266 a,
788 2240 843 2258 um.
879 2231 965 2258 Varro
978 2229 1121 2270 apudGell3
1137 2238 1159 2262 3,
1173 2238 1215 2256 20.

331 2277 349 2297 D
359 2278 378 2297 ν
386 2278 404 2297 O
412 2278 429 2297 D
439 2277 453 2296 E
462 2277 481 2297 T
491 2277 507 2295 R
517 2276 549 2296 1c
560 2276 567 2295 1
578 2276 594 2295 E
603 2276 626 2295 s.
646 2267 712 2294 Adu.
737 2268 792 2293 Cic.
801 2268 879 2293 Verr.
887 2275 908 2299 3,
917 2268 958 2298 163
979 2275 1002 2292 c.
1010 2273 1045 2299 70
1061 2267 1100 2292 Ita
1113 2272 1142 2291 in
1155 2265 1319 2292 frumentum

298 2308 449 2341 imperatum
469 2311 498 2331 Η.
514 2312 536 2331 S.
555 2303 731 2330 duodetricies
745 2303 774 2329 in
788 2310 869 2329 annos
882 2301 994 2336 singulos
1006 2301 1087 2327 Verri
1105 2300 1301 2328 decernebatur.

332 2344 772 2379 DVODEQVADRAGINTA
797 2337 880 2363 Annis
906 2337 961 2363 Cic.
975 2336 1085 2369 Tun-‚5
1110 2344 1188 2363 c.20.
1327 2346 1366 2372 50

330 2381 652 2414 DVODEQVADRAG
665 2370 811 2400 Esfmvs
831 2373 920 2398 Annus
937 2372 997 2398 Liu.
1013 2380 1039 2404 1,
1052 2380 1088 2405 40
1103 2377 1149 2407 pr.

331 2409 733 2450 nvonEQVADRAGissmi
755 2407 834 2434 Pedes
855 2407 920 2433 Plin.
935 2409 976 2439 36,
991 2415 1013 2433 2.

331 2450 734 2481 DVODEOViNQVAGlN
747 2449 814 2474 TA,
839 2442 944 2469 Colum.
958 2451 995 2474 12,
1009 2449 1031 2475 ς.
1058 2448 1082 2468 et
1094 2450 1121 2475 9,
1136 2450 1174 2474 14.

329 2488 347 2507 D
356 2488 376 2507 v
385 2488 427 2507 OD
437 2488 452 2508 u
461 2470 507 2518 (ζν
518 2488 527 2506 1
538 2487 560 2506 N
569 2487 616 2519 qv
625 2487 647 2506 A
656 2486 676 2506 G
685 2480 702 2505 i}
712 2486 724 2504 s
733 2480 743 2504 ἰ’
752 2485 775 2503 Μ
784 2485 805 2505 ν
814 2485 827 2505 s
847 2479 935 2504 Annus
954 2478 1010 2504 Cic.
1025 2477 1057 2503 de
1069 2477 1140 2503 Clar.
1149 2478 1223 2503 Orat.
1238 2478 1283 2503 162
1302 2485 1325 2503 e.

298 2525 342 2550 44.
376 2518 406 2543 Et
418 2518 481 2552 apud
494 2516 557 2542 Plin.
570 2525 598 2548 4,
613 2523 640 2541 22
661 2513 958 2548 Duodequinquaginta.
1000 2514 1031 2539 Et
1045 2512 1175 2539 Columel.
1189 2521 1216 2545 9,
1230 2520 1267 2545 14.

332 2559 349 2578 n
358 2559 376 2578 v
386 2559 403 2578 o
414 2558 431 2578 1>
440 2559 455 2578 E
464 2560 476 2579 s
486 2558 502 2578 ε
510 2559 528 2578 x
536 2558 558 2577 A
566 2557 586 2577 G
594 2558 604 2577 i
614 2558 634 2577 N
644 2556 665 2576 Τ
674 2557 710 2581 Α,
746 2549 812 2576 Plin.
832 2557 864 2581 ιι,
877 2557 894 2581 9
918 2548 1143 2582 Duodesexaginta
1163 2547 1238 2574 annis
1254 2546 1323 2573 nihil

296 2586 366 2613 aliud
379 2596 460 2613 avere.

333 2628 350 2647 D
360 2628 377 2647 ν
386 2608 429 2647 ‹i'n
439 2627 500 2648 nse
510 2627 527 2647 x
536 2626 557 2645 A
566 2625 585 2645 G
596 2625 612 2644 Ε
624 2624 637 2644 s
649 2627 659 2644 1
668 2625 692 2644 Μ
702 2624 723 2644 v
736 2625 749 2644 s
760 2638 769 2650 ,
787 2627 810 2651 a,
830 2628 883 2645 um.
919 2618 988 2646 Vell.
1001 2627 1027 2650 2,
1040 2626 1077 2652 53,
1089 2626 1102 2650 3
1126 2617 1324 2652 Duodescxage-

299 2657 388 2683 fimum
403 2664 500 2682 annum
517 2662 602 2687 agens.

337 2699 383 2718 nv
393 2698 412 2718 o
422 2697 494 2717 DEN
504 2696 523 2715 ο
533 2696 553 2715 Ν
565 2691 732 2714 AGiN'rA.
759 2685 818 2710 Adi.
837 2686 925 2712 indecl.
962 2688 1029 2713 Plin.
1043 2696 1071 2720 3,
1085 2690 1121 2714 16.

338 2733 354 2752 1)
363 2733 382 2750 v
392 2734 410 2753 O
419 2733 436 2751 D
445 2733 461 2752 E
470 2731 513 2752 ος
521 2731 542 2750 Τ
550 2730 571 2751 o
580 2729 600 2749 G
609 2729 618 2747 1
626 2727 649 2746 N
658 2727 679 2746 'r
687 2726 717 2745 A.
750 2719 808 2745 Adi.
822 2720 909 2745 indecl.
936 2722 1029 2752 Plin.3‚
1042 2729 1064 2753 ς.
1100 2723 1223 2748 Caeterum
1237 2722 1265 2747 de
1278 2721 1325 2748 hac

304 2761 482 2795 compofltione,
505 2758 559 2786 vid.
573 2759 687 2784 Perizon.
700 2754 832 2780 Animadu.
847 2753 914 2792 Hist:
931 2764 952 2779 c.
966 2764 991 2780 10
1011 2762 1040 2789 p.
1053 2765 1107 2789 450.
1221 2789 1226 2794 .

339 2801 356 2821 D
366 2803 385 2821 v
396 2802 414 2822 O
426 2803 470 2822 ET
480 2801 499 2821 v
508 2802 517 2820 1
527 2801 543 2820 c
553 2800 568 2819 E
577 2800 589 2818 s
598 2793 608 2816 ἰ’
617 2797 641 2816 Μ
650 2796 671 2814 ν
680 2796 693 2814 s
703 2808 711 2820 ,
726 2797 750 2820 a,
768 2797 822 2814 um.
859 2788 917 2815 Adi.
942 2789 1010 2814 Gell.
1027 2797 1048 2821 ς,
1067 2798 1085 2821 4
1112 2789 1325 2815 Duoetuicefimo

304 2839 372 2856 anno
390 2831 522 2865 postquam
535 2827 605 2853 Galli
617 2826 728 2864 Ropiam
741 2828 871 2857 ceperunt.
944 2858 950 2863 ι
1025 2859 1028 2864 ‚
1132 2859 1136 2863 ι

338 2873 356 2892 D
366 2873 384 2892 ν
394 2871 494 2891 013'rv
506 2871 516 2889 1
527 2870 543 2889 c
552 2869 589 2888 ias
598 2868 607 2886 1
616 2865 697 2885 MAN
709 2865 729 2884 v
738 2865 766 2891 s,
784 2867 808 2891 a,
826 2867 879 2884 um.
901 2857 960 2884 Adi.
986 2857 1063 2884 Miles
1075 2857 1176 2892 Legum.
1190 2855 1326 2883 XXIIdae.

303 2901 452 2961 ’1-ῗῆΗὲιῖῑᾶ
460 2907 548 2959 >11:3⁴2
558 2938 570 2956 S
581 2936 589 2954 ¹
600 2936 623 2955 Μ
632 2935 652 2954 V
661 2935 672 2953 S
682 2947 690 2959 2
709 2936 733 2959 ὃ,
751 2936 804 2953 Um.
832 2928 890 2955 Adi.
918 2928 991 2954 Alter
1003 2935 1034 2953 ex
1048 2925 1185 2952 millesima
1198 2931 1280 2959 parte,
1294 2925 1328 2951 al-

307 2975 347 2996 ter
360 2978 390 2995 ex
410 2964 606 2995 duomillefimis
625 2962 739 2997 partibus
754 2963 836 2988 socius
852 2962 951 2988 Paullus
964 2963 1018 2988 ICt.
1034 2964 1059 2995 ιξ,
1073 2967 1112 2991 80-

345 3009 416 3029 nvo
426 3010 474 3029 NV
484 3010 507 3028 M
518 3021 525 3032 ‚
551 3001 656 3025 Veteres
671 3006 717 3031 pro
731 2998 804 3022 Bono
821 2997 958 3029 dixerunt,
977 2998 1039 3023 ficut
1053 2996 1177 3023 Duellum
1196 3003 1244 3029 pro
1258 2994 1330 3020 Bello

309 3037 410 3068 Festus,
426 3039 550 3063 Duonum
562 3034 671 3060 bonum.
705 3032 787 3057 Simul
801 3032 887 3058 duona
905 3041 996 3058 eorum
1016 3038 1101 3066 portat
1120 3031 1151 3058 ad
1165 3039 1243 3056 naues
1252 3050 1260 3062 ‚
1280 3031 1330 3056 lau-
1351 3040 1383 3064 80
1394 3037 1444 3070 tum
1451 3031 1558 3066 furatus
1571 3030 1603 3064 est
1645 3033 1685 3059 Sic
1699 3034 1783 3060 Poena
1796 3034 1885 3069 dupli,
1899 3034 1966 3069 apud
1976 3035 2030 3061 Cic.
2043 3034 2096 3061 Off.
2108 3044 2131 3067 3,
2142 3037 2181 3068 65.

309 3073 382 3099 datur
395 3072 474 3097 Plaut.
490 3069 577 3096 Pseud.
591 3077 609 3098 i,
622 3076 644 3098 3,
657 3075 700 3099 94.
740 3067 797 3092 Vet.
812 3067 904 3093 Marm.
918 3068 983 3101 apud
996 3066 1105 3099 Gaffind.
1118 3070 1145 3093 in
1157 3067 1210 3093 Vit.
1227 3065 1328 3100 Peiriyb.

306 3110 404 3143 p.166‚
428 3106 470 3132 vbi
490 3107 520 3132 L.
540 3105 620 3137 Scipio
645 3097 764 3128 duonoro
782 3102 889 3133 virore,
917 3105 933 3128 i.
954 3102 1066 3128 bonorum
1086 3105 1196 3128 virorum
1214 3101 1329 3135 optimus

309 3148 418 3168 vocatur.
458 3140 516 3165 Vet.
528 3138 604 3164 Closs.
624 3137 731 3162 Duonus
749 3135 851 3168 α’γαθὸς,
899 3136 954 3162 Vid.
974 3143 1203 3168 DVELLONA,
1228 3143 1252 3162 et
1272 3144 1330 3171 quae

304 3177 448 3212 sequuntur.
483 3174 589 3199 Duouus
606 3172 719 3205 ceruscS,
741 3174 758 3196 i.
777 3171 860 3197 bonus
876 3178 977 3197 creator
989 3172 1082 3198 Saliari
1099 3175 1205 3198 carmini
1222 3169 1333 3203 restituit

309 3212 398 3245 Scalig.
413 3208 524 3243 Apprnd.
537 3207 570 3233 ad
582 3204 686 3233 Come&
703 3209 729 3231 iu
749 3207 852 3232 Varron.
869 3213 895 3240 p.
910 3213 962 3240 189.
1002 3206 1087 3240 Nescio
1106 3207 1169 3233 vnde
1186 3206 1272 3246 habeat
1286 3204 1333 3245 ista
1347 3212 1376 3241 85
1395 3207 1498 3241 leian.
1519 3208 1536 3233 l.
1551 3210 1586 3241 46
1605 3206 1628 3244 6.
1643 3216 1657 3234 2
1678 3208 1710 3234 de
1723 3209 1815 3243 furtis,

310 3245 401 3272 Sauaro
421 3244 453 3269 acl
465 3242 545 3269 Sidon.
559 3241 638 3276 Apoll.
652 3251 675 3271 2,
694 3251 705 3267 ι
724 3248 751 3276 p.
765 3250 796 3275 92
809 3252 816 3265 .·
846 3242 893 3267 Cu.
908 3241 1020 3267 Marcius
1036 3243 1127 3273 Vates,
1145 3244 1275 3275 Qiamuis
1295 3249 1332 3265 iu-

312 3279 424 3305 duitium
438 3278 553 3303 duonum
567 3282 709 3310 negumate.
745 3277 835 3302 Liuius
848 3277 930 3302 veteri
943 3276 1059 3308 Odyss'ca,
1071 3277 1226 3302 Duonorum
1239 3275 1332 3302 millia.

313 3315 395 3344 Haec,
415 3317 447 3338 ιήι
458 3322 526 3343 aaut,
547 3311 623 3346 nescio
641 3311 702 3336 oncle
720 3311 827 3344 adserat.
875 3312 955 3337 Addit
969 3311 1086 3337 Tertull.
1106 3311 1136 3336 ad
1151 3320 1224 3337 vxor.
1236 3320 1261 3342 2,
1275 3316 1287 3339 8
1311 3311 1331 3339 s.

312 3355 374 3374 extr.
397 3323 470 3374 Vnde
483 3347 529 3373 nisi
544 3356 557 3372 a
572 3346 678 3372 diabolo
692 3347 814 3371 maritum
829 3353 914 3380 petant
931 3346 1045 3373 duonum
1064 3346 1226 3372 exhibendae
1247 3346 1332 3378 sellae,

1335 2518 1368 2550 55
1387 2509 1483 2537 Festus.

1385 2016 1502 2051 plicitate
1517 2014 1735 2050 pulcherrimum.

1421 2057 1566 2078 nvemc
1579 2049 1691 2077 iTER.
1728 2049 1795 2076 Adu.

1385 2086 1473 2112 modif.
1523 2086 1604 2112 Plaut.
1617 2085 1675 2112 Mil.
1689 2094 1713 2117 2,
1725 2094 1747 2117 3,
1760 2093 1804 2118 24.

1385 2122 1442 2147 sum
1456 2121 1509 2146 tuis
1524 2120 1625 2153 literis,
1645 2127 1670 2147 et
1689 2119 1775 2155 quod,
1793 2126 1839 2146 etc.

1830 2047 1955 2083 [dm-ze,
1979 2048 2115 2084 διχθάδιοι,
2134 2047 2284 2086 διτταχῶς]
2324 2049 2428 2077 Duobus

1861 2086 1917 2112 Cic.
1932 2087 2004 2112 Fam.
2018 2095 2045 2119 9,
2059 2095 2094 2112 20
2117 2086 2267 2120 Dupliciter
2284 2084 2429 2112 delcetatus

1933 2121 2035 2148 Aueior
2047 2121 2079 2147 ad
2091 2122 2208 2148 Herenn.
2244 2130 2265 2154 1,
2303 2141 2310 2148 .
2348 2140 2356 2148 .
2391 2122 2428 2148 Vt
2440 2141 2446 2147 .

430 2166 501 2190 Vnus
520 2164 570 2190 crit
583 2161 682 2189 tantum
693 2161 889 2195 duodetriginta
904 2159 1009 2187 dierum
1021 2161 1118 2187 Auson.
1131 2160 1160 2186 in
1173 2160 1320 2194 Eclogario,
1337 2172 1366 2200 53
1385 2155 1531 2182 ostenderet
1545 2155 1588 2187 id,
1608 2156 1681 2190 quod
1700 2155 1855 2190 oportuisset
1868 2155 2022 2190 simpliciter
2040 2162 2066 2183 et
2084 2156 2209 2191 singulari
2221 2155 2304 2183 modo
2323 2150 2429 2190 docere,

1384 2191 1445 2218 illos
1465 2190 1623 2217 distribuisse
1642 2191 1784 2226 dupliciter
1796 2196 1822 2217 et
1841 2190 1979 2226 bipertito.
2072 2192 2128 2219 Cic.
2149 2193 2221 2218 Fam.
2240 2200 2267 2225 9,
2288 2194 2318 2219 16
2348 2191 2427 2219 Nihil

1385 2227 1433 2253 esse
1448 2226 1570 2260 sapientis
1585 2226 1728 2260 praestare,
1747 2225 1796 2252 nisi
1812 2226 1915 2261 culpam
1928 2238 1934 2253 :
1961 2236 2012 2262 qua
2024 2227 2093 2254 mihi
2111 2227 2207 2255 videor
2223 2227 2367 2263 dupliciter
2377 2228 2426 2255 Ca-

1385 2271 1460 2294 rere,
1479 2267 1505 2288 ct
1523 2262 1595 2297 quod
1616 2271 1646 2288 ea
1663 2261 1802 2294 senserim,
1827 2271 1894 2296 quae
1912 2262 2050 2290 rectissima
2070 2264 2198 2290 fuerunt:
2221 2268 2247 2291 et
2266 2263 2330 2298 quia
2342 2271 2424 2299 quum

1386 2297 1517 2330 viderem,
1531 2304 1576 2324 etc.
1626 2297 1700 2324 Idem
1713 2297 1791 2324 Acad.
1804 2306 1830 2330 4,
1844 2306 1900 2331 104.
1935 2299 2009 2325 Brut.
2024 2307 2060 2333 ¹7·
2084 2305 2108 2325 ct
2120 2300 2192 2326 Fam.
2206 2304 2229 2331 8,
2239 2307 2278 2326 10.

1421 2339 1440 2359 D
1450 2339 1495 2359 VP
1505 2340 1521 2359 L
1530 2340 1539 2359 1
1549 2340 1568 2359 Ο
1580 2352 1587 2363 ,
1608 2333 1675 2359 onis.
1710 2333 1730 2360 f.
1772 2333 1876 2359 Verbum
1891 2332 2016 2360 duodecim
2029 2333 2182 2365 tabularum,
2199 2343 2245 2370 quo
2263 2333 2367 2369 duplex,
2385 2333 2428 2360 vel

1379 2371 1514 2404 pecuniae,
1535 2369 1576 2394 vei
1594 2371 1686 2403 capitis
1703 2369 1781 2394 multa
1800 2371 1943 2405 iniungitur
1961 2371 2059 2397 alicui:
2089 2370 2287 2406 quemadmodum
2302 2370 2428 2402 Talionis,

1385 2404 1447 2430 talis
1455 2410 1548 2438 poenae
1561 2403 1687 2430 dicebatur
1699 2403 1866 2430 condemnatio
1875 2424 1884 2436 ‚
1905 2407 1974 2430 cuius
1988 2407 2085 2441 'aliquis
2103 2407 2179 2431 alium
2193 2405 2321 2439 affecerat.
2358 2403 2427 2431 Plin-

1388 2443 1424 2471 18,
1439 2447 1451 2470 3
1473 2439 1614 2465 Noxamue
1627 2439 1813 2473 duplionemue
1827 2440 1955 2466 Praetoris
1968 2440 2098 2467 arbitratu
2112 2441 2226 2468 decerni.
2265 2439 2427 2475 Duplionem

1385 2474 1491 2508 antiqui
1509 2473 1645 2505 dicebant,
1661 2474 1733 2509 quod
1751 2483 1798 2500 nos
1812 2475 1938 2510 Duplum.
1991 2477 2073 2503 Venit
2083 2482 2173 2503 autem
2185 2485 2200 2503 a
2212 2477 2315 2503 Graeco
2331 2472 2416 2502 διπλὼ

1525 2509 1597 2545 Conf.
1612 2509 1694 2544 Rofin.
1706 2511 1781 2536 Antt.
1795 2511 1864 2536 Rom.
1884 2511 1902 2537 1.
1914 2517 1930 2540 8
1952 2517 1978 2546 p.
1993 2521 2047 2546 791.
2462 2515 2463 2522 ¹

1424 2551 1443 2571 D
1452 2551 1520 2572 VPL
1529 2552 1570 2571 vs
1579 2565 1587 2577 ,
1611 2554 1623 2571 a
1632 2565 1640 2577 ,
1665 2554 1719 2571 um.
1758 2545 1817 2571 Adi.
1857 2544 2018 2580 [διπλάσιος]
2060 2547 2107 2573 Bis
2124 2552 2222 2572 tantum
2233 2556 2242 2570 .-
2275 2551 2321 2577 vt,
2339 2545 2431 2579 Dupla

1385 2589 1454 2615 pars.
1509 2580 1564 2607 Cic.
1578 2580 1610 2606 de
1623 2581 1744 2607 Vniuers.
1759 2589 1790 2606 20
1810 2590 1831 2606 c.
1846 2588 1863 2616 7
1881 2581 1983 2607 Deinde
2015 2587 2116 2608 uartam
2129 2589 2196 2615 quae
2209 2579 2335 2606 secundae
2347 2579 2449 2613 dupla·

1387 2616 1455 2643 esset.
1547 2615 1628 2642 Plaut.
1642 2617 1719 2642 Poen.
1734 2623 1757 2649 5,
1770 2617 1796 2648 6,
1811 2624 1841 2648 14
1866 2623 1921 2643 AG.
1941 2591 2058 2651 Dupqum
2071 2625 2120 2650 pro
2133 2617 2207 2642 furto
2220 2614 2290 2640 mihi
2302 2622 2369 2647 opus
2382 2613 2437 2640 estc

1387 2651 1429 2679 Sic
1444 2650 1547 2682 Plin.2‚
1561 2659 1598 2677 21.
1792 2647 1813 2687 ff
1834 2659 1849 2676 2
1884 2651 1986 2684 Dupla‚
2005 2652 2084 2677 intell.
2098 2657 2180 2685 pars:
2201 2655 2240 2681 vt,
2259 2649 2374 2683 Duplam
2384 2648 2429 2676 sti*

1351 2703 1368 2722 0
1388 2686 1475 2721 pulari
1493 2685 1510 2711 l.
1524 2695 1542 2718 4
1562 2684 1586 2722 6.
1606 2685 1633 2711 Si
1647 2685 1677 2716 is,
1690 2685 1738 2720 qui
1754 2685 1786 2711 D.
1799 2686 1832 2712 de
1845 2685 1919 2711 verb.
1933 2685 1989 2712 obl.
2014 2691 2095 2721 nempe
2108 2691 2137 2711 vt
2147 2687 2254 2720 pretium
2267 2684 2377 2721 duplum,
2388 2690 2428 2721 pe-

1386 2724 1460 2748 cunia
1474 2721 1547 2756 dupla
1560 2720 1678 2747 reddatur
1691 2723 1779 2746 emtori
1790 2730 1805 2746 a
1819 2720 1960 2752 venditore,
1972 2719 1998 2754 fi
2013 2730 2054 2747 νει·
2067 2717 2149 2747 ιίιίἐῖα
2155 2719 2250 2756 fuerit.
2342 2719 2415 2746 Plane

1389 2758 1463 2790 Capt.
1477 2765 1505 2788 4,
1518 2765 1543 2787 2,
1557 2761 1584 2788 38
1606 2756 1662 2788 Qii
1680 2756 1837 2781 concinnant
1855 2755 1947 2781 liberis
1965 2755 2044 2782 orbas
2057 2764 2137 2788 oues,
2155 2755 2202 2790 qu'i
2215 2755 2303 2781 locant
2316 2753 2428 2792 caedun-

1390 2791 1437 2815 dos
1451 2799 1544 2823 agnos,
1560 2796 1585 2815 et
1599 2790 1705 2823 duplam
1718 2790 1840 2823 agninam
1852 2789 1965 2821 danunt,
1982 2792 2000 2816 i.
2013 2792 2117 2817 alterum
2130 2796 2225 2816 tantum
2235 2791 2343 2824 agninae
2355 2797 2430 2824 quam

1390 2827 1545 2853 veruca-inae,
1558 2832 1617 2857 quae
1629 2825 1686 2849 huic
1692 2823 1803 2858 para-fito
1817 2826 1909 2850 carior.
1982 2825 2069 2860 Duplo
2083 2831 2109 2852 et
2123 2823 2205 2858 triplo
2220 2823 2363 2850 interuallo
2378 2823 2429 2850 dis·
2445 2832 2457 2858 ζ,

1393 2866 1466 2890 pares
1490 2858 1585 2890 septem
1609 2857 1687 2883 orbes
1710 2863 1851 2884 mouentur
1872 2860 1927 2885 Cic.
1947 2859 1979 2887 de
1992 2860 2114 2887 Vniuers.
2134 2867 2179 2885 20⁴
2371 2856 2393 2898 ff
2413 2867 2439 2892 3·

1393 2889 1515 2923 Suhstant.
1547 2891 1678 2925 Duplum,
1702 2891 1719 2917 i.
1752 2901 1776 2918 n.
1812 2891 1976 2930 [διπλάσιον]
2018 2897 2068 2926 Vt,
2089 2893 2268 2921 Condemnari
2284 2893 2373 2929 dupli,
2396 2901 2442 2922 ea*

1387 2926 1478 2965 forma
1491 2924 1598 2965 diffum,
1615 2935 1661 2961 qua
1672 2927 1832 2955 Condemnari
1847 2932 1948 2965 capitis.
1983 2930 2051 2955 Cato
2064 2929 2097 2955 de
2111 2929 2142 2955 R.
2156 2929 2186 2955 R.
2203 2929 2231 2956 in
2243 2930 2351 2964 praefat.
2369 2930 2427 2957 Ma-

1394 2969 1464 2987 iores
1479 2969 1549 2987 emm
1563 2960 1644 2987 nostri
1658 2961 1689 2988 fic
1704 2962 1836 2996 habuere,
1852 2971 1877 2990 et
1892 2964 1928 2990 ita
1946 2964 1973 2990 in
1988 2963 2090 2998 leg-ibus
2107 2964 2232 2999 posuere,
2251 2965 2338 2992 furem
2352 2964 2426 3001 dupli
2437 2961 2444 2984 “·
2462 2975 2463 2978 ’

1393 2995 1579 3027 condemnari,
1597 2996 1771 3024 feneratorem
1786 2999 1942 3034 quadrupli,
1970 3002 1989 3025 i.
2007 3005 2037 3026 vt
2055 2999 2094 3025 bis
2111 3006 2210 3026 tantum
2227 3001 2330 3033 reddat,
2349 3010 2425 3037 quan-
2438 3026 2446 3031 ,
2461 3003 2462 3018 ³

2272 3038 2303 3063 In
2316 3037 2351 3064 du
2370 3036 2426 3064 lum

1394 3074 1503 3106 agimus,
1521 3067 1594 3106 yelut
1608 3067 1674 3094 furti
1686 3077 1731 3094 nec
1745 3070 1876 3097 manifesti
1888 3070 1978 3096 lustin.
1992 3069 2051 3097 inst.
2065 3070 2098 3096 de
2112 3070 2209 3097 afflon.
2228 3070 2293 3108 §.13
2335 3045 2425 3107 Dliiplo
2461 3072 2462 3077 ¹

1394 3110 1479 3141 maior
1493 3102 1557 3128 le.
1572 3111 1603 3133 ιι,
1618 3105 1655 3142 ιδ,
1757 3105 1812 3131 Cic.
1826 3114 1875 3139 pro
1889 3105 1980 3132 Flacco
1994 3113 2029 3138 49
2050 3114 2071 3132 c.
2082 3114 2109 3132 21
2130 3107 2219 3134 Frater
2230 3116 2304 3134 meus
2317 3106 2426 3143 pro‘sua

1394 3143 1524 3171 aequitate
1537 3137 1726 3172 prudentiaque
1744 3139 1878 3173 decreuit,
1895 3146 1925 3167 vt
1940 3140 1958 3167 si
1972 3140 2117 3167 iudicatum
2130 3148 2252 3176 negaret,
2271 3143 2300 3170 in
2316 3142 2427 3178 duplum
2441 3151 2447 3168 ῑ

1395 3173 1456 3198 Iret.
1511 3172 1627 3199 Reddere
1642 3172 1749 3207 duplum
1763 3176 1827 3203 Plin.
1841 3184 1876 3208 33,
1894 3184 1913 3202 1.
1981 3176 2061 3210 Dupli
2074 3176 2118 3203 fur
2131 3177 2212 3205 Plaut.
2228 3178 2306 3205 Poen.
2322 3187 2341 3210 i,
2353 3187 2373 3211 ι,
2387 3180 2427 3212 56.

1514 3243 1518 3248 ¹
1710 3244 1715 3248 1
1839 3210 1918 3245 Qiod
1931 3210 2042 3238 dicimus
2061 3211 2149 3247 dupli,
2168 3213 2200 3239 sic
2214 3214 2330 3249 accipere
2346 3213 2425 3241 debe-

1395 3251 1466 3275 mus,
1485 3249 1564 3270 etiam
1578 3243 1717 3278 quadrupli
1730 3251 1877 3280 competere
1888 3246 2035 3279 amonem,
2056 3247 2073 3273 si
2088 3249 2253 3276 manifestum
2271 3250 2373 3276 furtum
2386 3249 2425 3276 fit.

1394 3278 1482 3304 Sidon.
1499 3280 1543 3313 Ep.
1558 3288 1592 3312 4,
1605 3288 1640 3312 24
1676 3279 1757 3305 Cauta
1774 3281 1910 3307 centesima
1929 3281 1964 3307 est
1983 3283 2143 3316 feneratori,
2163 3293 2231 3320 quae
2249 3293 2296 3320 per
2315 3284 2425 3312 bilustre

1394 3313 1519 3347 producia
1532 3320 1632 3348 tempus
1647 3314 1756 3340 modum
1770 3316 1845 3342 sortis
1859 3317 1891 3343 ad
1905 3315 2013 3351 duplum
2026 3318 2144 3346 adduxit.

1430 3355 1447 3374 D
1458 3356 1477 3375 ν
1491 3356 1522 3374 1²1
1542 3350 1562 3376 ,ἰ
1573 3357 1629 3376 nis
1640 3370 1648 3381 ,
1670 3358 1692 3376 e.
1729 3350 1788 3377 Adi.
1826 3352 1942 3378 Macrob.
1955 3353 2042 3380 Sonm.
2055 3355 2120 3389 Scip.
2135 3364 2161 3387 1,
2179 3357 2197 3381 6
2220 3354 2353 3382 Timaeus
2370 3355 2426 3382 Pla-

313 3390 337 3409 ‘1
351 3383 481 3414 ¹¹¹¹¹¹³b¹¹⁵2
501 3388 525 3409 ς(
538 3382 672 3408 ‘inefflffis
691 3382 838 3415 peregrinae
852 3382 1012 3415 proceritatis
1026 3383 1034 3407 3
1066 3384 1155 3416 Nempe
1168 3391 1218 3407 ΜΠ
1232 3380 1330 3406 ἀΟΠΗΠῙ
1345 3388 1380 3413 90
1395 3384 1480 3415 tonis,
1498 3384 1683 3411 fabricatorem
1702 3381 1846 3413 mundanae
1867 3388 1968 3414 animae
1982 3388 2081 3422 Deum,
2100 3396 2184 3425 partes
2203 3390 2259 3417 eius
2278 3399 2310 3417 ex
2323 3390 2380 3424 Pari
2398 3395 2425 3418 et

313 3417 368 3451 effit
379 3421 405 3444 in
418 3419 488 3444 libris
501 3420 626 3452 antiquis,
644 3416 743 3442 bonum
756 3416 889 3442 emendanti
902 3418 1044 3448 Rhenanus,
1064 3419 1285 3451 interpretatusqas
1299 3415 1331 3448 est

312 3454 435 3479 idoneum
450 3463 455 3478 ;
484 3453 544 3487 qums
562 3462 587 3477 ιιι
604 3458 740 3478 contextum
759 3454 879 3477 orationis
893 3459 1009 3486 rec-epum:
1029 3450 1061 3484 est
1080 3454 1106 3476 in
1120 3451 1224 3477 editione
1238 3453 1333 3476 Prior-ii

311 3490 399 3523 (farte-
414 3490 462 3513 iam
475 3497 490 3513 α
502 3488 631 3522 Rigaltio)
656 3487 779 3512 Duonuni
791 3486 853 3521 quod
864 3486 897 3511 ad
909 3486 1005 3512 donum
1015 3489 1128 3522 proxime
1141 3486 1242 3518 accedet,
1257 3487 1334 3523 nescio

311 3526 468 3550 conieci-rime
483 3523 572 3549 Sauaro
580 3541 587 3553 ,
605 3531 636 3548 au
650 3522 761 3548 alicunde
774 3523 900 3557 aceperit.

670 3595 698 3624 D
802 3594 830 3624 V
934 3594 956 3624 P

348 3668 490 3692 nvem,
510 3671 546 3688 ae.
584 3667 790 3694 nerARm,
815 3662 867 3689 via'.
889 3668 1058 3694 nvrrvs,
1078 3671 1101 3694 a,
1119 3671 1172 3689 um.

348 3696 514 3729 Di71’1AEx,
536 3697 590 3722 i'ciS.
627 3696 685 3722 Adi.
721 3695 829 3729 [διττὲς,
848 3695 957 3730 διπλόος]
1005 3698 1050 3723 Cui
1072 3698 1131 3723 eluar
1149 3699 1211 3733 swit
1227 3704 1330 3732 partes,

308 3733 372 3768 quod
387 3733 487 3758 ‹iiior-um
506 3730 538 3764 ιςΠ
556 3740 682 3767 generum,
705 3741 778 3757 vuum
794 3733 831 3758 b1s
843 3733 966 3768 Jilmtum,
992 3739 1037 3759 erc.

309 3771 357 3800 639
392 3781 436 3786 —
470 3767 501 3792 Et
515 3766 646 3801 duplicem
661 3767 767 3800 gemmis
786 3776 901 3801 auroque
920 3776 1053 3794 coronam.
1147 3768 1217 3794 Idem
1233 3769 1329 3802 Georg.

307 3811 334 3834 3,
348 3809 379 3836 87
406 3803 438 3828 At
458 3801 552 3835 duplex
569 3801 655 3835 agitur
671 3810 715 3835 per
730 3801 830 3827 lumbos
844 3803 921 3836 spina.
963 3804 1009 3829 Vbi
1020 3803 1140 3833 Seruum,
1161 3805 1213 3829 Aut
1226 3812 1253 3829 re
1266 3812 1329 3831 vcra

306 3837 409 3871 duplex,
430 3843 473 3863 aut
493 3837 561 3863 lata:
591 3837 633 3867 Vt,
646 3837 741 3870 Georg.
763 3846 782 3869 1,
804 3845 845 3862 ιη,
865 3838 968 3871 Duplici
981 3844 1101 3872 aptantur
1113 3838 1225 3864 dentalia
1239 3838 1326 3865 dorso.

305 3873 408 3906 Duplici
423 3872 493 3906 spina
509 3881 606 3906 equum
623 3871 708 3898 laudat
724 3875 795 3897 etium
809 3872 938 3898 Columel.
952 3875 975 3902 6,
992 3882 1033 3905 29,
1054 3883 1074 3899 2.
1130 3873 1201 3909 Cous.
1223 3875 1327 3900 Tui-neb.

302 3908 368 3936 Adu.
384 3917 415 3939 15,
430 3917 449 3934 1.
488 3913 511 3933 ee
529 3916 574 3940 28,
594 3918 636 3943 47.

706 3906 800 3941 Virgil.
821 3908 883 3933 Aen.
902 3915 926 3941 1,
945 3916 975 3940 93
1001 3910 1031 3935 Et
1044 3909 1157 3944 duplices
1175 3909 1281 3936 tendens
1294 3910 1373 3947 ad105

1396 3419 1507 3458 impari,
1531 3419 1557 3445 id
1578 3420 1613 3446 est
1633 3419 1736 3454 duplari
1756 3428 1781 3448 et
1793 3422 1896 3457 triplari
1910 3432 2035 3457 numero,
2056 3426 2231 3452 intertexuisse
2244 3425 2424 3452 memorauit:

1396 3460 1446 3484 ita,
1468 3460 1496 3479 vt
1517 3463 1530 3480 a
1544 3455 1645 3489 duplari
1664 3465 1745 3490 vsque
1765 3457 1797 3483 ad
1818 3458 1895 3491 οξῒο,
1919 3467 1934 3485 a
1954 3460 2055 3494 triplari
2074 3470 2157 3496 vsque
2168 3460 2200 3488 ad
2213 3460 2310 3495 viginti
2324 3461 2423 3496 septem

1397 3489 1472 3515 staret
1486 3489 1623 3530 alterna-tio
1638 3492 1783 3531 mutuandi.
1838 3493 1958 3528 Duplaris
1973 3495 2004 3529 cst
2017 3497 2057 3522 hic
2070 3506 2184 3523 numerus
2195 3496 2323 3528 binarius,
2341 3496 2424 3529 verbo,

1395 3526 1467 3550 Duo:
1491 3531 1534 3557 vr,
1553 3525 1668 3560 triplaris
1681 3527 1760 3553 Tres.
1853 3529 1977 3564 Duplarcs
1997 3531 2129 3565 afliones,
2154 3530 2263 3567 vulgos:
2282 3531 2425 3566 Duplariae

1345 3569 1376 3595 95·
1394 3559 1511 3585 dicuntur
1524 3570 1539 3585 a
1553 3562 1746 3597 Iurisconsulti&
1757 3572 1816 3598 quae
1828 3566 1854 3589 in
1868 3565 1963 3600 duplum
1976 3567 2111 3594 dabantur:
2126 3567 2193 3601 ficut
2207 3566 2425 3601 Qiadruplariae,

1395 3604 1454 3631 quar
1466 3597 1493 3620 in
1508 3595 1674 3632 quadruplum.
1777 3599 1902 3633 Duplares
1915 3610 2059 3629 armaturae
2068 3623 2076 3635 ‚
2096 3611 2163 3638 quae
2175 3601 2248 3628 binas
2263 3603 2424 3636 consequun-
2438 3612 2440 3614 ’

1396 3636 1440 3657 tur
1451 3639 1574 3671 annonas.
1630 3633 1719 3666 vegei.
1733 3632 1764 3658 de
1778 3635 1815 3660 Re
1832 3636 1887 3661 mil.
1904 3645 1928 3668 2,
1940 3644 1963 3671 7.
2017 3640 2047 3664 Et
2059 3647 2129 3670 mox,
2141 3637 2277 3671 Torquati
2296 3637 2425 3672 duplares,
2444 3648 2445 3654 ¹

1394 3665 1531 3706 Torquati
1545 3665 1673 3701 simplatcs
1682 3688 1689 3697 ,
1709 3669 1804 3702 quibus
1817 3676 1923 3705 torques
1937 3681 2029 3699 aureus
2042 3673 2139 3700 solidus
2151 3671 2258 3698 virtutis
2278 3674 2423 3707 praemium

1394 3700 1466 3727 fuit:
1503 3710 1581 3736 quem
1600 3703 1646 3736 qui
1666 3705 1810 3737 meruisset,
1836 3714 1936 3740 praeter
1956 3708 2058 3735 laudem
2077 3706 2208 3735 interdum
2228 3707 2319 3742 duplas
2336 3709 2435 3735 conse--

1107 3733 1202 3767 Virgil.
1222 3735 1284 3759 Aen.
1306 3743 1384 3767 ¹‚ioo
1395 3736 1524 3770 quebatur
1537 3746 1651 3764 annonas
1666 3749 1671 3764 2
1707 3738 1824 3773 duplares
1838 3742 1914 3773 duas,
1933 3743 2062 3778 simplares
2074 3750 2160 3768 vnam.
2201 3743 2281 3769 Erant
2295 3749 2320 3769 et
2333 3745 2423 3770 secun·
2436 3762 2441 3769 ι

1394 3772 1455 3797 dum
1476 3780 1604 3798 annonam
1623 3773 1753 3800 candidati
1776 3775 1907 3810 duplares,
1927 3779 2059 3805 candidati
2071 3777 2211 3811 fimplares.
2258 3778 2332 3814 Coris.
2357 3785 2427 3804 DV*
2460 3791 2462 3794 ’

1394 3813 1510 3833 Prien
1522 3815 1595 3834 R11.
1689 3810 1826 3845 Inscriptio
1846 3820 1914 3839 vetas
1932 3816 2037 3845 Romae,
2069 3812 2108 3839 T·
2131 3813 2302 3840 AELIVS·
2330 3814 2370 3841 T·
2391 3813 2420 3840 F·

1394 3842 1487 3868 POP.
1525 3843 1780 3871 HEDISCVS.
1819 3848 1920 3875 MIL.
1958 3847 2157 3876 DVPLAR.
2192 3849 2419 3877 ARMATVR.

1393 3878 1416 3903 V
1428 3877 1439 3902 1
1452 3877 1475 3903 X
1489 3878 1501 3903 Ι
1514 3877 1558 3903 Τ.
1612 3879 1677 3905 AM.
1697 3881 1771 3907 Grut.
1792 3891 1816 3916 p.
1832 3891 1872 3918 57,
1888 3893 1906 3910 ι.
1940 3887 1998 3910 item
2016 3891 2077 3914 530,
2090 3889 2111 3914 5-
2410 3906 2413 3914 u

1428 3917 1447 3937 D
1459 3918 1478 3938 ν
1488 3919 1526 3940 1²1.
1537 3911 1573 3940 ic
1586 3921 1622 3946 O,
1652 3919 1702 3942 are.
1739 3915 1927 3954 [ὢπλασιοίξω]
1973 3919 2022 3951 Vt,
2043 3916 2183 3954 Duplicare
2203 3927 2343 3946 numerum
2365 3918 2420 3980 (ἷξε,

2405 3961 2420 3980 e
