2479 4225
286 209 356 251 ¹4⁷
652 173 690 230 D
776 189 794 227 1
879 186 911 225 c
1120 216 1125 217 .
1756 178 1807 223 D
1880 182 1898 222 1
1984 181 2020 222 c:
2356 189 2423 230 148

286 285 359 312 Orat.
372 286 420 314 289
430 290 452 306 c.
467 283 507 312 84.
579 278 652 306 Idem
665 278 697 304 de
710 277 768 303 Fin.
782 282 805 308 5,
819 281 851 308 27
879 273 917 299 Ita
931 269 1052 304 prorsus,
1072 267 1180 309 iijquam
1189 286 1198 300 ³
1216 270 1242 292 et
1255 264 1273 306 sl,
1286 273 1317 292 θ’
1378 267 1423 302 est,
1435 269 1533 306 defi-'lla
1546 270 1628 297 curuli
1640 270 1785 299 Praetoria,
1805 274 1830 295 ²2
1837 274 1886 304 pro
1904 270 2039 298 Tribunali
2047 269 2146 307 sedent.
2180 269 2264 305 Supra
2275 272 2338 296 enim
2353 267 2422 295 dixe-

287 317 393 353 quidem
405 313 561 350 quaeadhuc
575 314 675 345 dixisti,
694 310 815 346 quamuis
827 307 867 334 Ad
878 311 988 345 aetatem
1001 304 1074 332 reae
1087 304 1136 331 isto
1150 300 1232 328 modo
1248 300 1317 327 dice·
1378 305 1542 344 rau-Palam
1554 306 1586 332 de
1599 306 1677 338 sella,
1697 305 1725 331 in
1737 303 1875 331 tribunali.
1912 304 1915 310 ’
1929 330 1931 332 ,
1943 306 2052 333 Effiifius
2070 306 2174 338 dicere,
2198 305 2251 332 vid.
2267 305 2350 340 paullo
2363 311 2420 331 ante

286 359 384 381 rentur.
434 349 510 384 Apud
523 349 639 384 aliquem
650 357 699 382 pro
710 346 802 379 aliquo
820 340 949 375 Qfifflffll·
961 349 989 373 4,
1003 348 1024 372 1,
1040 348 1076 380 153·
1128 339 1195 378 Ter.
1210 336 1316 376 Phor-m.
1380 339 1520 367 Astmfflus
1535 341 1630 368 dicere.
1700 340 1810 375 Egregie
1824 339 1910 366 dicere
1924 342 2052 375 Qiinffll,
2064 343 2089 372 6,
2098 350 2118 368 ι,
2188 340 2301 368 Exiliter
2320 340 2377 366 Cic,
2391 339 2421 366 in

286 397 305 421 4
327 395 349 418 3,
363 394 390 417 32
425 386 496 411 Nam
511 384 546 412 sat
564 385 635 416 scio,
659 383 676 409 fi
698 388 726 408 tu
739 380 853 414 aliquam
865 381 965 410 partem
976 377 1071 415 Aequi·
1078 374 1196 408 bonique
1207 372 1317 412 fimens·
1382 375 1464 414 Bruto
1478 377 1533 402 106.
1622 376 1751 410 Qiinffll.
1767 385 1787 409 1,
1801 383 1813 409 ς
1846 374 2003 410 Mastrugam
2023 376 2094 412 quod
2114 375 2223 403 Sardum
2238 376 2288 406 est,
2305 374 2419 401 illudens

286 408 365 448 plaut.
387 420 475 447 Aulul.
492 429 519 453 2,
536 429 564 454 4,
583 425 597 449 8
628 417 710 451 Atqui
730 424 779 449 ego
796 411 878 439 isthuc
897 410 1015 438 Anthrax
1029 410 1164 437 Aliorsum
1186 406 1316 439 dixeram,
1342 413 1357 440 5
1380 411 1476 436 Cicero
1484 410 1521 436 Ex
1535 411 1660 438 industria
1672 411 1749 448 dixit.
1797 412 1833 437 Ex
1845 416 1965 445 tempore
1979 412 2064 440 dicere
2075 412 2131 439 Cic.
2145 411 2177 438 de
2194 411 2346 438 Clar.Orat.
2359 418 2419 442 219.

287 458 350 483 Non
362 455 445 482 isthuc
458 455 529 491 quod
542 462 568 481 tu
582 451 714 479 insimulas
727 450 822 476 dicere.
848 449 867 472 i.
881 448 940 474 Alio
952 449 1034 473 animo
1052 444 1179 479 dixeram,
1196 449 1233 483 *at
1250 451 1277 483 με
1287 449 1317 468 tu
1382 446 1440 472 Sen.
1450 444 1564 484 Thyest.
1577 447 1594 473 s.
1607 452 1620 477 8
1640 447 1698 473 Nec
1713 446 1801 474 Facile
1809 446 1894 473 dicam
1907 449 2032 481 corpora,
2047 457 2080 475 an
2091 449 2211 474 flammae
2224 452 2336 481 gemant.
2374 446 2421 472 Fa-

286 494 470 526 interprctaris.
537 487 644 523 Aliquid
657 486 759 517 dicere,
779 481 832 508 vid.
852 489 899 509 AL
909 490 919 509 1
929 489 948 517 Q
957 489 977 508 V
987 489 997 508 1
1006 489 1029 508 S·
1100 480 1216 518 Alterius
1248 486 1317 518 ¹5⁶}'e
1382 480 1424 508 &a
1437 480 1567 514 alicuius,
1585 481 1698 510 dePoa‘ta
1716 483 1791 517 Virg.
1807 482 1860 509 Ecl.
1875 490 1903 515 4,
1916 489 1958 515 54.
2027 483 2108 510 Plaut.
2122 481 2217 517 Amph.
2231 490 2252 514 1,
2268 490 2289 514 1,
2303 489 2352 516 279
2372 481 2422 507 Per

287 528 362 561 Virg.
377 527 430 553 Ecl.
448 534 472 560 5,
493 533 531 558 59.
600 522 681 548 Plaut.
694 518 781 547 Pseud·
803 526 822 548 1,
841 525 863 550 5,
882 520 929 544 ¹06
953 518 1022 544 Bene
1039 520 1118 550 atque
1130 515 1222 540 Amlce
1240 513 1315 555 dlcfs·
1380 517 1475 543 Iouem
1486 516 1547 542 iuro
1559 525 1602 542 me
1612 518 1678 550 esse,
1703 527 1789 553 neque
1802 527 1844 544 me
1858 518 1962 545 Falsum
1975 516 2070 544 dicere.
2138 518 2211 545 Idem
2225 518 2304 543 Poen.
2319 526 2338 549 1,
2351 525 2374 548 3,
2387 524 2419 548 3ο

287 563 363 596 Virg.
377 562 429 588 Ecl.
444 571 481 593 10,
494 569 526 592 34
551 557 641 584 Vestra
659 565 730 583 meos
744 553 810 580 Olim
828 552 847 579 fi
861 553 943 580 fistula
956 553 1026 579 dicat
1045 553 1164 577 Amores·
1200 548 1267 576 Add·
1281 548 1314 575 lb·
1381 552 1420 578 Ita
1434 561 1476 578 me
1497 551 1536 577 dii
1549 551 1688 586 amabunt,
1711 554 1766 580 vin'
1781 554 1850 580 bona
1864 552 1949 579 dicam
1972 551 2054 584 Fide,
2089 553 2170 587 Qiod
2185 553 2228 579 hic
2246 552 2316 578 inter
2328 560 2377 577 nos
2389 551 2422 577 li-

285 607 312 624 v.
332 599 357 624 6.
428 599 492 623 Nam
511 593 596 619 dicere
612 598 781 626 nonnunquam
794 591 858 624 Pom'
877 596 927 625 Pro
945 588 1082 619 celebrare,
1105 584 1225 617 laudare,
1248 584 1317 610 docet
1335 596 1365 615 ιο
1382 589 1455 613 ceat3
1527 587 1634 613 Fortius
1648 587 1735 615 dicere
1750 598 1797 616 cur
1811 588 1952 616 videantur
1965 587 2070 614 indocti
2089 589 2219 621 Qiinffil.
2231 596 2253 619 2,
2267 596 2303 614 12.
2357 586 2422 613 Gra-

286 633 376 661 Barth.
391 631 422 658 ad
438 631 527 664 Script.
542 630 606 655 Ven.
620 637 644 663 p.
659 628 708 656 186.
765 624 805 652 sic
817 633 872 650 mox
886 625 967 651 Arma
980 622 1077 649 dicere.
1131 621 1241 655 Ample,
1261 619 1315 646 vid.
1379 623 1452 650 viter
1465 627 1491 648 et
1502 622 1572 649 iente
1603 622 1669 649 Plin.
1681 624 1762 658 Epist.
1784 633 1809 656 2,
1822 633 1861 657 14.
1932 625 1964 651 ln
1976 632 2067 651 aurem
2077 624 2165 651 nescio
2178 623 2243 659 quid
2253 630 2354 658 puero,
2374 628 2422 647 etc.

285 678 340 695 mox
353 668 487 693 Attenuate
501 664 596 690 dicere·
651 660 769 695 Amplius
781 659 869 693 Panno
883 659 969 686 dicam
993 658 1050 685 Cic·
1063 658 1140 684 Vffl‘r·
1158 656 1217 682 Λᾶ·
1232 665 1250 687 ¹¹
1259 656 1315 690 176,
1380 659 1448 685 Hor·
1464 658 1514 684 Sat·
1535 667 1555 690 ι,
1569 666 1594 690 9,
1608 666 1646 684 10.
1715 659 1784 687 Ter.
1803 659 1877 686 Adel.
1891 668 1912 692 1,
1928 668 1949 692 1,
1963 668 1991 693 4¹
2018 659 2076 692 Ipse
2090 658 2181 686 sentiet
2193 658 2336 694 posterius:
2355 656 2420 683 nolo

287 704 383 730 Animo
403 700 546 735 praesenti,
570 702 588 725 i.
601 694 743 728 Audac'ter,
769 701 793 721 et
803 694 859 729 stne
883 695 932 722 vllo
958 697 1045 721 timore
1070 702 1100 719 ac
1116 698 1216 728 promto
1234 694 1315 718 animo
1379 694 1410 720 in
1422 693 1499 720 illum
1518 693 1631 720 Grauius
1652 692 1748 720 dicere.
1817 694 1984 727 Identidem,
2014 693 2067 720 vid.
2089 700 2194 720 IDEM.
2264 695 2369 727 Impetu
2381 691 2422 718 di-

285 739 352 765 Ter.
365 738 427 762 Eun.
447 745 476 768 4,
494 737 518 767 6,
538 742 574 766 32.
641 732 714 758 Idem
727 732 791 758 Eun·
811 739 832 762 Ι,
849 738 875 762 2,
893 739 912 764 4
937 730 1044 757 Vtinam
1058 727 1142 755 isthuc
1155 726 1268 754 verbum
1282 734 1314 752 8¹
1380 738 1438 756 cere
1454 730 1496 761 se,
1515 734 1540 755 et
1554 727 1660 755 viribus
1673 728 1714 755 vti
1726 729 1874 762 gloriantur
1906 729 2037 763 Quinctil.
2058 738 2081 761 2,
2095 737 2128 756 11.
2195 729 2369 756 Inclementer
2383 728 2424 754 vel

285 774 381 800 Animo
394 780 422 797 ac
435 779 497 797 vere
511 769 617 795 diceres.
670 767 783 802 Anguste
794 771 820 792 et
833 766 940 792 exiliter
957 766 1013 792 Cic.
1027 765 1055 790 in
1067 765 1150 790 Bruto
1163 771 1203 795 23.
1239 762 1314 789 Anti·
1334 772 1361 799 ις
1378 764 1473 792 acerbe
1498 764 1527 790 in
1544 764 1678 798 aliquem,
1714 764 1802 791 Verbis
1818 765 1891 793 duris
1907 768 2031 802 corripere
2049 767 2169 799 aliquem.-
2205 766 2309 792 iniuriis
2326 761 2424 798 afficere

285 816 336 842 que
347 806 426 832 nimis
440 811 465 831 et
476 804 540 830 dure
565 804 632 829 Hor.
646 803 725 838 Epist.
743 811 764 834 2,
778 811 797 834 1,
811 803 854 829 66.
923 800 1045 835 Appofite
1057 799 1089 826 ad
1105 797 1314 834 persuadendum
1378 800 1461 828 Plaut.
1475 799 1570 834 Amph.
1585 808 1610 832 2,
1624 808 1648 832 2,
1662 808 1713 825 110.
1782 800 1838 827 Cic.
1850 801 1904 828 Att.
1918 809 1952 834 11,
1987 821 1995 827 .
2032 820 2039 827 .
2075 799 2125 826 Etsi
2141 798 2239 832 multa,
2261 800 2378 834 praesens
2392 799 2424 824 In

283 841 411 876 Qlinffil·
429 849 454 872 2,
475 846 508 872 ¹5·
578 839 644 873 Apte
673 838 747 865 Idem
764 847 783 869 ¹5
804 844 825 870 5-
895 837 1056 870 Argumenta
1069 835 1148 861 alicui
1162 835 1203 861 rei
1232 833 1314 860 Plaut.
1381 836 1543 870 praesentem
1556 834 1651 861 acerbe
1667 834 1770 861 dixerat
1781 840 1808 861 et
1819 836 1925 863 fecerat.
1997 836 2080 863 Plaut.
2098 834 2186 861 Pseud.
2201 843 2220 865 1,
2233 843 2252 865 1,
2265 842 2295 867 25
2313 836 2368 862 Cur
2381 834 2428 860 In-n

282 877 382 904 Mostel.
398 884 416 905 1,
429 883 452 907 2,
464 882 489 900 2.
543 874 639 907 Arma,
658 877 675 901 i.
690 873 757 900 Bella
770 871 917 909 describere:
940 873 1007 898 Hor.
1021 870 1101 906 Epist.
1117 879 1189 903 1,19‚
1202 877 1219 904 7
1239 869 1313 895 Nun·
1380 871 1522 898 clementer
1543 870 1610 896 dicis
1617 890 1626 903 ,
1647 869 1743 904 lepidis
1763 870 1857 904 literis,
1897 871 2006 906 Lepidis
2025 871 2146 903 tabellis,
2165 870 2253 905 lepida
2272 869 2425 904 conscriptis

300 921 358 938 uam
371 910 418 936 nifi
432 915 509 944 potus
520 909 553 936 ad
566 919 638 936 arma
672 909 794 941 Prosiluit
807 906 923 934 dicenda.
985 907 1041 933 Cic.
1056 907 1086 932 in
1098 906 1180 933 Bruto
1193 914 1238 932 201
1251 914 1272 931 c.
1286 910 1314 936 55
1379 908 1478 933 manu?
1546 906 1646 932 Inculte
1660 905 1762 937 dicere,
1780 905 1833 932 vid.
1852 907 1972 939 Intrate,
1990 910 2018 934 i„
2039 913 2080 934 x‘N
2089 914 2106 934 c
2118 912 2137 932 ο
2148 913 2164 932 L
2173 912 2202 933 ο.
2255 905 2337 931 Plaut.
2347 906 2423 940 Capt.

306 952 424 972 ratorum
438 945 570 979 bonorum
582 945 635 972 duo
647 954 741 980 genera
753 945 824 971 sunt:
842 952 924 969 vnum
937 943 1075 969 Attenuate
1088 942 1236 976 Prelseque,
1251 939 1313 966 alte·
1325 947 1362 966 20
1379 951 1406 974 2,
1420 950 1445 974 2,
1457 950 1488 975 92
1507 942 1628 968 Inducias
1642 941 1750 976 occoepi
1763 940 1860 968 dicere.
1931 942 1986 969 Cic.
1995 951 2044 977 pro
2055 943 2144 970 Domo
2164 942 2206 967 sua
2220 947 2254 975 27
2274 940 2342 974 Quis
2356 939 2425 974 apud

278 990 338 1009 rum
352 981 458 1007 Sublate
470 980 616 1015 Ampleque
629 981 782 1008 dicentium.
836 979 885 1005 Sed
897 977 1043 1005 canendum
1057 977 1093 1004 est
1106 977 1188 1011 presso
1202 976 1242 1002 illi
1255 984 1315 1002 ora·
1379 978 1510 1012 Populum
1523 978 1601 1003 Rom.
1613 976 1644 1003 de
1665 976 1739 1003 illius
1753 976 1881 1011 dignitate
1893 977 2056 1011 Industrius,
2075 978 2135 1012 quis
2153 976 2259 1004 Senatui
2271 976 2371 1010 saepius
2386 974 2427 1001 di.

277 1017 334 1044 tori
347 1016 439 1052 inopia
451 1022 477 1043 et
490 1016 630 1049 ieiunitas,
651 1017 737 1051 amplo
756 1020 843 1042 autem
863 1014 982 1040 inflatum
1004 1018 1029 1039 et
1042 1019 1197 1048 corruptum
1214 1012 1315 1038 oratio·
1379 1013 1435 1039 xit?
1488 1014 1579 1047 Inepte
1598 1012 1672 1039 Idem
1687 1012 1715 1038 in
1728 1012 1812 1039 Bruto
1847 1031 1856 1038 .
1894 1031 1901 1038 .
1952 1012 2034 1040 Plaut.
2049 1013 2138 1040 Pseud.
2153 1021 2174 1044 2,
2188 1021 2212 1045 2,
2226 1017 2251 1041 18
2278 1012 2343 1038 Non
2356 1010 2426 1036 soles

279 1053 320 1078 nis
335 1061 424 1087 genus.
494 1051 640 1084 Audncffer,
663 1058 688 1078 et
702 1056 789 1086 aperte
806 1050 879 1076 Idem
892 1059 942 1085 pro
956 1050 1030 1076 Rosc.
1046 1049 1123 1075 Com.
1140 1050 1176 1074 16.
1246 1047 1312 1074 Ρ1“ιη.
1380 1048 1510 1083 respicere
1523 1054 1558 1081 te,
1572 1057 1655 1083 quum
1669 1047 1738 1074 dicas
1750 1047 1849 1074 Iniuste
1861 1047 1949 1074 alteri.
2017 1048 2082 1076 Plin.
2098 1057 2136 1081 ιι,
2151 1056 2162 1080 3
2196 1049 2272 1081 Qiae
2286 1056 2318 1073 ex
2332 1046 2373 1072 his
2387 1045 2428 1071 in.

278 1088 358 1122 Epist.
378 1096 397 1119 1,
416 1096 450 1114 20
478 1088 601 1121 Optimus
615 1093 700 1113 tamen
720 1086 813 1113 modus
832 1085 883 1118 est,
905 1086 963 1120 quis
975 1085 1069 1119 negat?
1093 1083 1137 1113 sed
1157 1092 1211 1110 non
1228 1083 1316 1109 minus
1381 1084 1500 1110 colatum
1520 1093 1633 1110 numero
1662 1084 1712 1109 esse
1730 1091 1856 1118 coepere,
1884 1082 2005 1110 dicentur
2022 1085 2095 1111 Inter
2120 1083 2281 1110 fructiferas.
2353 1082 2428 1108 Inter

278 1132 333 1150 non
352 1124 438 1151 seruat
458 1122 576 1156 modum,
590 1123 638 1156 qui
656 1123 726 1149 infra
736 1130 808 1154 rem,
834 1130 912 1156 quam
925 1121 971 1155 qui
992 1121 1082 1155 supra:
1101 1119 1149 1155 qui
1167 1118 1314 1151 Astriffius,
1332 1130 1364 1156 25
1380 1129 1429 1146 nos
1443 1119 1544 1146 dictum
1557 1120 1610 1146 fuit
1626 1119 1695 1146 Ter.
1709 1118 1821 1153 Adelph.
1837 1126 1860 1152 5,
1874 1126 1898 1151 3,
1913 1127 1952 1145 10.
2023 1119 2162 1146 Inuenuste
2175 1119 2262 1145 dicere
2293 1116 2427 1151 Qiinc'fil.

278 1168 358 1194 quam
370 1158 418 1193 qui
430 1157 532 1184 effusius
544 1157 617 1184 dicit.
681 1158 737 1184 Cic.
753 1156 784 1183 de
799 1157 856 1184 Fin.
871 1165 893 1189 2,
909 1165 936 1182 10
953 1155 1002 1182 Sed
1015 1162 1044 1181 tu
1059 1154 1142 1181 isthuc
1156 1154 1225 1181 dixti
1243 1155 1313 1181 Bene
1380 1161 1403 1188 1,
1418 1158 1443 1182 6.
1513 1155 1594 1181 Plaut.
1609 1154 1704 1189 Amph.
1724 1163 1747 1186 3,
1761 1162 1786 1186 2,
1800 1162 1828 1187 25
1863 1154 1895 1180 Et
1909 1153 2018 1189 quidem
2038 1156 2101 1181 Ioco
2120 1154 2166 1181 illa
2185 1154 2303 1181 dixeram
2326 1152 2427 1178 dudum'

278 1195 387 1226 Latine,
409 1202 501 1228 parum
520 1193 603 1228 plane.
673 1193 739 1220 Data
759 1192 795 1218 est
812 1192 924 1218 Eumeni
944 1191 1125 1226 Cappadocia,
1152 1190 1205 1217 siue
1225 1191 1315 1225 potius
1382 1191 1444 1218 tibi.
1482 1191 1513 1216 Et
1524 1190 1607 1226 paullo
1614 1191 1671 1225 post
1678 1210 1687 1223 ,
1700 1198 1727 1222 35
1745 1190 1772 1216 Si
1789 1188 1855 1225 quid
1868 1189 1970 1216 die’tum
1982 1189 2020 1216 est
2031 1199 2079 1225 per
2092 1191 2199 1222 Iocum,
2235 1190 2299 1217 Non
2312 1195 2428 1223 aequum

279 1229 350 1256 diffie
370 1230 438 1264 Nep-
453 1234 488 1261 18,
501 1238 525 1255 2·
545 1232 562 1254 1'·
577 1226 712 1260 dtsti'ffltar
730 1227 836 1254 decreta.
903 1228 1028 1254 Carmina
1041 1226 1128 1253 dicere
1159 1226 1233 1260 Virg.
1249 1227 1313 1252 Aen.
1380 1227 1417 1254 est
1430 1226 1458 1253 id
1472 1232 1497 1252 te
1511 1226 1580 1253 serio
1592 1226 1769 1260 praeuortier.
1842 1225 1923 1252 Plaut.
1939 1224 2016 1260 Epid.
2030 1235 2050 1258 1,
2068 1234 2087 1258 1,
2099 1233 2128 1258 23
2166 1225 2212 1252 Te
2231 1225 2297 1251 volo
2315 1225 2428 1250 Percon-

278 1267 305 1297 6‚
318 1272 363 1300 74·
434 1265 547 1290 Carmen
560 1262 700 1290 dedssffflm
719 1262 793 1290 Idem
804 1262 857 1289 Ecl·
870 1265 895 1294 6,
909 1270 930 1296 5-
1000 1262 1125 1289 Carmine
1138 1261 1254 1296 aliquem
1274 1260 1314 1287 Id·
1381 1262 1450 1295 tari,
1470 1271 1578 1296 operam
1592 1262 1640 1294 da,
1660 1270 1741 1296 opera
1753 1260 1879 1288 reddetur
1891 1261 1951 1288 tibi.
1973 1267 2009 1288 T.
2035 1262 2079 1288 Ius
2092 1259 2166 1287 dicis.
2189 1263 2207 1286 i.
2226 1259 2325 1293 iustum.
2380 1257 2428 1285 Sed-

279 1301 375 1334 Georg.
396 1308 422 1332 2,
440 1306 481 1332 43-
559 1299 669 1326 Causam
683 1298 787 1332 dicere,
816 1298 908 1325 dicitur
928 1307 1000 1330 reus,
1025 1307 1097 1333 quum
1117 1297 1315 1332 accusationibus
1333 1307 1365 1332 30
1380 1298 1415 1325 ad
1433 1296 1539 1332 officium
1557 1296 1735 1333 magistratus,
1761 1303 1785 1323 et
1802 1297 1894 1323 vrbani
1913 1304 1937 1324 et
1945 1298 2115 1333 prouinciali:
2129 1299 2242 1331 pertinet
2270 1295 2326 1322 Cic.
2346 1294 2427 1320 Verr.

275 1334 419 1370 respondere
429 1337 535 1370 cogitur.
589 1334 670 1360 Plaut.
684 1335 756 1360 Meu.
772 1343 799 1366 4,
813 1342 838 1365 2,
853 1342 879 1366 23
906 1333 983 1368 Apud
997 1333 1094 1360 aediles
1107 1333 1223 1367 praediis
1237 1332 1314 1358 facus
1381 1334 1440 1361 A&
1456 1342 1477 1366 1,
1514 1354 1521 1360 .
1560 1353 1567 1360 .
1603 1331 1719 1359 Audistis
1734 1331 1769 1359 ob
1788 1333 1831 1359 Ius
1849 1332 2011 1365 dicundum,
2036 1332 2196 1366 QVarium
2211 1331 2315 1363 dicere,
2334 1337 2429 1365 procu-

275 1371 417 1405 plurimis,
440 1369 604 1404 pessimisque
623 1369 680 1395 dixi
694 1369 814 1395 Causam.
885 1370 941 1396 Cic.
955 1378 1003 1404 pro
1018 1370 1093 1396 Rosc.
1108 1369 1197 1395 Amer.
1219 1377 1246 1394 12
1278 1368 1315 1394 Ea
1380 1372 1481 1397 'ratores
1494 1369 1553 1396 suos
1566 1368 1610 1396 isti
1626 1372 1732 1397 centum
1752 1374 1777 1397 et
1801 1369 1910 1404 triginta
1927 1369 2016 1395 millia
2044 1366 2156 1395 uumsim
2177 1366 2281 1393 dedisse.
2352 1363 2428 1391 sdem

275 1415 324 1432 nos
338 1405 386 1431 hoc
400 1411 519 1439 tempore
531 1406 646 1436 vtimur,
661 1405 825 1438 quiCausam
838 1403 959 1431 dicimus.
1013 1405 1085 1431 Caes.
1100 1405 1128 1431 B.
1144 1405 1176 1430 G.
1194 1412 1213 1435 1,
1228 1412 1246 1436 4
1265 1404 1317 1430 Or-
1380 1405 1412 1431 de
1420 1405 1543 1432 Prouinc.
1553 1406 1630 1432 Cons.
1653 1425 1660 1432 .
1686 1425 1693 1433 .
1730 1405 1824 1433 Emisti
1837 1404 1931 1440 grandi
1944 1404 2066 1440 pecunia,
2083 1409 2112 1430 vt
2126 1402 2179 1430 tibi
2194 1402 2226 1429 de
2239 1401 2358 1436 pecuniis
2372 1409 2429 1427 cre-

272 1441 421 1476 getorigem
430 1449 461 1466 ex
474 1439 588 1466 vinculis
596 1440 704 1465 Causam
716 1439 804 1465 dicere
817 1441 968 1473 coegerunt.
1022 1441 1053 1466 Et
1060 1439 1166 1475 subdit,
1188 1440 1239 1466 Die
1253 1447 1316 1465 con·
1380 1440 1445 1467 ditis
1458 1442 1500 1467 Ius
1521 1441 1549 1467 in
1570 1440 1671 1468 liberos
1690 1441 1817 1476 populos,
1847 1439 2205 1468 contraSenatusconsultum
2215 1458 2223 1469 ,
2245 1442 2271 1464 et
2282 1442 2375 1464 contra
2390 1436 2428 1462 le-

273 1473 373 1503 stituta'
382 1476 472 1502 causae
491 1474 627 1501 dictionis.
715 1473 776 1498 Liu.
790 1478 828 1505 38,
842 1482 873 1505 50
902 1474 991 1508 Scipio
1009 1474 1087 1501 iussus
1101 1475 1314 1505 dicereCausam,
1333 1487 1362 1513 3,-
1379 1486 1438 1511 gem
1453 1477 1544 1510 generi
1557 1477 1597 1503 tui
1616 1477 1703 1503 dicere
1717 1477 1818 1504 liceret.
1888 1477 1920 1505 Et
1941 1475 1974 1503 de
1993 1477 2115 1503 Prouinc.
2135 1474 2212 1501 Cons.
2250 1492 2257 1500 .
2295 1492 2303 1499 .
2339 1472 2428 1498 Perse-

273 1512 422 1539 orationcm
434 1509 600 1545 magnificam
612 1508 645 1536 de
658 1506 735 1535 rebus
749 1507 781 1534 ab
795 1508 820 1533 se
834 1507 910 1541 gestis
924 1509 1031 1547 exorsus
1042 1509 1094 1540 est,
1124 1509 1178 1535 vid.
1192 1516 1314 1548 ’CAVSA
1378 1513 1484 1538 verauit
1498 1513 1540 1538 Ius
1556 1512 1698 1546 publicano
1711 1522 1766 1539 uon
1778 1513 1877 1539 dicere.
1932 1513 1977 1538 Ius
1988 1510 2021 1537 de
2034 1510 2146 1546 pecunia
2158 1508 2257 1536 credita
2281 1507 2340 1534 Liu.
2349 1516 2375 1539 2,
2383 1514 2427 1541 27.

275 1546 344 1575 Add·
358 1547 414 1573 Cic·
430 1545 461 1572 de
475 1547 549 1572 Orat·
563 1553 575 1577 3
589 1554 610 1570 C·
624 1549 647 1574 8-
693 1544 803 1569 cansam
816 1543 885 1583 apud
899 1542 1015 1582 athfflJ‘
1035 1543 1108 1569 Idem
1122 1543 1154 1582 {le
1168 1545 1226 1569 ΡΙΠ-
1242 1551 1262 1575 1,
1281 1563 1286 1569 -
1309 1563 1315 1569 -
1377 1548 1421 1573 Ius
1434 1555 1504 1572 anno
1516 1553 1576 1573 ante
1590 1547 1692 1574 Romae
1704 1548 1807 1576 dixerat
1825 1548 1880 1574 Cic.
1888 1556 1937 1581 pro
1945 1547 2038 1574 Flacco
2052 1557 2073 1574 c.
2088 1555 2109 1578 3.
2162 1545 2224 1571 Iura
2237 1543 2325 1570 dicere
2343 1541 2427 1569 Ouid.

276 1584 308 1609 Et
325 1582 356 1608 de
369 1582 443 1608 Orat.
466 1590 489 1613 2,
524 1601 530 1607 .
569 1599 575 1605 .
612 1578 692 1612 Quod
705 1586 754 1612 ego
772 1587 886 1617 max-nne
899 1579 975 1613 potui
993 1578 1112 1604 iudicare
1125 1586 1154 1603 in
1172 1586 1202 1604 ea
1222 1578 1316 1610 Causa,
1381 1589 1413 1607 ex
1426 1582 1510 1607 Ponto
1522 1590 1551 1614 4,
1565 1589 1587 1614 5,
1601 1589 1638 1616 17.
1674 1583 1777 1609 Laudes
1793 1585 1868 1617 Virg.
1881 1583 1935 1609 Ecl.
1949 1584 1976 1615 6,
1988 1584 2013 1609 6.
2068 1583 2138 1609 Hor.
2151 1580 2231 1615 Epist.
2245 1588 2272 1612 2,
2285 1588 2308 1611 2,
2321 1583 2346 1608 18
2363 1579 2428 1604 Pru·
2446 1597 2455 1602 -

276 1626 355 1652 quam
374 1617 419 1643 ille
442 1621 533 1642 contra
544 1624 587 1641 me
610 1613 675 1649 apud
696 1615 883 1640 Centunuuros
905 1623 952 1648 pro
979 1613 1106 1640 fratribus
1131 1613 1210 1640 Coffis
1239 1612 1316 1639 dixit.
1381 1615 1444 1642 dens
1457 1616 1543 1642 emisti
1557 1616 1701 1649 vitiosum,
1723 1618 1793 1644 dieta
1812 1618 1864 1644 tibi
1876 1617 1912 1643 est
1933 1618 2002 1650 La,
2028 1620 2047 1644 i.
2065 1616 2173 1644 conditio
2191 1615 2312 1642 indicata.
2370 1614 2429 1639 Ali-

276 1653 332 1680 Cic.
347 1661 395 1686 pro
409 1652 514 1678 Cluent.
550 1671 556 1677 .
599 1670 605 1677 .
648 1649 763 1676 infausto
778 1656 864 1675 tamen
879 1649 921 1675 illi
932 1649 1031 1675 iudices
1045 1649 1205 1681 statuerunt,
1221 1649 1315 1683 iniqua
1324 1661 1366 1686 40.
1380 1650 1477 1687 quando
1491 1651 1712 1678 additurDatiuus
1724 1655 1770 1679 rei.
1841 1652 1902 1678 Liu.
1919 1661 1963 1685 43,
1999 1671 2007 1679 .
2043 1671 2050 1678 .
2086 1653 2184 1686 Legem
2197 1649 2285 1676 censui
2299 1647 2427 1675 censendo
2459 1657 2462 1660 ⁴

276 1688 430 1715 conditione
443 1696 519 1713 reum
533 1687 641 1713 Causam
656 1684 757 1717 dicere,
777 1694 859 1718 quum
878 1685 1028 1711 aduersario
1043 1686 1099 1712 eius
1114 1685 1146 1711 ad
1161 1685 1200 1711 ius
1213 1685 1314 1711 accusa·
1380 1686 1500 1713 dicturos
1515 1688 1572 1715 effe.
1643 1688 1710 1714 Plin.
1724 1695 1761 1721 35,
1776 1695 1804 1722 17
1823 1688 1915 1721 Qlum
1928 1688 1971 1713 lex
1983 1686 2092 1715 Metella
2103 1692 2174 1712 extet
2186 1683 2334 1711 fullonibus
2349 1681 2425 1708 (11613.

275 1723 357 1750 tionis
377 1724 478 1749 summa
496 1722 537 1748 vis
556 1721 688 1756 potestatis
701 1720 842 1746 accederet.
883 1721 940 1748 Vid.
965 1728 981 1748 c
991 1727 1172 1748 OND1T10.
1246 1720 1314 1746 Cau-
1380 1722 1479 1755 Legem
1492 1723 1597 1748 fletibus
1610 1721 1698 1749 dicere
1719 1724 1781 1750 Stat.
1795 1722 1858 1749 Silu.
1875 1730 1898 1755 ς,
1910 1731 1934 1755 3,
1948 1729 2002 1757 217.
2058 1722 2116 1748 Sen.
2131 1721 2163 1748 de
2177 1719 2268 1747 Renes.
2282 1727 2305 1751 2,
2320 1723 2344 1747 18
2364 1717 2427 1744 Am*-

274 1759 329 1784 s2¹¹1
348 1767 397 1791 P1'0
417 1757 523 1791 aliquo,
554 1756 706 1792 D‘ffssdt‘ress
736 1756 819 1782 Plaut.
834 1755 953 1782 Bacchid-
970 1765 993 1788 3,
1007 1765 1030 1788 3,
1045 1758 1073 1783 16
1093 1755 1141 1782 Sed
1154 1755 1253 1789 tu,qui
1265 1763 1315 1788 pro
1380 1765 1454 1783 mum
1468 1757 1496 1783 in
1511 1757 1637 1791 potestate
1649 1757 1756 1787 habent,
1768 1758 1901 1791 etLegein
1917 1756 1977 1789 fibi,
1997 1766 2077 1791 quam
2090 1757 2184 1784 volunt
2196 1755 2297 1786 dicunt,
2309 1759 2334 1779 et
2347 1760 2427 1787 quam

273 1799 327 1819 tam
345 1797 472 1825 corrupto
490 1792 555 1817 dicis
567 1792 676 1818 Causam
689 1790 763 1823 filio,
798 1791 927 1818 Eademne
942 1797 996 1818 erat
1010 1791 1074 1818 haec
1086 1790 1224 1825 disciplina
1237 1789 1315 1822 olim,
1385 1792 1519 1824 dixerunt,
1533 1793 1636 1818 seruant
1644 1792 1725 1819 Ouid.
1737 1793 1803 1819 Met.
1817 1800 1852 1825 13,
1866 1800 1909 1826 72.
1981 1792 2065 1817 Lente
2079 1792 2168 1817 dicere
2187 1791 2254 1816 Plin.
2268 1787 2380 1821 Epist.2,
2389 1794 2429 1819 14.

274 1837 357 1863 quum
371 1832 399 1853 tu
415 1825 562 1853 adolescens
573 1828 647 1852 eras?
717 1826 828 1853 Causam
848 1836 903 1853 non
918 1826 979 1853 dico
993 1827 1075 1861 quin,
1095 1829 1112 1852 i.
1127 1828 1186 1852 Non
1201 1825 1315 1860 impedio,
1332 1838 1366 1865 45
1384 1827 1526 1854 Leuiffune
1535 1827 1637 1858 dicere,
1656 1827 1710 1853 vid.
1730 1833 1822 1854 LEV1
1832 1834 1854 1854 s.
1908 1826 2008 1853 Libere
2020 1826 2123 1858 dicere,
2142 1825 2196 1852 vid.
2217 1829 2300 1851 LIBE
2310 1829 2338 1848 R.
2383 1821 2428 1847 Li-

274 1873 322 1890 non
342 1868 428 1889 contra
447 1861 557 1897 disputo:
593 1860 662 1886 Ter.
675 1860 781 1886 Phorm.
802 1870 822 1893 1,
842 1870 865 1894 ς,
878 1871 914 1895 42
947 1863 1012 1889 Nou
1023 1863 1134 1889 Causam
1153 1861 1230 1893 dico,
1250 1861 1317 1894 quin
1385 1863 1477 1890 bcrius
1491 1869 1536 1889 aut
1551 1862 1663 1888 iocosius
1677 1861 1781 1897 aliquid
1794 1862 1883 1889 dicere
1910 1863 1979 1888 Hor,
1994 1862 2044 1888 Sat,
2063 1870 2083 1894 1,
2096 1870 2125 1894 4,
2139 1869 2190 1893 103.
2259 1856 2377 1891 Liquido
2390 1855 2429 1881 di-

274 1898 350 1934 quod
370 1898 478 1924 meritus
497 1896 531 1922 est
551 1896 627 1922 ferat.
717 1895 790 1921 Idem
812 1897 875 1922 Hec.
896 1906 915 1928 1,
935 1906 959 1928 2,
981 1906 1028 1930 109
1065 1897 1120 1923 Vbi
1142 1896 1197 1922 illic
1212 1896 1248 1921 est
1260 1895 1317 1921 dics
1383 1906 1461 1929 cere,
1480 1897 1532 1922 vid.
1552 1904 1568 1922 L
1578 1903 1646 1931 IQV
1657 1903 1676 1923 0
1690 1903 1722 1923 R.
1794 1898 1851 1923 Cic.
1865 1898 1943 1923 Verr.
1957 1898 2021 1923 Diu.
2035 1900 2079 1929 156
2111 1898 2165 1923 Iam
2179 1902 2245 1921 vero
2260 1894 2288 1918 in
2302 1891 2379 1918 bonis
2392 1891 2428 1920 O.

276 1934 424 1968 complures
433 1952 440 1964 ‚
459 1931 550 1959 accersi
564 1931 652 1958 iubet:
688 1930 786 1956 Dixere
803 1932 912 1956 Causam
927 1936 988 1957 tunc
1002 1932 1090 1957 nescio
1103 1939 1191 1965 quam.
1217 1933 1235 1956 i.
1249 1938 1318 1955 ωσι-ιι-
1385 1932 1491 1965 Opimii
1503 1931 1649 1957 vendendis
1662 1940 1726 1966 quas
1739 1931 1786 1957 iste
1798 1931 1924 1965 praedas,
1943 1940 2023 1966 quam
2037 1937 2141 1965 aperte,
2164 1937 2243 1964 quam
2257 1925 2379 1961 improbe
2391 1926 2430 1952 fe-

268 1970 392 2008 fitiorum
405 1969 516 1994 attulere.
584 1966 694 1992 Causam
708 1965 794 1996 dicere
810 1966 841 1991 de
861 1965 963 1992 ambitu
993 1966 1049 1992 Cic·
1070 1974 1119 2000 pro
1136 1966 1205 1992 Sext·
1220 1969 1245 1994 18
1260 1973 1281 1990 c·
1295 1969 1317 1994 8-
1384 1967 1468 1999 cerit,
1487 1967 1610 2000 Longum
1625 1967 1661 1993 est
1677 1966 1774 1992 dicere.
1845 1966 1991 1993 Luculente
2006 1966 2109 1996 dicere,
2125 1965 2210 1999 Magis
2223 1963 2308 1995 dicas,
2332 1963 2373 1988 vel
2390 1961 2431 1988 di-

277 2006 316 2032 De
328 2004 440 2031 incesto:
475 2003 535 2029 Liu.
556 2022 563 2029 .
582 2021 588 2028 .
609 2020 616 2027 .
636 2001 722 2034 Virgo
735 2000 848 2039 ¹Vestalis
860 2000 892 2026 de
906 2000 1003 2027 incesto
1012 2002 1121 2028 Causam
1134 2001 1212 2027 dixit.
1247 2001 1316 2026 Cau-
1331 2011 1365 2038 50
1384 2012 1473 2035 ceres,
1490 2001 1631 2036 Magnifice
1651 2001 1758 2034 dicere,
1778 2000 1874 2035 vid.ſj2
1887 2001 1913 2028 ll.
1985 2001 2144 2036 Magnifice,
2164 1998 2371 2030 miserabiliter,
2388 1997 2429 2023 in-

274 2042 329 2068 sam
340 2038 463 2066 veneficii
475 2038 541 2064 dicat
554 2037 673 2063 adultera
690 2034 821 2068 anffil.
835 2042 857 2068 ς,
871 2044 902 2061 11.
971 2037 1133 2063 Circumcise
1148 2037 1247 2066 dicere,
1263 2034 1316 2061 vid.
1382 2037 1502 2070 vidiose,
1521 2037 1652 2071 grauiter,
1671 2036 1800 2070 dulciter,
1820 2036 1921 2064 vrbane
1933 2036 2022 2063 dicere
2037 2036 2170 2070 Quinem.
2182 2044 2211 2068 4,
2223 2043 2248 2061 2.
2318 2034 2428 2067 Magno-

274 2082 294 2103 c
303 2084 312 2102 1
321 2082 340 2102 R
349 2081 393 2102 cv
404 2081 430 2100 M
439 2080 473 2101 CI
482 2080 500 2099 D
510 2080 538 2100 o.
610 2071 780 2103 Clanculum,
796 2073 814 2096 i.
831 2072 887 2097 Sine
901 2071 1012 2103 arbitro,
1032 2072 1121 2106 insciis
1139 2073 1213 2097 aliis:
1234 2071 1317 2096 Plaut.
1383 2082 1446 2107 pere
1462 2073 1490 2098 in
1503 2073 1636 2107 aliquem,
1654 2073 1708 2099 vid.
1728 2079 1781 2099 MA
1790 2079 1810 2099 G
1820 2079 1843 2098 N
1854 2078 1873 2097 V
1884 2079 1905 2099 s.
1975 2071 2047 2098 Mala
2059 2071 2175 2106 plurima
2190 2070 2255 2096 dicit
2285 2068 2373 2095 Catul.
2387 2071 2429 2100 68,

273 2112 355 2139 Poen-
371 2119 398 2143 42
410 2118 436 2142 22
450 2117 479 2142 91
506 2108 572 2135 Vale
586 2113 612 2134 et
624 2107 687 2134 haec
705 2114 782 2140 cura,
801 2105 958 2132 Cl³¹¹cl¹l¹¹m
971 2112 999 2132 Vt
1018 2106 1066 2132 fint
1080 2106 1159 2132 difffl·
1231 2105 1318 2137 Clare,
1385 2116 1442 2141 140.
1464 2111 1483 2134 i.
1495 2109 1661 2135 Conuitiatur.
1704 2107 1790 2136 'Male
1805 2107 1909 2138 dicere,
1925 2106 2024 2133 Melius
2039 2107 2144 2139 dicere,
2164 2105 2354 2136 Membratim,
2374 2112 2430 2131 cae-

273 2150 294 2174 ι’.
313 2147 407 2182 Aperte
426 2154 476 2172 rem
499 2145 585 2180 eloqui.
627 2142 699 2169 Idem
720 2141 803 2168 Calin.
815 2141 882 2177 prol.
898 2143 922 2167 6.
946 2141 1078 2181 Quinctil.
1094 2150 1115 2174 1,
1129 2150 1161 2168 11.
1199 2140 1318 2166 Clemcn·
1385 2143 1486 2178 finique
1499 2143 1604 2176 dicere,
1624 2143 1678 2170 vid.
1692 2142 1727 2177 ſj]
1741 2143 1768 2170 ll.
1836 2142 1919 2169 Plaut.
1934 2142 2030 2177 Amph.
2048 2151 2068 2175 1,
2082 2151 2102 2175 ι,
2117 2152 2148 2176 43
2175 2142 2201 2168 Si
2215 2141 2309 2168 dixero
2322 2138 2429 2167 Menda-
2472 2148 2475 2153 ·

275 2187 318 2210 ter
331 2188 357 2208 et
371 2180 522 2211 moderate,
539 2178 592 2205 vid.
613 2183 629 2204 c
641 2184 740 2204 LEME
751 2184 802 2204 Ns.
872 2177 955 2203 Plaut.
967 2176 1046 2203 Stich.
1062 2184 1087 2209 5,
1100 2185 1126 2209 2,
1141 2185 1170 2210 14
1191 2177 1316 2210 Namque
1335 2185 1364 2211 ςς
1381 2179 1469 2208 cium,
1495 2179 1581 2205 solens
1597 2188 1659 2205 meo
1673 2188 1749 2206 more
1765 2179 1866 2206 fecero.
1925 2178 1994 2205 Add.
2009 2177 2081 2205 Idem
2096 2177 2186 2204 Bacch.
2200 2185 2223 2210 3,
2237 2185 2265 2209 4,
2278 2184 2318 2208 30.
2369 2175 2429 2201 Μο-

277 2217 371 2252 edepol
383 2217 473 2243 Coena
493 2214 564 2240 diCta
583 2213 635 2244 est,
663 2213 735 2239 locus
749 2212 819 2239 liber
839 2212 912 2239 datus
930 2212 966 2238 est
985 2211 1062 2238 mihi.
1133 2212 1239 2238 Coloris
1255 2211 1316 2237 loco
1383 2213 1441 2240 dice
1455 2213 1558 2247 dicere,
1576 2215 1628 2240 vid,
1648 2221 1794 2241 MODVS.
1863 2213 1978 2240 Multam
1998 2214 2101 2246 dicere,
2125 2217 2144 2240 i.
2159 2212 2319 2242 denuntiare,
2346 2217 2370 2236 et
2382 2217 2429 2245 ΡΟ.

275 2252 380 2288 aliquid
402 2249 534 2285 Qimffil.
549 2257 576 2284 7,
589 2258 610 2275 2.
683 2248 740 2274 Cic.
752 2248 786 2288 de
800 2248 906 2274 Amicit.
944 2268 951 2274 .
988 2267 994 2273 .
1033 2248 1125 2286 Itaque
1138 2247 1222 2273 multa
1237 2246 1269 2273 ab
1277 2255 1316 2286 ’eo
1371 2248 1479 2283 stillare,
1492 2257 1522 2276 vt
1528 2251 1655 2286 Jbluatur,
1664 2259 1712 2286 qua
1724 2249 1752 2276 sle
1763 2260 1790 2276 re
1803 2249 1890 2276 deinde
1903 2256 2014 2276 certatur
2027 2249 2094 2284 apud
2101 2249 2226 2284 populum.
2290 2246 2350 2273 Liu.
2364 2253 2403 2279 25,
2415 2253 2429 2278 3
2461 2265 2464 2268 .

275 2288 420 2324 prudenter
440 2286 584 2321 disputata,
609 2283 690 2310 multa
711 2283 829 2309 bremt&
849 2289 874 2310 et
895 2282 1045 2309 C0¹¹1m0de
1064 2282 1150 2315 ὼθίᾶ,
1169 2290 1317 2309 ῐῐῐθΠῐΟῐἹὸἓ
1384 2285 1550 2320 Excitatique
1565 2285 1671 2312 tandem
1683 2285 1738 2312 duo
1750 2285 1834 2312 Trib.
1850 2284 1921 2319 pleb.
1937 2286 1978 2320 Sp.
1994 2292 2019 2311 et
2033 2286 2063 2312 L.
2083 2283 2209 2311 Caruillii
2223 2291 2305 2318 quum
2318 2290 2375 2308 rem
2389 2281 2430 2307 in-

275 2323 440 2351 mandabam.
512 2319 659 2348 Commode
677 2319 779 2351 dicere,
809 2319 862 2344 vid.
896 2325 1128 2345 COMMODV&
1200 2319 1229 2344 Ir1
1238 2318 1316 2344 Com·
1381 2321 1482 2353 visam,
1509 2321 1689 2356 infamemque
1702 2327 1855 2353 cernerent,
1882 2320 2024 2348 ducentum
2038 2320 2154 2347 millium
2173 2319 2241 2346 aeris
2260 2317 2371 2345 Multam
2389 2316 2428 2343 M.

275 2367 357 2387 mune
374 2357 442 2384 Plin.
456 2365 493 2389 23,
507 2365 526 2383 1.
597 2354 764 2389 Composite,
789 2354 843 2380 vid.
864 2360 908 2380 CO
917 2361 965 2380 MP
975 2361 993 2380 O
1003 2361 1024 2379 N
1035 2359 1065 2379 O·
1138 2353 1206 2379 Ter·
1221 2354 1316 2379 Heaut.
1336 2357 1371 2382 60
1384 2356 1520 2382 Postumio
1533 2356 1666 2383 dixerunt.
1702 2357 1785 2383 Cuius
1799 2356 1938 2382 certandae
1947 2366 2029 2391 quum
2042 2356 2098 2382 dies
2111 2355 2262 2386 aduenisset,
2275 2353 2429 2379 concilium-

277 2403 306 2428 4,
326 2403 348 2426 1,
366 2398 380 2422 8
418 2392 477 2419 Nae
494 2391 543 2417 ista
563 2390 651 2418 hercle
673 2398 769 2424 magno
788 2389 842 2416 iam
864 2390 1092 2429 Conatuhmagnas
1111 2397 1191 2428 nugas
1210 2388 1316 2427 dixerit.
1382 2400 1434 2426 que
1449 2398 1502 2417 tam
1521 2391 1646 2426 frequens
1666 2391 1751 2425 plebis
1771 2391 1880 2424 adesset,
1901 2398 1930 2418 vt
1943 2391 2143 2418 multitudinem
2161 2399 2221 2417 area
2234 2388 2362 2423 Capitolii
2380 2388 2435 2414 vix«

277 2428 430 2460 Concinne,
466 2426 520 2453 vid.
555 2431 571 2450 C
581 2432 600 2452 o
609 2432 656 2452 ΝΟ
666 2432 735 2452 ΙΝΝ
744 2432 765 2452 V
774 2432 796 2451 s.
894 2423 1069 2451 Condmones
1090 2432 1159 2458 pacis
1194 2424 1253 2449 Lm.
1274 2432 1316 2456 29.
1382 2433 1498 2460 caperet:
1518 2433 1641 2461 perorata
1654 2427 1728 2452 causa
1737 2447 1745 2459 ,
1763 2427 1818 2460 spes
1833 2435 1883 2452 vna
1897 2426 2038 2453 videbatur
2051 2427 2114 2459 effe,
2133 2426 2151 2452 fi
2164 2427 2194 2452 C.
2210 2424 2338 2452 Seruilius
2349 2424 2429 2450 Casca

277 2466 475 2499 Congruenter,
498 2459 748 2500 consqlsssfljceres
776 2460 922 2492 contorte,
937 2459 998 2499 ‚vid-
1017 2459 1060 2499 bh·
1078 2469 1122 2485 vv·
1194 2459 1250 2484 Cic·
1268 2468 1316 2493 pro
1383 2462 1612 2496 Tribunusplebis
1634 2463 1681 2496 qui
1704 2463 1868 2496 propinquus
1883 2468 1954 2494 erat,
1982 2468 2158 2497 cognatusque
2178 2461 2327 2492 Postumio,
2354 2459 2428 2494 prius

278 2500 394 2534 Quntio
408 2504 421 2529 8
446 2497 501 2531 Qli
520 2496 569 2522 hoc
583 2494 683 2522 ludlcm
700 2499 784 2529 partes
799 2495 957 2521 accusatoris
970 2495 1089 2534 obtinet,
1116 2495 1217 2520 Contra
1232 2503 1273 2520 me
1287 2494 1317 2520 sit
1382 2506 1462 2532 quam
1473 2497 1505 2523 ad
1522 2497 1675 2531 suffragium
1688 2497 1772 2524 tribus
1788 2504 1955 2530 vocarentur,
1970 2497 2165 2525 intercessisset...
2189 2496 2262 2523 Idem
2282 2504 2305 2521 c.
2318 2504 2337 2528 4
2355 2496 2428 2521 Haec

280 2535 407 2563 dicturus.
476 2532 549 2559 Idem
568 2530 599 2557 de
613 2530 683 2557 Clas·
702 2531 777 2556 01⁶2(-
814 2548 820 2554 ·
859 2548 865 2555 -
902 2531 994 2563 Qlum
1009 2529 1117 2564 q1¹¹de1¹¹
1129 2538 1161 2555 CO
1177 2530 1233 2564 ipso
1248 2538 1317 2555 anno
1334 2539 1366 2570 65
1383 2542 1466 2567 quum
1482 2532 1514 2559 ab
1530 2533 1634 2567 optimo
1648 2541 1755 2567 quoque
1769 2533 1819 2567 pro'
1837 2532 1974 2558 atrocitate
1995 2532 2035 2558 rei
2053 2532 2110 2558 acia
2126 2532 2221 2562 essent,
2240 2530 2350 2563 vimque
2368 2538 2427 2555 eam

281 2573 381 2598 Contra
404 2568 526 2595 Seruium
548 2566 659 2593 Galbam
681 2565 714 2605 ad
737 2564 864 2604 populum
876 2565 985 2604 'summa
1008 2565 1180 2590 contentione
1202 2565 1318 2591 dixiffet:
1382 2575 1473 2594 contra
1488 2568 1619 2603 Rempub.
1631 2568 1779 2603 pernicioso
1797 2567 1919 2601 exemplo
1931 2566 2028 2593 faffiam
2050 2568 2156 2593 Senatus
2179 2566 2345 2595 decerneret,
2364 2572 2426 2589 con-

281 2615 360 2642 quam
379 2605 460 2631 etiam
479 2603 628 2629 orationem
647 2602 768 2636 scrlptffln
782 2599 903 2640 ‚sehqfflt-
988 2600 1057 2639 Ter·
1076 2598 1182 2626 Phorm·
1202 2608 1227 2632 25
1246 2609 1267 2632 3,
1288 2609 1319 2633 29
1384 2604 1473 2630 festini
1493 2604 1608 2630 Caruilii
1627 2602 1834 2638 Tribuniplebis
1854 2603 1944 2629 omiss'a
1958 2602 2059 2629 Multae
2073 2602 2235 2632 certatione,
2253 2599 2293 2626 rei
2310 2597 2427 2632 capitalis

280 2641 389 2669 Absenti
402 2639 454 2666 tibi
466 2645 492 2665 te
504 2638 623 2673 indignas
632 2657 640 2669 ,
670 2637 748 2672 seque
761 2635 851 2669 dignas
865 2635 1048 2674 Contumelias
1085 2635 1231 2670 Nunquam
1247 2636 1319 2662 cessa·
1387 2639 1459 2665 diem
1473 2639 1607 2666 Postumio
1621 2639 1742 2666 dixerunt
1753 2649 1758 2665 ι
1777 2647 1805 2665 ac
1818 2638 1847 2664 ni
1860 2637 1938 2664 vades
1951 2638 2033 2670 daret,
2051 2637 2179 2671 prehendi
2191 2645 2204 2662 a
2217 2635 2330 2666 viatore,
2347 2639 2422 2668 atque

281 2678 322 2704 vit
335 2677 420 2703 dicere
434 2674 524 2701 hodie.
595 2673 654 2699 Liu.
667 2679 708 2706 25,
745 2691 752 2698 .
788 2689 796 2697 .
831 2671 865 2710 Ea
879 2675 1047 2709 proni—mnata
1062 2671 1219 2705 Campanis,
1238 2677 1317 2706 atque
1383 2675 1412 2700 in
1426 2684 1555 2701 carcerem
1568 2675 1628 2701 duci
1642 2675 1776 2701 iusserunt.
1814 2675 1863 2699 His
1876 2673 1959 2699 verbis
1974 2679 2088 2708 apparet,
2100 2675 2176 2698 moris
2183 2669 2276 2707 fuiffc,
2294 2676 2323 2696 vt
2334 2668 2426 2696 Tribu-

281 2713 319 2740 ὶΐὸ
333 2713 432 2746 spreta,
451 2716 480 2737 V‘
492 2710 564 2736 Vltro
577 2708 693 2735 dicerent
712 2705 900 2735 contumel¹³⁵3
920 2710 1147 2739 mmal‘enflffqfle-
1219 2707 1318 2745 ῼΟΠΝΙ-
1333 2719 1369 2745 7ο
1381 2711 1486 2745 m'plebis
1498 2710 1609 2737 multam
1622 2711 1753 2737 dicerent:
1779 2718 1839 2744 quae
1850 2706 1932 2743 postea
1944 2710 2033 2743 populi
2046 2707 2185 2744 fiffragiis
2203 2708 2243 2733 vel
2260 2709 2425 2740 irrogaretur,

281 2747 391 2776 meliose
403 2745 504 2780 aliquid
517 2744 619 2776 dicere,
639 2743 692 2770 vid.
713 2748 730 2769 C
743 2749 762 2770 0
773 2749 795 2768 N
804 2748 825 2768 T
837 2747 858 2766 v
868 2747 893 2766 M
904 2747 920 2767 E
930 2748 946 2766 L
955 2747 1004 2780 1“Α.
1026 2774 1031 2779 -
1078 2740 1279 2766 Contumeliose
1293 2747 1319 2779 et
1381 2747 1423 2770 vel
1434 2746 1612 2780 abrogaretur,
1632 2747 1673 2772 vel
1683 2748 1757 2771 etiam
1771 2747 1938 2770 remitteretur
1947 2762 1955 2774 ,
1981 2752 2026 2778 quo
2039 2750 2145 2778 tempore
2162 2741 2242 2768 multa
2256 2739 2350 2765 certari
2363 2737 2426 2763 dice-

282 2784 372 2818 aspere
385 2782 472 2808 dicere
483 2781 512 2807 in
524 2779 685 2806 aduersarios
698 2777 849 2813 permiss'um
862 2775 897 2802 est
921 2774 1053 2809 Qunfiss·
1067 2777 1092 2805 6,
1105 2783 1127 2807 3·
1150 2809 1155 2814 ,
1198 2774 1320 2814 Εῐθᾷἱδι-
1385 2778 1474 2804 batur:
1493 2788 1542 2804 non
1554 2783 1618 2804 enim
1635 2780 1744 2805 Tribuni
1762 2778 1881 2803 damnare
1898 2779 1987 2803 multae
2002 2784 2138 2812 poterant,
2158 2776 2206 2812 sed
2222 2781 2319 2801 tantum
2337 2781 2426 2809 rogare

283 2819 344 2845 liter
357 2817 444 2844 dicere
458 2815 489 2842 de
502 2824 530 2842 re
543 2815 630 2850 aliqua
647 2814 719 2841 Idem
731 2822 753 2846 3,
766 2821 797 2840 11.
868 2812 954 2838 Catul.
968 2813 1009 2842 68,
1024 2812 1054 2836 26
1085 2809 1188 2836 Gellius
1202 2809 1320 2836 audierat
1379 2813 1513 2847 populum,·
1539 2812 1606 2846 apud
1617 2821 1685 2847 quem
1698 2821 1769 2847 quum
1781 2821 1836 2837 reus
1843 2821 1890 2837 non
1904 2814 1956 2838 iure
1969 2815 2099 2839 multatum
2106 2813 2135 2847 se
2149 2809 2318 2841 contenderet,
2338 2810 2370 2834 Iis
2382 2807 2427 2834 illa

283 2859 407 2889 patruum
419 2851 560 2886 obiurgare
574 2850 672 2881 solere,
707 2850 734 2876 Si
748 2848 808 2884 quis
815 2847 931 2874 Delicias
940 2846 1049 2884 diceret,
1061 2851 1106 2872 aut
1118 2845 1226 2872 faceret.
1262 2844 1318 2871 Cic.
1385 2848 1525 2873 multaticia
1538 2847 1729 2881 dtsceptabatur.
1784 2846 1839 2873 Cic.
1852 2846 1965 2882 Philipp.
1980 2856 2013 2880 11,
2027 2853 2052 2878 18
2079 2847 2179 2873 Crass‘us
2192 2845 2290 2872 Consul
2303 2843 2426 2870 Pontifex

283 2889 398 2923 Philipp.
421 2896 446 2920 2,
483 2907 489 2913 .
527 2906 534 2912 .
569 2885 616 2912 Sed
633 2884 742 2911 materia
761 2883 862 2916 facilis,
887 2883 916 2909 in
934 2888 959 2909 te
971 2881 1038 2909 etin
1058 2887 1118 2907 tuos
1132 2880 1210 2906 Difffl
1223 2879 1319 2906 dicere·
1339 2889 1371 2917 73
1386 2883 1530 2913 maximus,
1556 2882 1648 2908 Flacco
1666 2881 1782 2916 collegae
1794 2881 1907 2908 Flamini
1929 2883 2046 2909 Martiali
2060 2881 2168 2908 multam
2185 2881 2268 2913 dixit,
2289 2879 2306 2906 si
2319 2888 2333 2906 a
2348 2878 2426 2905 sacris

283 2924 345 2952 Liu.
365 2931 392 2959 7,
414 2931 439 2949 12
466 2922 538 2950 Nam
556 2930 640 2956 ueque
659 2920 686 2946 id
699 2920 795 2947 vitium
816 2918 886 2945 nosti
904 2918 983 2945 facile
1002 2917 1092 2950 fuisse,
1118 2925 1199 2951 quum
1219 2915 1319 2942 Consul
1386 2917 1536 2944 disceffiss‘et.
1559 2926 1635 2951 quam
1646 2917 1757 2943 Multam
1771 2918 1831 2952 Pop.
1846 2918 1979 2943 Romanus
1992 2917 2108 2949 remisit,
2135 2915 2256 2943 Pontifici
2271 2922 2357 2942 tamen
2370 2913 2427 2941 Fla-

284 2960 387 2987 0riente
399 2957 484 2985 noetis
503 2955 904 2989 filentio‚diceretDictatorem
950 2953 1034 2985 Idem,
1056 2973 1063 2980 .
1083 2972 1089 2979 .
1109 2951 1191 2985 Quod
1204 2951 1321 2985 plebeius
1386 2953 1486 2980 minem
1500 2961 1591 2986 parere
1607 2952 1683 2979 iussit.
1756 2953 1822 2978 Plin.
1835 2952 1912 2987 Epist.
1927 2962 1946 2986 4
1960 2953 2060 2987 penult.
2081 2952 2199 2979 Licinius
2213 2960 2294 2986 nepos
2308 2952 2425 2983 Praetor,

287 2995 408 3022 Di&ator
425 2993 455 3020 fit
468 2992 569 3025 dietus,
590 2991 617 3019 id
633 2991 729 3018 vitium
747 2989 899 3025 Auguribus
915 2989 1011 3015 visum.
1081 2987 1158 3014 Diem
1174 2986 1269 3018 alicui,
1289 2984 1321 3018 1⁷st
1386 2997 1445 3015 acer
1458 2994 1483 3014 et
1496 2988 1590 3021 fortis,
1614 2987 1724 3014 multam
1744 2988 1824 3014 etiam
1841 2988 1909 3014 dixit
1921 2989 2055 3015 Senatori:
2088 2988 2141 3022 egit
2156 2988 2201 3014 ille
2215 2987 2243 3013 in
2257 2985 2351 3013 Senat‘u
2367 2994 2426 3012 cau-

285 3031 383 3058 Certam
396 3029 458 3055 diem
471 3038 510 3055 reo
522 3026 710 3061 constituere,vt
722 3027 855 3062 accusetur.
908 3025 1022 3058 Cic.pro
1035 3023 1131 3050 Milon.
1162 3023 1240 3049 Diem
1253 3021 1323 3062 mihi
1388 3025 1441 3050 sam
1456 3023 1582 3054 suam‚sic
1595 3030 1624 3050 vt
1643 3023 1843 3058 deprecaretur,
1863 3025 1965 3050 remissa
1978 3024 2014 3050 est
2028 3023 2120 3050 Multa.
2188 3023 2261 3049 Idem
2276 3027 2311 3055 18,
2323 3030 2336 3054 3
2358 3021 2426 3048 Mul-

287 3065 390 3098 (Credo)
411 3064 526 3095 dixerat,
546 3063 671 3090 mulfflim
684 3063 822 3096 irrogarat.
875 3060 943 3087 Add.
958 3060 994 3086 Id.
1010 3061 1085 3086 Verr.
1099 3068 1118 3090 1,
1156 3078 1162 3084 .
1200 3078 1206 3084 .
1261 3058 1321 3083 Liu.
1335 3063 1367 3089 80
1384 3060 1452 3086 tatio
1466 3068 1572 3093 quoque
1590 3068 1644 3085 non
1661 3059 1708 3085 nisi
1723 3060 1816 3086 ouium
1831 3059 1965 3094 boumque
1983 3058 2119 3094 impendio
2139 3058 2283 3085 dicebatur.
2338 3058 2425 3083 Varro

287 3110 311 3133 Β,
334 3104 365 3134 56
392 3100 573 3127 Accusatorem
593 3099 709 3133 primum
726 3096 894 3131 Virginhlm,
919 3101 945 3122 et
964 3095 1078 3129 Appium
1098 3103 1174 3121 reum
1193 3093 1320 3127 deligunt.
1384 3094 1453 3130 apud
1465 3094 1534 3121 Gell.
1549 3103 1580 3125 11,
1594 3103 1602 3120 1
1622 3094 1671 3121 Sed
1685 3103 1765 3129 quum
1780 3095 1912 3121 eiusmodi
1925 3096 2010 3122 Multa
2022 3095 2123 3130 pecoris
2137 3094 2302 3127 armentique
2315 3101 2330 3118 a
2342 3091 2425 3126 magi·
2450 3096 2453 3101 ’

288 3138 377 3170 Quum
390 3136 467 3162 Diem
476 3135 561 3169 Appio
574 3134 711 3168 Virginius
725 3133 842 3164 dixisset,
858 3132 957 3166 Appius
970 3131 1075 3166 stipatus
1088 3129 1206 3165 patriciis
1218 3128 1321 3155 iuueni·
1385 3131 1507 3157 stratibus
1522 3129 1593 3157 di&a
1606 3136 1677 3162 erat,
1696 3128 1871 3164 adigebantur
1883 3140 1947 3157 oues
1956 3150 1964 3163 ,
1977 3131 2120 3165 bouesque.
2156 3130 2230 3163 Virg.
2239 3128 2291 3155 Ecl.
2305 3135 2349 3160 5³5
2373 3127 2424 3153 Da-

287 3171 351 3203 bus,
369 3172 397 3198 in
410 3171 500 3198 forum
521 3170 660 3196 descendit.
730 3168 804 3195 Idem
822 3173 859 3200 38,
872 3175 903 3200 50
935 3167 1053 3202 Scipioni
1073 3165 1199 3192 Africano
1218 3164 1271 3191 duo
1285 3165 1323 3197 Q
1385 3166 1472 3193 monis
1485 3166 1586 3192 Musam
1601 3165 1735 3198 dicemuS,
1752 3172 1778 3192 et
1792 3166 1969 3200 Alphesiboei.
2024 3166 2146 3193 Neruose
2160 3163 2261 3194 dicere,
2281 3163 2332 3189 vid.
2349 3169 2424 3189 NER-

289 3207 462 3234 PetiliiDiem
475 3206 605 3232 dixerunt.
641 3204 713 3240 Conf.
727 3205 781 3231 Cic.
795 3205 832 3237 Q
844 3204 912 3230 Frat.
927 3211 948 3235 1,
962 3211 984 3229 2.
1040 3201 1100 3228 Liu.
1116 3210 1138 3233 3,
1174 3221 1180 3226 .
1217 3219 1224 3226 .
1260 3200 1321 3226 Vir·
1388 3208 1461 3228 vvs.
1519 3201 1598 3228 Nihil
1612 3201 1679 3228 dixit
1693 3206 1763 3233 tuin,
1781 3202 1834 3228 vid.
1854 3209 1875 3228 N
1887 3210 1896 3228 1
1907 3209 1927 3228 H
1937 3209 1946 3228 1
1956 3208 1982 3229 L.
2053 3201 2111 3228 Sen.
2125 3199 2202 3234 Epist.
2218 3207 2251 3234 27
2264 3205 2326 3225 extr.
2346 3198 2423 3225 Nun-

290 3241 374 3274 g'mius
387 3251 418 3268 ex
438 3241 551 3275 collegio
563 3249 629 3267 vnus
643 3240 754 3267 Caesoni
770 3239 945 3274 capitisDiem
959 3237 1033 3264 dicit.
1102 3235 1169 3263 Ibid.
1190 3235 1239 3262 Rei
1253 3235 1321 3269 capi·
1341 3239 1369 3268 85
1386 3246 1465 3272 quam
1484 3237 1575 3264 Nimis
1596 3237 1710 3269 dicitur,
1740 3237 1811 3271 quod
1831 3246 1965 3272 nunquam
1984 3237 2064 3263 nimis
2083 3236 2200 3262 discitur.
2274 3234 2336 3261 Non
2352 3233 2422 3266 dico,

292 3275 349 3301 talis
361 3277 436 3303 Diem
449 3276 581 3303 Postumio
593 3276 723 3302 dixerunt.
776 3275 814 3301 Id.
828 3283 851 3306 2,
864 3283 893 3307 41
913 3277 935 3300 A
955 3272 1135 3309 quaestoribus
1149 3270 1232 3298 Caffio
1242 3271 1321 3297 Diem
1384 3273 1437 3298 vid.
1460 3280 1508 3299 No
1518 3280 1549 3299 N.
1618 3272 1683 3299 Non
1696 3272 1754 3298 satis
1771 3282 1824 3299 vno
1838 3273 1925 3299 dicere
1940 3272 2038 3304 verbo,
2055 3271 2096 3298 sed
2110 3271 2197 3297 facere
2222 3269 2307 3297 Catul.
2323 3271 2366 3301 62,
2387 3288 2394 3295 .
2413 3287 2422 3295 .

294 3310 393 3336 dicium
406 3312 602 3345 perduellionis.
673 3311 777 3337 Sueton.
793 3311 821 3336 in
834 3310 907 3336 Caes.
924 3319 944 3336 c.
954 3318 982 3336 12
1002 3307 1164 3335 Subornauit
1176 3306 1321 3340 etiam‚qui
1385 3308 1445 3334 Liu.
1462 3317 1481 3340 ι,
1519 3328 1525 3334 .
1563 3327 1570 3335 .
1607 3308 1688 3334 Brcui
1706 3307 1781 3342 stirps
1801 3317 1908 3343 quoque
1930 3308 2016 3335 virilis
2037 3315 2068 3333 ex
2087 3315 2160 3332 nouo
2175 3305 2348 3332 matrimonio
2358 3303 2421 3336 fuit,

294 3345 361 3371 Caio
375 3346 482 3373 Rabirio
496 3347 685 3381 perduellionis
693 3346 770 3372 Diem
782 3345 889 3372 diceret.
944 3345 1001 3372 Sen.
1016 3344 1048 3370 de
1062 3344 1151 3370 Benef.
1164 3351 1187 3375 3,
1202 3351 1230 3368 10
1257 3342 1320 3368 Dies
1385 3343 1428 3369 cui
1443 3344 1580 3369 Ascanium
1594 3350 1712 3377 parentes
1725 3343 1815 3370 dixere
1824 3344 1941 3371 Nomen.
1961 3344 2009 3370 Con
2027 3362 2033 3368 .
2049 3348 2094 3368 ΝΟ
2101 3349 2177 3368 ΜΕΝ.
2233 3340 2350 3368 Nomine
2363 3347 2420 3364 cru-

294 3386 427 3413 praeterea
451 3382 583 3409 reddendo
603 3381 734 3409 beneficio
756 3390 810 3407 non
831 3380 944 3413 dicitur,
962 3380 1026 3407 ficut
1048 3379 1174 3414 pecuniae
1197 3376 1319 3404 creditae.
1386 3378 1473 3404 delem
1492 3379 1580 3405 dicere
1612 3379 1686 3414 Virg.
1701 3379 1799 3414 Georg.
1819 3388 1846 3412 4,
1864 3382 1917 3412 356.
1978 3379 2004 3417 ,Ρ
2017 3383 2069 3404 aut.
2084 3377 2166 3404 Calin.
2188 3385 2210 3409 3,
2229 3380 2254 3409 6,
2268 3385 2300 3402 22
2327 3374 2419 3408 Nugas

296 3415 375 3440 Plaut.
389 3415 458 3440 Men·
476 3425 502 3448 4,
521 3426 542 3449 2,
561 3420 588 3445 16
618 3417 686 3444 Iuris
704 3417 752 3443 vbi
769 3416 867 3442 dicitur
887 3416 964 3448 Dies,
984 3415 1059 3442 timul
1080 3413 1195 3449 patronis
1216 3412 1321 3439 dicitur.
1344 3413 1462 3450 90isthic
1476 3413 1563 3440 dicere
1577 3413 1652 3440 licet:
1683 3413 1781 3448 vapulo
1802 3414 1889 3441 hercle
1907 3422 1956 3448 ego
1976 3414 2074 3440 inuitus
2094 3419 2188 3439 tamen.
2260 3412 2363 3438 Numos
2383 3411 2424 3436 vel

296 3449 364 3487 Ter:
381 3449 460 3475 Andr·
480 3459 499 3481 ¹>
512 3459 531 3482 1,
542 3460 573 3486 7ς
603 3454 655 3479 Hic
673 3452 773 3486 nuptiis
787 3451 870 3477 dicius
890 3451 925 3477 est
934 3452 1005 3477 Dies.
1076 3451 1153 3477 Dicin
1165 3449 1255 3474 dicunt
1270 3457 1321 3482 qua
1386 3449 1523 3486 pecuniam
1541 3449 1645 3481 dicere,
1671 3453 1690 3476 i.
1711 3451 1867 3476 Promittere.
1929 3450 2055 3483 Pouipon.
2081 3449 2108 3474 in
2129 3446 2292 3477 Picloribus,
2315 3445 2420 3471 Nunios

298 3483 330 3508 ad
343 3492 425 3516 ”Fam
447 3483 566 3512 Rhodani
583 3497 671 3515 omnes
690 3487 848 3515 conueniant
868 3487 939 3513 Caes.
953 3487 980 3513 B.
996 3487 1027 3513 G.
1041 3495 1059 3516 1,
1075 3491 1108 3515 18.
1181 3484 1251 3510 Dolo
1267 3492 1322 3509 ron
1386 3491 1469 3511 certos
1482 3484 1561 3510 dicas.
1606 3485 1673 3511 Dico
1688 3485 1878 3519 quinquaginta
1898 3484 1991 3510 millia.
2026 3483 2124 3510 Sallust.
2140 3484 2206 3510 Hist.
2222 3491 2231 3508 1
2252 3480 2357 3513 Quibus
2372 3489 2417 3515 po-

299 3517 383 3543 dicam
398 3519 469 3544 Plaut
481 3519 550 3545 Men·
564 3529 584 3552 2,
599 3531 619 3553 1,
632 3532 653 3554 3.
724 3524 821 3550 Dotem
834 3527 859 3548 et
873 3522 944 3552 doti,
967 3522 1024 3548 filio
1038 3523 1077 3547 uel
1090 3521 1160 3547 filiae
1172 3520 1261 3547 onmia
1277 3520 1322 3545 sua
1385 3521 1436 3547 tuit
1450 3520 1572 3554 pecunias
1587 3519 1669 3546 dicias
1685 3520 1780 3554 coegit.
1825 3522 1861 3546 Ex
1881 3519 1983 3546 Nonio.
2028 3519 2152 3546 Obnoxie
2170 3519 2270 3547 dicere,
2291 3516 2419 3548 Obscenes

300 3552 384 3583 bona,
404 3555 421 3578 i.
436 3554 579 3592 Promittere
597 3559 622 3580 in
639 3558 717 3585 <larem
732 3559 800 3585 Ter.
812 3559 937 3590 Heaut.5,
951 3567 969 3587 1,
983 3560 1019 3590 64
1032 3564 1053 3582 ct
1066 3559 1108 3589 69.
1149 3555 1206 3582 Vid.
1222 3554 1322 3589 Salmas:
1385 3556 1501 3588 Obtuse,
1528 3554 1580 3581 vid.
1591 3554 1625 3587 ſj:
1646 3555 1672 3581 ll.
1741 3555 1839 3582 Odiose
1858 3555 1914 3581 Cic.
1928 3555 1956 3580 in
1969 3555 2058 3581 Bruto.
2097 3575 2103 3582 .
2141 3575 2147 3581 .
2216 3550 2353 3582 Officiose,
2366 3551 2419 3577 vid-

300 3587 327 3613 de
341 3587 414 3626 Μοιίο
432 3588 564 3621 issar-arum
581 3598 601 3614 c.
617 3594 651 3615 16.
745 3594 800 3620 Cic.
819 3602 868 3627 pro
881 3592 972 3619 Flacco
994 3594 1025 3621 86
1041 3601 1061 3617 c.
1077 3600 1108 3624 34
1140 3591 1203 3617 Doti
1215 3590 1323 3617 Valeria
1337 3599 1369 3626 95
1385 3598 1429 3618 OF
1441 3598 1498 3618 FlC
1509 3597 1565 3617 Ios
1575 3597 1595 3615 v
1605 3597 1626 3616 s.
1699 3591 1755 3617 Cic.
1769 3591 1796 3616 in
1811 3591 1893 3617 Bruto
1930 3610 1936 3616 .
1973 3610 1979 3616 .
2015 3590 2150 3617 Scribebat
2166 3593 2252 3613 tamen
2265 3587 2419 3619 Orationes,

300 3630 436 3656 pecuniam
450 3631 556 3660 *omnem
572 3623 640 3662 suam
653 3625 759 3655 dixerat.
801 3628 903 3655 Ibidem
925 3627 981 3654 Nili
996 3626 1139 3653 ostenderis
1156 3626 1227 3652 illam
1240 3626 1267 3651 in
1282 3632 1321 3652 tu-
1385 3636 1447 3662 quas
1461 3626 1508 3652 alii
1522 3625 1645 3651 dicerent.
1716 3625 1842 3652 Oratorie
1856 3632 1881 3651 et
1894 3624 2017 3659 pulchre,
2040 3626 2091 3652 uid.
2110 3622 2248 3653 Oratorie,
2274 3626 2301 3647 iu
2329 3628 2375 3648 OR
2386 3628 2417 3648 o.

301 3657 353 3683 tcla
374 3656 456 3682 Flasscl
478 3666 531 3683 ¹¹0ss
545 3658 626 3683 fulss'c-
648 3658 664 3683 fi
685 3661 734 3687 fuit
744 3681 750 3692 ‚
765 3672 932 3697 quaecunque
949 3663 1000 3688 fine
1015 3662 1064 3688 hoc
1084 3661 1191 3688 auctore
1203 3661 1238 3686 cst
1251 3660 1321 3688 dicta
1389 3662 1490 3689 Ordine
1524 3661 1598 3694 Virg.
1618 3660 1714 3694 Georg.
1729 3670 1757 3692 4,
1773 3663 1830 3695 376.
1902 3660 1974 3687 Idem
1989 3662 2052 3687 Aen.
2072 3670 2092 3693 ι,
2104 3661 2152 3689 286
2183 3659 2203 3683 Α
2218 3658 2302 3691 prima
2316 3658 2357 3683 dic
2370 3657 2418 3684 ho·

301 3693 364 3723 Dos,
383 3691 452 3717 nulla
467 3692 510 3731 yst-
545 3693 616 3727 Cous.
631 3693 702 3719 Non·
716 3705 744 3727 4,
757 3705 805 3723 122.
872 3699 928 3725 Cic.
948 3707 995 3732 pro
1014 3697 1097 3723 Planc.
1134 3716 1140 3722 .
1177 3716 1183 3722 .
1220 3696 1322 3722 Recite-
1385 3699 1440 3733 spes
1448 3697 1560 3732 Origine
1572 3695 1659 3721 nobis.
1729 3696 1783 3722 Ore
1798 3696 1865 3722 duro
1891 3696 1969 3723 Ouid.
1983 3697 2014 3723 de
2028 3698 2091 3723 Arte
2101 3695 2159 3721 Am.
2174 3701 2196 3725 3,
2212 3698 2266 3726 587-
2335 3692 2417 3719 Plant-

299 3733 342 3768 ‘ulf
363 3734 394 3752 ue
406 3732 508 3768 θϊὸῐξθ,
526 3735 590 3759 ‘llffle
606 3734 715 3767 ,ΡῑὉΡῐῗΥ
733 3731 788 3756 eius
805 3733 1009 3765 magnitudinem
1029 3732 1099 3758 ἆίὅῐὸ
1112 3732 1150 3757 De
1162 3731 1258 3765 scripto
1277 3731 1321 3757 est·
1365 3734 1369 3738 '
1387 3733 1476 3760 Aulul.
1489 3741 1512 3765 2,
1524 3741 1552 3765 4,
1565 3740 1583 3764 4
1608 3731 1652 3757 Me
1667 3730 1773 3764 quidem
1788 3730 1888 3764 hercle,
1908 3731 1994 3758 dicam
2007 3732 2108 3762 Palam,
2127 3737 2181 3754 uon
2194 3728 2305 3754 diuides.
2357 3728 2415 3753 Cic.

306 3763 337 3801 11⁷1
359 3782 364 3788 ·
384 3767 401 3786 D
411 3768 444 3800 Γξ,
464 3771 489 3800 ”J
513 3762 552 3787 De
566 3762 660 3795 scr1pto
674 3762 767 3790 dicere.
837 3768 875 3792 De
890 3770 970 3802 seipso
989 3768 1113 3803 pauciora
1127 3766 1207 3798 dicit,
1227 3771 1252 3792 et
1265 3775 1322 3801 par·
1331 3782 1378 3801 100
1386 3767 1464 3795 Acad.
1477 3776 1505 3800 4,
1520 3775 1537 3801 7
1563 3767 1658 3800 Neque
1672 3766 1775 3792 nostrae
1789 3765 1976 3801 disputationes
2002 3765 2143 3801 quidquam
2163 3763 2235 3790 aliud
2255 3768 2350 3797 agunt,
2368 3762 2415 3789 nili

301 3806 356 3823 “¹¹¹8
376 3795 505 3828 Qunfffl·
518 3804 545 3828 4,
560 3805 578 3821 ¹·
663 3797 734 3822 Idem
753 3799 783 3825 dc
798 3800 903 3827 Amicit.
940 3823 945 3828 .
984 3824 990 3830 .
1026 3803 1074 3830 Sed
1085 3801 1201 3828 nihilDe
1214 3811 1269 3828 me:
1289 3801 1321 3827 de
1384 3809 1414 3830 vt
1427 3803 1454 3829 in
1466 3809 1604 3835 vtramquc
1616 3802 1715 3827 Partem
1730 3801 1841 3828 dicendo
1862 3808 1887 3829 et
1900 3802 2029 3829 audiendo
2041 3800 2163 3831 eliciant,
2185 3806 2231 3825 etc.
2285 3798 2416 3831 Qiineiil.

300 3832 419 3872 scipione
433 3831 517 3870 dissfl¹3¹
530 3831 663 3871 liquissss·
733 3834 762 3858 Et
774 3835 974 3864 Diuinacverr.
995 3847 1025 3870 30
1054 3836 1235 3871 Qamobrem
1253 3836 1321 3863 nihil
1385 3847 1408 3871 3,
1427 3847 1448 3864 11
1474 3839 1504 3864 Ιη
1523 3843 1661 3871 Vtramque
1684 3837 1800 3869 Partem,
1824 3837 1865 3864 vel
1887 3839 1973 3872 plures
1987 3837 2018 3863 de
2036 3843 2065 3861 re
2077 3835 2165 3869 aliqua
2185 3834 2237 3860 dici
2252 3833 2417 3860 credibiliter

302 3867 361 3906 dico
376 3867 413 3892 De
426 3875 486 3892 nico
498 3874 620 3906 ingenio,
642 3875 726 3900 neque
740 3868 787 3900 cst,
800 3869 870 3903 quod
882 3871 970 3909 possim
988 3873 1089 3900 dicere:
1115 3882 1199 3907 neque
1220 3872 1237 3899 si
1252 3873 1321 3905 esset,
1385 3873 1476 3908 potest.
1546 3872 1614 3898 Ter.
1629 3871 1696 3906 prol.
1711 3872 1804 3898 Heaut.
1820 3882 1845 3905 33
1871 3873 1910 3900 De
1924 3873 1994 3899 illius
2005 3871 2114 3897 Peccatis
2135 3870 2207 3903 plura
2227 3868 2310 3901 dicet,
2335 3877 2416 3903 quum

302 3902 422 3927 dltel'em-
493 3902 548 3927 Cle·
565 3903 640 3927 Verr·
657 3910 735 3932 2³10:
750 3911 770 3927 c-
784 3912 817 3935 42
848 3905 963 3931 Primum
980 3907 1032 3939 ipse
1052 3909 1079 3934 in
1099 3908 1187 3935 Sicilia
1210 3909 1282 3942 saepe
1295 3913 1322 3933 et
1385 3908 1458 3939 dabit
1493 3907 1563 3934 Alias
1576 3916 1673 3938 nouas,
1698 3908 1745 3934 nili
1760 3907 1839 3934 finem
1853 3907 1997 3935 maledictis
2009 3906 2080 3932 facit.
2136 3907 2200 3931 Item
2215 3905 2279 3930 Eun.
2295 3905 2363 3938 prol.
2379 3912 2415 3930 ιι.

300 3937 384 3995 palam
391 3938 428 3961 Dc
444 3936 502 3962 loco
517 3936 648 3976 superiore
668 3936 782 3975 dixerat,
803 3943 827 3964 et
841 3938 868 3964 in
881 3940 997 3981 sermone
1006 3943 1108 3980 ¹multis
1125 3943 1323 3975 demonstrarat,
1332 3955 1375 3983 105
1383 3944 1577 3979 Pei-eleganter,
1596 3943 1650 3970 vid.
1670 3949 1684 3970 P
1693 3948 1709 3970 E
1721 3949 1740 3970 R
1751 3949 1767 3971 Ε
1776 3950 1793 3971 1.
1802 3949 1819 3971 Ε
1828 3950 1941 3973 GANS.
1976 3939 2184 3971 Persuafibiliter
2203 3939 2334 3973 Quinffil-
2343 3947 2368 3971 2,
2382 3946 2415 3972 13·

312 3978 378 3997 1cere
393 3979 489 3997 nomen
502 3980 616 4005 recipere
632 3971 749 3998 absentis.
805 3973 843 3999 De
858 3974 915 4001 loco
928 3978 1061 4010 superiore
1073 3978 1147 4010 dixit,
1159 3985 1209 4015 pro
1222 3988 1247 4005 eo
1257 3978 1322 4015 quod
2336 3975 2414 4002 Plane
