2479 4225
51 239 142 262 manae
155 229 317 265 Latinaeque
330 229 424 257 literae
436 229 565 256 fecerunt.
654 228 794 264 Tempore
807 226 840 254 ad
852 225 1030 260 nauigandum
1045 226 1094 253 im·
1161 233 1185 252 12
1221 224 1268 252 Te
1291 225 1363 252 triste
1385 225 1484 261 lignum
1493 246 1502 259 ,
1521 224 1547 252 tc
1570 225 1695 253 caducum
1732 227 1762 253 In
1788 228 1891 256 domini
1922 236 1999 265 caput
2030 231 2204 263 immerentis,

50 273 155 298 manu-0
172 266 233 293 ιω,
246 273 288 298 35,
301 274 348 298 44,
1160 262 1229 288 Suet.
1243 261 1319 295 Vcsp.
1335 270 1357 287 c.
1372 270 1402 287 io
1424 262 1592 296 Multumque
1605 261 1761 296 conquestus
1773 265 1840 298 cripi
1864 265 1910 292 sibi
1936 267 2020 295 vitam
2041 269 2204 299 immerenti.

60 302 72 309 ²
88 310 98 330 1
107 307 194 330 MMA
203 308 224 328 T
233 308 282 328 VR
292 299 305 327 1⁰
314 308 336 327 T
347 307 368 327 A
380 306 393 326 S
402 320 410 333 ,
426 300 486 327 atis.
510 299 530 326 f.
567 298 678 334 [ἄωρία]
715 299 785 325 Suet.
799 298 828 324 in
841 297 906 331 Aug.
923 305 944 322 c.
952 305 983 329 34
1000 297 1094 324 Imma·
1161 297 1250 330 Nepos
1266 305 1302 326 io,
1316 305 1355 328 io,
1369 305 1378 322 i
1399 298 1597 324 Imnunerentcs
1610 303 1638 324 vt
1655 297 1791 325 sceleratos
1810 300 1941 328 occidunt.

52 339 145 368 turitas
165 337 329 372 sponsarum,
349 337 417 362 Ouae
439 335 545 362 nondum
568 338 681 371 coniugio
704 341 776 370 aptae
787 339 867 360 erant.
905 367 911 372 ι
974 332 1030 358 Cic.
1044 342 1092 367 pro
1200 337 1388 372 imniERssN
1398 338 1418 357 T
1428 339 1442 358 l?
1452 340 1480 359 R·
1502 333 1569 359 Adss·
1605 332 1740 367 [ἆναξῖως]
1777 333 1835 359 val·
1850 335 1920 363 ΜΒΧ·
1935 339 1966 369 ⁶,
1987 347 1999 363 2
2013 345 2064 366 ext.
2080 349 2089 367 1
2108 341 2205 370 Inserit

52 374 145 408 Quint.
159 378 187 404 82
200 381 222 398 c.
237 374 269 399 26
285 362 436 406 Quisiiaec
451 370 601 403 festinatio,
620 371 685 405 quid
699 370 762 396 hacc
777 370 952 396 immaturitas
973 373 1042 394 tanta
1063 368 1093 394 fi-
1118 376 1133 402 ς
1162 368 1186 396 se
1209 372 1288 394 tantis
1308 374 1375 393 viris
1397 367 1493 395 mulier
1510 369 1654 403 alienigeni
1674 368 1823 403 sanguinis,
1844 378 1910 409 quae
1929 380 1944 397 a
1956 372 2078 409 Philippo
2090 383 2203 411 tegete⁴

51 409 185 446 gnificat3
225 417 280 435 cum
310 417 360 434 non
389 406 560 444 exspeHatur‚
579 406 635 432 dam
666 412 788 433 maturum
816 407 836 430 i.
866 400 1031 438 tempestiuum
1061 403 1093 437 lit
1160 402 1472 466 P²g¹}n{,⁰·immerenoer
1496 403 1629 437 damnata,
1656 405 1846 437 Prouocarem,
1869 406 1973 442 inquit,
1989 409 2021 435 ad
2043 411 2204 448 Philippum·

1172 449 1184 465 e
1235 447 1251 465 o
1272 446 1352 465 rium.

65 454 140 473 acere.
262 464 264 468 ,

42 446 70 484 f
88 487 131 506 1M
140 486 166 505 M
175 485 197 506 Α
206 486 228 506 Τ
237 480 286 505 VR
295 485 322 505 Ε.
342 478 410 506 Adu.
445 479 514 505 Ante
530 483 631 512 tempus.
666 475 770 506 Paullus
783 473 811 500 in
824 472 842 499 l.
858 473 884 499 Si
898 473 1001 501 absente
1016 476 1047 501 1),
1061 475 1093 502 de
1197 481 1204 499 1
1217 480 1242 500 M
1251 481 1275 500 M
1286 480 1301 499 E
1310 480 1329 500 R
1340 472 1352 500 ἱ
1362 479 1432 500 TVS
1441 493 1449 506 ,
1469 482 1484 500 a
1496 494 1504 507 ,
1525 483 1579 501 11111.
1616 474 1677 503 Adi.
1714 474 1782 503 Idem
1810 474 1875 512 quod
1905 476 2046 505 immerens.
2082 481 2204 510 premere

51 515 186 544 vsufrii&
222 515 320 541 Silnam
343 514 470 542 caeduam
491 514 590 540 etiamsi
611 511 794 547 intempestiue
814 509 884 535 caesa
895 509 942 542 fit,
961 511 988 536 in
1002 511 1090 538 fructu
1160 509 1310 536 immeritos
1339 508 1422 536 Ouid.
1454 509 1541 535 Trist.
1561 519 1582 542 ε,
1608 518 1667 545 274.
1737 511 1874 538 Immerita
1889 511 1990 545 gratia,
2008 514 2117 548 vastiae,
2134 519 2204 545 oua,

49 551 98 578 esse
110 550 226 583 constat,
246 550 310 578 sicut
321 551 398 577 oliua
409 551 549 577 immature
563 549 646 582 121512,
664 554 692 575 vt
703 547 814 573 foenum
827 544 967 585 innuature
982 548 1093 580 caesum,
1115 556 1143 575 ιο
1159 556 1207 571 mm
1228 545 1326 571 debetur
1351 544 1389 571 illi
1413 547 1453 570 cai
1472 545 1592 580 refertur.
1641 546 1701 573 Liu.
1724 555 1752 580 4,
1778 555 1808 580 14
1832 546 1934 574 Laudes
1955 547 2025 578 haud
2045 544 2203 581 inuncr‘ffie,

49 587 78 614 in
97 586 188 613 fruCtu
207 586 251 613 est.
357 587 455 613 Auson.
478 585 557 620 Epist.
582 594 608 611 22
637 585 781 610 Immature
802 580 965 614 periclitatur
990 583 1094 617 expelli.
1160 581 1277 609 Martial.
1292 588 1320 615 7,
1335 589 1359 613 31
1378 581 1407 606 Et
1421 580 1489 614 rapit
1501 581 1645 607 immeritas
1659 582 1779 609 sordidus
1794 582 1889 609 vn&or
1901 591 1972 618 opes.

47 623 162 658 Compar.
199 622 278 657 Apul.
293 623 353 650 Mil.
366 625 383 649 6
397 631 421 657 p.
437 627 479 652 180
499 620 578 647 Haud
592 619 758 647 immaturius
772 616 868 643 redito·
941 618 1012 654 Conf.
1026 619 1092 646 Cels.
1195 624 1238 643 ιΜ
1249 622 1298 643 ΜΕ
1308 623 1327 642 R
1338 623 1344 642 ι
1356 622 1378 642 'r
1388 622 1408 641 V
1419 622 1444 641 Μ
1455 635 1462 647 ,
1481 616 1500 642 i.
1520 625 1545 642 n.
1582 617 1663 644 l’laut.
1676 617 1745 644 Asin.
1760 627 1779 650 3,
1793 626 1816 651 3,
1830 623 1855 648 18
1875 619 1931 646 Cur
1944 624 1973 645 tu
1987 618 2097 647 obsecro
2111 621 2203 650 imme.

48 660 76 690 6,
91 663 124 688 18.
196 659 328 685 Columel.
345 668 375 690 11,
388 666 408 684 2.
479 656 598 683 Tertull.
612 655 644 682 de
661 654 722 680 Vel.
733 653 808 687 Virg.
823 661 844 678 c.
858 660 889 678 12.
1159 652 1213 679 rito
1228 661 1289 678 meo
1303 660 1345 677 me
1358 651 1440 677 morti
1453 650 1548 678 dedere
1560 659 1634 687 optas
1648 654 1656 679 3
1693 653 1718 680 b.
1732 663 1752 680 e.
1774 654 1849 680 Nullo
1865 663 1914 680 mco
1931 657 2028 681 merito.

87 699 163 719 1MM
174 699 192 719 Ε
202 701 222 720 D
232 701 240 719 1
251 696 271 721 Ᾱ
281 701 303 720 Τ
315 701 342 721 13.
362 693 430 720 Adu.
458 693 589 727 [εἰμέσως]
623 691 678 717 Cito
691 699 720 717 ac
733 690 853 716 celeriter.
889 688 1017 715 Laudatur
1024 690 1091 716 Gell.
1196 695 1237 714 IM
1250 695 1270 713 M
1281 694 1297 714 E
1307 685 1377 714 Rf'r
1388 693 1416 714 o.
1438 686 1504 714 Adu.
1540 687 1565 714 h.
1580 697 1599 714 e.
1618 687 1732 724 Indigne.
1768 689 1837 715 Ter.
1851 689 1916 716 lice.
1929 698 1952 720 2,
1968 698 1987 723 1,
2003 698 2023 717 ιι
2049 691 2147 726 Meque
2158 693 2204 720 ab.

48 729 131 764 praef.
145 738 171 755 n.
186 738 213 756 ιο
233 730 368 757 Incuriose
380 735 406 755 et
420 728 587 759 immediate,
605 735 633 752 ac
647 734 729 761 prope
743 725 823 751 etiam
835 723 989 756 subrustice,
997 726 1091 760 exipso
1113 736 1137 761 ις
1156 728 1181 750 te
1193 723 1327 750 immerito
1342 722 1390 748 esse
1404 725 1546 749 accusatam
1567 723 1733 758 postmodum
1753 724 1873 750 resciss‘es.
1981 725 2037 752 Cic.
2050 726 2082 753 dc
2095 729 2169 755 Orat.
2183 739 2207 761 2,

50 766 111 791 loco
137 773 167 791 ac
189 771 309 800 tempore
342 765 516 792 hibernarum
547 762 719 797 vigiliarum,
736 760 833 787 Atticas
855 759 944 786 noc'ies
965 761 1091 796 inscripti·
1156 768 1204 793 209
1225 760 1261 786 Ex
1275 767 1318 790 re,
1337 758 1354 784 si
1369 757 1497 790 crudelis,
1518 758 1535 785 si
1551 759 1677 792 infanda,
1696 760 1713 786 si
1734 766 1837 794 practer
1856 760 2029 794 opinionem,
2048 761 2067 788 si
2086 763 2205 791 immeri-

49 809 116 827 inus.
189 800 235 827 Sed
248 803 325 828 Gron.
343 800 509 828 immeditate
523 807 553 825 ex
564 799 622 825 MS.
637 796 824 824 imiucdictate.
1155 800 1201 828 to,
1225 795 1242 821 si
1261 794 1371 825 misera,
1389 800 1435 820 etc.
1507 795 1564 821 Seu.
1578 795 1655 830 Epist.
1672 804 1691 822 ii
1719 795 1776 822 Nec
1800 795 1945 822 immerito.
2016 797 2085 824 Ter.
2098 798 2206 826 Phorm.

86 843 94 861 1
106 843 130 861 M
139 842 215 862 MED
225 843 233 862 1
244 843 261 863 c
271 834 422 869 Ani'L13‚
441 845 464 862 e.
484 834 545 861 Adi.
581 832 777 869 [a'ffspa'mm-os,
791 831 903 865 α’νίατος]
939 831 1090 867 Qodsana.
1157 840 1174 861 1,
1189 840 1211 863 5,
1225 833 1259 856 60
1279 831 1334 857 Iam
1350 829 1449 855 dudum
1462 835 1502 861 te,
1520 839 1610 857 omnes
1624 840 1672 857 nos
1686 831 1805 858 accusare
1825 831 1924 863 audio,
1943 831 2098 867 immerito,
2117 839 2143 862 et
2160 844 2204 862 me

48 874 74 898 ri
88 881 137 898 non
146 871 228 906 potest
241 872 451 899 medicaminibus.
486 868 568 897 Ouid.
583 870 649 896 Met.
662 877 684 902 2,
697 873 739 901 825
759 869 847 902 thue
866 866 963 893 malum
982 868 1032 894 late
1052 869 1089 894 so·
1155 866 1276 892 omnium
1290 865 1386 891 horum
1403 866 1615 893 immeritislimo.

47 907 85 934 let
99 907 297 935 immedicabile
311 916 403 935 cancer
436 907 555 941 Serpere.
672 906 715 930 Ira
734 903 779 930 Sil.
794 912 813 936 i,
828 910 883 936 147.
991 904 1090 930 Malum
1111 913 1147 932 20
1192 909 1201 927 ι
1212 906 1395 932 MMERGO,
1414 901 1445 932 si,
1465 902 1535 933 sum,
1560 904 1613 929 ere.
1649 901 1815 937 [ἓμβοέπτω]
1852 903 1926 929 Intus
1944 910 2108 939 mergere‚yet
2125 906 2206 932 veluti

48 942 131 970 Ouid.
147 944 212 970 Met.
227 953 250 976 2,
264 949 314 974 825.
384 942 487 970 Telum
506 942 583 975 Virg.
598 941 663 967 Aen.
682 948 715 972 12,
729 943 780 969 858.
851 937 931 964 Ouid.
948 939 1010 965 Met.
1021 949 1089 972 1,19ο
1159 938 1190 964 In
1204 936 1356 973 profundum
1369 937 1476 964 obruere.
1529 939 1605 972 Virg.
1621 937 1684 963 Aen.
1699 946 1723 970 3,
1738 940 1787 970 6ος
1822 953 1867 958 —
1903 938 2035 973 Vasioque
2053 940 2206 976 immergite

48 978 153 1005 Cuncta
176 979 255 1013 prius
271 977 393 1006 tentanda
408 988 414 1004 ε
451 977 494 1004 sed
517 975 713 1004 immedicabile
735 974 830 1000 vulnus
843 974 907 1000 Ense
920 974 1089 1002 recidendum
1157 979 1249 1007 ponto·
1322 971 1387 998 ΡῙῙΠ-
1401 984 1422 1003 ⁵12
1440 982 1457 999 1¹
1480 973 1604 1008 Namque
1617 972 1738 999 Thracia
1755 973 1840 1000 altero
1861 974 1943 1000 latere
1963 983 1978 1000 a
1997 975 2106 1002 Pontico
2124 977 2206 1004 litore

48 1015 99 1045 est,
119 1023 152 1040 ne
165 1023 224 1048 pars
236 1014 333 1040 sincera
345 1014 473 1041 trahatur,
1158 1008 1303 1043 incipiens,
1322 1007 1369 1034 vbi
1384 1008 1447 1035 Ister
1459 1009 1543 1035 amnis
1556 1008 1742 1042 immergitur,
1760 1008 1819 1042 vel,
1838 1016 1884 1035 etc.
1973 1010 2148 1045 Inuncrgatur
2166 1021 2207 1039 ca·

86 1056 130 1075 1M
139 1046 164 1076 ivi
174 1055 217 1076 ΕΙ)
229 1056 237 1075 1
247 1055 264 1076 C
274 1051 356 1077 KTV
365 1056 377 1076 S
386 1068 394 1081 ‚
412 1058 443 1082 a,
462 1058 517 1076 um.
540 1047 601 1074 Adi.
637 1047 674 1073 Os
687 1044 902 1077 immedicatum,
921 1048 939 1071 i.
958 1045 1093 1072 Medicinii·
1159 1052 1206 1078 put
1227 1043 1346 1070 Scribon.
1361 1052 1404 1070 23.
1423 1044 1536 1079 absolute.
1608 1045 1769 1077 Imniergcre
1783 1044 1807 1069 se
1820 1044 1927 1078 aliquo,
1940 1050 1988 1079 pro
1997 1046 2064 1071 Clam
2079 1047 2207 1083 erfurtim

46 1084 139 1111 illitum
174 1085 253 1120 Apul.
266 1085 343 1119 Apol.
355 1094 380 1119 p.
395 1092 446 1118 323,
461 1093 483 1111 12
511 1085 616 1119 exprimi
629 1083 709 1109 voluit
721 1080 920 1114 Elmenhorffius,
939 1081 1002 1117 quod
1013 1088 1094 1108 mmm
1112 1089 1143 1115 25
1157 1082 1263 1105 intrare.
1318 1079 1400 1105 Plaut.
1415 1079 1482 1106 Rud.
1494 1089 1518 1112 2,
1532 1088 1554 1112 3,
1567 1081 1601 1106 66
1627 1080 1658 1105 Et
1671 1087 1765 1110 aurum
1783 1083 1809 1104 ct
1821 1085 1958 1113 argentum
1971 1080 2024 1106 fuit
2038 1081 2141 1109 lenonis
2153 1082 2207 1110 ibi-

46 1123 75 1146 in
90 1120 184 1146 Indice.
219 1122 261 1148 Sic
274 1123 348 1147 etiam
362 1120 524 1156 casaubonus.
1159 1114 1220 1141 deni
1234 1125 1239 1141 :
1276 1114 1356 1141 credo
1369 1115 1484 1149 aliquem
1504 1114 1654 1141 immersisse
1674 1115 1715 1146 se,
1735 1119 1814 1148 atque
1833 1123 1895 1141 eum
1912 1116 2047 1148 excepiffe.
2154 1119 2207 1146 [m-

85 1161 233 1181 1MMED1
248 1162 332 1183 TAT
342 1162 363 1182 v
373 1163 403 1188 s,
422 1165 453 1188 a,
472 1164 525 1181 um.
545 1152 605 1179 Adi.
628 1151 739 1178 Incessus
754 1151 933 1178 immeditatus
954 1152 1029 1187 Apul.
1041 1152 1092 1179 Mi·
1158 1150 1247 1177 mei-lit
1260 1151 1284 1176 se
1299 1150 1391 1185 aliquo
1404 1151 1431 1176 in
1444 1159 1556 1185 ganeum
1574 1149 1655 1177 Plaut.
1669 1150 1741 1176 Men.
1756 1158 1779 1181 5,
1793 1157 1812 1181 1,
1826 1158 1846 1181 3.
1955 1151 2015 1176 Liu.
2029 1160 2063 1182 23,
2077 1157 2102 1182 18
2129 1153 2159 1179 Et
2172 1162 2206 1181 eo

16 1198 26 1205 ⁸
45 1188 92 1216 les.
105 1199 118 1216 2
129 1197 172 1225 pr.
245 1191 319 1218 Idem
332 1191 434 1218 Florid.
447 1199 460 1223 3
475 1200 500 1225 p.
510 1196 556 1223 357
578 1187 741 1214 immeditati
755 1189 897 1214 sermones.
1160 1185 1314 1220 impensius,
1331 1195 1386 1221 quo
1409 1186 1514 1213 auidius
1539 1195 1570 1213 ex
1585 1185 1727 1212 insolentia
1741 1185 1770 1211 in
1783 1193 1825 1211 cas
1840 1185 1866 1211 se
1878 1185 2076 1218 immerserant,
2096 1187 2124 1213 de
2138 1190 2208 1215 volu-

83 1232 161 1251 iMM
173 1231 190 1251 E
200 1232 219 1252 D
229 1233 237 1252 1
248 1234 270 1254 T
281 1234 303 1253 A
314 1233 336 1252 Τ
346 1233 373 1253 E.
391 1226 459 1252 Adu.
497 1224 565 1251 Gell.
581 1223 664 1258 praef.
702 1223 761 1250 Nos
774 1224 923 1255 incuriose,
945 1222 1095 1250 immedita-
1154 1222 1270 1258 pratibus
1282 1223 1385 1256 Capuae.
1423 1222 1469 1249 Sed
1482 1224 1514 1248 al.
1528 1223 1679 1249 merserant.
1768 1220 1824 1246 Cic.
1845 1229 1894 1255 pro
1908 1221 2013 1248 Cluent.
2025 1224 2056 1254 36
2070 1231 2091 1248 c.
2106 1231 2126 1255 13
2152 1225 2208 1259 Qi

45 1266 89 1293 te,
106 1269 135 1287 ac
148 1270 231 1297 prope
244 1263 326 1288 etiam
339 1261 499 1293 subrustice,
517 1268 550 1286 ex
573 1259 630 1293 ipso
649 1259 710 1285 loco
731 1268 760 1286 nc
783 1265 902 1294 tempore
924 1258 1095 1285 hibernarum
1111 1271 1144 1295 30
1160 1263 1189 1284 vt
1203 1258 1228 1284 se
1246 1256 1385 1283 blanditiis
1404 1263 1429 1283 et
1442 1257 1657 1284 assentationibus
1673 1257 1701 1283 in
1715 1255 1799 1283 Afinii
1812 1256 2029 1283 consuetudinem
2042 1258 2145 1292 penitus
2158 1259 2210 1286 im-

44 1296 202 1331 vigiliarum
233 1299 332 1325 Atticas
364 1297 456 1324 noctes
487 1295 682 1330 inscripsimus,
699 1301 744 1322 etc.
800 1296 842 1323 sic
874 1296 949 1321 Gron.
981 1296 1014 1321 al.
1045 1295 1095 1321 ini-
1162 1292 1264 1325 mersit,
1283 1293 1445 1327 Oppianicus
1469 1294 1597 1320 continuo
1622 1294 1726 1327 sperare
1746 1291 1833 1326 coepit
1852 1291 1903 1318 hoc
1916 1293 1942 1318 se
1956 1292 2062 1325 Auilio,
2082 1293 2208 1330 tanquam

43 1331 167 1359 mediate.
1161 1328 1250 1363 aliqua
1263 1328 1383 1354 machina
1399 1328 1517 1359 admota,
1538 1337 1630 1363 capere
1642 1328 1724 1354 Atinii
1738 1327 1958 1360 adolescentiam,
1979 1334 2004 1354 et
2017 1329 2136 1356 fortunas
2150 1331 2208 1357 eius

83 1374 126 1394 1M
135 1375 159 1394 Μ
169 1375 250 1402 1310,
268 1368 325 1395 inxi
334 1387 342 1401 ,
359 1368 459 1400 16111111,
475 1368 529 1394 ἕπε.
566 1367 635 1393 Pers.
651 1366 701 1393 Sat.
710 1366 758 1392 vlt.
770 1366 805 1392 ad
812 1365 864 1401 fin.
886 1368 977 1399 Qium
990 1366 1095 1392 morosa
1160 1364 1258 1400 patrias
1272 1373 1422 1398 expugnare
1436 1365 1513 1398 posse.
1618 1364 1648 1390 Se
1663 1363 1732 1390 inter
1746 1371 1885 1389 mucrones
1898 1363 2014 1390 hostium
2032 1364 2122 1391 lustin.
2137 1374 2173 1398 33,
2186 1375 2210 1398 2,

41 1411 112 1438 vago
127 1404 260 1438 singultiet
272 1404 382 1438 inguine
393 1412 477 1436 vena,
512 1402 642 1429 Patriciae
656 1402 779 1429 immeiat
792 1402 897 1429 vuluae.
924 1409 1043 1428 extremae
1056 1402 1094 1428 ob·
1160 1410 1184 1432 4.
1278 1400 1309 1426 Se
1323 1401 1350 1426 in
1365 1399 1563 1426 confertissimos
1577 1399 1663 1426 hostes
1683 1399 1755 1425 Idem
1772 1408 1799 1430 11,
1812 1407 1853 1432 14,
1866 1407 1887 1429 5.
1958 1399 2085 1427 Latrones
2104 1401 2211 1433 inuolo,

11 1438 172 1476 firmitatis
187 1439 296 1466 verbum.
1114 1446 1141 1472 33
1160 1445 1189 1462 ae
1203 1435 1309 1469 singulis
1323 1434 1441 1461 altissime
1456 1436 1586 1471 immergo
1610 1434 1688 1471 Apul.
1703 1435 1767 1461 Met.
1781 1443 1793 1460 2
1810 1440 1875 1461 extr.
1895 1434 1974 1462 intell.
1993 1435 2119 1469 gladium.
2161 1438 2209 1466 Sed

15 1450 33 1508 ⁸
78 1481 88 1500 1
98 1472 214 1501 MME⁰M
224 1480 244 1501 ο
255 1482 274 1501 R
284 1494 291 1506 ,
319 1474 384 1501 oris.
414 1482 482 1500 com.
520 1472 697 1507 [οἶμνημονῆς]
733 1474 785 1508 Qui
803 1482 851 1499 non
865 1475 985 1499 meminit.
1022 1472 1092 1498 Ter.
1160 1471 1268 1498 Elmenh.
1282 1471 1418 1505 demergo.

41 1509 127 1537 Andr.
139 1518 162 1545 3,
175 1519 194 1543 1,
207 1519 233 1544 ¹9
253 1511 328 1537 Num
343 1511 487 1536 immemor
499 1518 525 1535 es
538 1508 662 1543 discipuli
677 1510 686 1534 Ξ
757 1509 812 1535 Cic.
828 1509 860 1535 de
875 1509 946 1535 Clar.
961 1509 1036 1535 Orat.
1047 1515 1094 1542 174
1197 1513 1207 1532 1
1217 1514 1242 1533 Μ
1251 1514 1276 1533 Μ
1285 1514 1301 1533 Ε
1310 1514 1329 1533 R
1339 1514 1351 1533 s
1361 1513 1381 1532 Α
1391 1513 1407 1533 Β
1416 1505 1452 1533 ι’Ἰ.
1462 1514 1471 1533 1
1482 1514 1494 1533 s
1504 1525 1512 1537 ‚
1531 1515 1555 1533 e.
1575 1505 1637 1532 Adi.
1665 1504 1835 1540 [ἒμβαπτός]
1871 1505 1901 1532 ab
1916 1505 2057 1537 Immerso,
2077 1511 2128 1534 are.
2150 1507 2210 1535 Fre-

41 1546 139 1580 Magna
152 1547 215 1572 haec
229 1546 396 1572 immemoris
409 1544 511 1579 ingenii
527 1544 605 1578 signa.
684 1543 758 1570 Idem
770 1545 824 1570 Att.
838 1555 861 1576 4,
875 1547 892 1570 6
917 1546 947 1570 In
963 1544 1013 1570 alia
1029 1543 1096 1569 inci·
1160 1548 1250 1577 quent.
1286 1543 1352 1570 Hor.
1368 1542 1447 1577 Epist.
1466 1552 1483 1574 1,
1497 1551 1517 1573 2,
1532 1551 1558 1568 22
1592 1557 1638 1561 -
1674 1541 1797 1568 Aduerfis
1818 1549 1908 1567 rerum
1922 1542 2108 1570 immersabilis
2123 1543 2210 1570 vndis.

41 1581 70 1608 di
82 1590 137 1607 non
149 1581 294 1608 immemor
307 1581 381 1607 istius
394 1579 512 1606 mandati
525 1580 576 1606 tui.
680 1580 770 1605 Huius
785 1581 826 1606 rei
839 1589 871 1606 ne
883 1580 1020 1614 posteritas
1036 1579 1096 1613 qui·
1196 1585 1205 1603 Ι
1215 1584 1273 1604 ΜΜ
1284 1584 1327 1604 ER
1337 1585 1350 1605 s
1359 1584 1396 1604 10
1405 1598 1413 1610 ,
1433 1578 1502 1604 onis.
1523 1577 1542 1604 f.
1577 1576 1678 1604 Arnob.
1691 1586 1712 1609 2,
1727 1586 1760 1610 47
1791 1577 1889 1604 Oleum
1902 1578 2001 1612 respuit
2012 1578 2210 1606 immersionem

41 1617 101 1643 dem
115 1617 237 1643 omnium
252 1616 414 1642 saeculorum
429 1616 572 1642 immemor
585 1620 641 1641 erat
659 1615 716 1642 Cic.
731 1615 796 1642 Phil.
813 1624 825 1641 2
839 1625 860 1641 c.
872 1624 907 1647 23.
1000 1614 1094 1640 Meriti
1104 1623 1141 1648 40
1160 1613 1189 1640 in
1201 1614 1226 1640 se
1241 1614 1305 1648 pati.

40 1653 107 1679 tanti
120 1660 174 1678 non
187 1653 330 1678 immemor
342 1660 458 1686 vnquam
481 1651 556 1687 Virg.
571 1651 635 1677 Aen.
650 1660 674 1683 9,
688 1654 742 1681 2ς6.
850 1651 906 1677 Cic.
919 1659 968 1685 pro
989 1650 1052 1676 Sull.
1068 1656 1094 1682 83
1198 1655 1207 1674 1
1218 1656 1242 1675 Μ
1252 1655 1276 1674 Μ
1287 1656 1303 1675 E
1312 1655 1333 1675 T
1343 1649 1366 1675 Ᾱ
1375 1654 1396 1674 Τ
1408 1654 1450 1674 vs
1459 1668 1466 1680 ‚
1486 1657 1516 1681 a,
1534 1657 1588 1675 um.
1619 1648 1686 1675 Part.
1723 1645 1850 1682 [οἷόριςος]
1888 1648 1947 1673 Non
1959 1654 2067 1674 metatus
2081 1658 2089 1673 :
2124 1658 2140 1674 a
2154 1649 2212 1674 Me-

41 1688 150 1715 Adeone
163 1687 242 1714 vobis
251 1686 353 1714 alienus
366 1696 381 1714 a
393 1688 519 1719 sanitate,
542 1686 609 1713 adeo
623 1686 724 1713 oblitus
737 1686 898 1713 constantiac
912 1695 1003 1718 meae,
1024 1685 1090 1712 adeo
1159 1689 1218 1715 tor,
1237 1685 1284 1710 ari.
1321 1685 1390 1711 Hor.
1415 1685 1502 1710 Carm.
1521 1694 1541 1716 3,
1564 1692 1612 1716 24,
1628 1691 1656 1709 ia.
1685 1683 1791 1708 Viuunt
1806 1688 1832 1708 et
1846 1681 1928 1715 rigidi
1941 1682 2036 1713 Getae,
2072 1684 2212 1711 Immetata

41 1724 187 1750 immemor
200 1731 288 1749 rerum
302 1732 317 1750 a
329 1732 371 1749 me
384 1723 516 1758 gestarum
529 1722 578 1748 effe
588 1721 702 1748 videor?
779 1722 882 1756 Paffiuc.
920 1722 988 1748 Ter.
1010 1721 1092 1747 Andr.
1159 1719 1258 1754 quibus
1272 1719 1361 1753 iugera
1370 1739 1379 1751 ,
1397 1726 1444 1746 etc.

41 1767 59 1788 1,
74 1767 92 1789 i,
107 1767 133 1794 ¹7
154 1758 251 1784 isthaec
265 1758 486 1785 commemoratio
494 1777 501 1790 ,
511 1757 582 1792 quasi
598 1757 772 1791 exprobratio
781 1758 820 1785 est
834 1757 1000 1783 immemoris
1013 1756 1092 1782 bene·
1196 1761 1205 1778 1
1215 1761 1240 1780 M
1248 1761 1273 1780 M
1283 1760 1299 1780 Ε
1310 1760 1330 1779 Τ
1339 1761 1359 1778 v
1370 1761 1386 1779 i:
1394 1761 1416 1779 N
1428 1760 1440 1779 s
1449 1772 1456 1783 ,
1472 1753 1549 1779 entis.
1585 1749 1695 1790 υὲφςβος,
1710 1750 1841 1786 οἷμέριμνος
1853 1751 1934 1778 Closs.
1945 1752 2001 1779 Lat.
2010 1753 2056 1780 Gr.

39 1793 105 1820 ficii.
143 1795 228 1820 Cuius
241 1802 320 1820 nemo
332 1794 500 1825 meminerit,
515 1796 600 1828 inquit
613 1793 742 1818 Donatus.
779 1794 830 1827 Ego
846 1796 933 1826 potius
945 1794 1094 1824 inter-prem·
1104 1799 1139 1825 45
1195 1795 1204 1813 1
1215 1795 1239 1813 M
1248 1795 1273 1814 M
1283 1795 1292 1813 1
1302 1794 1322 1813 G
1331 1794 1394 1818 Ro,
1414 1792 1468 1812 are.
1504 1787 1517 1820 [
1524 1787 1666 1825 amolmico,
1678 1785 1813 1819 μετοικὲω]
1850 1787 1881 1812 In
1902 1786 1999 1815 domum
2015 1790 2124 1824 aliquam
2142 1789 2213 1817 habi.

38 1836 96 1859 rer,
114 1830 173 1854 Eius
183 1833 228 1864 qui
238 1829 349 1863 beneficii
362 1838 410 1854 non
423 1831 545 1854 meminit.
617 1827 772 1852 Obliuionem
783 1826 902 1852 inducens
915 1836 923 1850 :
948 1825 979 1850 ab
992 1824 1091 1857 qffefsu.
1158 1822 1234 1848 tandi
1245 1825 1332 1858 gratia
1339 1822 1369 1858 se
1383 1822 1506 1856 conferre.
1564 1821 1621 1847 Cic.
1636 1822 1664 1847 T
1667 1822 1717 1848 usc.
1733 1830 1750 1853 1,
1764 1827 1793 1854 58
1828 1821 1924 1857 Neque
1937 1832 1968 1858 ca
1979 1824 2054 1857 plane
2067 1824 2142 1851 videt
2155 1825 2211 1852 ani-

38 1863 85 1890 Sil.
99 1866 133 1894 16,
149 1869 200 1897 478
220 1864 251 1889 Et
263 1864 380 1889 Theron
393 1869 498 1896 potator
510 1870 595 1895 aquae
608 1861 655 1887 sub
671 1861 782 1887 nomine
794 1860 905 1892 Lethes,
941 1860 1017 1892 Quae
1031 1858 1092 1885 fluit
1159 1866 1233 1889 mus,
1254 1866 1337 1892 quum
1351 1863 1458 1891 repente
1476 1857 1506 1883 in
1518 1862 1571 1883 tam
1593 1856 1746 1887 insolitum,
1762 1863 1869 1891 tamque
1891 1859 2074 1891 perturbatum
2097 1859 2211 1887 domici.

37 1898 194 1936 immemori
207 1899 381 1933 perstringens
395 1898 500 1932 gurgite
512 1898 592 1931 ripas.
1158 1892 1225 1919 lium
1238 1892 1412 1927 immigrauit.
1520 1892 1593 1918 Idem
1606 1892 1721 1925 Philipp-
1730 1900 1769 1930 ²¹3,
1782 1900 1809 1931 33³
1824 1901 1846 1917 c·
1862 1899 1889 1926 ¹7
1916 1893 1987 1920 Nam
2008 1895 2097 1928 paucis
2116 1895 2210 1923 dicbus

41 1952 43 1954 -
76 1941 86 1960 1
95 1941 120 1961 M
129 1941 153 1960 M
163 1941 179 1961 Ε
188 1941 213 1960 Μ
224 1939 243 1961 0
253 1942 273 1961 R
283 1936 326 1960 ᾹΒ
335 1933 348 1960 ἴ
357 1941 374 1960 1.
383 1940 393 1958 1
403 1941 416 1960 s
425 1953 433 1966 ,
451 1941 474 1959 e.
495 1932 557 1959 Adi.
579 1929 799 1965 [ἐμνημόνευτος]
836 1931 912 1957 Cuius
925 1930 992 1956 nulla
1007 1929 1092 1955 debeat
1158 1934 1185 1954 et
1210 1928 1237 1954 in
1260 1928 1370 1954 domum
1393 1933 1418 1953 et
1438 1927 1466 1952 in
1480 1926 1571 1953 hortos
1585 1933 1708 1961 paternos
1727 1929 1903 1960 immigrauit.
2020 1930 2076 1956 Cic.
2091 1930 2123 1957 de
2136 1932 2210 1959 Clas,

37 1968 82 2004 effe
109 1973 241 2002 memoria,
261 1973 304 2005 qui
325 1972 458 1996 memorari
479 1978 528 1994 non
551 1967 628 1993 debet.
664 1966 748 1993 Plaut.
762 1967 837 2000 Capt.
856 1966 924 1992 Prol.
937 1968 969 1996 56
995 1965 1092 1998 Neque
1103 1975 1135 2000 50
1160 1964 1235 1989 Orat.
1249 1971 1293 2002 273
1310 1963 1350 1988 Sic
1363 1968 1461 1993 tamen,
1475 1967 1503 1987 vt
1516 1970 1546 1987 ea
1559 1970 1612 1988 non
1626 1962 1730 1989 irruisse
1745 1962 1772 1987 in
1789 1962 1906 1988 alienum
1929 1963 2035 1998 locum,
2053 1965 2096 1992 sed
2120 1967 2211 1994 immi-

38 2005 182 2040 spurcidici
195 2006 285 2032 insunt
296 2005 387 2031 versus
401 2002 637 2030 immemorabiles.
710 2001 845 2035 Spatium,
860 2004 878 2026 i.
888 2002 1026 2027 Maximum
1041 2000 1092 2025 Lu-
1157 1998 1238 2032 grasse
1251 2006 1279 2024 in
1293 1999 1368 2024 suuni
1383 1997 1489 2024 diceres.
1596 1997 1626 2024 In
1642 1998 1697 2023 suas
1712 1997 1788 2023 aedes
1799 2006 1828 2023 ex
1843 1999 1949 2032 templis
1979 2000 2034 2028 Cic,
2056 2010 2104 2035 pro
2120 2002 2208 2030 Domo

36 2047 101 2069 eret.
116 2051 141 2074 4,
158 2050 206 2074 192.
276 2040 369 2067 Αέῗῖηρ
382 2039 519 2076 usurpatur
530 2048 546 2065 a
557 2037 639 2064 Plant.
654 2035 718 2063 Cist.
733 2045 754 2067 2,
762 2045 785 2068 2,
798 2045 810 2068 3
831 2036 860 2062 de
873 2038 915 2068 Eo,
929 2037 974 2071 qui
985 2036 1025 2061 nil
1036 2035 1092 2061 vult
1158 2042 1203 2064 141.
1321 2034 1433 2069 Metaph.
1468 2032 1635 2068 Immigrauit
1647 2033 1760 2059 auaritia
1773 2039 1799 2058 et
1813 2033 1919 2059 luxuria
1932 2034 1961 2060 in
1968 2035 2060 2070 Rcuip.
2082 2037 2142 2064 Liu.
2152 2045 2209 2074 ipr.

17 2086 178 2110 ,memorare
220 2075 279 2104 Vid,
297 2075 402 2103 Ταηῇῃχ,
1156 2067 1315 2102 Immigrare
1328 2070 1357 2095 in
1368 2068 1506 2103 ingenium
1520 2069 1594 2093 suum
1614 2068 1696 2094 Plaut.
1712 2067 1789 2094 Most.
1807 2076 1825 2099 i,
1839 2076 1861 2100 2,
1875 2077 1910 2101 23.
1933 2073 1951 2096 i.
1963 2071 2012 2097 Pro
2024 2075 2102 2099 animi
2109 2073 2210 2109 finten-

73 2119 84 2138 1
94 2119 119 2138 M
128 2119 177 2139 ME
186 2118 212 2138 M
223 2117 243 2138 0
252 2119 302 2138 ΚΑ
311 2118 332 2138 T
342 2118 351 2136 Ι
360 2118 396 2142 O,
414 2109 482 2136 onis.
502 2108 522 2135 f.
558 2107 637 2142 Vulg.
655 2107 707 2133 Int.
721 2106 778 2140 Sap.
793 2114 830 2139 14,
845 2107 884 2131 26.
1079 2108 1083 2113 “
1156 2106 1195 2129 tia
1209 2107 1300 2129 viuere.
1416 2105 1572 2136 Itnmigrant
1586 2103 1615 2129 in
1628 2103 1738 2137 vestigia
1752 2109 1777 2129 et
1791 2103 1860 2130 sedes
1873 2104 2008 2133 nobilium
2028 2116 2102 2142 pares
2122 2108 2209 2136 domi-

26 2159 41 2178 ‘e
74 2154 152 2174 IMM
162 2154 286 2175 EMORI
297 2154 336 2179 A,
357 2155 395 2173 ae.
416 2146 436 2172 f.
474 2143 563 2179 I’apin.
577 2143 600 2170 l.-
610 2152 648 2177 44
661 2143 722 2176 Dig.
737 2142 777 2168 De
790 2141 890 2175 acquir.
903 2146 949 2166 etc.
969 2140 1038 2166 Cum
1052 2148 1090 2165 re·
1110 2150 1139 2176 55
1156 2138 1185 2164 ni
1205 2138 1272 2164 Plin.
1284 2138 1315 2177 in
1330 2139 1424 2173 Paneg.
1440 2147 1461 2163 c.
1475 2147 1515 2168 50.

41 2178 128 2210 'ersus
147 2183 266 2210 thesauri
288 2183 377 2209 locum
401 2180 572 2208 immemoria
591 2182 646 2205 n'on
658 2182 806 2212 repeteret,
825 2179 843 2202 i.
869 2176 938 2202 Vitio
953 2177 1091 2200 memoriae.
1196 2179 1350 2199 ΙΜΜιΝΕ
1362 2178 1400 2205 0,
1437 2173 1483 2205 ui,
1516 2176 1569 2200 ere.
1607 2171 1755 2209 [imsipnim
1768 2175 1900 2209 ἒνίςαμαι]
1937 2174 2052 2210 lissam,
2071 2178 2211 2213 impendere

10 2226 11 2229 =
59 2223 77 2246 -ς
91 2219 149 2246 (jod,
166 2220 233 2246 1:10„
248 2220 281 2245 al,
295 2218 324 2244 in
335 2218 474 2244 memoria,
1150 2207 1292 2243 fignificat.
1332 2209 1424 2243 Nempe
1440 2218 1488 2234 non
1501 2215 1552 2235 tam
1565 2218 1595 2235 ex
1609 2210 1707 2236 Maneo
1722 2210 1893 2245 compositum,
1910 2219 2030 2246 quatenus
2044 2216 2210 2241 continuatio-

16 2257 24 2264 '
73 2262 82 2280 1
93 2262 116 2281 M
127 2256 396 2285 MEMORRTVS‚
415 2261 446 2284 a,
466 2260 521 2277 uin.
548 2249 610 2276 Adi.
647 2244 868 2282 [ἐμνημόνευτος]
902 2244 1091 2270 Immemorata
1158 2252 1212 2268 nem
1226 2242 1383 2279 praesentiae
1405 2251 1491 2276 notat,
1511 2253 1583 2280 quam
1601 2254 1629 2271 ex
1648 2245 1757 2277 Mineo,
1775 2245 1840 2280 quod
1850 2253 1981 2281 cognatum
1994 2247 2114 2275 minandi
2126 2250 2210 2283 verbo,

36 2290 141 2323 ferens,
159 2293 177 2317 i.
193 2291 262 2317 Noui
275 2288 374 2324 aliquid
385 2293 522 2322 apportant
541 2285 609 2310 Hor.
622 2282 702 2317 Epist.
718 2291 736 2312 1,
752 2289 794 2313 20,
807 2288 844 2313 33.
916 2279 1090 2306 Immemora-
1158 2285 1188 2304 vt
1203 2281 1229 2304 in
1244 2279 1382 2310 Eminet-e,
1402 2280 1555 2306 Prominere
1569 2280 1732 2316 obstruamus.
1789 2280 1846 2306 Cic.
1860 2281 1943 2309 Tusc.
1958 2291 1977 2314 1,
1992 2291 2018 2314 91
2033 2292 2053 2309 c.
2069 2289 2096 2316 38
2134 2286 2211 2312 Mors

35 2330 78 2353 tus
91 2326 144 2352 eris
171 2325 268 2351 Auson.
281 2325 384 2350 Parent.
399 2322 486 2356 Epigr.
498 2329 538 2346 20.
1103 2324 1138 2348 60
1157 2323 1225 2348 quae
1239 2321 1349 2349 propter
1364 2315 1480 2342 incertos
1489 2316 1559 2341 casus
1572 2315 1695 2350 quotidie
1708 2315 1839 2344 imminet.
1957 2317 2022 2344 Plin.
2037 2319 2115 2353 Epist.
2130 2323 2162 2353 6,
2181 2329 2208 2354 33

73 2367 152 2387 IMM
163 2366 180 2386 E
191 2365 267 2386 NSV
278 2366 309 2391 s,
328 2367 355 2389 a,
375 2366 430 2383 um.
448 2356 508 2383 Adi.
547 2352 674 2390 [οἴκει-τος,
688 2352 808 2388 ἄμετρος,
819 2350 981 2384 ἀθέσφατος]
1018 2349 1092 2384 Quod
1156 2349 1197 2376 Ad
1221 2349 1271 2376 hoc
1290 2350 1413 2385 stipatum
1433 2350 1567 2382 tribunal,
1587 2357 1665 2385 atque
1685 2351 1766 2377 etiam
1788 2360 1819 2377 ex
1835 2352 1863 2377 su
1884 2351 1972 2380 eriore
1987 2354 2111 2382 Basilii-ae
2123 2362 2208 2390 parte,

29 2401 93 2433 prae
109 2394 281 2433 magnitudine
293 2394 432 2430 mensurari
444 2388 591 2426 nonpotcsi.
647 2389 712 2415 Plin.
728 2394 752 2420 8,
766 2392 793 2417 28
813 2386 894 2420 Qiod
906 2386 1027 2420 persequi
1041 2387 1090 2412 im-
1156 2394 1208 2420 qua
1223 2385 1356 2418 feminae,
1377 2395 1429 2420 qua
1445 2386 1515 2416 viri,
1533 2391 1559 2412 et
1573 2386 1713 2417 audiendi,
1731 2387 1802 2421 quod
1817 2386 1844 2414 di
1875 2387 1926 2415 cile
1943 2399 1949 2415 ε
1983 2396 2009 2416 et
2027 2391 2097 2424 quod
2116 2392 2208 2425 facile,

24 2433 155 2464 ‚mensum
169 2431 214 2458 est.
287 2429 354 2456 Plin.
368 2428 446 2462 Epist.
459 2432 484 2458 8,
497 2435 525 2459 4,
537 2434 549 2458 3
570 2424 690 2451 Arduum
699 2444 707 2456 ‚
725 2424 883 2450 immensum
897 2422 976 2463 etiam
990 2428 1036 2448 tuo
1050 2422 1089 2447 in·
1156 2421 1266 2461 yidcndi
1280 2421 1367 2447 studio
1380 2421 1565 2461 immipebant.
1619 2457 1625 2461 Ι
1660 2422 1717 2448 Cic.
1731 2431 1779 2456 pro
1787 2423 1875 2450 Domo
1887 2433 1912 2452 ες
1930 2425 2101 2459 Impendebat
2113 2427 2208 2461 fames,

20 2468 127 2502 genio.
199 2466 310 2493 Referre
325 2463 484 2490 immensum
497 2461 534 2487 est
555 2461 622 2487 Plin.
636 2469 671 2492 22,
686 2468 712 2492 23
727 2466 792 2485 extr.
877 2458 932 2484 Aer
946 2459 1088 2484 immensus
1157 2456 1296 2496 incendia,
1315 2457 1422 2489 caedes,
1443 2457 1560 2492 direptio
1575 2467 1582 2483 ι
1617 2458 1775 2484 imminebat
1790 2465 1850 2484 tuus
1863 2459 1942 2485 furor
1953 2461 2076 2488 omnium
2088 2462 2206 2489 fortunis

34 2509 62 2530 et
75 2503 195 2530 infinitus
216 2501 272 2528 Cic.
288 2500 319 2526 de
332 2500 369 2526 N.
385 2499 418 2525 D.
433 2507 450 2530 1,
463 2507 486 2523 21
502 2506 524 2523 c.
539 2506 574 2523 ιο.
646 2496 750 2522 Aetium
768 2495 910 2533 Lucret-s,
924 2498 979 2525 380.
1050 2493 1087 2519 Ex
1105 2496 1137 2528 63
1156 2498 1181 2518 et
1194 2492 1281 2519 bonis.
1390 2493 1462 2519 Caes.
1475 2493 1504 2519 B.
1518 2494 1548 2520 C.
1566 2502 1585 2525 i,
1599 2497 1632 2522 80
1668 2493 1782 2520 Instabat
1795 2503 1889 2528 agmen
1901 2496 2032 2528 Caesaris,
2052 2503 2131 2532 atque
2146 2499 2206 2525 vni-

11 2535 140 2574 ?-ingcnti
161 2536 278 2572 quodam
300 2541 450 2565 oratorem,
476 2532 658 2567 immensoque
679 2539 772 2565 campo
795 2530 824 2555 in
846 2538 973 2563 exiguum
992 2538 1087 2563 gyrum
1154 2528 1261 2555 versum
1275 2527 1441 2555 imminebat.
1549 2529 1694 2554 imminent
1707 2529 1736 2554 in
1750 2529 1870 2555 fortunas
1883 2529 1997 2565 nostras,
2020 2535 2038 2557 i.
2060 2533 2205 2568 Impendent

35 2573 163 2608 compelli
181 2572 238 2599 Cic.
252 2571 283 2598 de
297 2571 372 2597 Orat.
386 2579 409 2602 3,
422 2572 462 2600 68.
571 2568 723 2595 Clamorem
739 2566 896 2592 immensum
908 2565 980 2591 tollit
1011 2565 1085 2599 Virg.
1154 2570 1178 2590 et
1203 2567 1317 2600 cogitant
1338 2563 1366 2589 de
1390 2562 1538 2589 irmadendis
1550 2563 1672 2599 fortunis
1684 2574 1692 2589 .·
1725 2565 1765 2590 vel
1777 2564 1920 2596 occalionem
1934 2574 2056 2601 quaerunt
2068 2569 2206 2604 occupandi

37 2611 102 2636 Aen.
119 2618 140 2641 3,
155 2610 213 2642 672.
282 2606 388 2640 Cupido
402 2605 528 2632 immensa
540 2603 649 2631 laudum
668 2603 742 2629 Idem
755 2601 822 2628 ibid.
839 2603 863 2633 6,
878 2606 934 2633 824.
1007 2600 1088 2634 Cupi·
1147 2599 1277 2638 fortunar
1287 2599 1343 2638 Cic.
1358 2599 1470 2633 Philipp.
1485 2608 1506 2629 ς,
1517 2607 1560 2638 2ο.
1587 2633 1591 2638 Ι
1656 2597 1743 2638 'Idem
1757 2608 1806 2633 pro
1820 2600 1909 2627 Domo
1922 2609 1954 2636 47
1991 2603 2047 2636 Qii
2061 2603 2203 2632 imminere

36 2644 105 2671 ditas
131 2644 275 2673 immensa,
295 2641 415 2673 infinit-a,
435 2639 610 2666 immoderata
631 2638 710 2665 Aust.
736 2637 769 2664 ad
791 2638 908 2663 Herenn.
927 2645 950 2668 2,
971 2644 1003 2668 34
1017 2645 1038 2661 c.
1053 2645 1088 2661 22.
1154 2643 1207 2672 iam
1220 2634 1362 2668 cupiditate
1376 2634 1502 2661 videntur
1516 2643 1544 2659 in
1558 2633 1733 2662 tribuniciam
1746 2635 1908 2669 potestatem.
1931 2640 1950 2664 i.
1965 2639 2076 2666 Inhiare.
2149 2642 2204 2668 Im-

36 2680 124 2707 Dolor
143 2679 201 2705 Sen.
215 2677 309 2705 Theb.
327 2687 348 2704 2.
418 2675 532 2703 Finibus
545 2674 678 2701 immensis
690 2673 793 2706 ingenii
808 2671 955 2698 describere
969 2671 1086 2704 aliquam
1098 2681 1134 2708 70
1154 2669 1273 2696 minebat
1294 2669 1323 2695 in
1344 2670 1506 2696 occationem
1526 2670 1694 2704 opprimendi
1718 2671 1791 2697 ducis
1813 2673 1998 2707 exercitusque
2023 2674 2083 2701 Liu.
2105 2684 2147 2708 25,
2160 2685 2203 2702 20.

36 2722 121 2742 artem
141 2715 199 2741 Cic.
214 2714 246 2741 de
261 2715 336 2741 Orat.
351 2723 371 2745 1,
385 2721 433 2743 214.
506 2710 593 2737 Fletus
610 2709 691 2736 Ouid.
705 2709 769 2734 Met.
780 2716 813 2737 10,
823 2709 872 2738 ¹36·
943 2705 1011 2732 Gula
1029 2706 1086 2732 Cic.
1155 2703 1228 2731 Idem
1242 2710 1324 2744 30⁵.²8
1339 2713 1402 2731 extr.
1422 2705 1445 2731 Ii
1465 2713 1588 2740 quoque,
1607 2705 1704 2740 quibu-s
1724 2707 1815 2741 ingens
1838 2713 1894 2734 erat
1912 2708 1941 2734 in
1960 2709 2082 2743 Scipione
2095 2710 2203 2744 fiducia,

35 2751 138 2777 Sallust.
153 2759 188 2782 13.
258 2750 312 2775 Iter
331 2750 392 2775 Liir.
407 2756 443 2779 2¹,
455 2755 498 2779 29.
569 2745 659 2771 Labor
679 2743 759 2770 Ouid.
774 2743 838 2769 Met.
854 2751 874 2773 i,
887 2746 942 2776 728.
1012 2742 1087 2768 Mare
1153 2745 1179 2766 et
1191 2740 1324 2767 victoriae
1337 2741 1391 2775 spes
1401 2761 1409 2773 ,
1426 2750 1481 2775 quo
1494 2742 1576 2776 magis
1590 2741 1619 2768 in
1632 2741 1808 2777 propinquam
1823 2752 1880 2770 cam
1899 2744 2076 2772 imminebant
2096 2747 2204 2780 animis,

33 2787 93 2813 Cic.
105 2786 188 2813 Tusc.
207 2793 227 2817 1,
239 2791 271 2819 73
286 2793 307 2810 c.
321 2792 362 2817 30.
452 2783 523 2816 Opes
541 2780 622 2808 Ouid.
636 2781 701 2806 Met.
714 2782 799 2810 6,181.
888 2776 991 2804 Pondus
1018 2778 1085 2804 Hor.
1153 2784 1186 2802 eo
1208 2785 1285 2803 curae
1306 2776 1459 2803 intentioris
1482 2782 1545 2803 erat.
1652 2778 1728 2811 Qiae
1751 2779 1908 2813 imminent,
1932 2789 1987 2806 non
2009 2781 2122 2808 videre:
2156 2789 2202 2810 aut

32 2823 119 2849 Serm.
134 2830 159 2853 1,
176 2830 200 2852 1,
213 2829 253 2853 41.
357 2818 529 2853 Qiaestionis
548 2816 585 2843 cst
606 2816 765 2847 immensae,
783 2813 876 2848 vtique
902 2813 920 2839 si
943 2812 1089 2847 recipiatur
1153 2820 1221 2846 quae
1233 2812 1369 2844 videmus,
1388 2812 1545 2839 dissimulare
1565 2812 1622 2838 Cic.
1637 2813 1717 2839 Catil.
1734 2823 1753 2846 1,
1765 2823 1805 2846 3ο.
1911 2815 1971 2841 Liu.
1986 2825 2008 2846 2,
2021 2824 2084 2852 3pr.
2108 2819 2202 2852 Qium

15 2885 18 2887 Α
32 2857 143 2894 -po'e‘tica
174 2855 328 2883 fabulositas
365 2855 432 2881 Plin.
455 2861 481 2888 7,
503 2858 543 2883 28.
651 2852 792 2886 Tempore
806 2849 935 2876 immenso
949 2848 1088 2875 obseruata
1103 2858 1135 2886 75
1149 2838 1222 2874 baud
1236 2848 1279 2874 cui
1292 2857 1371 2883 quam
1385 2848 1414 2874 in
1426 2848 1510 2874 dubio
1524 2848 1584 2874 essct
1596 2847 1697 2875 bellum
1709 2849 1742 2875 ab
1755 2849 1918 2883 Tarquiniis
1932 2851 2090 2885 imminere,
2100 2853 2127 2879 id
2142 2854 2203 2888 qui.

29 2895 97 2921 sunt
111 2892 190 2923 haec,
210 2894 228 2917 i.
244 2893 348 2926 Infinito
375 2890 431 2917 Cic.
448 2889 479 2915 de
493 2888 585 2915 Diuin.
599 2896 620 2920 1,
635 2895 672 2914 12.
742 2887 848 2914 Terrae
866 2884 947 2912 Ouid.
960 2884 1046 2911 Trist.
1061 2894 1087 2917 4,
1154 2882 1213 2922 dem
1229 2884 1271 2918 spe
1284 2884 1406 2910 omnium
1419 2883 1502 2911 seruis
1515 2884 1576 2910 fuit.
1659 2885 1803 2912 Imminere
1817 2886 1865 2912 sibi
1879 2892 1954 2920 putat
1967 2888 2115 2922 periculum
2133 2890 2200 2917 Plin.

28 2928 63 2962 '2,
78 2937 118 2962 59.
184 2927 303 2953 Trachis
316 2927 353 2953 est
365 2926 508 2952 immensus
522 2933 576 2959 quo
587 2923 700 2950 veniunt
716 2922 783 2950 Plin.
799 2930 836 2954 10,
850 2930 886 2952 23.
958 2920 1088 2955 Volupta-
1153 2919 1288 2958 in-Paneg.
1305 2928 1325 2945 c.
1339 2924 1373 2949 18.
1469 2920 1595 2946 Imminet
1609 2917 1650 2945 his
1664 2922 1709 2947 aer
1736 2921 1817 2948 Ouid.
1830 2923 1893 2948 Met.
1907 2931 1925 2953 i,
1940 2932 1975 2952 52.
2055 2925 2200 2952 Imminere

15 2970 76 2995 mes
100 2962 308 2990 immenfiffimae
336 2963 420 2997 Spart·
439 2960 567 2988 Hadrian,
591 2969 614 2986 c,
630 2967 667 2992 19-
771 2958 879 2991 vorago
894 2956 1024 2982 vitiorum
1039 2957 1086 2983 im-
1153 2955 1238 2980 exitio
1252 2954 1379 2987 alterius,
1398 2955 1517 2982 Paratum
1529 2953 1572 2992 effe
1584 2954 1618 2980 ad
1630 2959 1733 2983 exitium
1745 2958 1821 2983 alteri
1835 2957 1999 2993 inferendum.
2035 2960 2115 2986 Ouid.
2134 2962 2200 2988 Met.

18 2991 25 2999 ’
37 3001 126 3029 mensa
147 2999 203 3026 Cic.
217 2999 293 3026 Verr.
307 3007 326 3030 3,
342 3006 372 3029 23
386 3006 409 3023 c.
423 3005 448 3030 9.
645 2992 666 3032 ff
693 3003 710 3021 2
744 2992 907 3026 substantiae.
945 2991 1087 3018 Adieehim
1153 2998 1174 3022 i,
1189 2992 1236 3023 146
1254 2991 1379 3030 Imminet
1393 2989 1477 3030 exitio
1489 2991 1532 3017 vir
1545 2991 1681 3025 coniugis,
1700 2992 1747 3019 illa
1759 2993 1860 3019 mariti.
1930 2994 2074 3021 Imminent
2093 2995 2146 3022 duo
2159 3005 2201 3023 re-

36 3035 155 3070 imperio
167 3034 325 3064 innnensum
338 3039 471 3060 terrarum
491 3031 557 3058 Ptin.
572 3036 607 3063 18,
618 3039 641 3063 3.
713 3029 786 3066 Conf.
798 3029 866 3055 Tac.
879 3029 947 3055 Ann.
962 3036 997 3061 ις,
1010 3038 1051 3060 40,
1066 3037 1085 3054 1.
1110 3036 1143 3063 80
1153 3035 1196 3060 ges
1212 3031 1263 3052 toti
1276 3026 1350 3052 Asiae
1370 3026 1427 3052 Cic.
1440 3035 1488 3060 pro
1501 3026 1530 3052 L.
1545 3026 1639 3053 Manil.
1653 3036 1690 3054 12.
1796 3028 1887 3055 Tacit.
1903 3029 1970 3055 Ann.
1984 3032 2021 3062 16,
2036 3039 2065 3063 14
2088 3032 2189 3059 Fereba

39 3071 121 3098 Ardet
142 3070 172 3097 in
196 3070 354 3097 immensum
379 3068 519 3103 geminatis
542 3067 649 3102 ignibus
672 3066 757 3093 Aetna
794 3064 876 3091 Ouid.
895 3064 959 3090 Met.
981 3073 1001 3095 2,
1023 3072 1084 3090 220.
1153 3068 1196 3088 tur
1219 3063 1349 3089 Antaeum
1369 3067 1396 3088 et
1417 3061 1555 3088 Ostorium
1569 3062 1711 3090 imminere
1733 3063 1828 3090 rebus:
1863 3069 1889 3090 et
1902 3064 1946 3090 sua
1960 3065 2131 3100 Caesarisque
2144 3067 2199 3094 fata

38 3106 131 3133 Tacit.
146 3107 213 3133 Ann.
227 3115 254 3140 4,
268 3115 314 3139 40,
329 3115 342 3139 7
362 3105 531 3131 Nuntiauere
545 3102 646 3130 accolae
662 3101 812 3136 Euphraten
826 3100 899 3126 nulla
912 3099 1041 3126 imbrium
1056 3100 1085 3126 vi
1151 3098 1271 3124 scrutari.
1389 3097 1445 3124 Cic.
1471 3107 1520 3133 pro
1543 3099 1624 3126 Corn.
1647 3098 1719 3127 Balb.
1738 3106 1772 3133 34
1790 3108 1811 3124 c.
1832 3106 1857 3131 1,-
1883 3099 1963 3126 Duris
1976 3100 2048 3127 enim
2062 3101 2199 3135 quondam

32 3144 131 3176 -sponte
145 3146 170 3167 et
186 3142 343 3168 immensum
356 3141 453 3167 attolli.
558 3139 661 3172 Augere
671 3137 704 3164 ad
722 3137 878 3164 immensum
916 3136 976 3162 Liu.
990 3144 1032 3168 29,
1046 3143 1085 3168 25.
1151 3132 1317 3168 temporibus
1331 3132 1446 3167 Reipub.
1460 3133 1562 3161 nostrae
1577 3143 1658 3169 quum
1673 3139 1825 3168 praepotens
1840 3139 1909 3161 terra
1922 3136 2044 3170 marique
2064 3137 2198 3172 Carthago

38 3177 132 3205 Editus
145 3177 302 3203 immensum
316 3186 392 3204 mons
411 3174 513 3203 Sallust.
529 3173 649 3209 Iugurth.
664 3180 707 3208 97.
782 3173 917 3199 Pertinens
932 3172 960 3198 in
973 3172 1084 3198 immen-
1150 3169 1214 3195 nixa
1228 3169 1327 3196 duabus
1342 3169 1476 3204 Hispaniis
1490 3169 1551 3197 huic
1565 3169 1680 3204 imperio
1694 3170 1861 3202 immineret,
1880 3176 1926 3196 etc.
2034 3172 2094 3198 Liu.
2122 3192 2129 3199 .
2154 3192 2161 3199 .
2188 3193 2196 3200 .

39 3215 99 3240 sum
118 3211 218 3238 Sallust,
234 3212 354 3246 Iugum„
367 3222 389 3240 c,
404 3220 442 3246 52,
484 3210 542 3237 Vid,
556 3211 587 3237 ει,
607 3208 687 3243 Waffe
701 3215 724 3235 et
738 3209 844 3236 Gronou.
858 3208 891 3234 ad
902 3208 963 3234 Liu.
976 3216 1005 3237 25
1015 3227 1023 3240 ,
1040 3215 1084 3240 24.
1105 3212 1133 3242 85
1152 3206 1231 3231 Fama
1249 3211 1337 3232 autem
1357 3211 1413 3231 erat
1433 3204 1583 3232 defectioni
1601 3206 1795 3239 Campanorum
1808 3205 1976 3232 imminentes
1991 3205 2143 3235 admoturos
2158 3218 2198 3236 ca-

40 3248 143 3276 Viuere
156 3247 314 3274 immensum
330 3249 424 3276 Tacit.
439 3248 507 3275 Ann.
520 3255 543 3280 3,
556 3255 596 3278 3ο.
666 3244 734 3272 Add.
748 3245 820 3271 Idem
833 3243 921 3279 Angc.
935 3251 972 3274 23.
1033 3244 1085 3268 Im·
1152 3240 1210 3267 stra.
1318 3241 1426 3268 Curtius
1439 3250 1466 3274 4,
1480 3247 1494 3272 8
1507 3249 1571 3268 extr.
1595 3242 1791 3275 Immiucnsque
1804 3241 1887 3267 Dario
1896 3261 1905 3273 ,
1923 3241 1974 3268 iter
1987 3242 2018 3268 ad
2037 3243 2196 3277 Euphratem

20 3284 159 3321 <mensum
173 3288 301 3317 quantum
311 3282 374 3310 hinc
388 3285 511 3313 Oceano,
530 3282 606 3309 illinc
629 3280 734 3308 Iberico
755 3280 824 3307 mari
848 3278 1085 3313 comprimentibus
1150 3277 1320 3311 pronuntiari
1332 3276 1408 3303 iuffit.
1425 3279 1443 3303 i.
1458 3279 1564 3303 Darium
1577 3276 1722 3311 inuasurur,
1741 3279 1917 3311 impetitur-us,
1937 3277 2043 3313 aggredi
2061 3278 2194 3311 festinans.

29 3320 107 3354 2I'lin.
121 3328 150 3352 4,
163 3327 205 3344 20.
213 3318 252 3354 sc.
266 3319 400 3353 Pyrenaeos
412 3326 514 3346 montes.
607 3318 753 3348 Immenso,
773 3316 830 3344 Abl.
867 3315 932 3341 Plin.
940 3323 966 3347 9,
974 3323 1010 3347 40
1026 3314 1083 3347 Qi
1150 3312 1224 3339 Idem
1237 3320 1260 3346 ς,
1274 3322 1297 3339 ii
1306 3320 1351 3349 pr.
1372 3313 1428 3347 Ipse
1441 3321 1547 3339 currum
1560 3311 1727 3346 sequebatur,
1745 3311 1876 3338 occasioni
1889 3312 2030 3339 imminens
2043 3314 2198 3349 alloquendi

0 3373 2 3382 ,
31 3355 90 3385 <ista
102 3361 253 3381 mercantur
265 3353 401 3382 immenso.
419 3354 526 3392 fhbaud.
547 3354 646 3380 Pretio.
752 3352 883 3379 Immenso
901 3350 958 3385 plus
975 3360 980 3376 :
1017 3350 1083 3376 Plin.
1150 3357 1220 3375 eum.
1336 3347 1432 3375 Alieno
1444 3348 1601 3378 imminere,
1613 3355 1663 3382 pro
1674 3348 1797 3382 Appetere
1811 3357 1862 3374 rem
1874 3349 1979 3374 alienam
1991 3349 2059 3375 dixit
2093 3350 2151 3377 Scn.
2166 3352 2196 3378 in

0 3386 2 3393 ’
36 3389 86 3425 ξω,
101 3400 115 3425 9
136 3389 268 3416 Siluestris
288 3388 342 3415 siue
359 3391 483 3418 erraticae
504 3390 635 3417 immenso
657 3387 731 3424 plus'
750 3387 858 3415 effeetus
889 3385 975 3413 laudat
1006 3387 1083 3413 Cato.
1101 3399 1137 3424 90
1149 3384 1229 3418 Epist.
1244 3392 1266 3410 2.
1337 3384 1442 3410 Sueton.
1450 3384 1518 3417 Aug.
1533 3392 1555 3409 c.
1563 3391 1595 3417 24
1616 3384 1704 3417 Qiem
1717 3390 1821 3416 tamen,
1839 3383 1912 3418 quod
1927 3384 2068 3411 imminere
2081 3387 2197 3414 emtioni

30 3422 69 3454 ide
80 3425 194 3461 braffica,
1149 3420 1305 3454 publicanos
1318 3419 1441 3451 videbat,
1460 3418 1559 3445 liberto
1572 3419 1620 3445 suo
1633 3419 1745 3445 addixit.
1836 3419 1962 3446 Immines
1976 3426 2115 3448 annotator
2134 3431 2196 3448 con-

33 3475 36 3478 -
76 3470 86 3489 1
96 3456 229 3488 M'MENS
240 3457 352 3492 fTAs,
371 3459 427 3486 atis.
444 3461 466 3488 f.
501 3461 549 3496 [τό
562 3460 687 3497 ἄμετρον]
725 3458 851 3495 Ivfivzitas.
887 3458 943 3484 Cic.
958 3456 990 3483 de
1003 3457 1039 3484 N.
1048 3458 1081 3484 D.
1148 3457 1235 3487 viuis,
1251 3461 1301 3490 pro
1314 3454 1391 3487 Astas
1404 3461 1427 3481 et
1439 3454 1496 3481 ades
1526 3454 1593 3481 Plin.
1613 3454 1642 3480 in
1656 3455 1748 3488 Paneg.
1763 3463 1784 3480 c.
1797 3462 1842 3487 49.
1947 3455 2072 3483 Nitimur
2084 3457 2113 3483 in
2126 3458 2196 3486 veti-

26 3500 68 3530 ἴα,
83 3504 114 3530 98
126 3507 148 3523 c.
159 3506 188 3530 39
208 3494 396 3523 Immensitates
409 3504 570 3531 camporum.
643 3496 803 3523 immensitas
816 3493 987 3521 latitudinum
997 3513 1005 3526 ,
1025 3494 1082 3520 lon.
1148 3497 1204 3518 tum
1219 3493 1321 3525 semper
1333 3491 1505 3526 cupimusque
1518 3496 1611 3525 negata
1627 3501 1633 3517 ε
1667 3490 1700 3517 sic
1713 3489 1864 3517 interdictis
1878 3489 2002 3518 imminet
2021 3501 2099 3527 aeger
2118 3494 2195 3529 aquis

16 3529 192 3568 T‘'gitudinum
201 3552 209 3565 ‚
229 3530 401 3559 altitudinum
419 3531 475 3558 Cic.
489 3532 520 3559 de
533 3534 570 3560 N.
581 3534 613 3560 D.
628 3542 648 3565 1,
661 3541 696 3566 54
710 3542 731 3558 c.
745 3540 784 3558 20.
1146 3526 1228 3554 Ouid.
1246 3528 1337 3552 Amor.
1352 3536 1375 3559 3,
1388 3535 1422 3560 4,
1435 3531 1470 3556 18.

78 3576 121 3596 1M
131 3576 181 3596 ME
191 3574 233 3595 Ns
243 3574 291 3593 VR
300 3573 321 3592 A
330 3572 346 3592 Β
358 3573 368 3591 1
380 3573 415 3591 Li
424 3573 454 3598 S,
472 3575 496 3594 e.
524 3569 583 3595 Adi.
618 3569 732 3596 Saluian.
751 3567 783 3594 de
800 3565 920 3593 Auaritia
931 3572 958 3597 2,
993 3582 1000 3590 .
1036 3583 1044 3591 .
1098 3574 1131 3600 95
1184 3571 1193 3589 1
1203 3570 1227 3589 M
1237 3569 1261 3588 Μ
1272 3561 1286 3588 ἶ
1297 3570 1315 3588 Ν
1325 3569 1341 3588 E
1352 3569 1393 3588 NS
1402 3582 1410 3594 ‚
1429 3561 1505 3588 entis.
1523 3561 1617 3588 Partic.
1653 3559 1823 3595 [imfoe'wm]
1860 3561 1916 3588 Cic.
1929 3569 1978 3596 pro
1992 3563 2080 3591 Domo
2095 3573 2126 3598 14
2139 3574 2160 3592 c.
2177 3567 2195 3592 6

30 3604 101 3633 vid.
115 3604 202 3631 Cellar.
218 3604 275 3630 Cur.
292 3600 356 3634 Post.
366 3608 396 3636 p.
406 3610 458 3633 31⁰·
1147 3598 1195 3624 Sed
1210 3598 1293 3624 horno
1306 3598 1337 3623 ad
1351 3598 1456 3624 caedem
1470 3597 1625 3627 imminens,
1645 3605 1734 3623 meum
1746 3605 1843 3622 nomen
1856 3597 1943 3631 operis
1956 3598 2083 3627 ediderat.
2118 3601 2193 3627 Idem

75 3648 86 3667 Ι
95 3647 155 3666 ΜΜ
164 3647 181 3666 Ε
190 3647 212 3666 Ν
221 3647 234 3665 S
243 3646 264 3665 V
273 3645 291 3664 R
301 3644 322 3663 A
332 3643 382 3662 TV
391 3644 403 3663 s
412 3656 421 3669 ,
440 3645 470 3668 a,
494 3646 549 3666 um.
584 3639 644 3666 Adi.
678 3638 753 3666 Idem
766 3638 798 3665 de
813 3639 891 3664 Auar.
900 3645 918 3667 i,
955 3655 963 3661 .
1147 3634 1226 3660 Vcrr.
1242 3642 1262 3664 2,
1278 3642 1320 3666 ¹34
1334 3642 1355 3659 c.
1371 3642 1403 3667 54
1424 3634 1496 3660 Nam
1509 3633 1595 3668 ipsum
1609 3633 1720 3658 Verrem
1732 3637 1833 3658 tantum
1848 3633 1948 3668 semper
1960 3635 2074 3662 auaritia
2093 3635 2194 3668 hiante,

29 3680 34 3684 ⁷
75 3679 356 3702 IMMENSVRAT
367 3679 377 3698 1
392 3679 429 3699 M.
465 3671 533 3700 Adu.
567 3674 641 3702 Idem
658 3677 684 3702 6,
727 3674 785 3702 νηί,
804 3671 954 3708 Rittershus.
968 3673 995 3696 in
1010 3669 1079 3697 Salu.
1146 3675 1225 3704 atque
1244 3669 1397 3695 imminenti
1418 3670 1515 3699 fuisse3
1551 3668 1673 3702 ingenio,
1690 3673 1716 3694 et
1735 3667 1897 3702 cogitatione
1914 3669 2000 3703 nulla,
2020 3677 2048 3697 vt
2061 3671 2191 3705 quidquid

1146 3705 1192 3731 sua
1214 3706 1305 3739 sponte
1330 3704 1457 3742 faciebat,
1475 3705 1539 3731 item
1559 3710 1588 3730 vt
1608 3711 1656 3729 vos
1670 3703 1770 3730 Romae
1783 3705 1959 3738 cognouistis,
1978 3706 2080 3740 eripere
2092 3706 2192 3739 potius,

55 3732 62 3738 .
76 3722 87 3738 1
124 3731 130 3737 .
519 3732 522 3736 .

28 3717 54 3757 'P
79 3721 229 3778 1931111130,
257 3749 310 3771 are.
347 3741 474 3776 [εἷσῖημι]
510 3743 617 3771 Intrare.
652 3745 718 3772 Plin.
731 3751 792 3778 8,2;
815 3746 907 3779 Itaque
921 3747 946 3769 et
960 3740 1080 3776 delphini
1091 3754 1138 3772 100
1147 3749 1226 3774 quam
1246 3740 1338 3767 fallere
1361 3741 1508 3767 videretur.
1625 3738 1739 3774 Suspicor
1757 3742 1831 3765 etiam
1850 3740 1883 3766 de
1903 3741 1949 3767 Ar.
1969 3741 2043 3775 Resp.
2063 3749 2094 3773 59
2114 3749 2136 3766 c.
2154 3748 2191 3774 27

38 3782 194 3810 immeantes
209 3781 294 3813 Nilo,
310 3788 425 3814 quorum
441 3777 563 3810 dorsum,
585 3785 722 3814 tanquam,
741 3789 787 3807 etc.
1131 3777 1193 3812 Ἰθς.
1217 3777 1269 3802 Aut
1279 3780 1336 3802 'tam
1349 3775 1550 3802 imminentibus
1563 3773 1671 3800 canibus
1683 3774 1795 3807 Scyllam
1805 3783 1855 3811 pro
1868 3776 2051 3803 eminentibus.
2137 3775 2190 3801 Ge-

77 3825 86 3844 1
98 3825 123 3844 Μ
132 3824 182 3844 ME
191 3824 242 3843 AN
251 3824 264 3843 S
274 3837 282 3849 ,
303 3815 378 3841 antis.
400 3814 495 3840 Partic.
531 3813 598 3840 Plin-
612 3823 642 3846 u,
654 3823 684 3848 39
710 3817 780 3844 Setas
791 3818 867 3844 suum
880 3814 983 3842 obstare
995 3812 1080 3840 tenui·
1145 3810 1197 3837 stus
1217 3811 1272 3837 Cic.
1287 3811 1319 3837 de
1332 3813 1405 3838 Orat.
1421 3821 1442 3842 2,
1457 3818 1512 3842 225.
1619 3809 1721 3837 Imbres
1746 3811 1814 3838 Hor.
1828 3813 1915 3839 Carni.
1929 3821 1952 3844 3,
1964 3819 2007 3845 27,
2020 3818 2057 3836 10.
2128 3810 2189 3844 Epi-

35 3853 85 3880 tati
98 3853 249 3880 immeantis
262 3852 377 3887 spiritus.
673 3863 676 3866 ·
1022 3855 1024 3859 ’
1143 3846 1243 3880 phorac
1257 3847 1425 3874 imminentes
1443 3845 1563 3872 Scribon.
1575 3848 1637 3872 206.

75 3896 85 3914 1
95 3896 119 3914 M
128 3896 151 3914 M
162 3886 206 3915 ιὲιι
216 3896 232 3914 E
241 3895 262 3914 N
274 3895 297 3919 s,
314 3887 390 3913 entis.
412 3894 433 3911 c.
454 3882 587 3918 [οἷνοὲξιος]
611 3885 663 3919 Qci
679 3893 727 3911 non
742 3891 841 3915 meruit.
877 3886 996 3920 PlinAEp.
1010 3893 1022 3917 3
1031 3903 1038 3915 ,
1060 3892 1075 3916 9
1181 3890 1191 3909 1
1200 3889 1224 3908 Μ
1234 3889 1307 3908 MiN
1316 3890 1332 3909 E
1341 3890 1363 3909 N
1374 3889 1395 3908 T
1404 3889 1443 3908 1A
1452 3901 1461 3914 ,
1478 3889 1517 3908 ac.
1536 3881 1558 3908 f.
1593 3881 1721 3912 Instantia
1735 3887 1815 3918 atque
1829 3879 1998 3910 Imminentia
2010 3878 2111 3907 fraudis
2134 3879 2186 3906 Ni-

37 3923 250 3952 Honestiffimum
262 3921 365 3950 credidi
376 3930 430 3948 non
441 3928 561 3957 premere
573 3920 764 3948 immerentem.
832 3924 901 3951 Hor.
913 3923 1002 3950 Carm.
1011 3929 1034 3953 2,
1044 3928 1128 3956 13,10;
1141 3917 1196 3954 gid-
1208 3924 1249 3954 ap.
1262 3917 1330 3945 Gell.
1343 3927 1367 3952 9,
1386 3926 1422 3945 12.
1451 3954 1467 3980 ⁶
1485 3951 1499 3979 Ι

28 3964 30 3968 ’
195 3965 214 3986 v
222 3966 242 3988 o
251 3966 278 3987 1..
314 3959 351 3987 11.
2092 3955 2181 3977 imn-
