2479 4225
42 58 57 71 0.

34 78 57 97 ‘A

34 151 145 238 f'io29
458 178 474 218 1
556 179 602 220 N
655 180 695 220 A
1540 177 1559 219 l
1648 178 1693 220 N
1780 183 1821 223 A
2117 196 2209 234 1030

93 272 104 292 1
114 271 185 298 NA,
202 275 241 294 ae.
260 268 280 294 f.
317 265 374 302 [a]
412 267 479 294 Idem
492 267 546 302 fere
575 267 623 295 uod
633 277 713 300 vena,
732 277 748 294 a
760 277 805 304 quo
812 267 866 304 fiala
873 266 947 304 forte
959 265 1056 302 spiritu
1074 271 1098 292 re
1162 269 1243 307 aliquo
1260 269 1310 295 loco
1324 267 1379 294 aedi
1399 276 1464 294 care.
1515 267 1577 297 Liu.
1590 276 1638 302 44,
1651 275 1686 302 45
1710 266 1768 294 Nec
1781 269 1880 297 clausae
1893 271 1974 300 modo
1987 278 2077 307 portae
2088 293 2096 305 ‚
2113 273 2156 300 sed
2169 278 2207 301 et·

30 323 31 326 ,
51 304 255 339 pronuntiatione
266 302 366 337 differt.
439 303 540 335 Festus,
574 304 608 330 lia
629 303 700 330 dieta
718 305 751 330 ab
763 306 822 335 ina,
841 311 907 338 quae
921 310 978 336 pars
993 301 1097 327 chartae
1164 311 1215 329 iam
1231 303 1408 330 inaedificatae
1423 308 1505 330 erant.
1612 304 1685 330 Caes.
1699 303 1727 330 B.
1743 304 1773 330 C.
1788 312 1807 334 1,
1819 313 1849 339 27
1872 307 1960 334 Portas
1975 309 2106 341 obstruit,
2123 310 2206 340 viem,

58 337 94 364 est
106 337 257 364 tenuiffima.
314 337 384 363 Vnde
395 341 469 364 etiam
480 348 537 366 vace
550 346 660 366 EXILES
671 339 796 375 Irgvmdum
810 340 877 366 vidit
889 338 1013 373 Scaliger,
1035 337 1097 362 Exi·
1164 339 1312 373 plateasque
1326 338 1489 371 inaedificat,
1508 339 1584 366 fossas
1597 340 1756 366 transuersas
1770 339 1822 365 viis
1840 341 1966 373 perducit.
2044 344 2115 371 Idem
2131 346 2158 370 B.
2173 346 2204 371 C.

59 370 96 399 l'es
132 387 177 393 -—
212 382 227 399 a
251 372 396 399 subtilitate
415 374 533 404 inarum,
553 383 616 408 quas
653 375 748 401 Graeci
783 375 812 401 in
849 373 944 400 chartis
985 372 1023 398 ita
1054 381 1096 406 ap—
1165 383 1190 406 2,
1206 377 1233 400 16
1256 373 1423 400 Inaedisicata
1438 374 1465 400 in
1481 375 1563 401 muris
1577 375 1610 402 ab
1630 375 1747 401 exercitu
1766 375 1881 401 moenia.
1984 379 2084 405 Patiens
2096 380 2206 412 laboris,

58 407 157 444 pellant
170 418 178 438 3
207 414 258 443 pro
271 417 407 435 venarum.
443 410 572 445 Qudquid
582 409 620 443 stt
638 410 666 436 de
678 411 839 446 etymologia,
851 409 896 436 hoc
908 414 1005 441 innuet,
1025 407 1096 433 inam
1121 410 1136 437 5
1164 416 1394 444 quantumcunque
1408 410 1543 443 imponere
1559 411 1600 436 illi
1613 410 1756 437 auunculus
1769 416 1811 443 et,
1828 418 1858 437 vt
1872 411 1909 437 ita
1921 411 2020 445 dicam,
2039 415 2206 442 inaedificare

60 441 102 476 effi‘
114 449 207 469 tenuem
220 446 246 469 in
260 444 349 470 charta
361 453 373 469 e
382 451 480 480 papyro
493 448 625 481 Aegyptia
634 445 775 480 fibi-illam,
789 445 816 471 de
829 453 877 480 qua
890 443 1030 475 Plin.13,12
1044 444 1061 469 s.
1071 453 1097 472 ες
1164 445 1301 477 voluisti-t,
1319 445 1418 471 laturus
1438 445 1497 471 Sen.
1511 446 1542 471 ad
1555 447 1682 472 Marciam
1697 455 1718 473 c.
1732 454 1757 472 2..
1862 446 1992 473 Columcl.
2008 453 2031 478 (1,
2045 457 2082 482 37,
2097 459 2124 476 10
2143 451 2204 477 Duo

60 477 273 518 Deprehenditur
286 486 312 506 et
326 480 426 515 lentigo
439 481 541 512 oculis,
560 480 603 507 sed
616 480 818 507 insertasnicdiis
838 478 1036 513 glutinamentis
1054 480 1098 506 ina
1164 482 1275 514 parietes
1291 480 1400 506 aduerso
1412 480 1513 506 cliuulo
1528 481 1696 508 inaedificati.
1770 481 1893 509 Scaeuola
1906 482 1935 508 in
1948 482 1964 508 l.
1980 482 2026 508 vlt.
2041 484 2071 509 I).
2086 484 2119 511 de
2132 486 2204 520 pign.

24 534 29 539 .
60 522 76 539 e
88 522 169 540 iunco
182 514 274 548 papyri
288 515 396 548 bibulo,
416 516 461 542 vix
477 516 524 542 nisi
537 516 613 543 litera
626 515 751 542 fundente
764 516 797 541 sc.
867 513 908 541 SIc
926 520 1008 549 nempe
1023 516 1100 550 legen·
1163 516 1265 542 δι’-11011.
1284 517 1375 548 Quum
1387 524 1447 542 cnm
1463 515 1550 541 locum
1563 516 1730 543 inaedificare
1743 517 1831 543 vellet.
1934 516 2102 545 Inaediflcata
2120 528 2144 546 et
2157 523 2205 547 im-

59 548 242 583 amputamus
253 559 307 576 cum
319 550 434 583 Salmasio
443 551 477 578 ad
489 552 587 587 Vopisci
603 552 710 578 Firmum
722 560 743 577 c.
753 557 800 585 312.
808 556 855 584 708
873 549 953 575 Hack.
963 557 1011 585 pro
1025 552 1098 586 vulg.
1164 551 1263 577 molata
1277 551 1397 577 aedificia
1418 551 1477 577 Liu.
1490 559 1530 583 39,
1542 560 1588 584 44.
1659 554 1708 578 Pro
1742 554 1821 580 Simu!
1851 551 1906 579 aedi
1925 562 1980 579 care
2012 560 2036 579 et
2061 554 2205 587 cmzftrnere.

48 584 149 611 *taenia
162 584 244 619 fungo
256 586 348 620 papyri
362 586 466 614 bibula.
536 586 655 613 Marcell.
669 586 766 620 Empir.
782 593 838 617 c.31
857 584 897 611 Ad
910 584 996 611 vlcera
1010 586 1036 610 in
1050 594 1100 612 ano
1120 591 1149 610 10
1164 586 1230 612 Plin.
1247 589 1284 618 io,
1297 595 1310 618 3
1345 586 1532 613 Inaedificatur
1546 586 1610 613 nido
1625 586 1690 622 lapis
1705 588 1813 620 aetites,
1833 597 1913 622 quem
1931 588 2016 622 aliqui
2029 588 2120 615 dixere
2133 599 2206 625 gaga-

56 619 129 646 ‹fae'ia
143 619 245 647 chartae
258 622 425 654 combustae,
444 623 488 648 seu
503 622 607 649 inarum
620 622 676 648 eius
689 620 784 647 Drach.
802 629 821 646 1.
892 621 961 646 Hinc
980 621 1044 648 Scal.
1064 628 1099 647 et·
1164 628 1225 648 tem.
1243 622 1267 648 h.
1285 631 1305 648 e.
1324 623 1355 648 In
1368 622 1427 648 nido
1440 621 1595 656 aedificatur.
1683 623 1727 649 Aa
1738 624 1805 650 iliam
1813 627 1922 658 primam
1932 623 2070 658 obstruendi
2076 624 2206 660 significa-

60 657 111 681 u‘am
126 656 192 689 apud
203 657 349 684 Varronem
364 658 395 684 R.
409 658 440 684 R.
455 667 478 690 3,
491 666 517 691 9,
532 667 552 684 11
572 667 601 684 cx
615 655 728 692 vestigiis
741 657 816 683 MSS.
825 656 899 692 legit,
919 656 974 688 Qii
987 654 1055 689 (aun
1068 666 1101 682 an
1163 661 1253 684 tionem
1261 661 1381 692 pertinet.
1417 657 1471 684 Cic.
1486 657 1517 683 de
1529 658 1622 692 Arusp.
1635 657 1709 693 Resp.
1724 667 1750 690 32
1763 667 1784 684 c.
1801 666 1826 691 15
1848 660 1868 685 A
1882 660 1962 686 Sexto
1977 660 2087 687 Serrano
2101 660 2207 687 12111611(-

79 689 192 724 lenafine
205 699 233 717 υι
247 693 411 729 intelligant)
428 694 593 725 concutiant,
613 701 714 723 errare,
732 692 804 726 quod
817 692 872 718 inas
883 690 977 717 vitales
990 693 1100 718 cousun-
1164 693 1226 719 suna
1240 693 1330 718 sacella
1350 691 1467 724 suffossa,
1484 692 1603 724 incensa,
1622 693 1804 726 inaedificata,
1820 695 1952 730 oppressa,
1973 696 2073 724 summa
2091 696 2206 731 denique

30 749 37 754 .
56 697 121 752 {ant
129 734 178 761 pro
196 728 268 764 Vulg.
304 728 357 755 uod
376 728 405 754 in
423 729 462 755 eis
474 729 567 756 vitales
579 737 656 754 venas
670 728 839 754 confundant.
1163 728 1328 763 turpitudine
1341 728 1389 753 esse
1403 728 1507 754 foedata
1525 729 1671 754 nescimus?

97 768 192 788 INEA
202 781 208 792 ‚
227 771 266 789 ae.
281 738 301 789 sq.
336 764 376 791 Ab
391 765 453 797 Ina,
471 773 541 800 quam
555 763 622 790 modo
635 763 828 794 acclamamus,
848 762 946 788 dee-inat
958 761 1003 788 hoc
1014 772 1100 788 nomin
1120 766 1147 793 15
1200 772 1209 790 1
1220 771 1241 789 N
1252 770 1274 790 A
1284 770 1299 789 Β
1308 769 1326 789 D
1336 768 1371 789 152
1382 769 1389 787 1
1399 770 1415 790 C
1424 770 1445 790 A
1454 770 1475 789 Τ
1484 771 1493 789 1
1502 770 1534 794 0,
1554 764 1623 790 onis.
1661 764 1680 790 f.
1734 764 1816 791 Plaut.
1831 764 1890 790 Mil.
1905 773 1928 798 2,
1941 773 1969 798 2,
1984 773 2012 799 55
2041 766 2104 793 Ecce
2117 772 2206 794 autem

59 796 163 833 Salmas.
177 797 212 823 ad
222 799 299 825 Sosin.
307 805 337 834 p.
351 807 407 834 275⁷,
420 800 462 826 bC.
497 807 522 825 et
539 802 722 834 interpretatur
734 798 844 834 J‘ullom‘s
866 795 1052 829 insin-ismeniam
1071 800 1101 824 11-
1163 798 1283 825 aedificat
1297 809 1303 824 ι
1336 798 1485 824 columnam
1500 806 1591 825 mento
1602 795 1777 826 snffiilfit'suo.
1813 800 1901 835 Apage
1915 811 1920 826 :
1955 810 2009 827 non
2023 802 2106 836 placet
2118 803 2208 838 profe-

59 831 105 859 lud
109 832 196 867 spinis
209 834 358 869 construam,
377 836 423 869 (ut
443 834 514 862 hodie
529 835 589 869 scre
611 834 728 866 carduis,
747 842 890 869 quamquam
916 836 988 859 etiam
1001 834 1100 868 ferreis
1164 835 1208 861 &o
1222 834 1291 861 mihi
1305 833 1350 859 illa
1364 833 1550 860 inaedificatio.

59 869 187 894 vncmulis
207 868 294 905 densas
316 871 413 897 tabulas
433 870 544 904 habent)
564 879 608 905 quo
632 870 691 896 inae
712 874 739 896 1⁷⁷2
763 867 868 902 mstibm
881 869 1053 904 erigebantur,
1072 875 1102 895 vt
1199 870 1464 907 INAEQVAMS,
1485 879 1506 895 e.
1527 869 1586 896 Adi.
1620 867 1734 903 [aimon
1753 869 1894 905 ἀνώμαλος]
1931 873 1988 898 Non
2000 874 2117 908 aequalis.
2152 873 2206 900 Au-

52 909 122 965 {exa
135 903 249 931 mollities
262 909 289 931 in
300 904 341 931 his
348 905 472 941 fiir-geret.
510 906 588 931 lucae
599 914 690 941 quoque
696 905 814 940 ferreae,
831 904 918 939 quibus
932 906 1008 930 linum
1016 902 1100 939 peflc-
1162 905 1247 931 tumui
1261 905 1413 938 inaequales
1449 904 1529 932 Ouid.
1544 906 1606 933 Met.
1621 915 1641 938 1,
1654 913 1702 940 ¹¹7·
1728 909 1786 941 quia
1797 909 1941 932 Autumnus
1953 908 2021 934 modo
2027 908 2148 944 frigidus
2161 907 2207 943 gli,

74 945 146 971 atur,
165 946 236 975 atquc
249 943 276 966 in
289 943 380 967 multas
393 942 469 967 veluti
482 947 564 968 tenues
576 944 632 967 inas
649 940 878 976 discriminabatur.
950 940 1046 965 Fundus
1065 938 1097 972 ‹st
1114 942 1148 961 20
1161 940 1230 967 modo
1243 939 1340 967 calidus
1358 950 1365 965 :
1399 940 1453 966 idco
1466 941 1598 976 morbosus.
1668 942 1734 967 Loci
1757 941 1847 968 Tacit.
1860 943 1947 976 Agric.
1962 946 2001 975 36.
2090 945 2207 971 Martial.

59 974 125 1002 Plin.
139 982 183 1009 27,
197 983 226 1002 10
249 976 465 1010 Hippophaeston
478 976 593 1002 nascitur
605 976 634 1002 in
649 976 747 1011 spinis,
766 984 798 1002 ex
812 974 911 1009 quibus
925 974 991 1001 fiunt
1003 984 1098 1001 aeneae
1165 985 1184 1007 1,
1200 981 1230 1008 56
1250 975 1357 1009 Pinguis
1371 975 1520 1011 inaequales
1533 981 1626 1002 onerat
1640 976 1682 1002 cui
1696 976 1788 1003 viuica
1801 979 1909 1004 mensas.
2014 980 2052 1005 De
2067 981 2114 1006 tali
2126 981 2208 1015 mensa

59 1009 197 1036 fulloniae.
270 1012 390 1044 Aeneae,
409 1019 489 1038 ortum
518 1018 592 1047 putat
620 1021 648 1038 ex
679 1020 773 1043 eneae,
793 1011 838 1037 hoc
867 1017 947 1036 autem
967 1019 995 1036 ex
1014 1011 1097 1037 ineae.
1163 1011 1246 1038 Ouid.
1269 1012 1334 1038 Met.
1354 1017 1376 1040 8,
1395 1014 1440 1038 661
1475 1012 1579 1038 Mensae
1594 1010 1636 1037 sed
1649 1017 1704 1038 erat
1716 1021 1759 1047 pes
1774 1012 1867 1038 tertius
1881 1013 1985 1047 impar:
2021 1015 2102 1041 Testa
2114 1024 2207 1051 parem

58 1046 93 1073 Et
104 1055 160 1080 ¹9²¹
176 1045 219 1072 vbi
230 1045 259 1071 de
272 1048 321 1072 lini
332 1047 447 1078 medulla,
467 1048 499 1073 Et
512 1048 566 1082 ipsa
579 1053 665 1073 tamen
680 1047 795 1081 pcoitur
809 1046 904 1072 ferreis
918 1045 1008 1076 hamis,
1016 1046 1099 1072 donec
1163 1047 1236 1073 feeit.
1307 1046 1433 1077 Tonsor,
1451 1048 1503 1082 ‚Qci
1518 1048 1681 1081 inaequaliter
1692 1047 1779 1072 tondet
1799 1048 1866 1073 Hor.
1881 1049 1959 1082 Epist.
1974 1057 1994 1080 1,
2011 1058 2030 1081 1,
2044 1058 2088 1083 94.
2140 1052 2207 1077 Com.

55 1081 144 1107 omnis
157 1081 311 1108 membrana
330 1081 508 1109 decorticetur
522 1093 528 1109 :
558 1089 605 1119 pro
620 1083 705 1109 hamis
717 1081 758 1116 effi
771 1084 809 1108 ait
820 1084 847 1108 in
860 1082 933 1108 MSS.
947 1082 1098 1114 acius,vnde
1156 1089 1217 1117 par.
1254 1081 1321 1107 Plin.
1336 1082 1414 1117 Epist.
1429 1091 1451 1114 9,
1466 1091 1477 1114 5
1494 1081 1572 1108 Nihil
1588 1082 1623 1107 est
1638 1081 1692 1117 ipsa
1707 1082 1863 1116 aequalitate
1877 1082 2049 1118 inaequalius.
2111 1087 2205 1122 Superl.

48 1115 208 1152 sacieineis.
1112 1116 1144 1142 23
1162 1118 1231 1143 Suet.
1243 1118 1381 1152 Aug.c.75
1400 1117 1668 1153 Inaequalillimarum
1681 1125 1771 1144 rerum
1784 1118 1873 1143 sortes.

95 1158 104 1176 1
113 1158 136 1177 N
145 1158 166 1177 A
175 1158 191 1178 Β
201 1159 219 1178 R
230 1157 249 1176 V
262 1159 277 1178 P
285 1159 306 1179 Τ
316 1159 335 1178 v
345 1159 358 1180 s
368 1173 377 1186 ,
397 1162 411 1180 a
419 1173 428 1186 ‚
449 1162 502 1181 um.
528 1152 590 1181 Adi.
626 1151 767 1188 [οἷρῤαγῆς]
804 1152 878 1187 Qiod
908 1152 1018 1188 abrumpi
1049 1162 1098 1178 non
1199 1161 1208 1179 1
1218 1160 1239 1179 N
1250 1160 1269 1179 Α
1280 1160 1296 1179 E
1305 1160 1353 1192 qv
1365 1159 1385 1179 Ο
1395 1173 1404 1185 ,
1423 1157 1474 1179 are.
1511 1152 1632 1187 [οἱνισόω]
1669 1153 1844 1187 Complanare,
1863 1152 2008 1189 adaequare.
2044 1155 2117 1183 Caes.
2132 1157 2160 1182 B.
2175 1157 2205 1184 C.

49 1183 141 1248 potest.
198 1188 259 1213 Stat.
274 1186 338 1214 Silu.
353 1196 375 1222 ς,
385 1198 404 1222 1,
412 1198 450 1223 44
486 1189 542 1215 Nec
561 1188 670 1220 mirum,
683 1187 701 1214 si
717 1196 764 1215 vos
776 1188 874 1215 collato
889 1187 995 1223 pe&ore
1007 1188 1098 1214 mistos
1163 1197 1185 1220 1,
1197 1196 1228 1223 27
1248 1189 1332 1215 Foffas
1355 1189 1513 1215 transuersas
1535 1188 1588 1217 viis
1609 1187 1746 1223 perducit,
1763 1195 1842 1223 atquc
1866 1188 1906 1214 ibi
1933 1189 2024 1222 sudes,
2052 1190 2207 1225 stipitesque

71 1220 146 1248 unxit
159 1220 298 1257 inabrupta
311 1225 461 1251 Concordia
471 1224 549 1258 longa
563 1228 661 1250 catena.
1152 1230 1316 1258 praeacutos
1331 1223 1430 1258 defigit.
1481 1225 1551 1250 Haec
1564 1223 1669 1249 leuibus
1680 1223 1797 1250 cratibus
1811 1230 1933 1258 terraque
1946 1225 2080 1260 inaequat.
2159 1227 2208 1255 Sed

91 1263 102 1282 1
112 1264 133 1283 N
143 1263 164 1284 A
174 1264 190 1284 Β
199 1265 212 1284 s
222 1264 239 1285 C
252 1265 271 1285 O
280 1264 330 1286 N‘D
341 1267 349 1285 1
359 1266 375 1287 Β
385 1267 394 1285 1
403 1267 419 1286 L
429 1268 438 1286 1
447 1267 476 1292 s,
494 1268 517 1286 e.
538 1257 598 1285 Adi.
633 1257 763 1293 ἔκρυπτον,
782 1258 992 1286 inabscondibile
1001 1259 1080 1286 Gloss.
1163 1260 1238 1292 Onus
1251 1259 1419 1293 inaequatum
1436 1259 1533 1286 Tibul.
1547 1268 1574 1292 4,
1589 1268 1608 1291 1,
1621 1268 1662 1292 43.
1683 1262 1702 1286 i.
1722 1260 1865 1294 Inaequale,
1884 1269 1931 1286 non
1945 1268 2080 1295 aequatum.

90 1299 100 1318 1
110 1299 162 1318 NA
175 1299 190 1318 Β
202 1300 215 1320 s
225 1299 242 1320 c
255 1300 275 1320 o
284 1301 328 1321 Ns
337 1302 357 1321 v
366 1303 395 1327 s,
409 1303 439 1325 a,
459 1303 512 1320 um.
531 1293 592 1320 Adi.
629 1295 739 1329 Inter-pr.
754 1295 823 1321 Iren.
836 1303 855 1321 1.
1113 1297 1146 1321 30
1200 1303 1210 1321 1
1220 1302 1270 1322 NA
1279 1301 1295 1321 E
1305 1301 1354 1329 QV
1364 1302 1385 1321 A
1395 1301 1411 1320 L
1422 1293 1434 1320 1⁰
1445 1301 1467 1321 Τ
1476 1302 1518 1321 As
1528 1314 1536 1327 ,
1555 1295 1613 1321 atis.
1644 1295 1664 1321 f.
1700 1295 1844 1328 [inoffi-m,
1863 1294 2047 1330 οἰνωμαλώτης]
2081 1297 2207 1333 Inaequa-

91 1333 133 1354 1N
142 1335 186 1355 AB
195 1336 208 1356 s
217 1335 262 1356 0L
272 1337 292 1355 v
302 1337 323 1357 T
332 1337 352 1357 v
361 1336 392 1363 S,
410 1339 440 1363 a—,
453 1339 515 1357 11111.
534 1329 595 1356 Adi.
631 1330 713 1357 Initia
725 1339 815 1357 rerum
829 1331 880 1357 esse.
890 1331 940 1357 tria
955 1329 1099 1357 arbitraba·
1161 1330 1221 1357 litas
1235 1331 1264 1357 in
1277 1331 1373 1357 vestitu
1386 1330 1548 1363 dominatur,
1563 1330 1590 1355 in
1607 1331 1727 1357 sermone
1743 1339 1850 1365 quoque
1875 1331 1960 1357 Varro
1980 1332 2010 1357 L.
2023 1332 2053 1358 L.
2063 1339 2087 1366 7,
2096 1340 2117 1364 13
2132 1341 2156 1359 et
2170 1341 2204 1366 15.

18 1367 31 1386 ¹>-
55 1366 100 1390 mr
121 1364 210 1397 Plato,
229 1364 323 1397 deum,
344 1372 370 1392 et
392 1365 546 1398 materiam,
566 1373 711 1400 rerumque
733 1366 848 1398 formas,
867 1376 930 1401 quas
951 1364 1012 1392 ἰδέας
1025 1366 1099 1392 idem
1163 1365 1323 1401 Chrysippus
1336 1366 1367 1392 de
1381 1365 1567 1400 inaequalitate
1581 1365 1673 1392 scribit
1686 1366 1819 1392 sermones
1834 1365 1871 1391 Id.
1886 1365 1923 1392 ib.
1938 1372 1961 1399 8,
1976 1375 1994 1392 1.
2073 1368 2206 1396 Columel.

33 1403 36 1411 “
51 1405 148 1435 ινοαὶιτ,
167 1400 342 1432 inabsolutas,
361 1401 508 1434 informes,
525 1401 599 1427 nulla
612 1402 712 1436 specie,
733 1410 780 1428 nec
794 1402 930 1437 qualitatis
949 1401 1098 1436 significati·
1162 1410 1185 1434 3,
1201 1410 1225 1428 12
1244 1403 1318 1437 Opus
1333 1402 1368 1427 est
1383 1402 1453 1428 inter
1465 1401 1510 1427 has
1523 1401 1723 1436 inaequalitates
1737 1410 1832 1435 magno
1844 1407 2062 1437 temperamento.

52 1442 105 1460 one
120 1434 253 1461 distinctas
273 1437 351 1470 Apul.
365 1436 396 1462 de
409 1436 501 1463 DoCtr.
515 1437 578 1462 Plat.
598 1436 674 1472 :post
682 1444 727 1472 pr.
1100 1455 1102 1458 .
1199 1444 1208 1463 1
1221 1444 1243 1463 N
1255 1444 1276 1463 A
1286 1443 1303 1462 E
1313 1443 1362 1475 QV
1372 1443 1392 1463 A
1404 1443 1419 1462 L
1429 1434 1441 1463 f
1450 1444 1471 1463 T
1481 1444 1497 1463 E
1508 1443 1535 1463 R.
1564 1437 1632 1463 Adu.
1669 1436 1787 1470 [οἷνίσως]
1824 1437 1954 1464 Columel.
1969 1437 1999 1463 de
2014 1437 2141 1464 Arborib.
2156 1448 2177 1465 c.
2193 1448 2207 1473 7

92 1476 131 1495 IN
141 1477 161 1497 A
173 1476 190 1497 C
203 1476 219 1497 C
230 1476 246 1497 E
257 1477 298 1498 Ns
308 1478 327 1498 v
337 1479 350 1498 S
360 1491 367 1503 ‚
386 1480 417 1504 a,
436 1481 490 1498 um.
517 1472 577 1498 Adi.
615 1472 742 1499 inaccensi
758 1472 868 1507 flagrant
881 1472 1007 1501 altaribus
1026 1473 1099 1507 ignes
1116 1476 1145 1502 35
1163 1473 1194 1498 Et
1207 1472 1301 1499 eodem
1313 1474 1387 1499 ferro
1402 1479 1479 1499 acuto
1494 1472 1596 1508 plagam
1608 1472 1743 1504 emendes,
1760 1472 1842 1499 ficnbi
1856 1473 2029 1507 inaequaliter
2049 1473 2114 1500 findi
2134 1474 2208 1502 vide-

16 1511 42 1546 ,μ’
52 1504 99 1531 Sil.
115 1514 134 1536 1,
148 1507 191 1538 96.
209 1505 261 1532 vid.
275 1507 402 1533 Drakenb.
489 1507 579 1534 Pce‘uis
592 1508 757 1534 inaccensum
771 1509 869 1536 Veneri
895 1509 988 1536 Claud.
1003 1508 1035 1535 de
1050 1509 1099 1535 Ra·
1162 1508 1244 1535 bitur.
1316 1507 1376 1535 Liu.
1390 1513 1430 1538 28,
1443 1517 1476 1534 20
1484 1516 1528 1543 pr.
1548 1508 1646 1534 Clauos
1659 1508 1745 1534 secum
1758 1509 1858 1535 ferreos
1869 1514 2018 1544 portantes,
2034 1518 2085 1544 qua
2104 1518 2151 1544 pcr
2166 1511 2206 1536 in-

51 1546 98 1575 ptu
112 1541 183 1568 Pros.
197 1549 217 1573 1,
230 1550 285 1574 225.
305 1549 436 1578 vtrmnqne
452 1541 486 1576 cst
505 1552 534 1568 ex
552 1542 706 1576 restitutione
721 1543 808 1606 Hssgfi
1161 1543 1308 1578 aequaliter
1318 1543 1462 1570 eminentia
1475 1544 1548 1578 rupis
1562 1550 1697 1578 poterant,
1718 1544 1852 1570 scandunt.
1937 1543 2009 1570 Idem
2023 1552 2064 1578 37,
2078 1554 2104 1578 53
2133 1547 2208 1572 Inae-

91 1581 133 1603 1N
144 1583 167 1603 A
180 1582 198 1603 C
209 1584 226 1604 C
236 1584 252 1604 E
261 1585 273 1604 s
282 1585 294 1605 S
304 1586 313 1604 1
322 1584 339 1605 Β
349 1585 357 1604 1
369 1583 384 1603 L
396 1586 403 1602 1
414 1586 426 1604 s
435 1599 444 1610 ,
460 1587 483 1604 e.
510 1577 571 1604 Adi.
610 1579 713 1613 Vulgat.
728 1588 738 1605 1
782 1589 828 1606 im.
843 1581 869 1612 6,
884 1582 920 1607 16.
976 1579 1096 1607 Tertull.
1161 1579 1276 1614 qualiter
1291 1579 1355 1605 alios
1369 1578 1533 1614 deprimere,
1552 1579 1618 1605 alios
1631 1579 1767 1606 extollere.
1845 1579 1908 1616 Vsus
1921 1579 1954 1613 ςίὶ
1966 1579 2033 1606 Cels.
2042 1589 2074 1612 a,
2087 1583 2112 1607 6.
2146 1581 2207 1608 Sen.

49 1610 112 1638 adu.
125 1612 199 1638 Prax.
214 1621 236 1638 c.
251 1620 286 1645 15.
353 1612 494 1648 ’Λτρόσιτσς
511 1613 590 1641 Gloff.
604 1615 649 1641 Gr.
665 1616 721 1641 Lat.
1161 1615 1241 1650 Epist.
1256 1620 1292 1644 28.
1364 1614 1454 1641 Tacit.
1470 1616 1538 1642 Anu.
1551 1623 1573 1647 2,
1585 1617 1622 1642 16.

46 1656 54 1663 ι’
90 1655 100 1673 1
109 1654 131 1673 Ν
139 1654 163 1673 A
173 1654 189 1674 c
198 1653 240 1674 GE
250 1655 263 1674 s
273 1656 285 1674 s
295 1654 315 1673 v
324 1655 337 1675 s
345 1668 354 1680 ,
374 1657 402 1679 a,
421 1658 475 1677 um.
508 1649 569 1676 Adi.
607 1650 770 1684 [οἱπρόωτος]
806 1649 851 1678 Ad
862 1658 929 1685 quem
943 1659 992 1676 non
1004 1649 1097 1677 accedi·
1106 1658 1144 1683 40
1203 1658 1213 1676 1
1223 1657 1245 1677 N
1255 1658 1275 1677 A
1285 1657 1301 1676 E
1310 1656 1360 1689 Qv
1369 1658 1390 1676 A
1400 1657 1415 1677 Β
1425 1649 1438 1677 i
1446 1658 1462 1677 L
1472 1658 1481 1677 1
1490 1658 1503 1677 s
1511 1670 1519 1681 ‚
1537 1659 1561 1676 e.
1600 1648 1661 1677 Adi.
1697 1651 1711 1683 [
1718 1649 1862 1683 ἀνώμαλος]
1899 1649 1967 1676 Idem
1981 1649 2045 1685 quod
2057 1651 2207 1685 Inaequalis.

50 1689 112 1714 tur,
134 1683 175 1709 vel
186 1683 269 1709 accedi
280 1693 328 1710 non
336 1681 426 1719 potest.
482 1684 549 1711 Plin.
566 1694 602 1717 10,
617 1694 644 1712 12
664 1686 771 1712 Deserta
785 1685 880 1712 incolit
894 1697 899 1712 :
934 1694 982 1712 nec
995 1692 1098 1712 tantum
1162 1686 1340 1720 Inaequabilis
1354 1686 1427 1712 locus
1442 1686 1583 1721 campester
1601 1687 1687 1711 Varro
1700 1685 1731 1710 de
1747 1685 1778 1710 R.
1793 1686 1824 1710 R.
1838 1693 1858 1715 1,
1872 1686 1897 1709 6.
1987 1686 2117 1710 Percussus
2131 1694 2208 1712 vena.

52 1717 183 1750 desolata,
202 1718 245 1744 sed
260 1719 317 1745 dira
331 1719 411 1746 etiam
424 1726 450 1746 et
463 1720 594 1747 inaccessa.
668 1721 712 1748 Sil.
728 1730 748 1751 ς,
764 1725 805 1754 516
831 1721 943 1755 Rumpit
962 1721 1100 1748 inaccessos
1163 1730 1225 1748 rum
1238 1721 1414 1754 inaequabilis
1424 1741 1432 1753 ,
1452 1721 1504 1747 oid.
1526 1725 1703 1746 PERCvTro.
1774 1720 1865 1745 Solum
1886 1719 1947 1744 Liu.
1960 1726 1998 1752 35,
2008 1724 2043 1749 28.
2116 1720 2208 1748 Varie.

15 1766 35 1807 Φ
51 1751 154 1785 aditus,
174 1760 251 1788 atquc
264 1755 344 1781 ardua
358 1755 458 1789 primus
493 1758 643 1790 Exsuperat.
680 1759 716 1782 Dc
726 1758 1100 1792 HannibaleJiepcranteAlpes.
1161 1761 1215 1782 tate
1228 1756 1391 1789 inaequabili
1403 1756 1562 1788 distinguere
1581 1755 1638 1780 Cic.
1652 1755 1681 1780 in
1695 1754 1786 1780 Partit.
1802 1763 1823 1780 c.
1837 1761 1864 1786 4.

11 1790 21 1817 ζ
34 1806 37 1820 ,
51 1788 121 1814 Adai.
135 1789 257 1815 Prudent.
270 1791 368 1824 Apoth.
383 1800 408 1816 v.
423 1799 472 1824 535.
544 1791 702 1818 Formofitas
722 1792 798 1826 Apul.
814 1794 877 1818 Met.
892 1802 910 1825 4
923 1800 947 1824 p.
963 1799 1012 1823 155.
1028 1794 1046 1817 i.
1060 1794 1098 1816 in·
1200 1797 1210 1815 1
1220 1796 1385 1826 NAEQVA
1395 1796 1410 1816 Β
1420 1788 1457 1815 ῑι.
1468 1789 1480 1815 s
1491 1796 1573 1816 TER.
1601 1789 1669 1815 Adu.
1707 1788 1878 1822 [οἰνωμάλως]
1916 1789 2001 1816 Varro
2011 1789 2045 1815 -de
2059 1789 2089 1816 R.
2104 1791 2135 1817 R.
2148 1800 2178 1824 3,
2191 1801 2209 1825 9

49 1824 233 1858 comparabilis.
302 1826 418 1859 Mapalia
438 1826 527 1852 Tacit.
541 1826 610 1852 Hist.
625 1835 654 1858 4,
668 1835 707 1858 30.
754 1850 756 1855 .
799 1827 898 1852 Vei-tex
918 1825 992 1851 Idem
1006 1826 1096 1851 Germ.
1111 1832 1145 1858 45
1163 1823 1206 1850 Ob
1224 1832 1303 1858 quam
1315 1832 1372 1850 rem
1385 1832 1435 1850 oua
1449 1831 1494 1850 aut
1507 1824 1712 1859 inaequabiliter
1725 1825 1916 1855 maturescunt,
1935 1831 1980 1850 aut
1999 1826 2191 1854 consenescunt.

16 1886 17 1890 Ἰ
33 1860 36 1864 ’
51 1865 72 1884 1.
139 1859 293 1891 inaccessus,
313 1860 351 1885 Ad
367 1869 445 1893 quem
459 1861 545 1886 nullus
559 1861 651 1886 debeat
664 1860 786 1886 accedere
800 1870 806 1886 ε
842 1861 916 1893 Virg.
936 1861 1000 1886 Aen.
1022 1867 1052 1894 7,
1074 1867 1097 1884 11
1198 1865 1241 1885 IN
1251 1866 1270 1884 n
1283 1865 1298 1884 E
1309 1865 1357 1895 QV
1366 1866 1388 1885 A
1398 1865 1414 1886 Β
1424 1857 1436 1886 ἴ
1445 1866 1462 1886 L
1474 1858 1515 1886 {T
1524 1866 1585 1891 AS,
1600 1860 1656 1886 stis.
1698 1859 1719 1887 f.
1769 1859 1870 1887 Arnob.
1887 1868 1903 1885 2
1916 1868 1941 1894 p.
1954 1865 1981 1890 81
2010 1860 2209 1890 Elementorum

26 1905 31 1910 ·
50 1892 133 1919 Diues
162 1894 300 1921 inaccess‘os
332 1895 381 1921 vbi
417 1895 485 1922 Solis
518 1895 574 1922 tilia
603 1896 675 1922 lucos
728 1895 834 1922 Assiduo
869 1896 975 1922 resonat
1008 1900 1094 1921 cantu.
1160 1894 1373 1929 iraequabilitas.

44 1928 160 1956 Seruius.
1198 1936 1209 1955 1
1221 1938 1241 1955 N
1252 1937 1274 1956 A
1283 1937 1299 1956 E
1308 1937 1320 1956 S
1330 1937 1352 1956 T
1361 1937 1369 1955 1
1378 1937 1405 1957 M
1416 1936 1436 1955 A
1445 1936 1462 1956 Β
1471 1928 1484 1955 1⁸⁴
1492 1936 1508 1955 L
1517 1937 1527 1956 Ι
1536 1937 1549 1956 S
1558 1949 1566 1962 ,
1585 1937 1609 1955 e.
1646 1929 1707 1955 Adi.
1744 1928 1902 1963 [οἷτίμητος]
1937 1930 2012 1965 Qtod
2022 1929 2149 1963 aestimari
2160 1943 2209 1959 non

17 1995 22 1999 ,
49 1980 51 1982 -
85 1970 183 1991 lNAC
195 1970 292 1992 CVSA
302 1972 334 1991 131
345 1972 380 1991 1,1
391 1973 422 1997 s,
448 1974 471 1992 c.
512 1964 574 1992 Adi.
609 1965 771 1998 ἀνέγκλητος,
795 1965 977 2000 οἷκοιτηγὸρητος
1010 1965 1096 1991 Glots.
1156 1963 1246 1999 potest.
1281 1965 1340 1991 Liu.
1354 1973 1430 1997 35,14
1442 1971 1506 1991 extr.
1581 1964 1654 1990 Idem
1668 1973 1712 1996 29,
1727 1973 1756 1996 32
1764 1971 1808 1999 pr.
1847 1964 2043 1992 Inaestimabile
2072 1967 2209 2001 gaudium.
2240 1995 2244 2003 Δ

46 2000 103 2026 Lat.
120 2000 213 2026 Graec.
1102 2005 1135 2030 50
1159 1999 1216 2025 Cic.
1230 1999 1262 2025 de
1276 1999 1334 2025 Fin.
1349 2007 1373 2031 3,
1387 2008 1420 2025 20
1432 2001 1479 2025 c.‘6
1499 1999 1669 2026 Aestimabile
1684 2000 1731 2026 esse
1744 1999 1842 2026 dicitur
1856 1999 1906 2031 (sic
1920 2001 2000 2031 enin),
2014 2007 2041 2027 vt
2050 2003 2157 2036 opinor,
2166 2012 2210 2038 ap-

84 2042 93 2060 1
103 2042 125 2061 N
137 2041 159 2061 A
170 2041 187 2061 C
200 2040 217 2061 C
229 2042 250 2062 V
259 2041 302 2062 SA
311 2041 360 2061 TV
370 2042 382 2061 s
391 2054 399 2067 ,
418 2043 443 2067 a,
462 2043 515 2061 um.
536 2034 597 2061 Adi.
636 2035 778 2062 Inaccusati
791 2040 817 2061 et
829 2034 957 2069 impuniti
975 2033 1094 2061 Tertull.
1158 2034 1301 2068 pellamus)
1323 2034 1352 2060 id
1367 2034 1438 2068 quod
1451 2041 1495 2060 aut
1507 2035 1593 2069 ipsum
1608 2035 1750 2061 secundum
1761 2041 1881 2061 naturam
1897 2035 1942 2067 fit,
1962 2043 2007 2062 aut
2019 2037 2070 2063 tale
2084 2037 2149 2072 quid
2169 2040 2208 2065 ef-

44 2070 122 2106 Apol,
136 2080 157 2096 c.
171 2079 216 2104 49.
546 2097 548 2099 ,
1158 2069 1245 2102 ficiat,
1263 2075 1290 2096 vt
1303 2069 1444 2096 selectione
1457 2069 1566 2104 dignum
1581 2076 1721 2105 propterea
1733 2070 1778 2102 sit,
1797 2070 1870 2104 quod
1883 2070 1986 2105 aliquid
1999 2074 2100 2106 pondus
2114 2073 2209 2102 habeat

25 2134 27 2139 .
83 2112 94 2132 1
105 2113 127 2132 N
137 2112 159 2132 A
169 2111 262 2132 CCRE
271 2110 283 2131 S
293 2111 309 2132 C
318 2111 352 2137 O,
372 2107 425 2131 ere.
467 2105 545 2143 Vulgo
559 2106 652 2142 legitur
671 2104 738 2142 apud
755 2105 876 2132 Tertull.
893 2109 984 2132 contra
1004 2103 1094 2131 Gnost.
1158 2104 1268 2139 dignum
1281 2105 1461 2131 aestimatione
1470 2125 1478 2136 ,
1497 2115 1575 2139 quam
1591 2105 1637 2131 ille
1650 2105 1719 2137 (ἰξίαν
1733 2111 1810 2132 vocat
1822 2116 1831 2132 t
1867 2113 2012 2142 contraque
2031 2108 2209 2137 inaestimabi-

13 2134 38 2169 5².
48 2151 74 2169 :a
87 2151 105 2168 1.
125 2141 168 2167 ubi
181 2142 276 2176 Rigalt.
291 2141 436 2167 inacrescit.
1158 2140 1197 2171 le,
1217 2140 1288 2174 qnod
1301 2140 1331 2166 fit
1344 2140 1477 2174 superiori
1493 2141 1665 2167 contrarium.

84 2184 95 2203 1
105 2184 126 2203 N
135 2183 157 2202 Α
166 2182 183 2202 C
191 2183 208 2203 E
216 2184 235 2202 R
244 2183 260 2203 Β
269 2182 288 2201 O
297 2196 305 2208 ,
321 2181 372 2203 are.
410 2175 520 2202 δανσποιιῖ
533 2176 611 2203 Gloss'.
626 2176 672 2202 Gr.
686 2176 743 2202 Lat.
1111 2182 1140 2208 55
1196 2181 1205 2199 1
1216 2181 1238 2200 N
1248 2182 1269 2200 A
1279 2181 1296 2200 E
1305 2182 1318 2201 S
1328 2181 1350 2200 T
1359 2181 1368 2199 1
1380 2182 1405 2201 M
1416 2176 1436 2200 Ᾱ
1447 2180 1469 2200 Τ
1481 2182 1501 2202 ν
1510 2182 1522 2202 s
1532 2195 1540 2207 ,
1559 2184 1589 2208 a,
1610 2185 1664 2202 um.
1702 2175 1762 2203 Adi.
1801 2177 1858 2203 Non
1871 2175 2021 2210 aestimatus.
2060 2179 2165 2213 leian.
2180 2181 2210 2207 in

85 2219 96 2238 1
106 2220 127 2239 N
137 2218 226 2238 ACES
236 2217 252 2237 C
261 2218 280 2238 O
289 2231 296 2243 ,
316 2213 370 2238 ere.
407 2212 562 2239 Aciditatem
573 2215 694 2238 amittere.
730 2211 768 2237 T.
783 2210 905 2236 Priscian.
918 2218 942 2240 2,
950 2218 983 2242 29
1003 2208 1094 2242 Phleg-
1158 2208 1175 2235 l.
1188 2209 1349 2244 Plerumque
1361 2210 1394 2236 D.
1409 2210 1441 2236 de
1454 2210 1506 2237 iur.
1520 2211 1574 2237 dot.
1597 2211 1711 2244 Qioties
1725 2221 1779 2238 non
1791 2212 1940 2239 aestimatae
1953 2221 1993 2238 res
2001 2214 2036 2239 ·in
2051 2213 2138 2240 dotem
2148 2215 2210 2242 dan.

67 2253 119 2275 tate
139 2248 287 2278 inacescunt
308 2247 372 2274 cibi.
441 2247 514 2274 Adde
534 2247 600 2273 Plin.
616 2251 653 2277 28,
665 2255 690 2278 9.
732 2252 755 2271 et
775 2246 894 2271 Scribon.
908 2246 984 2279 Larg.
999 2246 1093 2278 Comp.
1159 2250 1218 2277 tur,
1240 2250 1265 2271 ct
1281 2246 1406 2272 meliores
1419 2253 1444 2272 et
1458 2246 1603 2273 deteriores
1617 2248 1727 2274 mulieri
1741 2248 1815 2273 fiunt.
1865 2247 1892 2273 Si
1904 2247 2018 2281 praediis
2038 2249 2210 2278 inaestimatt's

12 2309 14 2314 ,
50 2291 99 2316 104
114 2291 163 2319 pro
176 2282 285 2309 Acescir.
358 2285 437 2314 Item,
456 2284 572 2308 Doiorem
584 2281 685 2314 afferre.
723 2280 804 2307 Ouid.
814 2280 845 2306 de
859 2282 935 2307 Rem.
945 2281 1035 2306 Amor.
1046 2287 1095 2313 307
1158 2280 1263 2315 aliquid
1281 2281 1427 2314 accefferit,
1444 2280 1495 2308 hoc
1509 2281 1542 2308 ad
1555 2283 1742 2317 compendium
1756 2282 1876 2309 mulieris
1890 2283 2015 2316 pertinet.

47 2319 121 2346 Haec
133 2317 185 2345 tibi
199 2326 246 2352 per
258 2323 329 2343 totos
342 2317 487 2343 inacescant
499 2316 590 2342 omnia
604 2316 697 2342 sensus.
770 2316 847 2351 Apul.
862 2317 926 2342 Met.
940 2325 953 2346 ς
968 2325 993 2350 p.
1010 2317 1052 2347 163
1065 2315 1094 2341 Si
1195 2323 1205 2341 1
1216 2322 1238 2341 N
1248 2323 1270 2342 A
1281 2323 1298 2342 E
1310 2323 1322 2342 S
1332 2324 1353 2343 T
1362 2323 1382 2342 V
1395 2323 1413 2342 O
1424 2336 1433 2348 ,
1452 2321 1505 2344 are:
1540 2318 1716 2352 [ἔγκυμαίνω]
1751 2320 1819 2345 Hor.
1832 2318 1915 2351 Epod..
1925 2327 1957 2351 11,
1967 2327 1999 2344 22
2019 2319 2099 2352 Qiod
2112 2320 2129 2347 si
2143 2322 2212 2349 meis

46 2354 99 2380 tibi
112 2354 208 2385 etiam,
228 2357 257 2378 vt
269 2361 316 2386 par
328 2352 378 2384 est,
391 2351 492 2378 inacuit
505 2351 593 2378 nostra
608 2351 778 2378 contumelia.
1113 2352 1147 2376 60
1158 2350 1286 2378 inaestuet
1297 2352 1460 2386 praecordiis
1494 2353 1593 2380 Libera
1605 2353 1680 2384 bilis,
1700 2360 1748 2379 etc.
1855 2354 1928 2390 Cous.
1949 2354 2070 2382 Prudent.
2090 2356 2118 2382 in
2137 2357 2209 2390 Sym-

82 2395 93 2414 1
104 2395 126 2415 N
139 2394 184 2415 AC
194 2395 202 2413 1
213 2394 293 2414 DAT
303 2394 345 2414 VS
355 2407 362 2420 ,
384 2396 415 2420 a,
440 2396 495 2413 um.
532 2386 594 2413 Adi.
631 2389 707 2414 Aceto
726 2385 832 2413 tinffus.
869 2386 947 2421 Apul.
961 2387 1027 2412 Met.
1042 2390 1055 2415 8
1068 2394 1093 2419 p.
1156 2386 1241 2413 mach.
1256 2388 1341 2414 Praef.
1356 2396 1376 2419 1,
1391 2395 1426 2420 55.

44 2433 102 2457 210,
113 2431 130 2460 7
150 2422 272 2459 Spongiis
285 2421 424 2449 inacidatis
440 2424 481 2449 vel
498 2422 640 2449 inaeedatis
653 2424 739 2459 legunt
756 2422 873 2458 quidam,
892 2422 936 2449 vbi
954 2420 1095 2448 madidatis
1193 2429 1203 2448 1
1212 2429 1265 2449 NA
1276 2428 1292 2448 F
1306 2428 1323 2448 Ρ
1334 2429 1350 2448 Ε
1361 2429 1377 2449 C
1387 2430 1408 2449 T
1419 2424 1470 2449 ᾸΤ
1479 2428 1500 2447 V
1509 2429 1522 2449 s
1532 2442 1540 2454 ,
1560 2431 1590 2457 a,
1606 2431 1660 2449 um.
1686 2422 1746 2449 Adi.
1782 2422 1796 2458 [
1803 2422 1957 2459 οἶσπέδαςος]
1993 2427 2052 2453 Non
2065 2427 2210 2461 affeflatus.

17 2457 20 2461 v
41 2460 112 2487 dedit
125 2459 234 2487 Elmenh.
1159 2457 1291 2490 Qineul.
1303 2466 1337 2490 11,
1352 2466 1362 2483 1
1375 2464 1438 2484 extr.
1475 2458 1549 2491 Quia
1562 2459 1630 2485 mire
1643 2458 1794 2493 simplicitas
1809 2459 1854 2486 illa
1867 2466 1892 2486 et
1907 2461 2030 2488 securitas
2044 2464 2208 2491 inaffectatse

18 2495 25 2516 “-
81 2503 92 2521 1
101 2503 153 2522 NA
162 2502 180 2522 c
189 2500 210 2520 Η
221 2501 230 2520 1
240 2500 278 2525 A,
295 2502 334 2520 ae.
361 2493 381 2519 f.
418 2492 513 2520 Puellae
526 2502 610 2520 nomen
623 2493 752 2520 adamatae
764 2493 793 2519 ab
815 2494 940 2525 Horatio,
957 2495 1026 2519 cuius
1043 2491 1093 2526 ips}
1157 2493 1289 2519 orationis
1303 2499 1394 2519 tenues
1409 2494 1495 2519 causas
1511 2494 1593 2520 decet.
1664 2494 1732 2520 Adel.
1747 2495 1785 2521 Id.
1800 2500 1821 2525 8,
1835 2504 1847 2527 3
1863 2502 1926 2521 extr.
1998 2498 2064 2524 Plin.
2074 2499 2102 2524 in
2114 2500 2207 2534 Paneg.

0 2527 1 2536 ¹
45 2533 165 2558 meminit.
201 2529 283 2563 Epod.
299 2538 331 2560 11,
344 2533 357 2559 8
385 2529 437 2555 Hic
457 2528 550 2555 tertius
563 2529 725 2561 December,
745 2537 776 2554 ex
791 2537 845 2563 quo
860 2528 947 2554 destiti
983 2528 1093 2554 Inachia
1108 2529 1139 2560 65
1158 2537 1180 2554 c.
1197 2530 1231 2562 67
1239 2535 1282 2563 pr.
1302 2528 1451 2555 Inaffectata
1464 2530 1561 2555 veritas
1574 2528 1730 2556 verborum.
1752 2533 1771 2556 i.
1794 2532 1931 2557 Naturalis
1944 2537 1967 2557 ee
1979 2539 2073 2566 aperta.
2110 2542 2207 2561 veritas

45 2568 152 2598 furere,
173 2563 245 2591 filuis
260 2564 390 2591 honorem
403 2564 511 2591 decutit.
583 2566 615 2591 Et
629 2565 680 2592 Ode
688 2565 806 2599 sequente
826 2574 851 2591 v.
868 2573 898 2597 14
920 2562 1028 2590 Inachia
1040 2564 1094 2589 lan·
1156 2566 1221 2590 enim
1227 2565 1292 2599 fuco
1309 2571 1391 2594 caret,
1411 2572 1435 2590 ct
1444 2571 1577 2599 praetextu
1590 2565 1725 2592 verborum.
1833 2566 1964 2598 Qiine‘fil.
1981 2576 2019 2599 10,
2034 2576 2043 2594 1
2071 2569 2142 2603 Quid
2157 2579 2206 2604 ego

15 2625 19 2633 ,
45 2611 109 2637 gues
122 2601 210 2628 minus
222 2609 251 2627 ac
262 2608 313 2626 me.
386 2599 508 2626 Inachius
521 2599 696 2633 Adstfbiuum,
714 2600 779 2626 vnde
791 2600 836 2627 hoc
850 2602 924 2626 etiam
943 2608 1029 2626 nomen
1041 2605 1093 2626 tra-
1158 2608 1367 2626 commemorem
1380 2599 1564 2634 Xenophontis
1577 2600 1650 2626 illam
1663 2599 1854 2627 iucunditatem
1868 2601 2044 2630 inaffeeiatam
2059 2605 2068 2630 Ξ
2131 2605 2206 2640 Conf.

10 2637 14 2642 '
44 2638 112 2665 &mn
126 2636 176 2670 (st,
194 2635 333 2672 damusfiaeb
350 2642 361 2661 1
372 2641 393 2661 N
404 2642 424 2662 A
436 2641 453 2662 C
466 2642 487 2661 H
497 2642 517 2661 V
526 2643 549 2662 S.
1157 2635 1276 2661 Tertull.
1292 2635 1324 2661 de
1337 2636 1399 2662 Pall.
1415 2645 1436 2661 c.
1454 2644 1481 2668 4.

82 2680 123 2700 1N
134 2679 155 2699 A
166 2678 183 2698 c
197 2678 218 2697 11
231 2677 251 2696 v
262 2678 292 2702 s,
311 2671 330 2696 i.
369 2680 404 2697 m.
439 2669 572 2704 [Ἴναχος]
610 2672 685 2697 Pater
710 2672 781 2697 Ionis
803 2671 844 2696 vel
865 2668 922 2701 1125,
941 2673 1092 2705 quiprimus
1191 2677 1262 2696 {NA
1273 2675 1289 2696 Ρ
1301 2677 1451 2697 Ρεοτνε
1462 2690 1471 2702 ,
1492 2678 1522 2701 a,
1542 2679 1596 2696 um.
1635 2670 1696 2696 Adi.
1734 2669 1810 2697 Idem.
1847 2671 1925 2706 Apul.
1945 2674 2009 2700 Met.
2030 2683 2042 2700 2
2057 2684 2082 2710 p.
2098 2683 2151 2709 115,
2169 2685 2207 2711 24

44 2708 112 2743 apud
124 2709 236 2743 Argium
247 2709 377 2742 regnauit,
395 2712 418 2732 et
433 2705 531 2732 Inacho
544 2706 631 2732 fluuio
650 2714 736 2733 nomen
755 2705 823 2730 dedit
836 2715 844 2730 .·
878 2705 941 2731 vnde
961 2711 985 2731 et
1004 2706 1092 2731 Portae
1101 2709 1137 2737 70
1157 2705 1312 2732 Inaffeetum
1326 2706 1494 2740 capillitium.
1531 2705 1579 2734 Sed
1590 2707 1676 2732 melius
1690 2707 1806 2732 Pricaeus
1819 2707 2010 2735 haffn-&attiuh

46 2744 147 2777 fluuium
171 2742 250 2778 ¹Pfi‘m
274 2740 316 2768 1111-
329 2749 429 2776 patrem
446 2747 552 2773 vocant,
571 2748 594 2766 et
610 2750 689 2777 regem
695 2740 801 2776 faciunt
814 2742 967 2776 Argiuorum
976 2760 984 2772 ,
1004 2740 1033 2766 de
1046 2749 1093 2775 quo
1191 2748 1201 2767 Ι
1211 2748 1233 2767 Ν
1243 2747 1293 2768 AG
1302 2747 1323 2768 G
1335 2748 1351 2768 Ε
1360 2748 1379 2767 R
1391 2748 1411 2768 A
1421 2748 1442 2768 Τ
1451 2749 1472 2768 V
1481 2748 1493 2768 S
1502 2761 1511 2773 ,
1533 2750 1547 2767 a
1556 2761 1564 2773 ,
1582 2750 1635 2767 um.
1677 2740 1738 2768 Adi.
1773 2744 1793 2768 i.
1814 2751 1979 2771 coaceruatur.
2015 2745 2159 2773 Tellurem
2170 2752 2208 2774 te-

12 2801 19 2806 ,
34 2773 173 2808 ''Strabaffi
244 2778 282 2803 De
293 2776 391 2803 Inacho
403 2786 461 2813 rege
473 2779 584 2802 meminit
595 2776 662 2802 Hor.
677 2777 766 2802 Carm.
780 2785 804 2805 2,
815 2785 835 2808 3,
850 2785 877 2802 21
908 2776 1029 2803 Diuesne'
1038 2775 1092 2810 pri·
1156 2783 1215 2802 tere
1227 2777 1404 2812 inaggeratam
1424 2777 1514 2804 Sidon.
1535 2778 1579 2811 Ep.
1593 2785 1615 2811 3,
1628 2785 1664 2803 12.

8 2828 20 2841 s
45 2815 89 2841 sco
100 2818 177 2840 natus
189 2813 221 2839 ab
237 2812 351 2843 Inacho,
370 2819 416 2839 etc.
487 2811 620 2846 Antiquus
637 2812 694 2838 Seu.
709 2811 820 2844 Thyest.
833 2812 851 2838 s.
865 2821 892 2845 4.
975 2811 1092 2838 Volueer
1193 2818 1266 2839 INA
1276 2819 1295 2839 G
1309 2820 1346 2845 O,
1367 2815 1420 2840 ere.
1456 2813 1566 2846 Inagere
1580 2813 1608 2838 in
1620 2820 1742 2847 ,praeceps
1762 2813 1839 2848 Apul.
1854 2814 1918 2841 Met.
1931 2824 1950 2848 4
1965 2824 1989 2849 p.
2006 2822 2059 2850 148.
2114 2818 2208 2845 Semen

0 2850 16 2879 ’,
45 2850 105 2876 Sen.
136 2849 216 2875 Here.
231 2849 290 2875 Oet.
308 2857 360 2881 139.
435 2847 526 2874 Fabula
552 2845 585 2881 est
607 2847 674 2883 apud
691 2847 773 2874 Ouid.
788 2848 853 2874 Met.
868 2857 890 2881 1,
903 2852 953 2880 583.
989 2854 1014 2874 et
1026 2846 1094 2883 apud
1156 2848 1285 2875 exteritur
1299 2857 1377 2883 grege
1392 2849 1574 2876 iumentorum
1588 2848 1678 2874 inacte
1693 2856 1719 2875 et
1732 2848 1773 2876 ibi
1787 2849 1886 2883 agitato
1896 2852 2006 2885 perticis
2032 2853 2116 2879 Varro
2130 2855 2162 2880 R.
2176 2855 2208 2884 R,

44 2885 121 2919 Virg.
135 2885 199 2910 Aen.
210 2885 236 2918 γ’,
251 2892 307 2918 372.
1106 2887 1138 2914 75
1157 2891 1176 2914 1,
1190 2891 1232 2909 22.
1274 2884 1331 2910 Vid.
1355 2890 1460 2911 INIGO.

17 2923 20 2930 “
82 2927 92 2946 1
102 2927 124 2947 N
134 2927 156 2947 A
169 2925 187 2946 c
201 2925 221 2945 u
233 2926 242 2944 1
254 2925 272 2945 1)
282 2926 298 2944 r
309 2925 320 2945 s
329 2939 338 2951 ‚
356 2927 395 2945 ae.
416 2927 452 2944 m.
472 2919 622 2950 Patronym.
660 2916 815 2952 [Ἰναχίδης]
851 2918 932 2945 Ouid.
945 2918 1009 2944 Met.
1018 2925 1090 2952 1,733
1194 2926 1204 2944 1
1213 2925 1236 2944 N
1245 2925 1266 2944 A
1275 2925 1315 2945 ‹31
1324 2927 1346 2946 T
1355 2926 1407 2946 AT
1417 2927 1437 2946 v
1447 2927 1459 2946 s
1469 2939 1476 2951 ‚
1495 2927 1526 2952 a,
1542 2928 1598 2946 um.
1622 2920 1690 2946 Part.
1729 2921 1788 2947 Non
1801 2923 1922 2957 agitatus.
1960 2923 2084 2957 Inagitati
2096 2924 2206 2952 terrori-

47 2955 114 2984 Non
137 2955 200 2982 tulit
219 2953 365 2981 Inachides.
401 2956 439 2980 De
465 2955 580 2989 Epapho,
599 2957 642 2989 qui
664 2964 692 2980 ex
717 2956 772 2981 Ioue
794 2954 834 2980 vel
857 2953 919 2986 Iside
941 2961 1015 2981 natus
1029 2960 1091 2980 erat.
1156 2953 1221 2986 bus,
1242 2953 1392 2989 incorrupti
1404 2955 1587 2990 voluptatibus
1606 2955 1663 2981 Sen.
1677 2956 1722 2990 Ep.
1736 2964 1777 2989 45.

2 2994 24 3024 ›f-
44 2993 108 3019 Stat.
118 2997 168 3028 pro
179 2991 269 3028 gentili
276 2989 362 3029 posuit
375 2989 466 3017 Theb.
476 2999 498 3022 3,
511 2992 557 3023 365
577 2989 696 3025 Trepidi
709 2990 741 3016 de
756 2989 860 3016 sedibus
872 2989 953 3016 astant
990 2988 1092 3016 Inachi.
1193 2996 1203 3015 1
1212 2997 1233 3016 Ν
1244 2996 1295 3016 AG
1305 2996 1314 3015 1
1324 2997 1345 3017 T
1355 2998 1376 3016 A
1385 2997 1400 3016 B
1411 2997 1419 3015 1
1429 2998 1446 3016 L
1456 2998 1466 3016 1
1475 2998 1488 3017 s
1498 3009 1505 3021 ‚
1526 2999 1549 3018 e.
1569 2990 1630 3017 Adi.
1667 2992 1708 3017 An
1721 2992 1869 3025 existimas,
1887 2994 1976 3020 aGrem
1990 2993 2104 3020 inertem
2122 2994 2207 3030 inagi-

6 3028 19 3052 ’,
42 3027 98 3055 dae,
119 3030 139 3053 ι’.
157 3029 262 3063 Argiui.
1155 3024 1265 3052 tabilem
1278 3025 1403 3053 reli&um
1416 3026 1464 3059 ess'e
1484 3026 1541 3052 Sen.
1553 3027 1608 3059 QJ.
1622 3026 1685 3052 Nat.
1701 3034 1723 3060 5,
1738 3035 1760 3060 5.

83 3069 93 3088 1
103 3069 124 3088 N
134 3068 155 3088 Α
166 3068 184 3089 C
194 3069 215 3089 H
224 3069 233 3087 1
245 3068 257 3087 S
266 3081 276 3094 ,
292 3061 352 3088 i'dis.
373 3060 393 3087 f.
412 3061 562 3093 Patronym.
600 3059 727 3094 [Ἰναχῐς]
763 3061 880 3094 Propert.
895 3069 914 3093 t,
922 3069 943 3093 3,
951 3068 979 3093 19
996 3059 1044 3087 Sed
1057 3059 1090 3086 sic
1105 3061 1138 3087 80
1194 3068 1203 3086 1
1214 3068 1265 3087 NA
1274 3068 1290 3086 L
1300 3066 1316 3088 B
1325 3068 1341 3088 E
1349 3069 1362 3088 S
1370 3068 1387 3089 C
1396 3068 1432 3093 O,
1452 3063 1506 3087 ere.
1543 3061 1774 3096 [εἰσλευκαίνσμαι]
1809 3062 1978 3098 Albumfleri.
2014 3063 2080 3091 Cels.
2090 3073 2140 3099 2,7
2154 3066 2206 3092 Ve-

45 3097 157 3125 intentis
168 3097 309 3125 haerebam
321 3097 389 3123 fixus
402 3097 508 3128 ocellis,
543 3097 642 3130 Argus,
662 3103 690 3123 vt
702 3096 798 3130 ignotis
812 3096 936 3123 cornibus
949 3095 1089 3122 Inachidis.
1156 3106 1206 3123 nae
1219 3095 1266 3123 sub
1281 3097 1371 3131 lingua
1385 3096 1559 3124 inalbescunt.
1631 3097 1704 3124 Idem
1717 3106 1740 3130 5,
1749 3103 1788 3127 28.

48 3137 68 3161 i.
91 3131 222 3168 Itis,filiae
236 3133 333 3159 Inachi.
421 3132 501 3158 Ouid.
512 3133 578 3158 Met.
588 3134 655 3163 1‚611
691 3147 736 3152 —
770 3133 855 3166 Inque
867 3133 997 3158 nitentem
1034 3132 1091 3157 Ina·
1194 3140 1204 3159 1
1214 3140 1233 3159 N
1243 3139 1289 3159 AL
1299 3139 1339 3160 ΒΕ
1349 3140 1384 3164 0,
1400 3136 1453 3160 ere.
1489 3132 1558 3160 Idem
1591 3133 1657 3169 quod
1688 3134 1768 3160 Albus
1787 3132 1851 3169 fitm.
1888 3132 1965 3168 Apul.
1981 3134 2046 3160 Met.
2058 3143 2071 3167 7
2081 3141 2123 3170 pr.
2142 3135 2206 3162 Dies

48 3167 141 3196 chidos
154 3167 242 3194 vultus
254 3173 401 3195 mutauerat
413 3167 460 3193 ille
474 3168 623 3194 iuuencam.
699 3167 746 3194 Sed
757 3167 838 3194 Ouid.
852 3168 916 3194 Met.
931 3176 949 3198 1,
963 3170 1018 3202 640
1041 3169 1091 3193 Ve-
1154 3167 1299 3194 inalbebat.

6 3217 15 3230 ,a
45 3206 88 3232 nit
111 3209 136 3229 et
159 3202 193 3229 ad
212 3204 325 3237 patrias,
344 3203 392 3230 vbi
410 3203 501 3230 ludere
520 3204 594 3238 saepe
608 3201 708 3229 solebat
739 3202 875 3230 Inachidas
888 3203 968 3238 ripas.
1005 3203 1092 3239 PoJicit
1194 3211 1204 3230 1
1214 3209 1234 3228 N
1245 3210 1362 3234 ALBO,
1377 3207 1431 3230 Ere.
1468 3201 1530 3230 Aa.
1565 3203 1656 3230 Album
1663 3204 1760 3239 facere.
1796 3203 1874 3239 Apul.
1888 3203 1951 3229 Met.
1966 3212 1993 3229 10
2005 3213 2030 3238 p.
2044 3202 2143 3237 248‚3'o
2157 3207 2206 3232 Ce-

39 3247 91 3277 pro
104 3239 194 3275 gentili
210 3239 325 3265 lnachiar
337 3243 416 3274 ripas.
1109 3241 1138 3270 85
1157 3239 1199 3266 rei
1210 3240 1342 3273 praeclara
1353 3239 1481 3266 micantes
1493 3239 1552 3266 luce
1566 3239 1706 3265 nonrnas
1719 3238 1796 3265 nobis
1809 3239 1929 3265 tenebras
1948 3239 2107 3266 inalbabant.

5 3274 19 3307 ἢ
48 3293 49 3296 ,
84 3283 94 3302 1
104 3280 183 3301 NAc
197 3279 217 3298 u
228 3280 237 3298 1
249 3279 268 3298 v
281 3280 312 3305 s,
329 3282 359 3306 a,
378 3284 432 3302 um.
457 3275 518 3302 Adi.
555 3274 694 3308 [Ἰνάχιοε]
729 3274 804 3309 Virg.
823 3275 921 3303 Geore.
937 3283 958 3306 3,
973 3281 1012 3306 ¹53
1032 3274 1091 3300 Ina-
1194 3282 1291 3303 lNAL
1301 3281 1323 3301 G
1333 3281 1439 3306 Esco,
1465 3277 1518 3302 ere.
1554 3275 1731 3309 [εἰσριγὲμοιι]
1770 3274 1835 3300 Idem
1848 3274 1912 3310 quod
1923 3275 2060 3310 Algtscere.
2098 3276 2166 3303 Cels.
2180 3285 2206 3309 3,

46 3311 123 3338 chiae
137 3311 203 3337 Iuno
218 3308 450 3343 pestemmeditata
463 3312 601 3338 iuuencae.
691 3309 774 3337 Vrbes
805 3310 867 3337 Stat.
881 3309 973 3337 Theb.
987 3318 997 3336 1
1006 3328 1014 3341 ,
1032 3318 1091 3343 324.
1155 3319 1169 3343 3
1189 3310 1283 3345 Frigus
1295 3320 1380 3342 voco,
1397 3311 1445 3337 vbi
1456 3316 1589 3337 extremae
1600 3315 1685 3343 partes
1700 3309 1884 3337 membrorum
1896 3310 2056 3344 inalgescunt
2070 3321 2075 3337 :
2110 3311 2205 3339 horro-

43 3347 121 3374 thus
142 3344 224 3372 Ouid·
239 3343 304 3370 Fast-
320 3351 343 3376 52
359 3348 416 3377 656.
1155 3352 1228 3379 rem,
1249 3346 1296 3374 vbi
1309 3352 1396 3373 totum
1410 3355 1503 3380 corpus
1520 3345 1647 3371 intremit.

48 3402 51 3405 .
85 3389 95 3407 1
106 3388 128 3407 N
137 3388 160 3408 A
170 3387 187 3407 c
197 3388 215 3407 R
225 3387 240 3406 E
250 3387 262 3406 s
272 3385 289 3405 c
302 3385 322 3405 ο
330 3397 338 3410 ‚
358 3381 410 3407 ere.
445 3381 552 3409 Nausea
581 3380 699 3409 nominis
729 3381 867 3408 inacrescit
896 3380 1016 3408 Tei-tull.
1029 3380 1089 3408 adu.
1191 3388 1201 3407 1
1211 3389 1233 3409 N
1242 3390 1265 3409 A
1275 3389 1291 3408 L
1303 3389 1313 3408 1
1324 3389 1341 3409 13
1351 3390 1373 3409 N
1386 3383 1432 3408 ᾸΤ
1442 3388 1461 3406 ν
1472 3389 1484 3407 s
1494 3400 1502 3412 ,
1521 3389 1552 3413 a,
1572 3389 1626 3406 um.
1666 3380 1726 3407 Adi.
1763 3381 1938 3416 [neom-uptun
1975 3381 2096 3409 scribon.
2125 3383 2204 3417 Lai-g.

2 3416 14 3447 ly
46 3417 139 3445 Gnost.
154 3426 175 3442 c.
197 3425 216 3442 1.
249 3415 318 3450 conf.
330 3420 382 3440 not.
394 3416 490 3452 Rigalt.
1099 3424 1135 3450 90
1155 3418 1280 3452 Compos.
1312 3427 1354 3450 214
1396 3416 1531 3443 Adiicitur
1567 3416 1687 3451 propolis
1725 3416 1898 3449 inalienatae,
1936 3415 2064 3450 sincerae,
2099 3423 2125 3444 et
2156 3418 2205 3445 bo-

6 3451 12 3461 '³
84 3458 285 3482 1NACTVS,
306 3456 352 3476 21⁶⁴·
377 3449 431 3476 vid.
451 3458 593 3480 INAGO.
1154 3462 1204 3485 nae
1216 3454 1323 3481 selibra.

2 3515 22 3523 N
86 3495 96 3514 1
106 3495 129 3514 N
139 3493 187 3514 AD
197 3494 206 3512 1
217 3484 336 3518 BiLls‚
373 3493 397 3511 e.
432 3485 492 3514 Adi.
528 3488 606 3524 Apud
628 3486 719 3515 Sidon.
743 3487 889 3522 Apollinar.
913 3487 960 3521 Ep.
975 3495 996 3518 2,
1009 3495 1035 3514 a.
1070 3489 1089 3514 i.
1192 3497 1202 3516 1
1212 3496 1287 3516 NAL
1297 3496 1312 3515 P
1323 3489 1366 3515 ῑΝ
1376 3495 1403 3520 1,
1430 3490 1518 3515 orum.
1556 3495 1593 3514 m.
1629 3484 1803 3521 [Ἐνάλπειοι]
1840 3486 1891 3521 ‚Qui
1909 3490 1937 3513 in
1955 3487 2064 3522 Alpibus
2080 3488 2204 3516 habitant.

5 3527 20 3543 ἰ
45 3521 193 3557 Ιηασεςθῐυ.
1155 3524 1222 3551 Plin.
1238 3534 1261 3557 3,
1278 3533 1296 3555 4
1315 3523 1447 3559 adfinem,
1466 3522 1570 3549 Adiecit
1592 3521 1727 3549 formulae
1747 3522 1831 3548 Galba
1853 3523 2003 3556 Imperator
2022 3532 2053 3550 ex
2078 3524 2205 3558 Inalpinis

85 3566 96 3585 1
107 3566 130 3585 N
141 3565 162 3585 A
172 3564 212 3585 DS
221 3564 231 3583 1
241 3562 261 3583 G
271 3563 292 3583 N
303 3562 355 3582 AT
364 3561 384 3581 V
393 3562 421 3586 S,
437 3564 468 3588 a,
485 3565 540 3585 um.
577 3557 639 3585 Adi.
676 3558 812 3593 Superfuit
836 3557 1010 3592 inadssgnatus
1028 3565 1090 3592 ager
1156 3561 1300 3587 Auanticos
1315 3566 1393 3593 atque
1406 3558 1597 3585 Ebroduntios.
1668 3559 1699 3583 Et
1712 3567 1733 3583 c.
1748 3565 1760 3589 5
1769 3577 1778 3589 ,
1790 3565 1819 3584 10
1841 3557 1918 3591 Alpes
1931 3559 2078 3594 Populique
2090 3560 2205 3595 Inalpini

48 3596 114 3630 Agg.
127 3593 193 3628 Vrb.
207 3602 231 3627 Ρ.
245 3601 281 3627 70
300 3590 369 3626 Goefi
1105 3597 1138 3624 95
1156 3596 1240 3623 variis
1253 3595 1421 3622 nominibus:
1457 3594 1502 3620 sed
1515 3594 1631 3620 maxime
1642 3592 1768 3627 capillati.
1845 3594 1933 3620 Vtitur
1945 3601 1970 3620 et
1983 3595 2039 3621 Cic.
2052 3596 2123 3622 Fam.
2133 3605 2163 3628 11,
2176 3606 2204 3631 4.

86 3638 95 3656 1
104 3637 127 3656 N
136 3637 158 3656 A
167 3636 185 3655 D
195 3635 215 3655 V
225 3635 242 3656 E
251 3635 270 3654 R
279 3635 292 3655 S
302 3634 321 3653 V
330 3633 355 3653 M
375 3634 425 3651 ²²⁰st
448 3623 482 3658 ‘³st
502 3627 629 3663 0⁰WP⁰fit¹³
660 3638 717 3656 vox·
755 3629 838 3665 erv
858 3629 965 3664 exempla
977 3627 1026 3663 sub
1047 3635 1057 3653 1
1067 3635 1090 3654 Ν
1157 3632 1225 3658 Suet.
1233 3633 1300 3665 Aug.
1309 3639 1362 3656 cuii
1377 3630 1488 3656 Domuit
1495 3629 1599 3656 Salassos
1612 3634 1701 3663 gentes
1709 3627 1847 3662 Inalpinas.

2 3670 3 3674 ’
39 3667 183 3694 retulimus.
1194 3672 1371 3693 1NALTER
1382 3672 1418 3698 ο,
1435 3669 1488 3692 are.
1524 3666 1595 3697 Quas
1622 3672 1676 3689 non
1692 3661 1799 3695 din-isit,
1826 3663 1936 3692 tacendo
1956 3664 2109 3692 inalteranit
2134 3666 2204 3692 Ter-

34 3711 48 3733 ,
84 3707 95 3726 '1
105 3707 127 3727 N
136 3706 185 3727 AD
194 3705 240 3725 VL
249 3704 294 3725 AB
303 3695 314 3723 ἶ
324 3704 341 3723 L
352 3703 382 3723 IS
391 3715 398 3727 ³
422 3704 450 3734 ⁶2
476 3695 537 3722 Adi·
571 3697 768 3734 [οἷκολοὲκευτος]
805 3700 870 3727 Non
882 3698 1016 3727 obnoxius
1031 3698 1093 3724 adu·
1159 3701 1217 3728 tull.
1230 3701 1263 3728 de
1275 3700 1334 3728 Vel.
1350 3701 1426 3734 Virg.
1442 3710 1463 3727 c.
1478 3711 1505 3734 4.
1527 3703 1545 3726 i.
1565 3701 1668 3725 alteram
1679 3701 1706 3724 in
1718 3700 1798 3725 altera
1810 3701 1948 3735 complexus
1962 3700 2009 3733 est,
2021 3702 2072 3736 sec.
2094 3702 2148 3726 Iun.

46 3735 154 3763 lationi.
207 3734 275 3760 Gell.
291 3741 329 3766 14,
341 3742 360 3766 4
392 3731 429 3757 Ex
443 3731 567 3765 imaginis
580 3739 665 3761 autem
680 3735 753 3761 istius
767 3735 958 3769 significatione
978 3734 1092 3768 intelligi
1196 3744 1204 3762 1
1216 3744 1294 3764 NAL
1306 3742 1327 3762 'r
1341 3742 1379 3767 ο,
1397 3740 1450 3763 are.
1485 3734 1595 3763 Paullin.
1609 3733 1641 3760 ad
1654 3733 1815 3769 Cyther.738
1835 3735 1906 3769 Qnia
1920 3736 1967 3770 qui
1980 3736 2102 3770 superbos
2117 3734 2203 3768 depri-

48 3770 139 3798 voluit
153 3770 286 3802 iudicem,
305 3769 352 3802 qui
367 3767 484 3793 iustitiae
497 3766 602 3806 antistes
614 3768 667 3808 est,
685 3777 809 3804 oportere
828 3772 876 3798 esse
895 3779 1019 3806 grauem,
1037 3770 1092 3795 san·
1102 3781 1150 3799 100
1159 3772 1224 3804 mit,
1244 3772 1358 3799 humiles
1372 3771 1473 3798 inaltat.
1579 3769 1656 3803 Apul·
1671 3770 1699 3795 in
1713 3770 1850 3805 Trismeg-
1868 3780 1894 3805 P·
1908 3776 1937 3804 85
1972 3771 2080 3798 Inaltflffl
2093 3770 2127 3796 est
2138 3778 2203 3797 caua

6 3827 12 3838 ,
48 3807 139 3839 ἃιιηι,
158 3807 292 3835 seuerum,
312 3805 495 3836 incorruptum
505 3821 514 3834 ,
532 3801 736 3838 inadulabilem,
756 3813 801 3832 etc.
1158 3807 1254 3834 mundi
1266 3807 1413 3834 rotunditas
1427 3808 1456 3833 in
1469 3805 1579 3834 modum
1593 3804 1725 3839 sphaerae.

85 3850 94 3868 1
104 3849 125 3868 N
134 3849 155 3869 A
168 3847 215 3867 nv
225 3847 268 3868 ΒΤ
279 3846 297 3865 ν
311 3847 322 3866 s
331 3859 340 3871 ,
361 3848 393 3871 a,
410 3847 466 3864 um.
485 3836 546 3863 Adi.
582 3837 672 3871 Iungis
679 3845 704 3865 et
716 3841 848 3876 aeripedes
863 3841 969 3868 industo
981 3849 1092 3875 corpore
1192 3850 1202 3868 1
1212 3848 1235 3867 N
1244 3850 1266 3869 A
1275 3849 1298 3868 M
1307 3848 1353 3869 ΑΒ
1362 3840 1388 3868 it
1407 3848 1417 3867 1
1426 3849 1454 3873 s,
1474 3850 1497 3868 e.
1518 3840 1580 3867 Adi.
1616 3839 1766 3874 [dispas-os]
1802 3842 1854 3876 Qu·
1881 3849 1930 3868 non
1953 3837 2033 3875 potest
2057 3842 2153 3871 amari,
2174 3841 2202 3865 in

4 3898 8 3902 ,
47 3883 139 3904 tauros
157 3875 239 3904 Ouid.
253 3873 367 3902 Heroid.
381 3882 418 3905 12,
431 3881 469 3905 93.
486 3873 554 3898 nihil
563 3873 704 3898 nocentibus
716 3880 814 3910 corpori
826 3884 867 3904 tuo
881 3877 1012 3914 flammis,
1031 3885 1092 3912 quas
1157 3885 1204 3913 quo
1214 3878 1281 3904 nihil
1290 3875 1323 3910 qli
1333 3884 1439 3913 propter
1451 3875 1516 3912 quod
1525 3882 1628 3902 ametur.
1670 3874 1728 3902 Vici.
1743 3876 1812 3904 Gell.
1827 3885 1853 3909 2,
1867 3879 1891 3902 6.
1926 3882 1949 3901 et
1961 3872 2079 3914 Macrob.
2099 3875 2202 3913 Saturn.

40 3913 147 3949 spirant
159 3912 197 3938 illi
215 3914 293 3938 tauri.
365 3909 438 3944 Cous.
451 3907 572 3947 Psfldfflff:
586 3908 683 3941 Apoth.
697 3917 723 3934 V·
736 3918 782 3950 ¹5¹·
1158 3915 1183 3942 6,
1291 3913 1374 3940 Plaut.
1389 3915 1480 3940 Bacch.
1493 3921 1522 3951 4,
1530 3920 1551 3943 3,
1563 3920 1576 3944 3
1601 3911 1793 3951 Incredibilis,
1814 3913 1899 3945 impos
1929 3917 2026 3948 annui,
2044 3909 2202 3939 inamabilis,

85 3953 128 3975 IN
137 3953 230 3976 Aeni
242 3952 259 3973 F
269 3954 278 3973 1
287 3952 304 3973 C
314 3952 350 3979 Ο,
375 3950 428 3972 {xre-
465 3943 648 3977 [gymnasiam]
683 3943 845 3979 Aedificando
857 3946 994 3985 olsstuere,
1011 3947 1054 3975 vel
1064 3949 1091 3974 in
1101 3947 1285 3985 105illepidus⁴
1295 3947 1371 3977 vino.
1469 3946 1545 4010 61211011.
1559 3946 1639 4010 [ἐμῆ.
1653 3955 1681 3981 9,
1696 3955 1724 3975 10
1737 3954 1802 3975 extr,
1829 3948 1995 3979 Quamquam
2006 3944 2033 3970 id
2046 3953 2127 3979 genus
2140 3953 2203 4007 opiig
