2479 4225
219 90 259 127 35
576 62 854 105 Dec

225 163 379 191 Mommicnto
394 157 419 194 s.
439 156 581 183 columbario
595 154 680 179 Liuiae
692 148 830 185 Augustae,
864 145 927 183 quod
944 144 1033 183 Gorius
1051 142 1143 182 edidit,
1175 139 1243 179 dabit

227 197 303 224 [inlex
316 195 471 221 Decuriones
483 190 630 224 fimpliciter
648 191 685 213 ita
699 185 793 216 dirior,
813 190 868 209 tum
886 183 1043 206 Decuriones
1062 175 1243 213 Cubiciilaijio-

228 241 302 261 rum,
323 229 476 256 LetYIorum,
503 225 666 251 Mensorum,
686 220 874 247 Ostiariorum,
897 213 1124 247 Paedagogorum,
1144 210 1244 236 Pedise-

228 274 348 300 quorum,
366 264 518 291 Stratoriun,
538 268 552 285 a
567 257 690 288 Tabulis,
700 265 758 291 quos
771 256 839 279 varic
852 247 984 276 virdoc'sus
997 247 1112 281 illustrat.
1181 241 1202 280 ff
1223 253 1242 277 4

229 299 353 328 Deciiria,
378 299 464 322 Decem
480 295 600 320 hominum
621 300 741 317 numerus.
807 322 812 326 .
1094 319 1099 321 ῃ
1189 315 1193 320 .
1236 315 1243 320 β

227 344 279 361 non
293 333 402 358 maiores
415 339 491 365 qiiain
507 329 600 354 deniiin
614 326 751 352 hominum
764 319 915 358 faciendae,
936 327 999 378 quas
1012 318 1128 344 decumas
1142 322 1245 355 antiqui

227 368 430 403 appellauerunt.
500 364 603 389 Vitriiii.
617 369 644 394 7,
658 369 668 386 1
697 357 797 385 Deinde
814 353 893 380 riidiis
910 363 935 379 in
956 359 1063 385 iicatur,
1081 358 1106 378 61
1125 350 1244 376 vectibus

226 403 317 437 ligneis
331 402 441 427 decuriis
456 398 567 425 induetis
581 396 706 422 crebriter
721 390 868 431 pinsatione·
877 388 1011 428 solidetur.
1022 423 1027 428 .
1045 423 1050 426 .
1066 388 1106 413 Sic
1120 389 1146 411 in
1159 395 1184 411 re
1200 389 1245 411 mi-

224 440 294 466 litari
309 437 393 462 l-‘estiis
402 457 408 467 ‚
429 434 585 461 Decuriones
596 430 762 464 appellantur,
770 433 816 456 att,
825 433 870 459 qiu
883 424 956 449 deins
968 422 1101 457 equitibus
1115 421 1244 455 praesunt.

225 475 308 499 Varro
322 472 352 497 dc
367 473 395 497 L.
410 472 438 496 L.
451 480 476 503 4,
490 470 517 493 16
528 477 551 501 p.
565 475 608 499 24,
624 474 651 497 19
669 465 772 489 Tiirma
806 475 851 479 —
885 458 986 485 terdeni
999 457 1099 491 equites
1116 465 1145 482 cx
1160 455 1244 482 tribus
1262 463 1291 481 10

225 507 343 534 tribubus
379 521 429 526 --
465 506 552 536 ltaque
564 501 644 535 primi
655 497 811 531 singularum
825 495 991 521 decuriarum
1004 492 1157 518 decuriones
1169 490 1245 523 dieti,

226 544 271 578 qui
283 542 314 568 ab
329 551 360 567 eo
374 541 400 566 in
421 538 524 572 singulis
537 536 629 563 turmis
649 535 704 560 sunt
719 532 798 558 etiam
816 539 884 556 nunc
903 528 979 555 terni.
1040 527 1097 554 Vid.
1117 527 1193 554 Schel.
1213 526 1246 552 ad

227 578 322 612 Hygin.
338 576 368 602 de
380 575 464 601 castris
478 583 501 606 p.
516 580 549 606 72
563 573 598 606 sq.
643 570 700 594 Vet.
716 567 756 592 Gl.
774 566 903 592 Decuriae
920 564 1045 598 φρκτρίαι.
1101 562 1243 597 Metaphor.

227 613 352 642 Dec-uria,
371 619 416 645 pro
432 610 502 634 Coctia
515 614 538 633 et
550 610 665 633 conuentu
684 603 851 638 coepulonum:
888 600 970 626 Plaut.
984 598 1057 625 Persa
1069 607 1087 629 1,
1101 607 1121 630 3,
1135 600 1165 630 63
1185 597 1244 624 Exi-

226 659 282 685 gam
298 657 345 682 ego
358 644 441 671 hercle
453 649 478 669 te
491 651 522 668 ex
535 642 580 669 hac
594 638 704 665 decuria.
1128 644 1132 647 -
1231 670 1236 674 ι

261 690 301 709 Di„
314 690 329 709 C
341 688 359 706 V
370 686 450 710 Rio,
480 683 531 703 tire.
566 671 760 709 [καταλαχίζω]
798 672 828 698 In
847 673 929 697 curias
948 667 1096 705 dfiinguere
1116 675 1139 694 et
1156 667 1245 703 descri-

225 719 284 745 bere.
319 716 422 750 Equites
434 711 560 740 decuriati
583 710 642 735 Liu.
656 717 698 740 22,
710 713 737 740 38
747 714 788 742 pr.
859 706 914 732 Cic.
929 714 977 739 pro
990 706 1078 731 Domo
1099 712 1122 736 13
1153 705 1244 736 Qium

225 752 360 787 desperatis
374 749 496 778 ducibus,
516 745 662 771 decuriatos
675 752 702 769 ac
715 742 856 775 descriptos
868 740 976 767 haberes
990 740 1118 766 exercitus
1130 739 1246 773 perdito-

224 798 290 815 rum.
345 786 414 812 Idem
430 784 460 808 ad
475 783 512 814 Q
522 781 604 806 Fratr.
619 788 644 812 2,
657 786 674 813 7
694 777 791 805 Eodem
805 776 847 803 die
859 777 882 802 S.
898 777 928 802 C.
948 775 1047 802 fafi’tuin
1060 775 1111 806 est,
1131 780 1159 800 vt
1175 774 1245 800 soda-

222 824 322 853 litates,
345 817 522 851 decuriatique
543 814 712 842 discederent.

224 857 354 885 deciiriare
373 853 410 880 Id.
424 861 472 887 pro
485 851 573 878 Sextio
586 859 626 883 34.
662 849 728 876 Add.
742 857 789 883 pro
796 847 879 873 Planc.
889 856 910 873 c.
919 851 952 876 18.
990 847 1045 872 Cic.
1060 845 1173 879 Philipp.
1186 848 1246 879 7,18

222 895 298 921 Hunc
312 889 419 924 praedae
437 888 510 914 caiisa
523 886 588 921 quid
607 885 738 912 facturum
752 883 863 918 putatis?
882 891 937 907 non
956 883 1042 908 cursus
1055 880 1191 915 improbos
1205 879 1248 905 de-

222 926 350 954 curiabit3
498 919 518 960 fl
544 931 560 948 2
595 920 716 948 Martian.
730 918 833 953 Capella
841 925 884 979 pr.
903 918 1055 952 Respersiim
1068 916 1169 951 capillis
1182 914 1247 941 albi-

221 961 336 989 cantibus
352 959 490 991 verticem,
515 956 733 989 incrementisque
746 953 845 980 lustrali
866 962 894 979 us
908 953 1079 979 decuriatum.
1115 951 1248 986 Periphra-

212 997 247 1033 fis
260 997 472 1033 quinquagenarii.
611 1027 616 1031 ¹
907 1028 910 1029 .
1133 1022 1139 1027 ε
1170 1021 1174 1026 .

256 1039 273 1058 D
283 1039 323 1058 EC
332 1039 351 1057 v
361 1037 378 1056 R
389 1031 449 1056 lIxL
460 1036 489 1055 is
498 1048 504 1059 ,
525 1038 547 1054 e.
567 1027 626 1053 Adi.
656 1025 700 1052 Ad
710 1025 833 1052 decuriam
841 1030 984 1060 fortuitus,
1003 1029 1032 1049 vt
1045 1021 1188 1049 Decurialis
1200 1029 1247 1047 nu-

220 1077 306 1095 merus
327 1065 433 1093 Tertiil.
448 1065 479 1090 de
491 1064 577 1089 Anim.
593 1072 614 1087 c.
630 1069 668 1096 37.

256 1110 274 1129 D
284 1111 299 1130 E
309 1109 324 1129 C
335 1109 354 1127 V
366 1108 384 1127 R
396 1108 403 1126 1
414 1107 435 1127 A
446 1107 460 1125 L
470 1107 478 1125 1
488 1107 501 1125 S
509 1119 516 1131 ,
537 1099 567 1124 is.
591 1106 625 1123 m.
657 1096 702 1122 Vel
711 1092 856 1130 praefeffiis
870 1096 989 1120 Dccuriac
1001 1093 1041 1119 vel
1051 1091 1157 1128 consbrs.
1186 1092 1245 1117 Vet.

219 1139 382 1172 Inscript.ap.
397 1137 472 1161 Griit.
486 1136 547 1168 p.36
560 1134 610 1158 n.6
645 1130 863 1157 LARATIVS
899 1128 1087 1155 PHOEBVS
1124 1127 1247 1154 DECV-

220 1173 359 1202 RIALIS
397 1170 532 1197 DECVR
567 1169 610 1194 IV
620 1167 724 1193 LIAE.
761 1166 829 1192 sicet
842 1163 1034 1198 inscript-apud
1048 1162 1161 1190 Fabrett.
1176 1171 1199 1196 p.
1215 1163 1247 1191 86
1267 1177 1299 1200 30

219 1205 496 1244 QMARCIVS
532 1201 775 1231 ITALICVS
811 1199 1068 1227 DECVRIALIS
1105 1198 1246 1225 NEGO-

216 1246 273 1305 Tii
284 1243 435 1306 {³13quss
447 1281 468 1300 r
478 1281 499 1300 ν
508 1281 531 1307 s,
544 1271 582 1300 sis.
601 1281 635 1299 m.
673 1269 860 1306 [δεκαδαρχιὶι]
897 1270 954 1306 Ipsa
965 1269 1110 1296 decuriatio.
1130 1267 1190 1295 Liii.
1203 1276 1246 1302 22,

218 1321 246 1348 38
267 1316 297 1341 Ε1
309 1313 359 1345 ν1)17
368 1311 400 1338 ad
412 1310 574 1337 decuriatum
589 1314 615 1334 et
628 1307 802 1333 centuriatum
815 1307 1006 1337 conuenissent,
1027 1312 1072 1331 etc.

256 1357 274 1376 D
286 1356 351 1376 rev
362 1355 380 1374 R
393 1354 400 1372 1
413 1353 463 1373 ΑΤ
474 1354 483 1372 1
493 1353 511 1372 0
521 1365 528 1377 ,
548 1345 614 1370 onis.
633 1344 652 1369 f.
673 1342 797 1369 Verbale.
816 1340 1042 1375 [καταλοχισμός]
1063 1339 1140 1372 Idem,
1152 1345 1181 1365 vt
1196 1339 1246 1364 De·
1266 1349 1294 1375 35
1318 1344 1362 1373 178
1382 1349 1405 1379 c..
1417 1347 1443 1371 53
1478 1339 1575 1400 Mutisla
1586 1338 1803 1400 160111δῖ11εῗξά31511
1815 1344 1840 1364 61
1849 1337 1925 1400 (11711311
1939 1337 2080 1364 decurtata.

1265 1381 1269 1383 ·
1315 1383 1350 1407 eo,
1364 1383 1408 1400 ciii
1419 1382 1493 1400 aures
1506 1383 1538 1400 na
1553 1383 1633 1409 iisque
1647 1383 1661 1400 a
1693 1384 1715 1400 ci
1737 1382 1765 1400 us
1795 1383 1835 1401 en.
1867 1383 1881 1400 e
1906 1382 1934 1400 ra
1946 1382 1968 1406 3,
1983 1381 2020 1408 17.

216 1386 327 1412 curiatio
340 1382 499 1410 Tribulium
519 1381 575 1406 Cic.
593 1388 641 1414 pro
655 1378 737 1404 Plane.
752 1385 784 1411 45
795 1387 816 1403 c.
830 1383 863 1407 18.
1060 1410 1066 1415 ·

253 1427 271 1446 D
281 1427 296 1446 E
305 1427 321 1446 C
331 1426 350 1444 V
359 1418 376 1444 11
387 1425 396 1443 1
407 1424 427 1444 0
438 1423 458 1442 N
468 1424 489 1443 Α
500 1423 521 1442 Τ
531 1422 551 1440 V
562 1423 574 1441 s
583 1434 589 1445 ,
616 1413 654 1440 sis.
698 1423 733 1439 ni.
769 1413 848 1446 [Ver.
869 1412 948 1438 Closs.
970 1412 1161 1437 Decurionatus
1169 1429 1175 1440 ‚
1201 1412 1246 1440 βα-

196 1451 197 1454 “
217 1457 286 1486 λεία,
307 1451 480 1488 δεκαδαρχιά.]
516 1449 633 1476 Macrob.
646 1449 747 1474 Saturn.
762 1457 785 1479 2,
797 1457 809 1480 3
830 1448 925 1474 Cicero
940 1447 972 1473 ab
986 1447 1087 1480 hospite
1101 1451 1205 1479 rogatus
1218 1450 1247 1470 vt

217 1491 415 1516 decurionatum
446 1486 552 1520 riuigno
565 1485 621 1511 eius
634 1482 776 1517 expediret.
829 1483 888 1515 le.
902 1491 917 1507 2
935 1481 967 1507 ad
980 1482 1105 1514 municip.
1114 1489 1157 1515 pr.
1178 1482 1247 1506 Coii-

219 1526 314 1552 senl'iss'e
335 1530 407 1558 pater
443 1520 607 1548 eciirionatiii
621 1519 671 1545 filii
684 1518 796 1544 videtur.

217 1562 316 1588 inferre
337 1560 400 1585 Plin.
415 1559 458 1592 Ep.
475 1565 513 1588 io,
527 1565 578 1588 114.

255 1603 272 1623 D
283 1604 298 1622 6
308 1601 325 1622 c
337 1602 384 1623 VR
394 1601 403 1620 1
413 1600 431 1620 o
441 1594 515 1619 ΝᾹι
526 1599 554 1618 is
564 1611 572 1623 ,
591 1599 613 1616 e.
632 1589 692 1616 Adi.
712 1589 861 1615 senatorius.

220 1633 295 1667 Msjr.
310 1630 382 1657 Erud.
397 1631 486 1663 Antiq.
501 1636 524 1661 p.
540 1630 584 1659 169
603 1623 846 1652 EXORNATO
872 1620 1166 1649 ORNAMENTIS
1186 1620 1248 1659 DE-

219 1670 241 1695 C
249 1669 270 1693 V
281 1669 302 1693 R
311 1668 319 1693 Ι
329 1668 352 1692 Ο
362 1665 416 1692 NA
425 1665 445 1690 L
453 1665 464 1691 Ι
473 1664 491 1689 Β
501 1663 522 1688 V
532 1663 555 1688 S.
591 1663 620 1688 Et
634 1660 711 1686 Gloss.
726 1660 771 1685 Gr.
785 1659 841 1684 Lat.
854 1657 995 1689 βελευτικός
1003 1674 1011 1687 ,
1028 1654 1214 1682 decurionalis.

256 1709 274 1728 1)
283 1710 298 1729 E
308 1709 323 1728 C
332 1709 352 1727 ν
361 1708 379 1727 R
389 1708 407 1727 R
417 1707 435 1727 Ο
445 1719 453 1732 ,
481 1697 601 1729 decurri,
622 1703 644 1722 ct
659 1694 810 1726 decucurri,
829 1695 895 1726 sum,
915 1695 967 1719 ere.

218 1739 319 1773 τρέχω]
355 1735 471 1770 Deorsum
481 1742 585 1759 [μνη-νε.
610 1732 686 1765 Virg.
696 1732 759 1757 Aen.
768 1739 829 1762 2,41
851 1730 974 1755 Laocoon
987 1727 1078 1754 ardens
1091 1727 1189 1752 sumnia
1204 1724 1247 1751 de-

217 1773 299 1799 currit
312 1771 344 1797 ab
357 1779 424 1796 arce.
485 1769 583 1795 Metius
596 1768 701 1793 Curtius
715 1766 747 1792 ab
761 1765 861 1792 Sabinis
877 1765 994 1798 princeps
1006 1763 1038 1789 ab
1053 1771 1111 1788 arce
1125 1761 1249 1800 decucur-

215 1814 287 1835 rerat
308 1807 366 1833 Liu.
381 1814 399 1836 1,
414 1813 447 1831 12.
507 1804 547 1830 Sic
561 1803 621 1828 Liu.
636 1811 679 1833 22,
691 1811 710 1834 4
729 1801 784 1834 Qii
797 1801 845 1826 vbi
859 1809 910 1834 qua
923 1801 1018 1833 cuique
1031 1797 1181 1832 proximum
1196 1796 1248 1822 fuit

220 1843 398 1869 deciicurrcre.
452 1839 493 1866 sic
512 1838 585 1864 MSS.
614 1836 681 1863 Add.
695 1836 781 1862 CcIJar.
796 1836 830 1862 ad
842 1836 906 1861 Plin.
922 1836 966 1869 Ep.
981 1837 1008 1866 6,
1022 1836 1048 1866 6,
1062 1842 1085 1860 2.
1138 1831 1202 1858 Riui
1217 1839 1249 1857 ex

221 1879 294 1906 fonte
314 1877 454 1903 decurrunt
483 1873 549 1899 Pliii.
562 1874 607 1906 Ep.
620 1881 643 1904 3,
656 1880 690 1897 20
710 1878 774 1897 extr.
1173 1903 1177 1906 -

220 1917 240 1941 ί.
275 1923 300 1939 cr
316 1918 425 1947 apertum
437 1918 502 1935 mare
525 1908 599 1941 Virg.
619 1909 682 1932 Aen.
700 1914 730 1939 ς,
748 1913 798 1932 212.
871 1906 1015 1931 Deciirrere
1036 1904 1087 1929 cita
1099 1911 1181 1936 puppi
1202 1902 1250 1927 Ca-

220 1955 249 1976 tii
263 1970 268 1974 .
282 1951 327 1981 64,
339 1950 363 1973 6.
432 1943 514 1971 Ouid.
528 1943 591 1970 fast.
607 1949 629 1974 ς,
643 1949 677 1975 77
708 1942 767 1967 Pars
783 1940 862 1973 pede,
888 1949 946 1975 pars
962 1940 1040 1965 etiam
1061 1938 1141 1964 celeri
1161 1936 1250 1963 decur-

220 1985 271 2012 rite
286 1983 385 2017 cymba.
457 1979 519 2006 Cito
533 1977 647 2004 decurrit
660 1976 763 2002 tramite
775 1975 852 2008 virgo
871 1976 945 2010 Virg.
959 1976 1024 2001 Aen.
1040 1982 1062 2006 ς,
1076 1975 1133 2000 610.
1167 1971 1248 1999 Ouid.

220 2021 284 2047 Met.
299 2028 337 2051 14,
352 2026 382 2050 50
406 2017 563 2048 Summaque
580 2012 695 2038 decurrit
709 2009 817 2045 pedibus
833 2010 906 2044 super
920 2019 1034 2044 aequora
1049 2009 1128 2035 siccis.
1183 2007 1249 2033 Plin.

897 1587 957 1613 Vet.
972 1585 1090 1619 Inscript.
1099 1584 1164 1619 apud
1176 1584 1248 1618 Spon.

222 2064 267 2088 24²
282 2060 305 2084 18
318 2055 336 2080 s,
352 2061 394 2084 103
424 2049 578 2077 Scarabeum
590 2047 636 2074 hac
651 2047 678 2073 iri
692 2054 772 2072 auena
791 2044 885 2077 habet,
904 2046 1005 2070 sursum
1026 2044 1148 2069 deorsum
1161 2042 1251 2068 decur-
1270 2047 1299 2073 53
1320 2041 1489 2068 commodans
1507 2041 1640 2071 mediam,
1658 2040 1728 2076 quasi
1750 2040 1899 2066 decussauit.

221 2096 332 2118 rentem.
402 2086 472 2113 Idem
488 2094 524 2117 12,
538 2093 567 2117 14
580 2084 597 2109 s.
613 2091 643 2114 30
663 2081 825 2108 Attolliintur
839 2080 917 2106 colles
933 2080 995 2111 alti,
1012 2079 1213 2111 ‚decurruntque
1226 2082 1251 2116 et

222 2127 250 2154 in
263 2126 337 2160 plana
351 2123 456 2149 arbores
473 2123 560 2155 sponte
574 2125 655 2145 natae.
727 2118 881 2147 Decumrc,
899 2116 1050 2142 Accelerare.
1088 2113 1147 2139 Liu.
1162 2122 1174 2138 2
1195 2113 1251 2145 Qu

222 2162 317 2197 positus
330 2159 399 2185 forte
415 2160 442 2184 in
456 2156 565 2183 statione
581 2153 683 2189 pontis,
702 2162 783 2187 quum
802 2158 904 2186 captum
918 2150 1056 2185 repentino
1069 2149 1169 2183 impetu
1184 2148 1251 2174 Iani-

222 2197 318 2227 cultim,
337 2200 413 2229 atque
426 2192 486 2219 inde
499 2191 590 2217 citatos
607 2189 743 2215 decurrere
757 2187 840 2213 hostes
853 2186 973 2218 vidisset,
992 2191 1037 2211 cte.
1093 2184 1152 2210 Liu.
1169 2193 1197 2216 4,
1218 2203 1224 2209 .
1243 2203 1252 2211 .

223 2234 278 2267 Ipse
291 2231 322 2258 ad
337 2227 527 2263 interpellantis
542 2233 651 2260 poenam
672 2232 762 2250 vecors
776 2222 806 2249 de
827 2221 954 2248 tribunali
969 2220 1093 2247 decurrit.

223 2268 291 2302 passu
311 2266 450 2292 decurrere
477 2264 573 2289 Lucan.
591 2271 618 2294 4,
655 2280 661 2285 .
699 2279 705 2285 .
762 2260 905 2285 Deciirrere
922 2257 1039 2282 (1161111110-
1055 2255 1167 2285 milites,
1198 2253 1250 2280 vid.

224 2310 242 2329 D
252 2310 268 2330 13
279 2308 296 2328 c
307 2309 327 2327 v
336 2308 354 2327 R
364 2308 376 2327 s
387 2307 394 2325 1
405 2306 433 2325 0.
483 2298 542 2324 Liu.
555 2306 601 2329 40,
615 2301 628 2325 8
648 2295 707 2322 Mos
719 2300 789 2326 erat,
808 2292 970 2319 lustrationis
983 2292 1055 2317 sacro
1069 2289 1188 2324 pei-ach,
1209 2297 1251 2314 ex-

220 2338 333 2364 ercitum
347 2336 500 2365 decurrere,
520 2338 545 2359 ct
559 2332 652 2358 diuisas
665 2330 789 2356 bifariam
806 2329 867 2354 duas
882 2328 948 2353 acics
963 2334 1118 2352 concurrere
1134 2324 1165 2350 ad
1178 2324 1253 2350 simii-

224 2375 322 2400 lacruin
337 2378 444 2404 pugnae.
515 2369 620 2394 Siieton.
635 2366 663 2392 in
677 2366 777 2392 Neron.
793 2372 843 2390 6.11
869 2361 1051 2390 Nobiliffiinus
1066 2369 1145 2395 eques
1158 2360 1253 2385 Roma-

222 2418 269 2435 nus
284 2406 432 2441 elephantos
446 2402 628 2437 supersedens,
647 2409 692 2435 per
709 2398 889 2427 catadromum
902 2397 1057 2424 decucurrit.

222 2445 351 2480 religmnis
364 2441 483 2466 militaris
502 2444 571 2465 erat‚·
599 2446 668 2471 quam
682 2435 710 2461 ob
723 2435 818 2470 causam
830 2435 932 2460 honoris
946 2442 1002 2469 ergo
1016 2435 1038 2458 is
1050 2432 1146 2458 heroum
1154 2430 1255 2466 funeri-

224 2480 268 2505 bus
281 2478 342 2504 idem
352 2472 525 2510 folchatfic›·i.·
546 2472 573 2497 de
586 2480 630 2506 quo
644 2470 711 2505 Lips
724 2470 758 2496 ad
772 2470 838 2495 Ann.
852 2470 919 2495 Tac.
932 2478 958 2500 2,
968 2476 984 2502 7
998 2474 1061 2493 extr.
1075 2476 1099 2501 p.
1115 2471 1151 2497 83.
1190 2467 1255 2492 Tor-

224 2520 289 2541 rcnt.
304 2512 336 2538 ati
347 2513 451 2537 Siieton.
467 2506 557 2533 Claud.
572 2515 592 2531 c.
608 2514 625 2531 1.
663 2508 767 2539 Itemque
780 2504 898 2530 stetur-ch.
914 2504 947 2529 acl
960 2505 1050 2536 Veget.
1066 2511 1093 2533 2,
1105 2510 1146 2527 22.
1197 2501 1253 2527 Cic.

227 2551 297 2576 Fam,
311 2549 348 2578 16,
363 2556 380 2579 4
411 2545 465 2577 Ego
477 2548 540 2576 puto
553 2546 578 2566 te
591 2539 741 2570 bellissime,
760 2538 778 2564 fi
791 2539 860 2565 16616
875 2538 942 2571 erit,
968 2547 1027 2563 cum
1041 2536 1183 2571 Qiaestor'e
1201 2537 1256 2562 Me-

226 2585 308 2612 scinio
323 2580 514 2608 Deciirsuriim,
534 2575 561 2602 de
579 2577 752 2609 nauigatione,
764 2573 921 2607 seallssanut.

227 2621 270 2646 die
286 2619 400 2652 legiones
420 2615 447 2640 in
459 2612 538 2639 armis
557 2616 670 2645 quatuor
682 2608 796 2634 millium
812 2608 893 2641 spatio
907 2609 1093 2633 Deciirrerunt.
1166 2607 1257 2633 Arma-

227 2663 268 2683 tos
281 2654 417 2679 decurrere
436 2648 509 2675 Idem
522 2656 568 2680 40,
582 2654 626 2679 47.
681 2642 814 2669 Exercitus
829 2641 995 2668 decurrentes
1012 2642 1050 2667 Id.
1067 2650 1110 2672 29,
1122 2650 1161 2667 22.
1207 2642 1256 2667 De-

229 2698 348 2717 currere,
366 2694 414 2721 pro
433 2683 579 2719 Confugere.
615 2680 671 2707 Cic.
691 2687 738 2713 pro
753 2678 845 2710 Qiint.
882 2697 887 2702 .
926 2696 931 2701 .
968 2675 1006 2701 Ad
1023 2676 1084 2700 haec
1104 2671 1219 2700 extr‘ema
1232 2681 1258 2700 et

228 2723 403 2754 inimicissima
423 2721 481 2745 iura
500 2713 552 2744 tzim
567 2715 659 2750 cupide
677 2713 845 2744 decurrebas,
862 2718 890 2738 vt
909 2711 959 2738 tibi
980 2710 1048 2736 nihil
1069 2710 1095 2735 in
1116 2709 1258 2743 posterum,

229 2769 274 2788 ctc.
311 2758 383 2793 Conf.
399 2755 488 2782 lustin.
503 2763 542 2787 14,
557 2761 580 2782 2,
594 2755 617 2777 6.
632 2758 654 2777 ct
668 2752 705 2781 16,
721 2758 741 2781 3,
758 2758 784 2781 4.
821 2749 916 2774 Graeu.
931 2746 962 2772 ad
975 2747 1030 2773 Cic.
1045 2754 1093 2779 pro
1106 2746 1209 2771 Caec.c.
1220 2752 1257 2775 23.

230 2798 300 2824 Nam
314 2792 409 2821 caeteri
424 2798 480 2816 tum
493 2789 524 2815 ad
541 2787 614 2813 istam
638 2785 814 2811 hortationem
830 2782 987 2814 decurrunt,
1013 2790 1093 2815 quum
1108 2780 1132 2805 sc
1145 2780 1172 2805 in
1186 2779 1259 2804 caiisa

230 2837 319 2867 putant
333 2829 428 2855 habere
442 2833 552 2859 aequum
567 2829 591 2849 et
605 2822 705 2848 bonum
719 2819 790 2854 quod
803 2818 956 2850 defendant,
973 2821 991 2843 i.
1007 2817 1163 2852 confugiunt.
1198 2814 1258 2840 Liu.

232 2873 270 2899 38,
284 2872 297 2897 8
315 2864 442 2891 Omnium
456 2859 595 2887 sententiae
607 2866 638 2883 eo
652 2856 829 2882 decurrerunt.
884 2853 923 2879 Ad
936 2851 1083 2879 remedium
1096 2849 1205 2884 aliquod
1219 2849 1260 2875 de‘

231 2909 338 2930 currere
354 2900 418 2925 Plin.
433 2896 510 2931 Epist.
525 2903 545 2927 3,
559 2903 601 2920 20.
656 2891 695 2918 Ad
709 2892 764 2917 vim
777 2889 1028 2916 medicamentorum
1043 2886 1180 2913 decurrere
1195 2885 1260 2911 Scri-

231 2938 294 2966 bon.
310 2937 354 2969 Ep.
392 2934 464 2968 Conj.
480 2930 564 2957 Rhod.
582 2930 644 2954 Lex.
680 2924 838 2959 Adstad.⁵um
850 2923 982 2960 respectum
994 2923 1082 2950 habent
1096 2920 1154 2955 {siae
1163 2921 1260 2956 formu-
1281 2929 1313 2954 30

231 2976 283 3001 lae:
308 2973 439 3004 Inceptum
458 2967 575 2993 laborem
591 2964 726 2989 decurrere
742 2962 815 2996 Virg.
829 2961 924 2994 Georg.
939 2968 963 2991 2,
979 2968 1018 2991 39.
1067 2957 1181 2992 Spatium
1196 2963 1262 2982 aeta-

232 3010 266 3036 tis
310 3008 378 3033 vitae
404 3004 459 3030 Cic.
481 3011 528 3036 pro
546 3000 639 3034 Qiint.
659 3008 680 3024 c.
697 2998 744 3024 vlt.
825 2997 914 3022 Vitam
949 2994 1102 3025 decurrere,
1127 2995 1144 3018 i.
1175 2993 1261 3019 Viiiere

233 3029 348 3078 Prdpert.
370 3049 395 3073 2,
416 3048 451 3069 12,
470 3047 509 3071 41.
580 3035 660 3061 Versu
681 3032 819 3059 decurrere
839 3040 935 3066 pugnas
962 3031 1022 3057 Stat.
1036 3029 1100 3055 Silii.
1121 3036 1144 3060 ς,
1163 3036 1185 3060 3,
1205 3035 1261 3059 149.

234 3081 329 3106 Lucan.
349 3075 380 3103 ad
402 3075 485 3101 rison.
521 3072 578 3098 Nec
593 3070 610 3096 si
629 3069 721 3096 cuntfta
741 3068 841 3100 velini,
866 3066 984 3093 breuiter
1005 3064 1143 3091 decurrere
1165 3062 1261 3097 possim.

235 3113 256 3149 ἦ
282 3123 297 3140 2
331 3110 502 3140 Decurritiir,
533 3106 742 3141 impersonaliter,
767 3110 817 3138 pro
835 3102 994 3138 Confugitur·
1233 3133 1237 3138 Ι

237 3149 390 3175 Deciirritiir
402 3145 433 3172 ad
448 3142 514 3171 illud
532 3148 677 3168 extremum
696 3146 773 3174 atque
786 3138 908 3165 vltimiiin
927 3138 951 3164 S.
967 3138 996 3163 C.
1018 3144 1085 3170 quo,
1106 3141 1151 3161 etr.
1207 3135 1262 3160 Clc.

238 3185 319 3210 Tiisc.
336 3192 355 3211 1.
368 3190 391 3215 ις
403 3191 424 3207 c.
439 3186 452 3210 8
471 3180 550 3206 Nunc
564 3177 643 3203 video
656 3176 764 3202 calcem:
785 3174 816 3200 ad
830 3183 908 3208 quem
922 3181 1003 3208 quum
1018 3172 1046 3198 sit
1059 3170 1205 3201 decursum,
1225 3170 1275 3196 ni-.

238 3219 276 3245 1111
290 3218 316 3243 sit
331 3212 459 3251 praeterea
467 3211 694 3241 extimescendum.
730 3208 927 3237 Deciirrendiim
940 3217 985 3243 per
992 3207 1075 3242 capita
1095 3205 1236 3239 Qiin&.6,
1246 3213 1264 3230 1.

277 3258 522 3281 nizizx*1<Ri:Ns‚
548 3248 623 3274 entis.
657 3247 748 3273 Partic.
785 3244 947 3278 [καταθέων]
990 3244 1039 3275 Vt,
1060 3243 1205 3269 Deciirreiis
1231 3239 1262 3266 ad

242 3296 366 3315 oceanum
381 3286 508 3312 Gallicum
528 3283 625 3310 fluuius
644 3282 709 3308 Plin.
723 3290 744 3313 3,
759 3290 767 3307 1
780 3282 797 3306 s.
812 3289 835 3306 2.

279 3330 296 3348 1)
306 3330 320 3349 r
329 3329 345 3348 c
355 3328 372 3346 v
383 3328 400 3346 n
409 3329 420 3346 s
430 3327 449 3345 v
459 3328 470 3346 s
480 3340 487 3351 ‚
511 3329 535 3351 a,
568 3328 622 3345 um.
659 3317 750 3344 Partic.
785 3316 797 3349 [
809 3315 995 3350 παρεληλυθὼς]
1044 3314 1094 3346 Vt,
1120 3312 1262 3351 Deciirsiim

244 3359 352 3392 spatium
368 3355 455 3381 aetatis
488 3356 567 3381 Plaiit.
582 3352 661 3380 Stich.
676 3361 695 3385 1,
708 3361 733 3384 2,
747 3361 774 3385 4.
824 3350 891 3378 Add.
907 3350 944 3376 Id.
958 3351 1038 3376 Merc.
1051 3358 1073 3382 3,
1087 3357 1113 3380 2,
1126 3357 1152 3381 4.
1206 3348 1261 3373 Cic.

245 3393 275 3418 de
288 3391 385 3418 sema.
400 3395 426 3421 83
455 3389 510 3415 Nec
529 3399 593 3415 vero
613 3389 693 3415 velim
713 3386 781 3422 quasi
801 3386 908 3412 decurso
930 3386 1012 3419 spatio
1026 3394 1041 3410 a
1056 3384 1124 3411 calce
1137 3383 1168 3409 ad
1181 3391 1264 3408 carce-

242 3437 284 3456 res
301 3425 427 3453 reuocari.
495 3424 595 3449 Liicret.
613 3433 633 3456 3,
653 3431 709 3456 1055
737 3423 792 3456 Ipse
811 3422 934 3456 Epicurus
948 3420 1017 3446 obiit
1032 3419 1139 3446 decurso
1154 3418 1265 3444 Lumine

245 3469 325 3489 vitae.

247 3497 339 3530 Quint.
360 3500 395 3525 88.
463 3493 532 3519 Cael·
546 3492 576 3517 nd
596 3494 649 3519 Cic.
662 3496 732 3520 Fam.
747 3498 768 3523 8,
782 3501 805 3525 13
842 3494 949 3519 Caetera
961 3500 1057 3525 porro,
1073 3489 1169 3524 quibus
1183 3488 1266 3514 adhuc

247 3534 292 3559 illc
308 3531 354 3557 sibi
368 3538 455 3563 parum
469 3528 540 3554 villis
555 3527 614 3558 fuit,
629 3534 652 3553 et
665 3536 745 3556 aetate
756 3529 808 3555 iam
822 3527 939 3554 decursa:
954 3532 980 3552 et
991 3524 1177 3552 consuetudine
1189 3530 1266 3558 atque

248 3566 405 3594 auftor'itate
424 3570 482 3595 tua,
501 3561 599 3596 pudore
618 3562 740 3594 Tulliae,
763 3564 780 3590 fi
796 3572 845 3598 qua
858 3562 1004 3593 restabunt,
1024 3560 1127 3587 confido
1146 3560 1266 3586 celeriter

249 3602 376 3629 sublatum
396 3599 438 3625 iri.
509 3599 589 3630 Prope
607 3596 662 3622 aeia
681 3598 732 3623 iam
749 3605 831 3625 aetate
849 3598 1006 3631 decursaque
1036 3597 1090 3622 Cic.
1110 3605 1157 3630 pro
1174 3595 1266 3628 (Qiiiit.

304 3646 324 3662 c.
340 3645 372 3667 31.

249 3647 284 3699 ’ἓὲ
294 3678 346 3698 arte
361 3669 473 3696 Deciirsa
487 3668 541 3692 siint
550 3686 557 3698 ,
577 3666 667 3692 audire
680 3668 805 3700 cupimus.
825 3673 843 3694 i.
863 3670 967 3695 brcuitcr
980 3677 995 3693 a
1007 3675 1030 3693 te
1042 3665 1162 3692 trac‘sata.

290 3714 304 3731 '³
316 3713 355 3733 LC
368 3711 385 3728 V
397 3711 414 3730 R
425 3711 436 3729 S
446 3709 464 3727 V
474 3709 502 3733 S,
529 3700 566 3726 fis·
588 3710 622 3726 ¹¹¹·
657 3700 834 3735 [untrained]
870 3705 927 3730 L'ni.
943 3712 962 3735 1,
977 3711 1010 3737 27
1030 3703 1120 3736 Itaque
1133 3710 1164 3726 ne
1178 3700 1265 3726 subito

250 3752 281 3769 ex
295 3740 405 3768 collibus
429 3737 535 3763 decursu
559 3735 717 3760 Albanorum
743 3737 975 3764 intercluderentur
998 3737 1030 3764 ab
1055 3736 1169 3771 oppid0‚
1196 3742 1267 3769 terga

249 3782 363 3804 vertunt.
432 3773 540 3806 Magnus
554 3771 671 3795 decursus
684 3779 808 3803 aquarum
834 3772 935 3798 Lucret.
948 3782 971 3805 ς,
983 3776 1044 3806 264.
1114 3772 1187 3805 Vir-g.
1203 3773 1266 3797 Aen.

795 283 922 313 Columel.
937 292 956 315 1,
970 291 1023 317 9,7
1052 282 1143 308 Classes
1162 281 1242 306 etiam
1269 286 1283 312 ς

1267 997 1295 1023 ²5
1315 987 1351 1010 tio
1364 986 1471 1011 militari
1490 985 1550 1011 Liu.
1566 986 1608 1015 26,
1622 993 1657 1016 51.

844 1872 942 1904 Aperto
973 1869 1064 1904 pelago
1096 1867 1251 1896 decurrere,
1270 1880 1301 1905 50

1165 2218 1252 2244 Effiiso
1270 2228 1304 2253 50

1099 2397 1184 2430 Itaque
1191 2401 1255 2429 pars
1275 2400 1306 2430 65
1323 2398 1407 2422 vicem
1422 2396 1511 2423 dextra
1530 2395 1683 2429 sinistraque
1702 2395 1850 2421 decussatim
1863 2396 1956 2429 Veget.
1970 2393 2002 2419 de
2014 2402 2043 2420 re
2055 2394 2116 2419 Vet.
2129 2400 2152 2424 3,
2167 2400 2212 2424 24,
2225 2400 2250 2424 9.
2265 2404 2268 2405 ⁷

1043 3100 1114 3127 Caes.
1130 3099 1157 3125 Β.
1173 3100 1202 3125 C.
1218 3107 1235 3128 i,
1251 3105 1305 3136 585

442 3632 513 3659 ldcm
527 3631 557 3656 de
571 3632 643 3657 Orat.
659 3640 678 3662 Ι,
694 3638 736 3665 148
771 3635 889 3660 Attamen
903 3633 958 3665 ista,
971 3640 1036 3667 quae
1051 3631 1096 3657 abs
1109 3638 1134 3657 te
1150 3630 1265 3657 breuiter
1277 3635 1323 3652 ¹00
1335 3639 1389 3656 non
1411 3629 1555 3656 dedecuere
1572 3629 1707 3656 dominam
1733 3625 1812 3654 Ouid.
1832 3626 1922 3651 Amor.
1937 3634 1955 3655 1,
1969 3633 1995 3659 7,
2010 3634 2043 3652 12.

1670 51 1835 100 DE
1929 50 1965 91 D
2291 51 2338 99 36

1308 140 1403 166 Catiill.
1417 141 1462 173 64,
1476 148 1514 172 23.
1535 138 1563 165 de
1575 139 1637 164 malo
1649 137 1740 173 paellae
1760 139 1845 175 elapfi),
1873 141 1958 173 Atque
1972 138 2036 165 illud
2052 148 2136 173 prono
2151 147 2268 174 praeceps
2284 137 2337 173 agi-

1308 181 1352 201 tur
1366 175 1482 201 decursu.
1520 175 1574 201 Cic.
1588 175 1658 200 Fam.
1673 182 1694 205 3,
1708 182 1720 198 a
1741 173 1820 200 Vides
1835 184 1866 201 ex
1879 176 1924 202 SC.
1947 175 2109 209 prouinciam
2123 177 2169 201 esse
2182 175 2338 205 habendam,

1308 210 1326 236 si
1341 219 1397 236 eam
1422 214 1432 241 (
1441 210 1527 245 quoad
1542 210 1598 235 eius
1612 209 1696 235 facere
1710 210 1845 243 potueris)
1862 220 1940 245 quam
1953 210 2163 244 expeditiffimam
2178 211 2245 236 mihi
2260 209 2339 235 tradi-

1311 244 1395 277 deris,
1411 245 1517 271 facilior
1530 244 1581 270 erit
1595 243 1662 269 mihi
1675 244 1744 278 quasi
1760 244 1885 271 Deciirsus
1898 245 1952 272 mei
1964 245 2097 278 temporis.
2133 244 2204 271 Idem
2219 245 2250 270 de
2264 246 2338 271 Orat.

1313 288 1333 311 1,
1351 288 1360 305 1
1388 280 1413 306 Si
1427 280 1545 306 infinitus
1565 279 1708 305 forensium
1722 288 1810 306 rerum
1829 278 1919 313 labor,
1939 287 1963 307 et
1977 280 2130 306 ambitionis
2143 281 2281 315 occupatio
2296 280 2340 305 de-

1311 315 1387 340 ciirsii
1405 315 1554 346 honorum,
1579 315 1660 340 etiam
1678 315 1768 341 aetatis
1787 315 1870 345 flexu,
1901 317 2060 342 constitisset.
2130 316 2275 347 Deciirsiis,
2293 322 2339 350 pro

1311 350 1446 388 simulacro
1458 351 1610 385 praeliorum
1643 350 1710 376 Geli.
1724 358 1750 384 7,
1764 358 1785 381 3.
1856 350 1986 377 Exci-citio
2000 351 2120 385 equitum
2137 350 2283 377 decursibus
2296 359 2340 376 co-

1311 385 1429 410 hortium
1441 385 1558 411 interess‘e
1590 385 1658 411 Tac.
1673 388 1740 411 Anii.
1755 394 1779 417 2,
1793 392 1830 417 53,
1844 387 1868 410 6.
1937 386 2079 417 Decursiis,
2092 392 2141 420 pro
2163 387 2222 412 fine
2240 388 2338 422 cursus:

1311 421 1415 446 Sueton.
1430 420 1458 445 in
1472 420 1574 446 Neron.
1589 429 1610 445 c.
1624 428 1659 452 24
1677 420 1725 446 Sed
1738 421 1852 446 exciiss'iis
1867 428 1957 451 curru,
1968 430 1995 448 ac
2008 422 2095 448 rursus
2108 420 2243 454 repositus,
2258 430 2340 456 qiiiini

1310 455 1453 489 perdurare
1469 464 1523 480 non
1536 455 1630 489 posset,
1649 455 1746 481 destitit
1759 462 1816 482 ante
1830 455 1975 481 decursum.

1346 496 1364 516 D
1374 498 1390 517 E
1399 498 1414 517 C
1424 498 1442 516 V
1456 497 1473 516 R
1486 498 1498 516 S
1508 496 1553 516 OR
1563 498 1571 516 1
1581 497 1602 516 ν
1611 497 1653 522 Μ,
1674 491 1703 516 ii.
1728 500 1753 517 n.
1788 492 1875 522 Locus,
1887 493 1913 516 in
1929 499 1974 525 quo
1986 489 2138 518 decurritur:
2161 491 2249 517 Gracci
2264 489 2341 516 noerii-

1309 523 1406 560 δρομον,
1431 531 1529 551 vocant.

1346 567 1364 586 D
1374 568 1390 587 E
1401 566 1417 587 c
1429 568 1446 585 ν
1458 567 1497 587 RS
1509 566 1517 585 1
1531 566 1567 592 0,
1587 559 1656 586 onis.
1676 560 1696 586 f.
1728 560 1849 588 Verbale.
1885 557 2099 595 [καταδρόμησις]
2136 561 2191 588 Cic.
2208 559 2239 586 de
2253 559 2341 586 Finib.

1311 602 1333 628 ς,
1346 603 1381 631 70
1403 598 1490 629 Qem
1497 595 1632 621 Tiberina
1644 594 1760 621 decursio
1771 596 1837 622 festo
1846 596 1894 623 illo
1907 596 1950 622 die
1963 601 2034 622 tanto
2047 597 2141 629 gaudio
2154 596 2250 627 affecit,
2263 603 2343 629 quan-

1278 639 1290 665 ς
1311 637 1356 663 to,
1375 638 1420 658 etc.
1456 633 1505 658 Pro
1517 631 1673 656 meditatione
1681 635 1902 666 pugnaeponitur,
1930 630 2054 658 Decursio
2068 631 2222 666 Campestris
2239 631 2343 656 Sueton-

1312 666 1388 692 Galb.
1403 669 1427 693 6.
1487 666 1559 693 Idem
1574 666 1602 691 in
1614 666 1716 692 Neron.
1731 673 1778 700 c.7
1798 665 1930 693 Dedue‘ms
1944 668 1971 693 in
1984 667 2073 693 forum
2087 666 2157 698 tiro,
2186 666 2267 701 opulo
2283 674 2344 691 cori-

1312 701 1442 735 giarium,
1463 702 1545 728 militi
1558 701 1712 727 donatiuum
1726 702 1877 736 proposuit:
1904 702 2056 736 indietaque
2075 702 2162 727 Decur
2171 710 2231 728 ione
2244 706 2345 736 praeto-

1313 737 1410 769 rianis,
1430 738 1530 763 scutum
1544 738 1589 762 sua
1602 745 1680 762 manu
1693 737 1826 771 praetulit.
1863 737 1909 763 Sed
1922 737 1949 763 de
1961 747 2021 764 vera
2029 744 2115 773 pugna
2135 737 2227 763 Brutus
2243 736 2274 763 ad
2289 736 2345 762 Cic.

1314 772 1384 799 Fam.
1401 782 1477 805 11,10
1505 774 1557 799 Aut
1577 772 1733 806 Apennino,
1756 771 1919 806 Alpibusque
1944 773 1969 798 se
1989 779 2093 804 teneat,
2112 778 2137 798 et
2151 771 2345 798 decursionibus

781 812 909 838 Homines
924 811 1030 838 vicatim
1045 809 1208 836 conscribere
1221 813 1246 834 et
1263 820 1297 837 20
1313 816 1359 841 per
1370 809 1470 842 equites
1485 817 1550 842 quos
1563 807 1641 834 habet
1653 807 1760 839 multos,
1773 807 1853 833 vastet
1861 816 1890 834 ea
1904 807 1970 839 loca,
1983 808 2084 843 inquae
2099 807 2249 834 incurrerit.
2282 809 2347 833 Rur-

1309 843 1368 878 sus.-
1382 844 1420 869 Ad
1430 843 1615 870 Deciirsionem
1627 844 1711 877 campi
1725 843 1822 869 milites
1835 848 1929 869 exeunt
1937 844 2025 876 Veget.
2041 852 2063 875 2,
2076 851 2117 869 22.
2156 843 2223 868 Haec
2235 844 2347 868 exercitii

1314 885 1409 904 tantum
1428 880 1499 914 causa
1517 877 1706 911 instituebatur,
1723 888 1776 904 cum
1796 876 1898 904 eduam
1915 879 1984 903 miles
1997 881 2024 903 in
2035 885 2143 913 campum
2162 879 2257 913 aliquot
2270 876 2349 902 millia

1312 912 1421 949 paffiium
1432 921 1542 940 armatus
1557 912 1737 949 instrue-susque
1756 915 1813 940 telis
1819 913 1895 948 pedes
1909 915 2017 939 militari
2034 914 2113 948 gradu
2130 917 2167 939 ire
2186 922 2216 939 ac
2225 911 2307 939 redire
2320 915 2348 936 in

1314 947 1410 981 castra,
1434 959 1502 986 eques
1521 952 1593 975 ctiam
1600 950 1705 984 perinde
1716 956 1826 975 armatus
1834 955 1980 984 procurrere
1991 948 2130 975 iubebatur.-
2156 948 2183 974 de
2198 957 2245 983 quo
2257 950 2349 973 exerci-

1711 985 1802 1019 Veget.
1816 993 1835 1015 1,
1856 992 1899 1018 27.
1918 986 1961 1019 qui
1979 990 2002 1010 et
2020 992 2041 1015 3,
2060 993 2079 1016 4
2100 984 2184 1018 campi
2202 983 2348 1009 ciirsionem

1314 1025 1401 1046 vocat.
1438 1022 1491 1046 Hoc
1503 1022 1687 1046 exercitationis
1701 1029 1776 1056 genus
1794 1027 1832 1046 ter
1846 1026 1903 1055 quot
1917 1018 2033 1052 menstbiis
2052 1028 2081 1044 ex
2099 1018 2252 1052 institutione
2263 1020 2349 1054 Augu-

1307 1053 1348 1088 sti
1360 1055 1477 1090 usurpare
1482 1056 1598 1092 solitum,
1618 1055 1652 1081 ad
1665 1056 1735 1081 illum
1746 1055 1840 1082 Taciti
1852 1056 1928 1082 locum
1944 1055 2011 1080 Ann.
2026 1062 2048 1086 2,
2062 1061 2099 1087 55,
2114 1056 2133 1080 6
2152 1054 2252 1088 Lipsius
2265 1059 2347 1081 notat.

1352 1096 1371 1116 D
1381 1097 1421 1117 EC
1431 1097 1450 1116 V
1461 1098 1499 1118 Rs
1509 1099 1518 1117 1
1528 1098 1593 1123 To,
1620 1096 1671 1117 ire.
1701 1091 1777 1125 Apul.
1794 1090 1826 1116 de
1841 1091 1898 1117 Deo
1912 1090 2011 1116 Socrat.
2030 1099 2055 1124 p.
2072 1091 2111 1116 116
2143 1088 2265 1116 Eiusdem
2285 1088 2348 1114 artis

1315 1125 1480 1160 disciplinam
1493 1126 1566 1152 simul
1585 1132 1610 1152 et
1623 1126 1799 1160 ignorantiam
1815 1125 1979 1152 decursitant.
2150 1127 2153 1129 ’

1349 1168 1367 1188 n
1376 1168 1392 1188 E
1401 1168 1418 1188 c
1426 1169 1447 1188 v
1456 1169 1475 1188 R
1484 1168 1496 1188 s
1508 1168 1526 1187 0
1536 1169 1556 1188 R
1564 1170 1574 1188 1
1583 1169 1604 1188 v
1613 1169 1626 1188 s
1634 1182 1643 1194 ,
1663 1170 1688 1194 a,
1708 1171 1761 1188 um.
1801 1161 1861 1188 Adi.
1897 1160 2026 1188 Termini
2043 1159 2189 1187 decursorii
2213 1159 2349 1186 Innocent.

1315 1196 1346 1223 de
1359 1197 1415 1223 Cas.
1429 1206 1453 1231 p.
1469 1205 1524 1229 223.
1663 1196 1665 1198 ’
2347 1206 2352 1210 ·

1352 1239 1370 1258 D
1380 1239 1421 1259 EC
1431 1238 1508 1259 VRT
1518 1239 1554 1264 o,
1580 1236 1633 1258 are.
1668 1233 1680 1267 [
1693 1231 1798 1263 κολοβόω
1812 1234 1823 1265 ]
1858 1232 1959 1259 Currum
1981 1230 2080 1267 facere.
2115 1230 2180 1257 Plin.
2199 1237 2238 1263 23,
2257 1238 2270 1260 ς
2288 1232 2306 1256 s.
2320 1236 2350 1255 21

1315 1268 1451 1302 Leguntiir
1469 1273 1557 1294 autem
1576 1266 1735 1294 tenuiffimae
1753 1267 1871 1300 radices,
1892 1267 2055 1301 breuesque,
2072 1275 2101 1292 ac
2118 1266 2191 1293 velut
2204 1265 2351 1291 decurtatae

1315 1304 1397 1330 etiam
1419 1303 1475 1330 1136.
1532 1303 1676 1329 Decurtans
1698 1304 1828 1329 canterios
1852 1302 1951 1329 Arnob.
1964 1311 1976 1335 5
1998 1312 2023 1337 p.
2043 1304 2094 1334 163.
2165 1301 2221 1327 Cic.
2236 1300 2264 1326 in
2277 1299 2351 1326 Orat.

2153 1337 2308 1363 Deciirtatus
2322 1333 2351 1361 de
2363 1353 2365 1355 .

1350 1416 1490 1442 Decvs,
1526 1409 1579 1435 vid.
1615 1415 1751 1437 DECOR.

1352 1451 1551 1477 DECVSSIS,
1572 1445 1602 1471 is.
1622 1454 1658 1470 m.
1695 1443 1799 1479 [δίκας]
1835 1446 1922 1472 Decem
1939 1443 2008 1477 offis.
2046 1445 2069 1470 A
2090 1443 2179 1469 decem
2198 1441 2290 1473 assibus
2307 1440 2350 1467 de-

1315 1480 1386 1506 601Ῑί6
1401 1482 1476 1507 Varr.
1491 1480 1519 1506 L.
1532 1481 1561 1506 L.
1575 1489 1604 1513 4,
1618 1483 1649 1512 36
1666 1489 1691 1515 p.
1710 1490 1756 1514 40,
1770 1483 1813 1507 26.
1850 1482 1918 1506 Hinc
1937 1479 2070 1517 Decuss‘em
2083 1479 2224 1505 Vitriiiiiiis
2244 1484 2291 1513 pro
2305 1478 2353 1503 De-

868 1516 1050 1543 Honorarium
1064 1516 1248 1548 decurionatus
1258 1525 1295 1550 40
1316 1519 1388 1541 nario
1403 1518 1495 1549 accipit
1508 1524 1530 1547 3,
1544 1524 1553 1541 1
1579 1515 1681 1542 Platoni
1701 1516 1797 1551 placuit
1809 1515 1946 1542 denarium
1967 1524 2107 1541 numerum
2121 1523 2150 1540 ea
2163 1523 2191 1540 re
2208 1514 2256 1539 esse
2270 1512 2356 1547 perfe-

1318 1549 1404 1582 61001,
1424 1549 1497 1584 quod
1514 1558 1546 1575 ex
1565 1550 1738 1588 singularibus
1759 1550 1854 1582 rebus,
1874 1559 1942 1585 quae
1959 1550 2083 1576 monades
2103 1549 2170 1584 apud
2184 1549 2297 1574 Graecos
2314 1546 2352 1572 di-

1317 1591 1428 1616 cuntur,
1448 1584 1583 1619 perficitur
1595 1585 1713 1610 decuffis:
1748 1594 1813 1618 quae
1827 1585 1901 1611 simul
1913 1595 1942 1612 ac
1954 1586 2075 1612 vndecim
2087 1591 2131 1611 aut
2144 1583 2283 1610 duodecim
2295 1583 2355 1608 sunt

1317 1620 1417 1652 saitae,
1442 1625 1507 1654 quot
1528 1620 1708 1653 siiperaiierint
1728 1628 1783 1647 non
1802 1620 1904 1653 poffiint
1922 1621 1970 1647 esse
1984 1620 2131 1654 ρει-168136,
2151 1619 2235 1644 donec
2247 1617 2280 1643 ad
2292 1617 2354 1642 alte-

1317 1664 1377 1682 rum
1400 1654 1520 1680 deciiffiin
1544 1655 1722 1689 pei-uenerint.
1795 1653 2093 1687 Ι)661111’6111[χ1ασμὸν]
2115 1659 2164 1689 pro
2186 1651 2356 1685 Deciiffiniorie

1004 1691 1152 1726 [noe-roefis'w,
1170 1700 1297 1731 ’‘⁵⁴⁷⁰‘·,45
1317 1693 1409 1725 accipit
1428 1689 1492 1716 Plin.
1528 1695 1562 1721 18,
1582 1698 1615 1722 34
1633 1691 1651 1716 s.
1672 1697 1718 1724 77,
1738 1697 1748 1715 1
1786 1690 1922 1715 Diicantur
1942 1689 2037 1715 deinde
2060 1689 2128 1714 aliae
2140 1688 2206 1713 duae
2225 1687 2312 1713 lineae
2326 1686 2355 1712 in

1317 1726 1427 1752 decuffes
1442 1725 1581 1759 obliquae,
1605 1725 1641 1751 ita
1662 1731 1690 1751 vt
1704 1734 1718 1751 a
1733 1724 1923 1758 Septentrionis
1943 1724 2049 1750 dextera
2068 1724 2194 1756 laeuaque
2214 1721 2247 1748 ad
2265 1720 2355 1747 Austri

1318 1761 1450 1788 dexteram
1465 1761 1618 1794 laeuamque
1634 1759 1803 1786 descendant:
1838 1767 1928 1785 omnes
1941 1768 1987 1793 per
2003 1758 2115 1785 eundem
2129 1763 2234 1784 currant
2246 1755 2355 1783 vmbili-

1318 1806 1394 1829 cum,
1406 1805 1496 1822 omnes
1515 1796 1584 1821 inter
1602 1796 1627 1821 se
1644 1804 1717 1829 pares
1737 1794 1800 1825 sint,
1819 1795 1942 1821 oninium
1964 1795 2037 1829 paria
2061 1792 2209 1819 interualla.
2262 1793 2354 1826 Nempe

1318 1832 1428 1859 Denarii
1443 1838 1500 1857 nota
1519 1829 1551 1862 est
1565 1830 1597 1861 X,
1618 1831 1763 1856 Latinorum
1777 1830 1827 1862 iX,
1843 1830 1880 1856 Χῖ
1895 1831 2051 1856 Graecorum.

1354 1874 1374 1892 D
1383 1874 1399 1892 E
1408 1873 1424 1892 c
1434 1872 1453 1890 v
1463 1873 1476 1891 s
1485 1872 1498 1891 s
1507 1871 1526 1891 o
1535 1884 1544 1897 ,
1562 1869 1615 1891 are.
1654 1865 1666 1898 [
1673 1864 1772 1898 χωὲζω]
1809 1866 1840 1891 In
1848 1864 1962 1898 formam
1977 1866 2005 1891 X
2015 1866 2101 1891 literae
2107 1862 2193 1898 secare
2205 1868 2228 1887 ee
2235 1859 2355 1887 diuidere.

1319 1900 1450 1928 Columel.
1465 1909 1493 1933 4,
1507 1907 1545 1934 17,
1559 1902 1576 1926 6
1600 1900 1628 1926 de
1645 1903 1718 1927 vinea
1733 1902 1820 1935 iugata
1839 1901 1954 1934 loquens,
1980 1898 2059 1926 Nihil
2077 1899 2147 1924 enim
2165 1897 2248 1923 refert
2263 1897 2357 1931 iugum

1318 1937 1347 1963 in
1360 1936 1459 1962 stellam
1471 1935 1596 1962 decussari
1612 1942 1692 1970 atque
1703 1934 1811 1967 diduci,
1834 1934 1882 1961 nisi
1899 1940 1924 1961 et
1942 1935 2062 1969 palmites
2079 1933 2262 1967 adiungantur.
2299 1932 2358 1959 Alia·

1318 1974 1401 2009 legunt
1415 1971 1591 2005 Adiiigentiir.
1661 1970 1717 1997 Cic.
1732 1970 1764 1996 de
1776 1970 1900 1996 Vniuers.
1920 1979 1947 1996 21
1966 1979 1987 1996 c.
2000 1977 2017 2004 7
2053 1970 2127 1995 Hanc
2147 1969 2228 2002 igitur
2249 1975 2356 1994 omnem

1319 2007 1553 2039 coniune'tionem,
1572 2006 1704 2040 duplicem
1730 2005 1758 2031 in
1783 2004 1978 2039 longitudinem
2002 2002 2116 2035 diffidit,
2141 2002 2297 2037 mediaeque
2315 2011 2356 2029 ae-

1969 2039 2100 2066 Columel.
2119 2047 2141 2071 3,
2163 2047 2197 2071 13,
2217 2046 2245 2065 12
2283 2038 2356 2065 Ν3πι

1321 2077 1384 2104 duas
1402 2078 1503 2112 regulas
1522 2077 1577 2103 eius
1595 2077 1759 2108 latitudinis,
1778 2085 1830 2110 qua
1846 2075 1989 2110 pastinator
2001 2075 2100 2101 sulcum
2121 2073 2238 2100 faeiurus
2257 2073 2310 2105 est,
2326 2073 2356 2099 in

1320 2113 1431 2148 speciem
1446 2113 1558 2139 Graecae
1577 2112 1669 2139 literae
1681 2113 1705 2139 X
1719 2111 1914 2138 decussaiiinmS.
1957 2112 2043 2137 Vtitur
2062 2116 2085 2136 et
2104 2109 2228 2136 Martian.
2240 2107 2326 2143 Capel.
2341 2113 2358 2137 8

1320 2159 1345 2184 p.
1362 2156 1413 2184 277
1433 2149 1461 2174 de
1474 2149 1586 2180 Colnris,
1606 2148 1661 2181 Qii
1677 2146 1784 2182 quidem
1802 2147 1886 2173 alium
1899 2145 1932 2173 ab
1945 2151 2007 2172 ortu
2017 2144 2144 2172 circulum
2157 2143 2311 2171 decuss‘antes
2327 2143 2357 2170 in

1321 2191 1435 2220 quatuor
1448 2183 1558 2219 quadras
1570 2183 1665 2210 mundi
1677 2182 1806 2209 ambitum
1819 2182 2007 2208 discreuerunt.

1356 2226 1375 2246 D
1383 2227 1399 2247 E
1409 2226 1425 2247 c
1433 2226 1453 2245 v
1461 2227 1474 2246 s
1482 2227 1494 2246 s
1503 2226 1524 2246 A
1533 2225 1554 2245 T
1563 2225 1584 2243 v
1592 2226 1616 2251 s,
1629 2227 1652 2251 a,
1665 2227 1720 2244 um.
1738 2219 1805 2245 Part.
1827 2219 1886 2254 lugi
1893 2224 1991 2253 partes.
2028 2215 2158 2242 Columel.
2171 2223 2198 2248 4,
2211 2223 2247 2248 24
2272 2213 2356 2241 Paral-

1321 2255 1371 2281 lela
1385 2255 1518 2282 decussata.
1540 2254 1663 2280 Martian.
1679 2253 1767 2288 Capel.
1783 2262 1792 2279 1
1814 2262 1839 2287 p.
1854 2262 1894 2287 14.

1358 2290 1556 2323 DecvsvsAT
1566 2297 1575 2315 1
1585 2296 1619 2315 M.
1657 2288 1724 2315 Adii.
1762 2288 1845 2321 [nard
1863 2287 1992 2322 χιασμόν]
2028 2285 2160 2313 Columel.
2195 2293 2239 2316 iz,
2271 2290 2319 2317 54,
2345 2291 2358 2310 1

1322 2325 1424 2352 Deinde
1444 2325 1508 2352 sicut
1523 2325 1716 2351 coiisueiieriint
1732 2324 1896 2358 salgamarii,
1921 2322 2071 2349 decuffatim
2089 2322 2250 2347 ferramento
2266 2319 2358 2346 lunato

1321 2361 1441 2388 incidito.
1476 2361 1581 2387 Vitruu.
1599 2369 1618 2392 1,
1632 2362 1648 2386 6
1667 2360 1778 2387 Circino
1798 2358 1946 2386 decussatim
1965 2357 2134 2384 describatur.
2175 2357 2241 2382 Vres
2253 2355 2291 2381 eis
2304 2363 2361 2416 Rer-

2329 2398 2358 2416 u-

1323 2431 1417 2466 gustin.
1431 2431 1463 2457 de
1477 2430 1568 2457 Doetr.
1582 2430 1678 2456 Christ.
1694 2439 1718 2461 2,
1730 2438 1765 2463 24
1787 2431 1845 2455 Vna
1863 2429 1947 2463 figura
1960 2429 2051 2454 literae
2068 2436 2135 2461 quae
2148 2427 2297 2453 decussatim
2312 2434 2360 2451 no·
2396 2436 2400 2439 .

1325 2473 1404 2498 tatur,
1420 2465 1491 2492 aliud
1505 2464 1573 2499 apud
1587 2465 1711 2496 Graecos,
1724 2464 1796 2490 aliud
1816 2464 1885 2499 apud
1898 2463 2005 2489 Latinos
2020 2462 2105 2494 valet,
2125 2470 2179 2488 non
2193 2467 2301 2492 natura,
2315 2459 2360 2485 sed

1324 2503 1420 2537 placito
1432 2507 1458 2527 et
1472 2499 1638 2526 consensione
1651 2498 1823 2533 significandi.
1855 2498 1970 2534 ,intellige
1987 2499 2085 2524 literam
2099 2498 2133 2522 X.

1361 2544 1380 2563 D
1389 2543 1478 2564 ECVS
1488 2543 1500 2562 S
1509 2543 1530 2562 A
1539 2541 1578 2561 ΤΙ
1587 2541 1622 2567 ο,
1639 2535 1705 2561 onis.
1726 2535 1745 2560 f.
1780 2533 1928 2568 [χιασμδς]
1965 2533 2071 2559 Vitriiu.
2086 2541 2106 2563 1,
2119 2533 2136 2558 6
2155 2540 2179 2565 p.
2195 2539 2218 2563 13
2231 2536 2295 2556 extr.
2322 2529 2362 2555 Ex

994 2573 1053 2599 Liu.
1066 2574 1109 2604 26,
1122 2580 1147 2604 51
1167 2572 1256 2597 Primo
1274 2572 1366 2612 70.hi⁵
1382 2571 1484 2599 duobus
1501 2571 1577 2605 signis
1594 2571 1695 2596 circino
1710 2569 1859 2596 decussatim
1877 2568 2091 2598 describendum,
2111 2573 2136 2593 et
2150 2575 2195 2600 per
2208 2564 2360 2591 (1660113110-

1325 2617 1386 2634 nem
1401 2613 1425 2633 et
1438 2606 1555 2633 medium
1570 2611 1689 2631 centrum
1708 2605 1777 2631 linea
1798 2603 1971 2638 perducenda.
2024 2604 2054 2628 Et
2072 2601 2138 2628 ibid.
2151 2608 2183 2635 sp.
2199 2609 2222 2633 15
2235 2600 2297 2627 med.
2318 2599 2360 2626 Ab

1325 2643 1397 2677 signo
1411 2642 1458 2668 vbi
1476 2641 1512 2667 est
1531 2642 1553 2668 C
1568 2641 1668 2667 circino
1681 2640 1830 2666 decussatim
1848 2639 2009 2666 describatur
2027 2637 2074 2664 vbi
2093 2636 2129 2663 est
2142 2637 2181 2666 D;
2201 2635 2295 2662 deinde
2313 2642 2362 2668 per

1325 2677 1528 2703 deaurationem
1545 2675 1593 2702 vbi
1612 2675 1648 2702 est
1661 2677 1698 2706 D,
1717 2681 1742 2701 et
1762 2681 1879 2701 centrum
1898 2673 2054 2707 perducatur
2070 2672 2140 2699 linea
2153 2671 2186 2699 ad
2204 2676 2359 2698 extremum.

1325 2713 1465 2744 Aliquoties
1477 2713 1550 2735 etiam
1564 2713 1647 2735 vritur
1659 2719 1694 2740 10,
1708 2719 1741 2735 η.

1360 2751 1378 2771 D
1388 2751 1403 2771 Ε
1412 2750 1428 2769 c
1438 2742 1460 2769 17
1468 2750 1489 2769 Τ
1498 2751 1506 2769 1
1516 2750 1534 2769 0
1544 2763 1552 2775 ,
1572 2743 1597 2768 1Γ1
1606 2763 1614 2775 ,
1631 2744 1709 2774 ffiim,
1729 2745 1782 2769 ere.
1818 2744 1832 2776 [
1838 2743 1974 2775 κατασείω]
2008 2741 2141 2779 Significat
2153 2742 2279 2771 Deficere,
2293 2738 2362 2766 deor-

1321 2779 1380 2816 sum
1400 2784 1507 2814 quatere
1519 2778 1601 2804 Plaiit.
1616 2777 1690 2812 Epid.
1706 2786 1729 2810 2,
1741 2786 1764 2810 3,
1775 2786 1788 2810 3
1815 2778 1889 2811 Qiin
1909 2786 1940 2804 ex
1957 2778 2061 2804 occluso
2074 2782 2152 2811 atque
2167 2774 2303 2809 obsignato
2320 2783 2362 2801 ar-

1329 2815 1415 2842 mario
1436 2814 1547 2841 Deciitio
1567 2813 1667 2847 argenti
1687 2819 1801 2844 tantum,
1821 2819 1949 2848 quantum
1961 2811 2130 2839 mihi-lubet.
2199 2810 2279 2837 Ouid.
2294 2808 2366 2837 Fastj

1330 2859 1353 2882 2,
1366 2858 1419 2885 707
1451 2849 1568 2876 Nuntius
1586 2855 1614 2875 vt
1627 2848 1725 2881 rediit,
1744 2849 1894 2883 decussaque
1908 2848 1965 2874 lilia
1977 2847 2053 2874 dixit.
2125 2846 2231 2873 Deciissa
2249 2845 2362 2878 cydon-ia

1329 2894 1404 2912 ramo
1418 2886 1534 2918 Propert.
1550 2893 1572 2916 3,
1587 2892 1624 2916 12,
1638 2891 1678 2918 27.
1749 2884 1880 2910 Columel.
1894 2892 1926 2916 11,
1942 2892 1968 2916 2,
1982 2888 2009 2915 38
2028 2883 2097 2909 Dum
2109 2886 2276 2916 prorepentes
2289 2881 2362 2907 oculi

1330 2921 1414 2955 digito
1429 2920 1515 2946 decuti
1530 2919 1628 2953 posl'iiit.
1664 2920 1724 2946 Liu.
1738 2927 1778 2952 25,
1814 2940 1820 2946 .
1856 2939 1862 2945 .
1933 2920 2060 2945 Decutere
2073 2918 2102 2944 vi
2114 2918 2178 2944 Plin.
2192 2926 2234 2950 34,
2247 2925 2269 2943 11
2282 2917 2301 2943 s.
2315 2925 2360 2948 24.

1331 2958 1369 2983 Ita
1384 2955 1475 2990 pedem
1489 2955 1615 2987 offendit,
1633 2960 1661 2981 vt
1676 2956 1700 2981 ei
1714 2954 1812 2988 digitus
1825 2954 1989 2981 deciiteretiir
2005 2953 2140 2980 Val.Max.
2156 2961 2175 2985 1,
2189 2961 2216 2985 4,
2232 2961 2253 2978 2.
2290 2951 2358 2978 Add.

1331 2991 1444 3026 Obsequ.
1460 3001 1480 3017 c.
1495 2993 1535 3021 86.
1606 2990 1722 3017 Frondcs
1735 2991 1905 3017 decutiuntur
1916 2998 1983 3024 aqua
1996 2989 2076 3016 Ouid.
2091 2988 2153 3015 Fast.
2167 2996 2189 3020 ς,
2202 2996 2257 3020 3²4·
2310 2988 2362 3013 De-

1330 3028 1395 3053 ciitit
1414 3028 1473 3053 ense
1486 3031 1560 3061 caput
1587 3025 1661 3052 Idem
1674 3027 1737 3052 Met.
1753 3033 1775 3058 ς,
1790 3034 1846 3060 104.
1882 3025 1936 3053 Sed.
1954 3026 2037 3052 Burm.
2059 3024 2175 3050 demetit.
2265 3022 2363 3049 Buciila

1329 3063 1442 3089 decutiat
1455 3071 1544 3088 rorem
1559 3062 1634 3095 Virg.
1649 3062 1744 3095 Georg.
1759 3071 1786 3094 4,
1800 3070 1831 3088 11.
1902 3061 1980 3087 Siliiis
1998 3059 2130 3086 honorem
2144 3058 2242 3085 decutit
2254 3059 2363 3084 Decem-

1329 3098 1391 3129 ber,
1409 3107 1434 3125 eo
1452 3097 1515 3134 quod
1531 3098 1673 3132 spoliantur
1692 3098 1790 3123 arbores
1803 3097 1859 3132 fiiis
1870 3096 1949 3132 foliis
1968 3095 2044 3129 mense
2056 3095 2183 3122 Decembri
2201 3094 2267 3120 Hor.
2279 3091 2361 3126 Epod.

1331 3143 1362 3166 11,
1376 3136 1400 3160 6.
1470 3133 1544 3160 Muri
1563 3133 1646 3159 ariete
1665 3132 1762 3165 decussi
1777 3133 1836 3159 Liii.
1849 3141 1884 3164 33,
1899 3139 1936 3167 17.
2007 3130 2139 3157 Decussisse
2157 3129 2254 3156 dicitur
2267 3127 2361 3154 baculo

1331 3170 1431 3196 summa
1444 3169 1527 3203 capita
1540 3176 1697 3202 papauerum
1712 3167 1785 3194 Idem
1799 3177 1818 3200 i,
1835 3176 1876 3202 54.

1368 3212 1386 3231 n
1395 3211 1410 3231 E
1420 3210 1436 3230 c
1446 3212 1465 3231 v
1475 3212 1487 3230 s
1496 3211 1508 3231 s
1517 3211 1537 3229 v
1546 3211 1567 3234 s,
1581 3202 1619 3230 sis.
1639 3212 1674 3229 m.
1710 3202 1904 3236 [κατοίσεισμα]
1939 3201 2004 3228 Plin.
2019 3210 2051 3233 11,
2065 3207 2096 3234 37
2108 3200 2126 3225 s.
2141 3200 2174 3225 62
2194 3198 2286 3233 Aliqui
2300 3205 2362 3226 tunc

1331 3239 1447 3266 scribunt
1459 3238 1580 3265 decidere
1594 3247 1670 3271 eum,
1689 3240 1830 3272 rursusque
1844 3238 1987 3264 recrescere
1999 3235 2104 3263 facilem
2116 3234 2226 3260 decussii.

1368 3282 1386 3301 D
1397 3283 1413 3301 Ε
1422 3281 1438 3302 c
1448 3281 1467 3299 v
1476 3281 1488 3300 s
1499 3281 1510 3300 s
1520 3282 1528 3300 1
1540 3281 1570 3306 o,
1589 3274 1655 3300 anis.
1675 3274 1694 3300 f.
1731 3274 1805 3300 Idem.
1842 3273 1961 3301 Tertiill.
1974 3272 2006 3299 de
2020 3270 2090 3298 Ciilt.
2102 3270 2173 3296 Fem.
2189 3279 2210 3296 c.
2219 3279 2243 3302 9.
2251 3278 2295 3307 pr.
2310 3271 2358 3298 De.

1330 3310 1407 3337 cuffio
1422 3309 1634 3337 redundantioris
1647 3309 1751 3336 nitoris.

1675 3349 1705 3379 D
1825 3348 1852 3378 E
1981 3345 2011 3376 D

1369 3425 1412 3445 nis
1422 3414 1560 3444 DAMNO
1575 3438 1583 3450 ,
1608 3422 1660 3444 are.
1696 3417 1753 3451 Qii
1773 3415 1875 3443 sceleris
1893 3412 2060 3441 manifestum
2079 3411 2272 3440 dedamnauerit
2290 3411 2361 3439 Ter-

393 3458 555 3493 Septingenta
566 3460 648 3485 millia
662 3459 775 3493 pass'uum
788 3458 828 3483 vis
843 3457 890 3483 esse
903 3455 1007 3482 decursa
1021 3455 1120 3481 biduo?
1150 3454 1205 3480 Cic.
1217 3461 1265 3486 pro
1280 3460 1312 3486 95
1333 3453 1389 3480 tull.
1404 3454 1435 3479 de
1449 3453 1535 3479 Pudic.
1551 3463 1571 3479 c.
1586 3461 1619 3485 ¹3·
1640 3456 1657 3479 i.
1681 3461 1750 3480 reatu
1763 3452 1900 3486 obsoluerit.
1919 3449 1971 3475 vid.
1985 3450 2081 3485 Rigalt.

1372 3495 1442 3515 DED
1453 3487 1557 3515 13CL‘T.
1593 3489 1719 3523 [ἀπρεπές
1740 3488 1777 3514 ἒςὶ
1785 3489 1798 3521 ]
1832 3484 1973 3520 Aliquando
1990 3484 2132 3519 personale,
2157 3482 2286 3517 aliquando
2311 3485 2359 3510 Im.

1331 3524 1471 3560 perfhnalc,
1490 3528 1642 3550 contrarium
1660 3523 1706 3559 suo
1720 3522 1838 3556 simplici.
1888 3518 1969 3546 Ouid.
1991 3520 2054 3545 Met.
2068 3522 2094 3551 6,
2109 3522 2157 3551 689
2191 3516 2359 3552 Admouiqiie

1333 3568 1437 3594 preces,
1450 3568 1559 3593 quarum
1570 3568 1612 3584 me
1627 3557 1734 3585 dedecet
1748 3557 1824 3583 vsiis3
1878 3554 1933 3580 Cic.
1942 3554 1993 3580 Off.
2010 3564 2029 3586 1,
2044 3564 2078 3587 94
2097 3553 2171 3584 Falli,
2185 3561 2281 3585 errare,
2296 3554 2360 3585 labi,

1334 3594 1420 3629 decipi
1439 3600 1491 3620 tam
1512 3593 1632 3626 dedecet,
1652 3602 1729 3628 quam
1749 3591 1861 3617 delirare
1877 3595 1901 3615 et
1919 3597 2004 3616 mente
2021 3597 2123 3624 captum
2136 3588 2190 3613 esse.
2262 3590 2359 3615 Comae

1639 3629 1643 3633 '
2112 3623 2167 3649 Cic.
2186 3624 2214 3649 iii
2228 3624 2301 3650 Orat.
2322 3632 2358 3658 74

1336 3666 1449 3697 Decere,
1467 3665 1537 3699 quasi
1559 3671 1648 3698 aptum
1673 3663 1722 3689 efl‘e
1746 3662 1997 3695 consentaneumque
2032 3658 2143 3693 tempori
2170 3665 2196 3685 et
2221 3660 2360 3693 personae:

1336 3700 1407 3734 quod
1422 3709 1480 3726 cum
1495 3701 1522 3725 in
1540 3699 1616 3726 saetis
1635 3697 1790 3733 saepissime,
1804 3702 1859 3721 tum
1873 3696 1899 3721 in
1920 3695 1999 3722 dietis
2015 3696 2097 3724 valet,
2112 3693 2138 3718 in
2153 3695 2227 3720 vultu
2245 3693 2359 3729 denique

1336 3741 1361 3760 et
1375 3735 1445 3768 gestu
1459 3742 1484 3760 et
1498 3735 1608 3766 incess‘ii,
1625 3740 1767 3766 contraque
1780 3732 1843 3757 item
1858 3730 1997 3758 Dedecere.
2064 3729 2203 3755 Oratorem
2222 3730 2296 3755 irasci
2311 3730 2360 3755 mi-

1336 3770 1407 3796 nime
1427 3769 1513 3800 decet,
1538 3769 1658 3795 simulare
1676 3777 1729 3794 non
1747 3766 1852 3792 dedecet
1876 3767 1931 3793 Cic.
1952 3766 2034 3794 Tusc.
2053 3773 2081 3796 4,
2100 3772 2140 3796 54.
2210 3764 2315 3791 Modice
2335 3770 2362 3791 et

250 3822 285 3844 12,
298 3820 338 3846 523
359 3810 408 3835 Aut
424 3807 469 3833 vbi
484 3805 589 3833 decursu
603 3805 694 3838 fflPidO
707 3805 738 3831 de
752 3805 884 3833 montibus
898 3807 955 3832 altis
990 3809 1057 3836 Dant
1069 3808 1200 3839 sonitum,
1221 3814 1265 3833 cte.
1281 3812 1324 3839 10,-
1336 3805 1445 3833 scienter
1462 3805 1500 3831 vti
1519 3804 1596 3831 rebus
1615 3805 1684 3837 suis,
1697 3809 1721 3830 et
1739 3808 1767 3829 vt
1787 3811 1819 3828 ne
1833 3801 1954 3829 dedeceat
1970 3800 2041 3830 Idem
2054 3798 2086 3825 de
2094 3800 2166 3826 Orat.
2180 3807 2198 3833 1,
2212 3807 2259 3833 132.
2330 3801 2361 3826 Et

2278 3834 2329 3861 Off.
2340 3843 2359 3870 1,
