2479 4225
248 107 325 154 9,,
633 96 648 135 1
735 94 783 136 M
870 92 918 135 M
1758 85 1775 126 ι
1855 86 1907 128 Μ
1986 85 2034 128 Μ
2173 57 2176 61 ·
2324 62 2442 141 ...με-

286 198 297 217 1
306 196 330 216 M
340 193 386 215 Ml
396 191 494 217 Nvo,
511 184 559 218 111,
590 185 682 218 utum,
713 185 767 212 ere.
804 180 949 217 [tm-trdus,
965 178 1103 216 σμικρῦνω]
1139 176 1293 209 Diminuere,
1359 176 1456 204 immisi
1471 175 1503 204 ad
1516 185 1574 204 eam
1585 175 1718 210 legionem
1731 175 1850 203 tironum
1865 184 1931 210 quae
1944 165 2069 204 veniebat
2086 186 2118 205 cx
2139 176 2238 205 castris.
2264 177 2290 205 h.
2303 186 2324 205 e.
2341 178 2409 207 Sub--
2436 188 2454 207 ¹.

249 231 385 252 attenuare.
421 221 506 248 Dolor
517 221 542 246 se
557 219 695 248 imminuit
713 219 794 247 Ouid.
808 217 886 252 Epist.
902 224 937 247 21,
952 223 998 247 113.
1094 213 1150 241 Cic.
1173 212 1249 239 Acad.
1269 221 1294 244 4,
1359 213 1433 239 iestis
1456 213 1594 240 calcaribus
1617 221 1701 248 equum
1724 214 1847 244 incitaui,
1868 219 1891 238 et
1914 221 1949 238 me
1965 216 2086 248 prorip1ci
2108 213 2193 249 versus
2206 215 2323 250 legionem
2330 233 2343 246 ,.
2357 216 2422 246 περ

251 269 265 293 5
287 260 388 285 Vereor
408 255 540 283 interdum
560 264 592 282 ne
612 256 706 283 talium
725 255 892 289 personarum
903 271 911 283 ,
929 257 1012 285 quum
1026 250 1185 285 amplificare
1201 248 1294 279 velim,
1358 249 1497 283 Habenas,
1513 248 1566 276 vid.
1591 254 1734 274 ΗΛΒΕΝΑ.
1807 247 1900 273 Hostes
1915 248 1943 273 in
1956 248 2121 281 prouinciam
2141 249 2212 276 Cael.
2226 249 2258 276 ad
2267 249 2408 278 (ΗΜ-’3110

250 294 369 321 1111110301
386 292 467 327 ipsam
481 291 603 326 gloriam.
712 291 765 317 Cic.
779 297 827 323 pro
841 289 871 313 L.
886 288 948 320 Agr.
962 295 987 319 2,
1001 295 1029 320 19
1049 287 1101 312 Hic
1114 284 1186 320 quod
1199 282 1293 318 Populi
1360 289 1383 317 8,
1398 293 1436 311 10.
1507 285 1563 312 Cic.
1578 284 1605 310 111
1620 283 1708 310 Parad.
1724 292 1742 317 4
1759 282 1856 322 13613111
1870 288 1895 309 et
1909 283 2049 309 immissam
2061 292 2076 310 a
2089 289 2113 311 te
2126 285 2254 311 nefariam
2267 284 2296 311 in
2308 293 2350 311 me
2364 285 2410 312 in-.
2430 281 2441 289 ”

249 328 390 365 proprium
420 328 519 362 semper
543 328 610 359 fuit,
641 326 712 361 quod
735 333 814 350 nemo
847 322 998 354 imminuit,
1023 331 1102 348 nemo
1131 319 1293 347 immutanit.
1318 324 1333 351 5
1359 319 1458 346 iuriam
1482 320 1584 354 semper
1606 318 1683 350 duxi,
1703 319 1848 353 Perllesslffe
1871 317 1903 345 ad
1925 328 1968 344 me
1985 328 2118 354 nunquam
2133 321 2234 355 putaui·
2330 319 2422 351 Idem!

252 363 445 392 Au&oritatem
460 364 531 390 suam
544 363 701 390 imminuere
721 360 776 386 Cic.
791 359 844 384 Att.
859 367 879 390 1,
896 362 929 388 18.
1022 359 1065 384 Ius
1079 362 1105 384 et
1122 355 1240 382 officium
1255 354 1294 381 vi·
1360 355 1442 382 Ture.
1470 365 1490 387 3,
1513 364 1544 389 25
1580 356 1628 382 His
1658 360 1745 381 autem
1777 353 2042 393 perturbationibus,
2072 364 2134 389 quas
2167 356 2196 382 in
2229 356 2285 383 vita
2317 354 2433 390 homi-*³7

251 399 324 426 013oe
348 404 427 433 atque
449 399 608 425 imminuere
640 397 693 422 Cic,
715 403 763 429 pro
783 394 857 420 Rosc,
872 394 961 421 Amet,
977 403 1032 427 ¹09·
1138 390 1294 425 Imperium,
1361 399 1426 417 num
1463 391 1574 419 stultitia
1620 389 1690 426 quati
1730 390 1854 425 quasdam
1890 390 1973 416 fur1as
2016 390 2139 417 immittit
2181 397 2260 427 atque
2298 390 2444 426 incitat„{·‘

251 435 292 461 vel
305 435 346 460 Ius
360 434 469 468 imperii
482 435 654 462 imminuere,
669 430 722 456 vid.
736 429 899 465 Imperium,
916 433 944 456 in
959 435 1088 456 IMPERO.
1176 426 1295 452 Laudem
1362 426 1487 453 omnibus
1525 427 1631 454 viribus
1669 432 1748 460 atque
1780 425 1877 460 opibus
1911 425 2111 460 repugnandum
2148 425 2193 453 est.
2302 423 2426 457 [tuden-'12

250 469 363 497 alicuius
396 470 452 496 Cic,
465 470 517 496 Αῑς,
532 478 568 501 14,
583 475 619 501 17.
654 471 676 490 ct
690 466 760 492 Fam.
775 474 799 498 9,
813 473 851 499 14.
945 465 1108 492 Libertatem
1126 462 1227 488 ciuium
1243 462 1296 488 Ro·
1360 468 1399 488 tes
1413 462 1573 497 immittere,
1599 464 1677 490 Funes
1691 462 1799 488 velorum
1812 463 1912 494 laxare,
1929 468 1959 488 vt
1980 465 2088 497 accipere
2107 468 2208 488 ventum
2223 460 2317 497 poffint
2341 457 2425 497 Plinql

251 513 392 532 manorum
417 506 472 532 Cic.
487 513 535 539 pro
547 504 576 529 L.
587 500 681 528 Manil-
697 510 717 526 c.
734 509 765 531 11,
778 510 818 534 30.
868 514 870 516 v
925 501 1089 528 Maiestatem
1120 499 1181 533 Pop.
1216 498 1295 524 Rom.
1314 505 1344 524 10
1362 497 1442 532 Epist.
1456 504 1479 531 8,
1492 508 1516 532 4,
1529 506 1562 532 5.μ
1658 497 1731 524 Vitis
1743 497 1901 523 immittitur
1912 497 1944 524 ad
1959 506 2022 523 vuas
2036 496 2173 531 pariendas
2191 498 2280 524 Varro
2289 497 2322 523 de
2336 498 2397 525 KR
2438 503 2449 521 ς

250 540 305 567 vid.
329 547 503 568 MAlESTAs.
609 535 807 572 Magistratum,
826 535 880 564 vid.
913 537 1109 571 Magistratum,
1135 537 1162 560 in
1187 538 1263 560 MAG
1273 539 1297 559 1-
1363 542 1383 564 1,
1396 543 1427 565 31,
1442 543 1461 566 3.
1480 536 1499 560 i.
1512 534 1682 570 submittitur.
1754 533 1796 560 Sic
1827 534 1900 559 etiam
1934 533 2034 568 quidam
2067 532 2128 559 libri
2158 533 2263 559 Colum.
2287 541 2311 565 5,
2329 535 2356 565 6,
2373 541 2412 570 31.φ
2427 533 2445 561 ‘J

252 582 342 603 STER.
448 572 602 601 Pudicitiam
617 571 747 605 virginis,
766 573 862 599 violare
874 579 897 598 et
909 572 1052 609 infringere
1070 571 1151 597 Plaut.
1167 569 1230 595 Cist.
1247 577 1265 599 1,
1276 577 1297 601 1,
1361 569 1429 596 Plin.
1449 571 1488 601 16,
1505 579 1529 601 33
1547 571 1565 596 s.
1583 572 1626 602 60,
1642 578 1651 595 1
1675 568 1834 595 immittitur
1845 573 1958 602 vtraque
1971 566 2093 604 cupreffus
2107 568 2135 594 in
2148 568 2260 603 perticas
2273 569 2411 601 afferesne,
2446 572 2447 576 ’

252 619 297 645 90.
404 611 552 639 Summam,
573 606 637 642 quod
648 614 672 633 et
684 608 776 635 demere
788 608 922 643 desummo
937 608 1031 634 dicitur
1057 607 1113 634 Cic.
1128 607 1204 631 Verr.
1219 613 1241 637 3,
1256 609 1295 634 82.
1361 605 1542 639 amputatione
1561 613 1708 633 ramorum.
1750 604 1808 632 Vid.
1836 610 1986 630 lissvs
2013 611 2036 630 et
2056 610 2216 631 1111113310.
2288 605 2319 630 Et
2343 610 2415 631 sve--

251 646 391 681 Virginem
409 644 485 679 Apul.
500 643 571 669 Flor-
588 651 600 668 2
614 652 638 677 p-
651 650 705 676 350.
820 644 984 670 Imminuere
998 643 1029 670 de
1045 643 1181 677 voluptate
1198 641 1254 667 Cic.
1264 639 1296 666 de
1361 647 1470 667 MITTO
1484 649 1510 667 n.
1524 649 1546 674 5.
1649 639 1814 672 Imminere,
1833 646 1878 675 pro
1893 648 1926 670 eo,
1935 638 1999 673 quod
2010 641 2083 679 vulgo
2096 639 2233 667 Subornore
2251 639 2355 675 aliquem
2374 639 2418 666 di·-

252 683 326 709 Orat.
343 691 362 713 1,
378 687 432 712 259.
541 679 626 712 Caput
641 679 734 711 alteri,
748 685 798 715 pro
812 679 976 706 Comminuere
990 685 1013 706 et
1026 678 1186 715 confringere
1213 675 1296 702 Plaut.
1315 680 1343 708 15
1361 679 1447 708 cimus,
1484 676 1584 703 Sallust.
1598 677 1626 702 in
1638 675 1718 703 Catil.
1732 681 1762 707 48
1776 683 1840 702 extr.
1859 674 1914 701 Alii
1926 674 2112 709 Tarquinium
2126 675 2270 701 immissum
2283 675 2415 702 aCiceroa

251 717 329 744 Most.
345 725 361 747 1,
374 724 395 746 3,
411 722 464 746 109.
499 715 543 741 Al.
562 714 728 742 Diminuere.
1361 721 1395 738 110
1407 711 1526 745 aiebant,
1546 721 1578 738 ne
1594 713 1694 739 Crassus
1706 720 1782 738 more
1795 711 1858 742 sue,
1876 711 1994 744 suscepto
2008 711 2140 737 malorum
2158 710 2314 745 patrocino,
2333 711 2426 742 Rem-·-a

289 760 299 778 1
309 758 333 778 Μ
345 757 369 776 Μ
379 757 386 774 1
396 756 417 774 N
428 751 450 776 V
459 756 480 776 T
491 755 510 773 V
521 757 534 776 s
543 769 552 782 ,
571 759 600 781 a,
619 759 673 776 um.
693 750 787 777 Partic.
814 748 1020 785 [ἤλαττωμένος]
1056 748 1201 777 imminuta
1214 746 1297 773 liber·
1362 747 1495 783 publicam
1509 748 1688 775 conturbaret.
1779 745 1854 780 Conf.
1875 746 1966 772 lustin.
1980 754 2006 779 9,
2019 753 2045 781 7,
2060 754 2079 773 1.
2116 753 2140 773 et
2155 755 2192 779 32,
2203 755 2228 778 2,
2242 754 2267 778 9,
2359 747 2421 773 Ιῐηι·

249 792 289 814 tas
309 786 363 812 Cic.
376 793 424 818 pro
440 785 469 811 L.
484 785 579 812 Manil.
598 794 629 817 30
644 795 665 812 c.
680 795 710 812 11.
816 785 919 812 Bellum
948 790 1125 817 attenuatum,
1145 790 1224 819 atque
1246 783 1297 809 im-
1362 784 1468 810 mittere
1481 783 1582 819 aliquid
1599 784 1627 809 in
1640 791 1715 810 aures
1732 783 1788 808 suas
1819 781 1900 808 Plaut.
1915 781 1991 816 Epid.
2006 791 2026 813 3,
2040 790 2059 812 1,
2073 791 2108 814 14.
2213 781 2288 819 Idem
2301 781 2376 816 Capt.
2390 790 2418 814 3,

247 822 381 849 minutum
396 820 577 854 expediatione
590 821 708 856 Pompeii
727 821 784 848 Cic.
798 830 847 855 pro
860 822 890 847 L.
904 821 997 848 Manil.
1012 830 1043 853 30
1056 830 1076 847 c.
1091 828 1124 847 11.
1204 818 1296 845 Immi-
1364 828 1393 853 4,
1408 827 1437 854 17
1457 819 1501 846 Ne
1513 825 1540 846 tu
1555 819 1627 854 quod
1641 819 1794 850 fabuletur,
1812 817 1842 844 in
1854 825 1929 843 aures
1943 817 2073 844 immittas
2087 823 2152 844 tuas.
2170 820 2188 843 i.
2210 818 2250 843 Ne
2263 817 2414 853 mescultaue·
2442 832 2451 853 ,-

247 862 341 883 nutum
355 862 381 881 et
394 861 556 890 amputatum
573 857 676 891 Corpus
695 857 753 884 Sen.
767 857 811 891 Ep.
825 865 851 890 9.
946 857 1082 891 Cupiditas
1100 856 1240 882 imminuta
1260 859 1296 880 at·
1311 862 1348 881 20
1361 858 1400 882 ris
1414 854 1479 890 quod
1490 854 1560 882 dicit.
1655 854 1761 889 leiau.
1776 853 1834 880 1111.
1850 853 1928 879 vuica
1940 853 1972 879 D.
1987 853 2031 879 Ne
2044 852 2110 888 quid
2123 853 2152 878 in
2165 853 2276 879 flumine
2293 852 2414 887 publico,
2437 851 2451 890 ’ζ’

248 900 300 926 que
313 890 451 918 debilitata
470 892 525 917 Cic.
539 891 652 926 Philipp.
670 901 707 923 12,
720 900 737 927 7
748 901 771 919 c.
786 901 807 925 3.
879 892 1045 919 Existimatio
1059 898 1139 927 atque
1152 890 1295 919 auctoritas
1362 892 1426 917 inue
1443 890 1501 925 ripa
1519 890 1575 917 eius
1595 890 1690 926 fiatpr.
1727 890 1773 916 Ait
1795 891 1906 916 Praetor
1920 898 1926 914 :
1961 889 1989 914 iu
2008 888 2118 914 flumine
2136 887 2260 923 publico,
2279 888 2342 915 inue
2354 889 2416 923 ripa

247 926 365 953 nominis
386 926 478 961 Populi
499 927 615 953 Romani
631 928 774 955 imminuta
810 927 884 954 Idem
909 930 985 955 Verr.
1006 938 1029 960 4,
1050 931 1095 954 60.
1204 927 1295 960 Qium
1362 927 1417 953 eius
1430 925 1531 958 facere,
1549 932 1593 953 aut
1607 926 1636 952 in
1650 926 1677 953 id
1690 926 1789 952 flumen
1803 926 1927 960 ripamue
1940 924 1997 950 eius
2010 924 2177 956 immittere,
2197 933 2251 959 quo
2269 924 2347 951 aliter
2367 924 2415 952 ali·
2439 925 2450 962 j

247 961 342 989 modus
357 961 531 989 intercalandi
544 963 679 990 interdum
692 964 767 991 fieret
780 964 960 997 imminutior,
970 963 1104 990 interdum
1117 962 1221 990 31161101·
1250 962 1296 988 So·
1360 971 1413 997 qua
1427 961 1498 992 fluat,
1507 971 1584 997 quam
1597 963 1687 997 priore
1700 961 1794 989 aestate
1807 962 1898 993 fluxit,
1912 965 1983 986 veto.
2091 960 2258 992 Immittere,
2275 959 2311 986 est
2319 959 2451 997 Tignafusss.

247 998 296 1024 lin.
310 1007 332 1024 c.
345 1006 367 1030 3.
475 998 531 1025 Cic.
546 1000 599 1025 Att.
614 1008 633 1031 1,
647 1002 675 1026 16
699 1000 785 1027 Dolor
798 999 895 1026 accessit
910 1001 975 1026 viris
990 999 1075 1030 bonis,
1089 999 1174 1026 virtus
1190 1007 1244 1024 non
1259 997 1296 1024 est
1361 998 1406 1025 vel
1441 996 1526 1024 trabes
1562 998 1679 1025 aedificii
1714 1006 1747 1024 eo
1785 995 1931 1024 extendere
1944 1014 1954 1028 ,
1987 994 2036 1021 vbi
2068 996 2234 1031 requiescant
2247 1015 2256 1029 ,
2295 995 2349 1022 fiue
2384 995 2414 1024 in
2419 991 2445 1039 ἑ

246 1033 400 1060 imminuta.
473 1034 514 1061 Sic
524 1033 559 1061 ad
571 1035 640 1061 eund.
652 1045 677 1068 3,
716 1056 722 1063 .
761 1056 767 1062 .
804 1036 948 1063 Imminuta
961 1035 1112 1062 constantia.
1237 1031 1257 1071 ff
1278 1041 1295 1060 2.
1313 1039 1344 1065 25
1361 1033 1463 1068 pariete
1488 1034 1641 1070 communi,
1674 1033 1728 1061 siue
1761 1033 1791 1060 111
1822 1031 1938 1069 proprio
1977 1030 2118 1058 Iabolenus
2145 1031 2175 1058 in
2206 1031 2224 1058 l.
2257 1031 2361 1058 Malum
2381 1031 2439 1067 Daffii

247 1071 299 1096 Pro
314 1070 371 1096 Non
387 1071 508 1096 minutus.
552 1070 680 1106 Vndique
702 1076 828 1106 patronus
852 1072 928 1098 suum
951 1071 992 1098 ius
1012 1070 1108 1098 habeat
1122 1070 1295 1096 imminutum
1361 1070 1394 1097 de
1407 1067 1483 1096 verb.
1500 1068 1587 1104 signif.
1909 1076 1912 1078 ’
2414 1089 2420 1103 2

246 1104 265 1132 1.
279 1114 309 1137 4⁴
323 1114 362 1139 pr.
375 1104 402 1131 ff.
417 1105 449 1131 de
462 1104 524 1131 bon.
546 1105 635 1133 libert.
1399 1113 1409 1132 1
1418 1111 1444 1131 M
1454 1111 1480 1130 M
1492 1111 1502 1130 1
1515 1111 1527 1130 s
1536 1112 1548 1132 s
1558 1111 1578 1130 v
1588 1112 1601 1131 s
1610 1122 1618 1135 ‚
1638 1113 1667 1136 a,
1686 1113 1742 1132 um.
1760 1103 1866 1131 'Partim
1903 1103 2078 1138 [ἔναμμένος]
2116 1102 2220 1130 Petron.
2234 1111 2270 1141 131
2286 1102 2443 1142 1100111111·ξρ

286 1147 297 1166 1
308 1147 384 1166 MM1
394 1146 538 1174 NVT10‚
560 1141 626 1167 anis.
645 1141 665 1167 f.
702 1140 873 1176 [ἐλάττωσις]
910 1142 965 1169 Cic.
982 1142 1014 1168 de
1027 1141 1085 1168 Fin.
1101 1148 1124 1174 5,
1138 1148 1171 1176 37
1191 1140 1262 1167 Nam
1278 1139 1296 1166 si
1362 1146 1422 1169 toto
1436 1148 1548 1174 corpore
1562 1140 1590 1168 in
1602 1140 1753 1174 amplexum
1767 1140 1833 1167 eius.
1942 1138 2027 1164 Canes
2042 1138 2148 1164 immiffi
2164 1138 2248 1165 ceruis
2274 1138 2350 1173 Virg.
2365 1138 2447 1174 Gessssff

246 1176 406 1211 prauitatem
421 1176 692 1211 imminutionemque
705 1178 824 1211 corporis
840 1184 949 1212 propter
960 1175 986 1205 se
999 1177 1152 1212 fugiendam
1166 1182 1297 1211 putamus,
1362 1185 1419 1211 org.
1432 1185 1454 1208 3,
1468 1183 1518 1210 371.
1611 1177 1766 1210 Primusque
1778 1175 1912 1203 trucidant
1924 1173 2033 1200 Immiffi
2046 1174 2132 1200 Danai
2153 1173 2227 1200 Idem
2243 1175 2307 1201 Aen.
2323 1183 2345 1207 2,
2359 1181 2440 1208 494..-’,

246 1218 295 1238 etc.
403 1211 546 1245 Dignitatis
560 1212 715 1239 imminutio
734 1213 789 1239 Cic.
804 1214 875 1239 Fam.
888 1222 911 1246 3,
925 1219 946 1244 8.
1041 1212 1259 1240 Imminutionem
1268 1212 1297 1237 in
1311 1217 1344 1242 30
1363 1211 1491 1240 Immilsos
1509 1210 1650 1238 humerum
1665 1220 1711 1246 per
1726 1217 1869 1247 Vtrumque
1882 1209 1994 1245 capillos
2008 1209 2117 1236 Niobae
2137 1210 2238 1236 tribuit.
2256 1209 2338 1237 Ouid·
2352 1211 2416 1238 Mes·
2429 1220 2436 1241 ’τ

245 1252 358 1274 centone
383 1246 495 1281 nuptiali
518 1247 650 1274 Ausonius
675 1248 807 1285 vsurpauit
821 1256 871 1284 pro
895 1251 978 1276 Primo
998 1248 1123 1285 congrejfflc
1145 1258 1198 1275 cum
1210 1257 1297 1280 vxore,
1363 1250 1391 1280 6,
1405 1249 1457 1277 168.
1510 1247 1551 1275 Sic
1563 1247 1662 1283 Capilli
1695 1246 1799 1273 immiffi
1833 1246 1908 1274 Idem
1922 1245 1989 1273 Fast.
2004 1254 2026 1278 1,
2040 1254 2093 1277 503.
2135 1248 2155 1272 i.
2171 1245 2299 1282 submff,
2309 1243 2451 1281 sparsim&

245 1282 313 1318 quod
321 1289 373 1309 tum
387 1285 526 1318 uirginitas
541 1285 712 1310 imminuatur.
782 1284 825 1312 Sic
845 1285 1008 1312 Imminuere
1027 1285 1165 1320 Virginem
1178 1290 1202 1310 et
1221 1283 1298 1310 Pudi·
1362 1282 1530 1319 dependentes.
1633 1282 1710 1318 Virg.
1723 1283 1788 1310 Aen.
1802 1291 1824 1315 3,
1837 1292 1878 1316 593
1900 1281 2042 1317 Rcspicio,
2060 1281 2118 1308 dira
2130 1281 2238 1307 illuuies
2251 1275 2435 1316 immissaque{
2449 1297 2451 1304 ·

247 1318 354 1350 citiam,
374 1317 491 1345 vidimur.
1362 1319 1453 1347 barba.
1474 1319 1578 1346 Prolixa
1597 1325 1620 1344 et
1639 1321 1737 1354 impexa
1748 1325 1821 1355 atque
1833 1318 1949 1355 cmificfit.
2003 1318 2045 1345 Sic
2067 1320 2142 1343 etiam
2156 1317 2449 1354 CapitolinTPertin,1;

285 1360 402 1380 1MM18
412 1359 429 1380 C
439 1360 500 1387 ΕΟ,
522 1354 603 1385 iscui‚
619 1354 698 1382 istum
710 1356 751 1382 vel
763 1355 864 1390 ixtum,
886 1358 939 1383 ere.
975 1356 1154 1390 [ἓμμίγνυμι]
1189 1354 1298 1390 Aliquid
1363 1365 1384 1382 c.
1394 1364 1429 1382 12.
1500 1355 1532 1381 Et
1546 1354 1676 1387 Qinffil.
1691 1363 1730 1386 12,
1742 1364 1763 1386 3,
1778 1363 1813 1380 12.
1910 1352 2028 1381 Immisso
2043 1352 2147 1380 lumine
2164 1349 2449 1387 γῆς.Ἀ011.8,24,2.·ιῗ.,4

245 1392 340 1423 accipit
352 1389 515 1416 vehementiae
528 1390 559 1417 ab
572 1391 626 1426 ipsa
638 1391 816 1426 comptfit‘ione.
870 1392 930 1418 Liu.
944 1400 967 1425 3,
981 1400 1013 1424 50
1034 1392 1065 1418 Ε1
1078 1390 1188 1417 immisti
1203 1390 1297 1417 turbae
1314 1395 1344 1422 35
1362 1391 1473 1418 Radices
1488 1389 1591 1424 penitus
1606 1389 1734 1416 immissae
1755 1389 1864 1423 Qun&
1880 1399 1900 1422 1,
1913 1398 1935 1421 3,
1950 1396 1972 1421 5.
2069 1389 2212 1416 Iauolenus
2224 1389 2242 1415 l.
2257 1398 2300 1419 242
2313 1389 2345 1414 de
2352 1386 2442 1429 V.S;;=;

246 1425 364 1451 militum
378 1425 477 1459 togati,
497 1432 542 1452 etc.
647 1428 688 1454 Sic
702 1437 737 1459 ιο,
751 1434 782 1457 28
805 1428 937 1454 Immistus
952 1434 1063 1454 turmae.
1158 1426 1220 1452 Liu.
1234 1433 1255 1459 5,
1264 1431 1296 1455 28
1360 1429 1433 1455 Inter
1447 1425 1596 1461 proiee‘mm
1610 1431 1636 1451 et
1649 1425 1792 1450 immissum
1810 1424 1860 1451 hoc
1873 1423 1995 1451 interesse
2008 1423 2045 1451 ait
2057 1424 2159 1456 Labeo,
2181 1423 2253 1459 quod
2267 1424 2433 1459 proieffi'tumv

246 1460 342 1488 Falisci
355 1461 462 1495 propria
476 1461 557 1488 etiam
573 1463 647 1489 causa
660 1462 766 1495 infesti,
783 1463 856 1498 quod
869 1463 990 1489 Fidenati
1005 1463 1076 1490 bello
1095 1462 1119 1488 se
1142 1461 1196 1488 iam
1221 1468 1297 1488 antea
1361 1464 1422 1490 esset
1444 1461 1488 1494 id,
1506 1461 1578 1497 quod
1600 1460 1636 1487 ita
1665 1459 1872 1494 proueheretur,
1890 1465 1920 1486 vt
1942 1468 2073 1494 nusquam
2104 1460 2300 1494 requiesceret,
2327 1459 2433 1495 qual-ia*

246 1495 462 1529 immiscuerant,
486 1503 532 1525 etc.
641 1498 715 1525 Idem
734 1507 770 1528 21,
793 1507 822 1530 32
858 1500 950 1532 Quum
964 1500 990 1525 se
1005 1498 1200 1525 immiscuissent
1213 1497 1297 1524 collo·
1363 1498 1503 1525 moeniana
1532 1502 1557 1523 et
1579 1495 1739 1530 suggrundia
1762 1496 1861 1523 essent:
1896 1495 2042 1521 immissum
2065 1500 2172 1528 autem,
2194 1496 2268 1530 quod
2282 1496 2320 1523 ita
2332 1495 2419 1528 fieret,

245 1531 319 1566 quiis
341 1533 530 1560 Montanorum
549 1532 657 1560 011οὲ1115
676 1533 812 1565 interdiu,
830 1540 876 1561 etc.
980 1534 1041 1561 Liu.
1055 1542 1087 1568 43
1098 1541 1139 1569 pr.
1175 1533 1297 1560 Vieioria
1361 1541 1390 1561 vt
1420 1533 1512 1568 aliquo
1546 1532 1606 1558 loco
1643 1531 1838 1566 requiesceret,
1876 1530 1963 1558 veluti
1995 1530 2085 1567 tigna,
2125 1531 2229 1565 trabes,
2267 1540 2335 1567 quae
2367 1531 2421 1560 im-.

247 1568 310 1601 Pop.
331 1568 408 1593 Rom.
428 1568 521 1595 lactari
540 1577 601 1595 eum
614 1579 643 1596 re
662 1578 704 1596 em
718 1580 724 1596 :
759 1569 859 1597 mirum
872 1579 926 1596 non
939 1571 1002 1602 esse,
1019 1570 1067 1605 qui
1079 1571 1176 1596 sortem
1189 1576 1348 1602 011111011140
1362 1571 1541 1597 mitterentur.

248 1602 372 1630 fortunae
394 1603 522 1637 regnique
539 1613 599 1630 cum
617 1614 645 1632 rc
667 1614 695 1631 us
716 1605 843 1632 Romanis
858 1606 1046 1633 immiscuisset.
1143 1607 1230 1632 Armis
1244 1614 1298 1631 me-
1398 1612 1442 1632 1M
1452 1610 1540 1631 MISS
1550 1609 1560 1628 1
1570 1609 1605 1634 O,
1624 1603 1691 1631 onis.
1711 1602 1731 1629 f.
1768 1602 1881 1637 [ἔνια-[οι]
1918 1601 1975 1629 Cic.
1989 1601 2022 1628 de
2034 1601 2134 1629 Sene&
2149 1609 2175 1635 53
2187 1611 2209 1629 c.
2224 1609 2248 1635 15
2269 1602 2418 1630 Sarmentu-

250 1637 301 1664 diis
325 1638 350 1663 se
375 1638 519 1664 immiscuit
547 1639 623 1673 Virg.
645 1641 709 1666 Aen.
729 1649 761 1672 11,
778 1646 828 1673 815.
943 1642 1018 1675 Virg.
1032 1642 1130 1675 Georg.
1146 1649 1166 1671 1,
1179 1649 1231 1675 454
1252 1641 1298 1667 Sin
1364 1648 1478 1676 rumque
1492 1648 1524 1666 ea
1537 1647 1616 1674 quam
1630 1638 1687 1665 dixi
1701 1638 1818 1665 aliorum
1830 1647 1871 1665 am
1893 1638 1996 1671 utatio,
2017 1643 2043 1664 et
2056 1638 2172 1665 aliorum
2184 1636 2315 1665 immissio.
2333 1641 2352 1665 i.
2360 1639 2419 1666 sub--

250 1673 369 1699 maculae
383 1673 509 1707 incipient
521 1674 603 1700 rutilo
615 1675 791 1702 immiscerier
807 1675 873 1710 igni.
978 1677 1093 1704 Nebulis
1107 1677 1235 1703 immistus
1250 1677 1299 1711 spi·
1363 1680 1398 1711 ηιξ
1420 1686 1450 1702 ιο.
1555 1674 1680 1702 1111101Πῖ0
1694 1675 1768 1710 vulgo
1782 1674 1837 1700 ICt.
1849 1683 1861 1700 c
1895 1683 1977 1700 rerum
1986 1673 2185 1709 poffidendarum
2199 1673 2316 1700 traditio.
2371 1673 2420 1701 Sed

249 1709 319 1736 ritus
342 1709 399 1734 Seu.
414 1708 518 1735 Troad.
533 1709 550 1735 s.
566 1717 587 1742 5.
694 1710 780 1737 Nocti
799 1712 824 1736 se
845 1710 989 1738 immiscuit
1003 1718 1074 1738 atrae
1099 1712 1175 1745 Virg.
1190 1713 1255 1738 Aen.
1269 1721 1298 1745 4,
1364 1710 1490 1739 Immiffio
1504 1719 1588 1745 aquae
1602 1714 1627 1737 et
1642 1709 1711 1737 fumi
1722 1709 1739 1736 1.
1754 1714 1777 1740 8.
1788 1708 1812 1745 §.
1826 1718 1839 1740 5
1859 1709 1891 1736 D.
1906 1710 1933 1736 Si
1946 1710 2014 1736 seru.
2030 1709 2105 1736 vind.
2423 1689 2449 1728 ἄ

250 1752 311 1779 570.
341 1747 359 1770 i.
378 1748 477 1770 euanuit
486 1764 494 1777 ,
514 1744 597 1771 videri
616 1744 703 1779 defiit,
724 1745 752 1771 de
774 1747 911 1772 Mercurio.
1027 1746 1078 1773 Rei
1096 1747 1198 1772 alienae
1212 1748 1237 1772 se
1250 1747 1300 1772 im-
1317 1749 1352 1776 45
1402 1755 1413 1773 1
1422 1753 1447 1773 M
1456 1754 1481 1773 M
1490 1754 1500 1773 1
1509 1753 1521 1772 S
1530 1754 1543 1773 s
1552 1753 1574 1772 A
1583 1752 1620 1772 Rl
1630 1752 1651 1770 v
1662 1752 1686 1771 Μ
1695 1765 1704 1778 ,
1731 1746 1750 1771 i.
1781 1754 1807 1772 11.
1843 1746 2031 1782 Receptaculum
2049 1754 2128 1781 aquae
2140 1747 2169 1771 in
2181 1740 2338 1779 Aquaeduft.
2374 1741 2423 1770 Vi·
2436 1747 2437 1751 ’

249 1779 361 1806 miscere
375 1779 449 1813 culpa
465 1779 517 1811 est,
536 1783 575 1805 ait
588 1781 715 1814 Pompon.
731 1780 763 1807 de
774 1780 854 1808 Verb.
869 1781 962 1815 Signis.
976 1782 1016 1814 36.
1123 1781 1237 1807 Summis
1250 1781 1300 1807 im·
1364 1787 1436 1808 truu.
1452 1786 1475 1812 8,
1488 1788 1505 1814 7
1513 1787 1558 1815 pr.
1585 1780 1699 1807 Castello
1721 1779 1897 1808 coniunctum
1920 1781 1954 1808 ad
1980 1780 2166 1816 recipiendum
2194 1787 2291 1814 aquam
2321 1777 2402 1813 triple

251 1814 357 1841 miscuit
371 1814 424 1840 ima
443 1813 524 1840 Ouid.
539 1815 603 1840 Met.
617 1822 642 1848 7,
655 1821 713 1849 278.
1364 1816 1561 1843 immiffarium.
2358 1832 2366 1834 .

285 1855 536 1880 lMMis'rvs,a‚
557 1857 610 1874 um.
672 1850 731 1876 Vid.
760 1850 849 1885 supra.
884 1850 1018 1886 Significat
1049 1854 1123 1877 etiam
1146 1852 1204 1877 Non
1237 1854 1300 1877 mix·
1404 1856 1624 1882 1MM1880R,
1644 1849 1709 1876 oris.
1735 1857 1772 1876 m.
1807 1854 1836 1876 in
1850 1850 1912 1885 Dig.
1948 1871 1956 1880 .
1995 1870 2002 1878 .
2039 1869 2047 1878 .

249 1891 300 1912 rus.
337 1884 434 1910 Auson.
458 1883 547 1918 Epigr.
567 1891 612 1916 20,
646 1892 673 1910 12
712 1885 821 1911 Portare
852 1885 1007 1911 immixtum
1041 1887 1112 1911 sueta
1143 1894 1302 1920 merumque
1403 1894 1413 1913 1
1421 1892 1447 1912 M
1456 1893 1481 1912 M
1490 1893 1499 1912 1
1508 1893 1521 1912 s
1532 1891 1544 1911 S
1554 1892 1563 1910 1
1573 1891 1590 1910 1.
1598 1891 1619 1910 V
1628 1892 1641 1911 S
1650 1905 1659 1918 ,
1679 1887 1720 1913 vel
1738 1891 1748 1911 1
1758 1892 1784 1912 M
1793 1891 1818 1911 M
1829 1892 1838 1911 1
1848 1892 1861 1912 S
1872 1893 1885 1913 S
1895 1892 1916 1912 v
1927 1891 1945 1911 L
1957 1892 1980 1912 v
1990 1893 2021 1918 s,
2039 1885 2092 1912 vid.
2113 1891 2123 1912 1
2135 1891 2161 1912 M
2171 1892 2197 1913 Μ
2206 1892 2229 1912 V
2237 1892 2251 1913 S
2259 1891 2305 1914 CV
2315 1892 2331 1912 ῐ.
2339 1891 2361 1912 V
2369 1892 2382 1913 s

248 1929 362 1948 merum.
1322 1925 1355 1951 50
1369 1926 1614 1946 IMMVSTVLV
1625 1926 1647 1946 s.

288 1965 297 1982 1
308 1963 331 1982 M
341 1962 364 1980 M
376 1963 384 1981 1
395 1963 413 1982 x
425 1961 447 1980 T
460 1962 469 1981 1
482 1961 517 1982 M.
539 1954 606 1981 Adu.
642 1954 724 1981 Plaut.
740 1954 801 1981 Aul.
815 1963 841 1988 2,
856 1963 915 1987 3,12.
933 1955 1087 1981 Moerorem
1102 1959 1193 1981 metuo
1205 1963 1238 1981 ne
1254 1954 1303 1981 im·
1407 1960 1615 1984 1Μ1ν1133ν3,
1637 1952 1676 1978 sis.
1695 1962 1732 1978 m.
1768 1951 1890 1979 Macrob.
1918 1953 2022 1981 Saturn.
2042 1964 2062 1986 1,
2086 1961 2111 1985 ¹8
2141 1954 2186 1982 Sol
2204 1956 2299 1983 cuneta
2320 1957 2407 1985 vertic

252 1992 359 2019 mixtim
373 1991 473 2017 bibam.
493 1992 526 2016 (11.
540 1991 584 2016 Νο
598 1990 712 2016 mistum.
1370 1989 1474 2016 summo
1487 1987 1577 2015 lustrat
1591 1987 1657 2013 lucis
1670 1987 1796 2015 immissu.
2415 2008 2424 2022 ,

291 2036 299 2053 1
310 2035 333 2054 Μ
341 2034 365 2053 M
375 2034 383 2053 1
393 2034 405 2053 S
415 2033 431 2053 Ε
440 2033 459 2052 R
467 2033 489 2052 Α
497 2033 512 2053 13
523 2024 558 2051 11.
567 2033 577 2052 1
586 2032 598 2052 s
607 2045 615 2058 ‚
633 2034 656 2051 e.
677 2025 739 2051 Adi.
775 2025 933 2060 [οἱνωκτρός]
970 2025 1097 2060 Indignus
1110 2024 1304 2057 misericordia,
1408 2032 1418 2051 1
1426 2031 1451 2052 M
1460 2031 1485 2051 M
1495 2031 1514 2051 o
1523 2044 1532 2056 ,
1541 2023 1580 2058 fic
1593 2022 1688 2050 metius
1700 2031 1771 2059 quam
1786 2030 1796 2049 1
1805 2030 1831 2050 M
1842 2029 1874 2050 O.
1910 2024 2033 2058 [μᾶλλον
2045 2022 2084 2057 δὲ,
2097 2028 2292 2062 μικλλονμενὲν]
2326 2028 2385 2056 Adu

253 2064 336 2092 Cuius
352 2070 430 2088 nemo
444 2061 552 2088 deberet
567 2061 688 2087 misereri
708 2061 805 2086 Acron.
820 2066 845 2086 et
860 2062 987 2094 Porpbyr.
1066 2062 1109 2091 Vt,
1128 2062 1211 2087 Pubes
1226 2062 1305 2095 capti·
1368 2060 1434 2087 bium
1448 2070 1501 2086 cum
1515 2060 1666 2086 vchementia
1673 2058 1777 2095 quadam
1792 2063 1945 2096 corrigentis
1956 2069 1980 2087 et
1992 2071 2022 2087 ou
2042 2065 2107 2088 entis
2119 2071 2222 2099 ea,quae
2230 2063 2443 2098 praecqfferuntffl

252 2109 288 2126 va
302 2097 500 2125 immiserabilis
518 2097 585 2123 Hor.
601 2097 688 2123 Carm.
700 2105 722 2128 3,
737 2103 759 2130 5,
774 2104 812 2131 17.
849 2095 896 2123 Sed
908 2098 966 2122 licet
983 2098 1056 2121 etiam
1070 2095 1098 2121 de
1110 2095 1168 2122 aflu
1181 2099 1303 2131 interpre—
1322 2100 1351 2126 55
1368 2103 1398 2122 vt
1412 2097 1502 2129 Qun,
1520 2095 1618 2121 Potius.
1689 2095 1776 2123 Varro
1813 2115 1821 2122 .
1859 2115 1866 2121 .
1903 2115 1911 2122 .
1928 2107 1933 2109 *
1949 2097 2016 2123 Non
2049 2098 2194 2130 inmanitas,
2212 2099 2298 2125 immo
2311 2099 2405 2127 saeuiti
2431 2097 2439 2131 0'

253 2139 322 2168 tari,
343 2143 401 2170 quac
414 2133 656 2169 m1strationemyzon
671 2132 836 2168 consequitur.
1369 2130 1407 2156 est
1433 2131 1538 2157 laedere
1558 2130 1736 2156 innocentem.
1836 2130 1907 2158 Ter.
1920 2132 1996 2159 Adel.
2010 2141 2030 2164 5,
2042 2141 2064 2165 3,
2077 2140 2105 2165 55
2123 2135 2192 2160 Cum
2205 2134 2292 2169 prima
2304 2134 2362 2162 luce
2373 2135 2427 2163 ibo}
2441 2142 2445 2150 ’

291 2179 302 2198 1
312 2177 337 2197 M
347 2177 370 2195 M
380 2177 390 2196 1
400 2175 411 2195 s
421 2167 515 2196 ERic
527 2174 611 2198 ORS,
630 2167 712 2194 ordis.
732 2166 793 2193 Adi.
822 2164 954 2200 [immin
973 2164 1130 2198 οἰνελεήμω]
1167 2165 1224 2192 Sine
1237 2165 1305 2200 mise-
1370 2165 1441 2192 hinc.
1481 2172 1516 2191 M.
1537 2166 1621 2190 immo
1636 2165 1667 2190 de
1682 2166 1761 2191 110010
1774 2167 1876 2192 censeo.
1972 2167 2054 2195 Plaut.
2068 2169 2164 2204 Amph.
2181 2178 2201 2201 1,
2214 2178 2239 2202 1,
2254 2178 2302 2204 194
2340 2169 2422 2205 Q1od

254 2206 375 2235 ricordia.
414 2205 470 2231 Cic.
484 2203 516 2231 de
530 2205 632 2231 Inuent.
647 2212 669 2235 2,
685 2208 728 2233 108
742 2212 763 2229 e.
776 2204 809 2235 36
840 2202 928 2236 Ipsum
940 2200 1199 2233 immisericordem,
1220 2201 1307 2236 supcr—
1370 2200 1439 2235 apud
1455 2199 1530 2226 hasce
1544 2198 1630 2225 aedeis
1645 2200 1783 2234 negotium
1797 2201 1897 2228 esttibi
1912 2203 1922 2228 3
1942 2209 1965 2229 s.
1982 2203 2067 2229 immo
2080 2204 2153 2238 quod
2165 2205 2217 2231 tibi
2231 2205 2297 2232 est3.
2339 2207 2423 2234 Plaut-

254 2242 319 2271 bum
340 2241 424 2267 fuisse.
1371 2236 1432 2263 Mil.
1446 2244 1475 2270 4,
1487 2241 1511 2268 8,
1524 2242 1555 2269 57
1575 2235 1659 2261 Scies:
1695 2236 1781 2262 immo
1793 2236 1875 2262 hodie
1888 2245 1984 2263 verum
1996 2237 2113 2271 fafi'tum,
2131 2240 2195 2266 faxo
2211 2241 2268 2275 post
2286 2241 2356 2269 dices
2369 2251 2441 2270 maa,-

294 2281 658 2306 1MM1sER1CORD1A,
675 2281 713 2301 ae.
751 2272 770 2300 f.
808 2272 857 2306 [τδ
871 2271 970 2306 mazar]
1006 2270 1135 2306 Affertur
1149 2270 1210 2297 Liu.
1226 2278 1273 2305 37,
1296 2279 1305 2297 1
1317 2276 1352 2302 60
1371 2272 1420 2306 gis.
1515 2271 1584 2297 Ter.
1600 2270 1680 2297 Andr.
1695 2279 1713 2301 1,
1729 2279 1768 2303 1,3
1786 2271 1891 2306 Nempe
1903 2277 1932 2298 vt
1946 2279 2071 2299 curentur
2084 2274 2156 2302 reete
2169 2276 2242 2304 haec.
2279 2283 2320 2304 81.
2335 2278 2431 2305 immo'

256 2313 316 2340 Plus
329 2313 386 2344 ira,
405 2320 484 2346 quam
498 2310 735 2342 immisericordia,
755 2309 785 2335 in
806 2309 880 2334 causa
901 2316 994 2334 eorum
1015 2307 1119 2333 valebat
1133 2317 1139 2333 :
1174 2307 1237 2341 quia
1252 2315 1306 2333 non
1373 2306 1454 2334 aliud.
1527 2307 1614 2332 Immo
1627 2314 1678 2339 ego
1699 2307 1773 2340 virg.
1785 2307 1840 2333 Ecl.
1856 2314 1884 2342 7,
1897 2316 1936 2340 41.
1972 2314 1996 2332 et
2008 2314 2029 2339 5,
2045 2315 2078 2340 13.
2187 2312 2255 2338 Ter,
2269 2313 2332 2344 Εῃη,
2346 2321 2380 2345 4,
2392 2320 2422 2347 7,

255 2354 286 2375 vt
300 2347 434 2380 hostibus,
453 2354 498 2373 etc.
571 2345 618 2373 Sed
639 2344 705 2372 νεέῖε
730 2346 823 2381 legitur
844 2342 1031 2370 Misericordia
1043 2342 1129 2375 hodie,
1148 2352 1176 2368 ne
1187 2345 1308 2369 mentione
1373 2352 1403 2377 41
1424 2341 1531 2369 Credin'
1547 2342 1555 2368 3
1592 2347 1622 2368 G.
1644 2342 1728 2367 immo
1743 2347 1822 2369 certe.
1926 2341 2001 2368 Idem
2013 2341 2118 2369 Phorm.
2133 2353 2227 2377 2‚1,24
2247 2347 2334 2372 Immo
2346 2348 2420 2375 enim

254 2384 352 2421 quidem
365 2384 469 2410 alterius
484 2379 692 2417 [efflonissaffa.
1372 2387 1452 2405 nemo
1467 2378 1526 2403 satis
1539 2386 1588 2411 pro
1602 2376 1702 2403 merito
1715 2377 1827 2411 gratiam
1838 2377 1896 2411 regi
1908 2377 2000 2403 refert.
2071 2377 2142 2405 Idem
2156 2379 2236 2406 Andr.
2250 2388 2272 2413 5,
2287 2389 2333 2414 1,4
2345 2382 2419 2410 Dum

297 2427 307 2446 1
318 2425 375 2445 MM
387 2425 396 2444 1
408 2424 515 2445 SERIC
525 2423 545 2443 ο
556 2415 682 2443 RDi'TE
692 2423 721 2442 R.
741 2415 810 2442 Adu.
848 2413 987 2449 [ἀνηλεῶς]
1024 2414 1094 2441 Ter.
1109 2413 1184 2441 Adel.
1199 2423 1223 2447 4,
1238 2421 1267 2447 5,
1281 2419 1308 2444 28
1373 2414 1464 2440 studeo
1485 2413 1596 2447 obsequi
1622 2412 1688 2442 tibi,
1711 2420 1792 2446 paene
1806 2412 1873 2439 illufi
1891 2412 1975 2440 vitam
1996 2411 2075 2439 filiae.
2113 2420 2136 2440 s.
2157 2414 2240 2441 immo
2255 2415 2326 2443 enim
2339 2425 2419 2451 quam

260 2454 370 2484 Faftum
384 2463 398 2480 a
413 2453 491 2480 vobis
505 2452 623 2484 duriter,
643 2451 957 2484 iuunisericorditerque.
1326 2450 1357 2481 65
1374 2449 1491 2476 maxime
1505 2448 1549 2474 abs
1563 2454 1588 2474 te
1602 2447 1719 2481 postulO,
1740 2455 1786 2474 etc.
1854 2448 1923 2475 Ter.
1937 2449 2001 2475 Eun.
2018 2457 2042 2481 2,
2054 2456 2078 2481 3,
2092 2456 2124 2483 57
2140 2449 2310 2478 Incommode
2323 2451 2419 2480 hercle.

296 2497 339 2517 IM
348 2490 429 2516 MiT
441 2495 490 2521 Is,
509 2496 532 2515 e.
552 2487 613 2514 Adi.
649 2487 816 2522 [οἶμείλ.χος,
830 2485 963 2519 οένὴμιρος]
997 2485 1093 2521 Asper,
1105 2484 1206 2521 fheuur,
1225 2483 1310 2510 crude·
1375 2491 1425 2512 CH.
1448 2485 1531 2510 immo
1565 2483 1636 2509 enim
1669 2491 1736 2509 vero
1769 2483 1925 2510 infeliciter.
1996 2483 2065 2511 Add.
2087 2485 2161 2511 Idem
2180 2483 2286 2512 Phorm.
2306 2495 2327 2518 3,
2340 2495 2366 2519 2,
2375 2483 2420 2522 43.

260 2527 302 2554 lis.
340 2525 415 2559 Virg.
430 2525 494 2550 Aen.
510 2532 529 2556 1,
544 2532 577 2557 34
613 2538 659 2543 —
695 2522 810 2549 Immitis
830 2520 938 2547 Achilli.
1042 2521 1112 2547 Suet.
1132 2521 1160 2546 in
1174 2519 1274 2549 Tiber.
1288 2529 1310 2546 c.
1375 2521 1461 2547 Immo
1475 2519 1555 2545 etiam
1581 2519 1650 2545 Ter.
1668 2517 1749 2544 Andr.
1769 2527 1797 2550 4,
1809 2526 1835 2550 2,
1848 2526 1888 2551 25.
1992 2519 2065 2546 Adde
2079 2519 2186 2547 Phorm.
2200 2530 2222 2553 3,
2237 2529 2259 2552 2,
2272 2528 2304 2553 43
2322 2522 2423 2549 Verum

261 2569 293 2595 59
315 2562 396 2595 Asper
410 2566 434 2586 et
447 2559 577 2592 immitis,
595 2558 718 2585 breuiter
730 2557 770 2583 vis
784 2557 874 2584 omnia
889 2556 974 2582 dicam
988 2557 998 2582 3
1092 2556 1201 2583 Caelum
1223 2556 1311 2581 immi·
1375 2556 1416 2582 vis
1431 2555 1515 2581 dicam
1531 2556 1540 2581 3
1575 2560 1604 2580 D.
1624 2554 1709 2580 immo
1724 2553 1814 2579 etiam.
1921 2553 1990 2580 Ter.
2003 2554 2085 2581 Andr.
2100 2563 2128 2587 4,
2141 2564 2161 2588 1,
2174 2564 2199 2587 31
2226 2556 2284 2582 Nec
2297 2562 2323 2582 te
2337 2557 2426 2591 quiuit

260 2603 289 2624 te
304 2603 329 2624 et
343 2595 480 2623 turbidum
504 2595 571 2621 Plin.
586 2594 664 2629 Epist.
681 2599 755 2627 8,17.
861 2590 950 2618 Corda
979 2591 1025 2618 Sil.
1038 2600 1066 2624 4,
1101 2611 1108 2618 .
1147 2593 1166 2617 .'
1259 2592 1312 2616 Do·
1377 2591 1459 2618 hodie
1482 2599 1575 2625 cogere
1598 2589 1672 2616 illam
1695 2594 1723 2616 vt
1746 2588 1862 2615 duceres.
1897 2595 1923 2615 Ρ.
1947 2589 2031 2616 immo
2051 2590 2147 2623 ctiam,
2167 2599 2222 2626 quo
2235 2596 2264 2617 tu
2278 2592 2427 2620 minusscie

264 2633 308 2659 lor
332 2632 389 2659 Sen.
403 2631 497 2658 oetan.
512 2639 527 2657 2
542 2640 567 2656 v.
583 2638 618 2662 53.
721 2628 844 2655 edietum
859 2628 962 2654 immite
975 2633 1001 2653 et
1015 2627 1104 2654 minax
1130 2625 1211 2654 Ouid.
1225 2625 1312 2652 Trist.
1324 2640 1360 2668 70
1377 2634 1515 2653 aerumnas
1529 2634 1614 2656 meas,
1635 2630 1680 2650 etc.
1787 2625 1874 2650 Immo
1887 2624 1971 2658 magis
1990 2625 2058 2652 Ter.
2072 2625 2137 2652 Eun.
2151 2635 2171 2658 3,
2185 2635 2257 2660 1,44.
2278 2630 2297 2654 i.
2311 2631 2370 2664 quin
2378 2626 2434 2663 po?

264 2677 291 2699 2,
307 2675 352 2701 135.
388 2668 432 2694 Al.
453 2667 580 2692 1101113110.
697 2663 774 2691 FatS’ta
795 2663 876 2689 Ouid.
892 2664 954 2689 Met.
972 2672 1011 2696 14,
1024 2670 1080 2697 714.
1185 2661 1312 2689 Fructum
1376 2665 1436 2689 tius.
1510 2660 1583 2696 Cous.
1597 2660 1652 2687 Cic.
1666 2658 1718 2686 Off.
1733 2668 1744 2691 3
1758 2668 1781 2685 c.
1795 2667 1831 2691 19.
1868 2665 1892 2684 et
1903 2659 1937 2685 ad
1948 2661 2000 2686 Att.
2015 2669 2053 2693 10,
2066 2669 2105 2694 14.
2212 2662 2273 2689 Liu.
2287 2671 2328 2696 41,
2342 2672 2369 2695 23
2390 2665 2428 2690 ΕΞ

265 2704 399 2730 immitem
413 2702 482 2728 ferre
501 2701 568 2728 Plin.
583 2708 618 2733 13,
632 2708 651 2733 4
661 2706 704 2735 pr.
812 2699 884 2733 Fuga
908 2699 966 2725 Sen.
981 2699 1075 2725 Medea
1087 2698 1105 2724 s.
1120 2699 1145 2724 6.
1239 2698 1313 2724 Mors
1377 2699 1420 2732 spe
1439 2696 1559 2731 depulsus
1579 2705 1634 2722 non
1654 2701 1741 2722 tamen
1760 2694 1825 2721 belli
1839 2694 1946 2721 consilia
1961 2696 2058 2723 omisit.
2094 2697 2181 2724 Immo
2194 2697 2212 2724 fi
2226 2706 2289 2725 vera
2300 2700 2432 2726 volumus>

266 2738 375 2765 Tibull.
390 2747 410 2769 1,
424 2745 446 2769 3,
458 2745 495 2770 55.
611 2736 704 2761 Parcae
722 2734 839 2767 Propert.
855 2743 883 2767 4,
897 2742 934 2766 12,
950 2742 982 2766 13.
1054 2733 1146 2759 Pectus
1166 2733 1252 2759 Catul.
1267 2735 1314 2759 Ar·
1377 2733 1478 2764 dicere,
1499 2733 1551 2758 iam
1566 2731 1703 2758 inchoauit
1716 2730 1825 2757 bellum.
1932 2731 1988 2758 Cic.
2004 2732 2031 2758 in
2045 2732 2135 2759 Partit.
2150 2738 2163 2763 8
2202 2733 2366 2761 Omnibusne
2379 2735 2430 2770 igi-

267 2782 330 2809 gon.
345 2775 387 2802 62,
403 2777 450 2804 138.
553 2771 661 2805 Pelagus
685 2768 824 2797 turbidum
859 2775 885 2795 et
916 2769 1019 2795 immite
1045 2768 1159 2803 Apuleio
1182 2768 1313 2794 tribuitur.
1378 2772 1422 2796 tur
1434 2777 1465 2794 ex
1479 2767 1520 2794 his
1533 2768 1598 2794 locis
1614 2772 1767 2801 argumenta
1781 2767 1913 2792 sumemus
1929 2767 1939 2793 3
1974 2773 2001 2794 C.
2014 2774 2037 2794 P.
2065 2769 2151 2795 Immo
2163 2778 2229 2796 vero
2241 2768 2430 2800 scrutabimur.

269 2811 329 2837 Non
342 2808 412 2834 habet
427 2806 484 2834 lud.
501 2806 606 2833 floridi.
722 2805 803 2831 Plinii
826 2803 869 2837 effi
886 2804 1018 2838 dicuntur,
1042 2804 1160 2831 Immitia
1180 2804 1264 2830 adhuc
1288 2811 1313 2830 et
1333 2817 1366 2846 73
1379 2804 1452 2832 Adde
1466 2804 1522 2830 Cic.
1537 2805 1574 2837 Q
1586 2804 1655 2829 Frat.
1672 2811 1691 2834 1,
1705 2810 1726 2834 3.
1762 2801 1801 2828 Id.
1815 2802 1867 2828 Att.
1883 2803 1921 2834 16,
1935 2810 1968 2835 15.
2004 2803 2043 2830 Id.
2057 2803 2109 2830 Off.
2122 2812 2135 2835 3
2150 2813 2198 2837 c.4
2210 2812 2234 2831 et
2247 2813 2286 2837 23.
2322 2807 2354 2833 Et
2366 2806 2429 2834 adu.

269 2843 349 2871 cruda
364 2852 450 2878 poma.
545 2840 709 2875 Rescriptum
727 2840 816 2867 Tacit.
830 2841 897 2866 Anu.
909 2843 967 2872 6,9.
1083 2840 1189 2866 Tortor
1204 2840 1316 2866 immitis
1380 2839 1450 2867 Rull.
1475 2847 1487 2865 2
1509 2848 1530 2865 c.
1556 2846 1581 2871 35
1608 2840 1694 2865 Immo
1716 2846 1782 2864 vero
1801 2838 1898 2869 etiam,
1918 2844 1964 2864 etc.
2035 2839 2106 2875 Cous.
2121 2839 2220 2866 Sallust.
2235 2841 2337 2874 Fragm.
2351 2843 2376 2873 6,
2391 2844 2431 2873 36.

270 2887 424 2915 poenaeque
438 2877 561 2912 magister
579 2876 673 2905 Manil.
689 2885 718 2908 5,
731 2881 791 2907 408.
885 2875 998 2902 Veneris
1016 2875 1128 2901 immitis
1148 2875 1241 2910 gaudia
1262 2884 1315 2902 car·
1381 2874 1545 2936 Νοηζεηιρεν
1566 2873 1827 2909 inapitsententiam:
1847 2872 1965 2900 Martial.
1979 2875 1997 2900 6
2009 2881 2074 2901 extr.
2092 2875 2156 2901 Non
2170 2875 2250 2901 habet
2263 2884 2327 2909 ergo
2340 2877 2430 2905 aliud.

271 2924 334 2951 pere
348 2913 496 2942 Nemefian.
512 2912 565 2939 Ecl.
578 2920 599 2941 2,
612 2914 637 2938 6.
658 2915 675 2938 i.
693 2914 845 2938 immaturae.
954 2912 1011 2938 Vua
1025 2911 1152 2941 immitis,
1171 2914 1189 2938 i.
1208 2911 1316 2944 Acerba,
1380 2920 1435 2938 non
1462 2910 1533 2936 ubet
1555 2910 1639 2936 innuo
1660 2911 1745 2935 suum.
1862 2908 1927 2935 Plin.
1942 2910 2002 2936 Pan.
2019 2919 2065 2943 44,
2077 2918 2093 2936 2
2123 2910 2192 2936 Nam
2206 2911 2312 2944 priuato
2327 2911 2412 2940 iudici

271 2955 405 2978 immatura
441 2950 508 2975 Hor.
529 2948 618 2974 Carm-
642 2955 668 2979 2,
691 2954 713 2979 5,
734 2954 771 2973 10.
878 2947 996 2973 Vulnera
1032 2947 1113 2973 Ouid.
1131 2947 1164 2973 de
1183 2947 1260 2974 Nuce
1274 2949 1318 2979 69.
1376 2946 1529 2982 principem
1543 2946 1632 2980 geris:
1669 2944 1810 2971 meliorem
1824 2944 1908 2970 immo
1923 2950 1948 2970 te
1962 2945 2088 2978 praestas,
2105 2953 2183 2978 quam
2198 2945 2248 2972 tibi
2268 2946 2350 2973 alium
2371 2943 2447 2982 pre-j

272 2988 386 3021 Compar.
423 2984 513 3012 Tacit.
527 2984 593 3009 Ann.
609 2991 630 3015 1,
643 2991 686 3015 20,
699 2992 713 3013 4
732 2983 769 3008 Eo
782 2981 915 3008 immitior
927 2983 989 3017 quia
1002 2983 1170 3009 tolerauerat.
1237 2981 1319 3009 Ouid.
1330 2995 1363 3021 80
1383 2982 1485 3010 cabare.
1601 2981 1682 3009 Plaut.
1701 2980 1762 3006 Aul.
1782 2989 1809 3013 4,
1823 2988 1861 3011 10,
1876 2988 1906 3012 34
1933 2981 2052 3013 Pernego
2064 2979 2157 3005 immo.
2255 2981 2346 3009 Tacit.
2361 2985 2429 3012 Ann.
2478 2980 2479 2983 ¹

273 3022 338 3050 Met.
357 3030 390 3053 13,
403 3026 449 3052 804
486 3033 531 3040 -—·
567 3018 674 3045 Calcato
694 3017 828 3044 immitior
848 3016 942 3049 hydro.
1060 3019 1211 3052 Serpentes,
1231 3018 1320 3044 immi·
1387 3027 1426 3050 12,
1446 3019 1472 3049 6,
1492 3026 1502 3048 3
1527 3015 1690 3043 Statuerctur
1716 3016 1800 3042 immo
1820 3013 1981 3049 exemplum.
2098 3015 2200 3046 Immo,
2212 3015 2270 3051 pos}
2290 3022 2440 3055 ncgatiuam*

274 3057 398 3085 tissimum
413 3055 569 3083 animalium
580 3062 661 3089 genus
680 3053 746 3080 Plin.
762 3061 799 3085 10,
812 3060 853 3088 74.
926 3053 983 3088 Obs.
1021 3055 1052 3080 In
1066 3055 1140 3082 MSS.
1153 3053 1320 3090 conficnslitur
1385 3051 1527 3080 difflonem.
1563 3052 1630 3078 Ter.
1638 3051 1718 3078 Andr.
1728 3060 1747 3082 1,
1757 3060 1778 3083 2,
1786 3059 1815 3082 30
1835 3050 1890 3090 Qui
1906 3049 1974 3077 hoc?
1987 3049 2157 3077 intellexitin'
2172 3060 2204 3078 an
2217 3052 2334 3080 nondum
2349 3055 2443 3087 etiam]

273 3103 326 3120 cum
340 3092 476 3119 Inimicus.
1386 3098 1419 3116 ne
1440 3088 1490 3115 hoc
1513 3086 1620 3121 quidem
1634 3088 1642 3113 3
1679 3093 1707 3114 D.
1727 3086 1812 3113 immo
1825 3084 1926 3112 callide.
2035 3086 2116 3113 Causa
2130 3086 2213 3121 igitur
2225 3097 2280 3115 non
2293 3089 2363 3117 bona
2376 3091 2446 3118 est'sss

313 3136 323 3155 1
332 3135 355 3154 M
366 3135 390 3155 M
400 3135 409 3153 1
422 3135 443 3154 'r
453 3135 462 3154 1
471 3133 491 3154 G
501 3133 523 3154 A
534 3131 550 3152 Β
562 3131 615 3153 1L1
624 3132 655 3161 S,
681 3133 705 3151 e.
742 3123 804 3150 Adi.
839 3123 1037 3158 Immitigabilis
1049 3123 1129 3151 ardor
1148 3124 1219 3151 Cael.
1233 3124 1322 3151 Aurel.
1386 3126 1471 3152 immo
1483 3122 1582 3157 optima
1603 3123 1659 3148 Cic.
1673 3123 1726 3148 Att.
1741 3130 1771 3154 9,
1785 3124 1808 3148 6.
2388 3136 2391 3137 ν

277 3163 363 3192 Τὸῐᾶ·
377 3172 402 3196 4⁵
417 3172 439 3195 3,
453 3171 489 3195 33·
1340 3163 1370 3193 85
1423 3168 1432 3186 ῐ
1444 3166 1468 3185 Μ
1478 3166 1502 3185 Μ
1513 3165 1531 3184 O
1542 3164 1557 3185 B
1568 3155 1579 3184 ἶ
1589 3163 1605 3183 L
1616 3164 1625 3182 l
1637 3165 1650 3184 S
1659 3178 1666 3189 ,
1687 3167 1710 3184 0.
1731 3157 1790 3183 Adi.
1826 3157 1971 3192 [οἶκίνητας]
2007 3156 2082 3193 Qod
2094 3167 2141 3183 non
2151 3157 2231 3194 potest
2242 3164 2342 3189 moueri.
2364 3162 2432 3190 Plin,

316 3206 325 3225 1
337 3206 361 3225 M
371 3206 393 3225 Μ
405 3206 412 3224 1
423 3204 474 3226 ΤΤ
486 3203 505 3224 o
516 3217 524 3230 ‚
543 3196 587 3227 ffi,
611 3196 702 3227 issum,
720 3196 773 3222 ere.
811 3193 922 3228 [ἒνῖημι,
936 3193 1031 3228 ἐφίημι,
1040 3193 1322 3231 ἓμβοίλλωρπαφιήμῇ
1388 3205 1419 3227 11,
1428 3202 1456 3230 37
1473 3195 1555 3221 Aures
1569 3193 1673 3219 homini
1686 3198 1789 3219 tantum
1800 3192 1961 3219 immobiles.
2067 3193 2159 3220 Oculis
2171 3196 2292 3223 contueri
2305 3197 2446 3225 immobi-‘

284 3234 479 3269 Verbojimplici
491 3232 603 3266 Iatiffimi
614 3231 671 3267 vsus
686 3229 835 3266 Praepofitio
847 3229 919 3257 addit
930 3236 1019 3256 motum
1033 3231 1145 3264 aliquem.
1199 3230 1264 3255 Plin.
1279 3231 1324 3264 Ep}
1389 3231 1460 3258 libus
1474 3230 1556 3256 solem
1576 3228 1641 3255 Plin.
1656 3237 1679 3262 7,
1692 3237 1714 3254 2.
1818 3229 1906 3255 Macer
1918 3227 1970 3254 inl.
1979 3227 2075 3262 penult.
2091 3229 2120 3255 in
2133 3229 2245 3265 princip.
2257 3232 2288 3257 D.
2301 3233 2347 3266 qui
2361 3233 2434 3260 satis-

280 3276 305 3302 8,
318 3279 336 3303 4
354 3271 430 3296 Dices
443 3268 554 3294 immissa
567 3268 644 3294 terris
657 3276 727 3294 noua
748 3267 866 3292 flumina.
970 3266 1081 3291 Lentum
1100 3264 1150 3290 iilis
1170 3264 1326 3292 immittitur
1389 3268 1452 3294 dare
1466 3270 1605 3300 cogantur,
1627 3263 1768 3290 Sciendum
1779 3263 1830 3295 est,
1849 3263 1995 3298 possessores
2007 3264 2189 3291 immobilium
2206 3275 2296 3293 rerum
2309 3269 2446 3296 satisdare*

281 3314 376 3333 aurum
391 3304 472 3331 Ouid.
488 3305 552 3330 Met.
565 3305 592 3335 6,
607 3305 646 3332 68.
741 3302 796 3329 Cic.
809 3303 886 3328 Verr.
900 3309 919 3332 3,
933 3309 964 3333 92
998 3299 1124 3335 Segestam
1141 3300 1205 3326 item
1223 3300 1254 3326 ad
1276 3302 1324 3326 im·
1391 3311 1445 3329 non
1459 3300 1590 3335 compelli.
1707 3299 1770 3325 Solo
1785 3299 1874 3325 haeret
1886 3298 2034 3326 immobilis
2054 3301 2129 3335 Virg.
2143 3301 2207 3327 Aen.
2222 3309 2248 3336 7,
2261 3310 2318 3333 250.
2372 3304 2433 3332 Sco.

281 3349 389 3367 munem
402 3340 538 3366 ciuitatem
551 3338 679 3365 Venerius
692 3337 860 3370 Symmachus
874 3337 1037 3364 Deeumanus
1049 3335 1205 3362 immittitur
1214 3355 1222 3367 ,
1244 3343 1273 3361 vt
1286 3346 1325 3362 ca·
1340 3350 1375 3374 90
1390 3337 1459 3373 pulis
1473 3334 1639 3363 immobilior
1658 3334 1739 3361 Ouid.
1754 3336 1817 3361 Met.
1831 3342 1865 3366 13,
1878 3339 1930 3363 801.

282 3379 323 3401 nis
341 3376 470 3411 inferam.
578 3375 619 3401 Sic
634 3372 706 3399 Idem
718 3373 783 3400 ibid.
791 3381 819 3405 4,
829 3381 870 3398 101
888 3373 960 3398 Eone
971 3378 999 3398 tu
1012 3373 1101 3398 seruos
1113 3370 1143 3397 ad
1159 3370 1323 3405 spoliandum
1427 3379 1469 3399 1M
1479 3380 1503 3399 M
1514 3378 1533 3397 ο
1544 3377 1576 3398 131
1590 3377 1602 3395 1.
1616 3376 1624 3395 1
1638 3377 1688 3396 ΤΑ
1699 3377 1711 3396 s
1721 3390 1729 3402 ‚
1749 3371 1806 3396 atis.
1826 3368 1970 3409 f31ustin.
1984 3372 2023 3401 36,
2037 3379 2057 3403 3,
2070 3372 2086 3396 6
2103 3371 2133 3397 In
2146 3380 2175 3398 ea
2189 3372 2299 3407 regione
2306 3374 2388 3401 Lacus
2395 3375 2433 3402 est

285 3411 375 3437 fanum
388 3411 533 3437 immittere
548 3410 623 3436 ausus
638 3418 663 3436 es
678 3409 688 3435 3
794 3408 934 3434 Cic.Verr.
945 3416 962 3438 1,
972 3416 1016 3441 142
1036 3408 1067 3433 Et
1082 3406 1099 3432 {i
1112 3415 1166 3432 non
1181 3413 1253 3440 putas
1268 3415 1326 3433 cau·
1391 3407 1562 3442 Asphaltites,
1581 3405 1627 3440 qui
1641 3412 1747 3440 propter
1759 3404 1966 3438 magnitudinem
1981 3412 2006 3431 et
2019 3414 2102 3440 aquae
2118 3407 2335 3435 immobilitatem
2359 3411 2434 3437 Mor.

287 3450 360 3471 tum:
397 3447 492 3472 scilicet
509 3452 538 3471 tu
558 3447 665 3472 Praetor
683 3444 711 3470 in
729 3452 787 3470 mea
805 3443 875 3470 bona
888 3452 954 3477 quos
968 3443 1040 3469 voles
1053 3443 1179 3469 immittes
1194 3443 1202 3468 3
1238 3450 1280 3468 1110
1294 3442 1325 3468 ad
1391 3450 1468 3470 tuum
1486 3451 1558 3470 mare
1580 3441 1687 3468 dicitur.
1758 3439 1831 3475 Conf.
1854 3439 1971 3467 La&ant.
1992 3444 2016 3473 6,
2036 3449 2073 3476 17.
2157 3442 2258 3472 Arnob.
2277 3453 2287 3470 1
2299 3454 2324 3479 p.
2339 3448 2373 3472 26
2407 3452 2442 3476 ει,

288 3488 357 3505 meas
380 3481 497 3508 fortunas
520 3479 697 3507 defendendas
714 3479 836 3506 accedere
849 3487 903 3504 non
916 3478 980 3505 sinas
995 3480 1004 3504 3
1110 3477 1182 3504 Idem
1195 3478 1247 3504 Att.
1262 3486 1285 3507 1,
1306 3486 1327 3504 11
1391 3479 1469 3514 Apul.
1484 3479 1511 3505 in
1525 3477 1659 3510 Trismeg.
1672 3486 1696 3511 p.
1711 3484 1751 3509 95.

288 3514 332 3541 Bis
345 3514 490 3542 absolutum
504 3517 550 3542 effe
564 3516 705 3542 Lentulum
715 3535 723 3547 ‚
736 3515 778 3542 bis
792 3514 949 3545 Catilinam,
971 3513 1040 3540 huuc
1055 3514 1163 3539 tertium
1183 3513 1235 3539 iam
1252 3513 1300 3538 ess‘e
1313 3522 1327 3539 a
1341 3527 1374 3554 95-
1431 3522 1440 3540 1
1453 3521 1512 3541 ΜΜ
1525 3513 1749 3543 οΒΕΒᾹΊ-νς,
1766 3518 1797 3542 a,
1817 3519 1870 3537 um.
1895 3511 1955 3538 Adi.
1991 3509 2134 3547 [ἄμετρος]
2168 3513 2325 3541 Contrarium
2340 3516 2433 3546 Mode-

290 3549 424 3576 iudicibus
448 3551 475 3576 in
494 3551 623 3586 Rempub.
646 3551 796 3578 immissum.
904 3550 1052 3576 immittere
1072 3549 1100 3575 in
1118 3549 1208 3575 forum
1223 3548 1328 3575 ficarios
1392 3556 1450 3577 rato
1467 3561 1472 3576 :
1508 3551 1690 3582 Intemperans,
1709 3548 1815 3575 nimius,
1832 3545 1993 3579 immodestus.
2030 3547 2085 3573 Cic.
2099 3549 2151 3574 Att.
2165 3554 2233 3579 13‚28
2254 3550 2433 3583 Alexandrum

290 3585 347 3612 Cic.
363 3593 411 3618 pro
424 3585 490 3611 Sext.
505 3593 545 3619 78.
614 3588 644 3613 Et
658 3588 711 3613 Att.
725 3595 761 3619 14,
777 3595 804 3612 10
824 3584 953 3620 Seruique
966 3592 992 3611 et
1006 3589 1108 3618 egentes
1121 3585 1149 3610 in
1163 3583 1231 3610 tecta
1242 3584 1329 3610 nostra
1393 3586 1529 3621 postquam
1545 3591 1590 3610 rex
1602 3583 1744 3617 appellatus
1756 3580 1802 3612 sit,
1822 3582 1981 3616 superbum,
1999 3582 2150 3614 crudelem,
2168 3584 2372 3613 immoderatum
2390 3587 2434 3614 fu.

290 3629 351 3646 cum
364 3618 465 3645 facibus
479 3620 589 3646 immiffi.
692 3622 840 3649 Immittcre
853 3621 878 3647 se
892 3620 920 3647 in
932 3619 1033 3646 medios
1048 3619 1149 3652 hostes,
1186 3621 1284 3646 Irrucre
1304 3626 1327 3646 et
1394 3622 1447 3648 isse.
1536 3617 1739 3651 Intemperantia
1759 3617 1814 3643 Cic.
1830 3617 1907 3644 Acad.
1921 3627 1941 3650 1,
1956 3625 1994 3651 37.
2061 3624 2065 3626 ’
2077 3618 2215 3652 Cupiditas
2233 3621 2289 3647 Cic.
2300 3620 2332 3647 de
2345 3623 2403 3649 Inu.
2417 3631 2432 3650 2

284 3656 338 3693 sese
348 3661 506 3690 prorumpere
524 3656 578 3680 Cic.
591 3656 671 3684 Tusc.
687 3665 707 3689 1,
722 3660 763 3683 116
775 3667 797 3684 c.
813 3661 855 3691 48.
947 3656 1042 3691 Rursus
1057 3664 1105 3690 pro
1118 3655 1193 3681 Font.
1206 3660 1233 3687 38
1247 3665 1268 3681 c.
1281 3655 1328 3681 vlt.
1394 3666 1415 3683 c.
1431 3665 1472 3683 22.
1508 3655 1606 3682 Mulier
1626 3654 1680 3680 Cic.
1696 3661 1745 3692 pro
1758 3652 1827 3692 Cael.
1839 3661 1874 3686 53.
1917 3654 2013 3679 Oratio
2030 3652 2068 3679 Id.
2083 3653 2111 3678 in
2125 3654 2199 3680 Orat.
2221 3662 2272 3688 198.
2329 3658 2384 3684 Cic.
2398 3657 2433 3684 de

293 3691 348 3724 Qui
363 3690 387 3716 se
399 3695 512 3716 armatus
526 3690 597 3722 saepe
609 3691 637 3716 in
650 3691 765 3718 hostium
783 3701 892 3719 manum
910 3691 1161 3724 multitudinemque
1179 3691 1328 3717 immiserit.
1337 3706 1385 3725 100
1394 3692 1488 3719 Diuin.
1503 3700 1522 3722 1,
1535 3692 1569 3716 60
1588 3689 1622 3715 Ea
1635 3698 1692 3723 pars
1705 3697 1802 3720 amnu,
1825 3695 1870 3714 etc.
1890 3687 2066 3714 immoderato
2078 3687 2257 3724 obstupefacta
2272 3697 2335 3725 potu
2353 3699 2433 3728 atque

293 3727 440 3753 Immittere
461 3726 486 3751 se
505 3723 533 3749 in
553 3724 716 3759 voluptates,
730 3735 779 3763 pro
793 3731 938 3764 Immcrgere
958 3727 1018 3753 Liu.
1033 3735 1067 3759 23,
1081 3731 1115 3755 18.
1150 3727 1182 3752 al.
1196 3726 1329 3752 immerse-
1394 3728 1482 3762 pastu,
1499 3733 1543 3752 etc.
1648 3725 1697 3750 Res
1712 3723 1883 3750 immoderata
1898 3723 1994 3757 cupido
2007 3723 2043 3749 est
2067 3723 2147 3750 Ouid.
2170 3733 2202 3751 ex
2215 3726 2289 3752 Pont.
2303 3737 2332 3761 4,
2345 3737 2381 3761 14,
2395 3737 2432 3760 3¹·

290 3769 350 3788 rant
365 3763 404 3787 vel
414 3760 566 3787 merserant.
636 3761 736 3794 Corpus
749 3764 776 3789 in
788 3763 868 3789 vndas
887 3762 968 3789 Ouid.
982 3763 1057 3796 Epist.
1074 3771 1097 3791 2,
1114 3769 1160 3793 ¹33.
1230 3762 1328 3788 Cic.de
1393 3764 1448 3790 Cic.
1462 3770 1510 3797 pro
1524 3761 1597 3787 Rosc.
1613 3760 1700 3786 Amer.
1717 3768 1745 3790 ¹3¹
1761 3769 1783 3785 c.
1799 3767 1832 3792 45
1853 3760 1945 3785 Ventis
1957 3758 2219 3790 vehementioribus,
2239 3768 2285 3788 aut
2303 3763 2433 3790 immode-

292 3797 330 3823 N.
346 3798 378 3823 D.
390 3807 409 3829 3,
423 3805 451 3829 91
473 3795 569 3829 Neque
582 3793 652 3819 enim
667 3805 745 3828 quem
758 3798 932 3833 Hipponatffis
950 3797 1054 3824 Iambus
1074 3798 1197 3829 laeserat,
1216 3804 1261 3824 aut
1282 3798 1328 3832 qui
1395 3799 1458 3825 ratis
1470 3794 1679 3830 tempestatibus,
1695 3801 1737 3821 aut
1758 3795 1844 3820 nimio
1862 3795 1963 3825 calore,
1980 3800 2040 3826 aut,
2059 3801 2104 3820 etc.
2195 3798 2336 3833 Immensum
2374 3799 2432 3827 Cic.

292 3839 347 3859 erat
362 3831 514 3859 Archilochi
531 3829 606 3856 versu
618 3829 786 3865 vulneratus,
803 3843 817 3860 a
831 3833 880 3859 deo
895 3834 1037 3860 immissum
1051 3832 1179 3863 dolorem,
1201 3840 1256 3859 non
1269 3842 1330 3859 con·
1395 3834 1428 3860 de
1444 3833 1480 3860 N.
1495 3832 1550 3858 D.2
1559 3839 1580 3857 c.
1589 3839 1618 3863 25
1639 3831 1718 3857 Vides
1731 3830 1842 3856 sublime
1855 3830 1941 3855 fusum
1954 3829 2120 3856 moderatum
2132 3829 2244 3857 aethera.
2317 3834 2430 3869 Compar.

291 3874 395 3903 ceptum
418 3876 434 3894 a
454 3868 480 3894 se
501 3865 559 3901 ipso
572 3863 732 3892 continebat.
844 3869 902 3897 Cic.
915 3869 986 3897 Fam.
999 3877 1038 3902 10,
1048 3878 1080 3902 30
1099 3869 1216 3904 Repente
1229 3876 1328 3904 equum
1337 3879 1383 3907 ως
1393 3870 1482 3897 Motus
1496 3866 1579 3895 astitui
1590 3866 1818 3895 immoderatioree
1837 3865 1903 3893 Geli.
1916 3873 1954 3899 19,
1965 3872 2000 3893 12.
2075 3864 2157 3894 Nihil
2170 3866 2207 3894 cst
2220 3867 2433 3903 immoderatius,

2352 3913 2445 3941 quam.
2457 3927 2460 3931 .
