2479 4225
15 169 106 227 ‘933
440 171 485 213 H
569 172 608 213 Y
689 171 722 212 Β
1525 170 1571 212 Η
1658 171 1696 210 Y
1775 172 1814 213 D
2113 187 2188 226 934

0 275 5 290 2
40 261 114 290 haret
129 258 270 287 hibernum
283 260 366 288 Mare.
437 262 540 289 Menses
559 262 616 289 Cic.
629 262 707 289 Verr.
718 267 743 294 ς,
755 260 791 287 26
808 268 830 286 c.
844 267 881 287 ιο.
931 258 1078 292 Nauigatio
1144 260 1223 287 Diues
1230 259 1373 295 Hydaspeis
1385 261 1504 295 augescat
1518 269 1632 296 purpura
1645 259 1763 294 gemmis.
1796 261 2117 297 Sidon.Paneg.Anthem.
2128 265 2183 296 446

0 315 5 322 ,
24 297 97 329 xCic.
111 295 294 330 Attic.1;‚2;.
365 296 422 323 Nix
446 299 540 324 Horat.
556 298 645 324 Carm.
659 306 694 331 4,
715 305 755 329 12,
775 304 797 328 3⁸
867 294 968 321 Noe'xes
983 295 1078 329 Virgil.
1143 297 1208 323 Non
1222 296 1284 323 Pori
1302 295 1382 322 modo
1401 305 1480 330 regna
1500 305 1606 330 precor,
1621 305 1668 322 nec
1689 302 1717 322 vt
1737 295 1807 321 hisce
1827 297 1928 323 lacertis
1966 300 2076 334 frangat
2094 299 2183 331 Hydgg-

40 328 105 359 A'en.
118 332 143 362 6,
155 338 206 364 35¹5.
277 331 321 358 Sol
337 338 381 358 aut
395 333 464 367 ignis
479 333 606 360 hibernus
615 353 624 366 ‚
640 338 666 360 et
677 331 848 366 refrigeratio
867 330 960 356 aestate
975 330 1032 357 Cic.
1045 330 1077 357 de
1143 332 1213 366 speas
1227 333 1294 359 aries
1308 331 1436 365 impachxs
1449 332 1580 364 Erythras.
1621 331 1678 357 Vid.
1694 330 1815 358 sirmond.
1829 333 1857 356 in
1870 332 1914 357 loc.

41 367 99 395 Seri.
110 367 155 400 46.
223 366 295 393 Soles
313 368 408 402 Vir-gil,
421 369 519 403 Georg.
533 378 559 401 2,
572 374 629 403 482.
698 368 819 402 Tempus
838 365 893 392 Cic.
906 366 983 392 Verr.
998 375 1019 398 ς,
1038 368 1076 392 26.
1179 366 1359 394 11Υ”1)ᾸΤ13
1372 387 1381 399 ,
1405 366 1465 393 idis.
1501 368 1521 394 f.
1558 366 1635 403 Apud
1654 365 1766 393 Medico:
1784 365 1901 399 ridicula,
1917 366 1959 401 seu
1980 367 2078 402 pustula
2095 378 2181 404 aquam

41 402 161 436 Tempus
178 401 239 428 anni
255 402 398 430 hibernum
416 405 487 431 Hirr.
499 404 531 431 de
544 405 571 431 Β.
585 404 660 431 Alex.
677 412 698 429 c.
711 412 753 437 43.
937 398 958 437 fl
979 410 994 426 2
1031 402 1077 428 Hi·
1101 408 1115 434 ς
1142 406 1279 430 continens.
1435 399 1455 436 q
1476 410 1489 428 2
1526 404 1623 429 Gemma
1640 401 1707 438 apud
1718 402 1797 428 Mart.
1811 400 1910 435 Capell.
1926 410 1934 426 1
1959 411 1983 435 p.
1999 412 2031 429 20
2052 404 2181 431 Posterior

39 437 135 470 berna,
165 437 243 463 intell.
263 437 361 471 casira,
380 441 420 466 uel
437 446 502 467 certe
518 441 587 472 loca,
606 442 634 466 in
670 438 739 465 uibus
751 438 843 464 milites
862 436 938 462 hicme
944 435 1078 468 stationem
1141 447 1199 473 pars
1212 446 1326 465 coronae
1339 436 1479 471 hydatide,
1496 437 1631 465 adamante
1644 444 1669 465 et
1684 436 1804 470 crystallo
1816 435 1950 471 lapidibus
1963 437 2127 471 alligabatur,

33 473 148 510 faciunt.
182 473 274 500 Tacit.
288 475 356 501 Ann.
371 483 404 508 ις,
416 484 445 502 ιο
470 474 502 501 Et
516 484 585 501 nunc
597 474 648 501 reli
677 474 698 500 is
717 472 844 499 hibernis.
916 471 973 498 Cic.
988 472 1014 498 in
1027 473 1076 499 Pis.
1181 480 1201 499 H
1212 481 1231 500 γ
1241 480 1259 500 D
1268 481 1287 500 R
1298 480 1336 505 A,
1372 473 1426 500 vid.
1455 479 1476 498 Η
1486 479 1504 498 Y
1514 479 1531 498 D
1540 480 1559 499 R
1568 479 1586 498 v
1596 482 1618 500 s.

0 515 10 538 l·
40 509 74 539 86
97 506 219 535 Tradere
235 508 356 537 hiberna.
426 511 533 537 Mittere
552 511 582 537 in
597 510 709 536 hiberna
725 507 848 534 cohortes
866 505 940 532 Idem
954 507 986 534 de
999 509 1076 535 Prou.
1178 515 1198 534 H
1210 509 1421 536 YDRAGOGI‘
1429 514 1451 534 A
1465 527 1475 540 ,
1497 517 1539 535 ae.
1577 508 1597 534 f.
1633 508 1763 544 Aquarum
1780 504 1902 534 deductio.
1938 507 2026 540 Vgarro
2043 510 2109 545 apud
2124 512 2179 539 No-

40 543 118 571 Cons.
132 549 154 575 5.
223 545 366 572 Dimittere
385 546 413 572 in
430 545 541 573 hiberna
554 546 698 572 exercitum
710 543 795 570 Pollio
808 542 841 569 ad
854 542 988 569 ciarum.
1006 551 1037 576 ις,
1049 552 1076 576 4.
1140 544 1216 570 nium
1234 554 1262 577 3,
1284 553 1335 578 114.

39 579 71 606 In
86 577 206 606 hibernis
226 580 345 615 legiones
364 581 495 608 collocare
510 581 584 609 Idem
599 582 669 608 Fam.
683 588 721 611 10,
733 587 769 611 33.
840 578 947 604 Sumere
966 578 1077 606 hiberna
1095 587 1125 606 10
1180 586 1200 605 Η
1212 580 1373 606 YDRAGG
1383 583 1405 605 G
1415 585 1474 610 vs,
1495 586 1520 610 a,
1540 587 1594 605 um.
1631 578 1692 606 Adi.
1727 579 1825 615 Aquam
1841 586 1969 605 euacuans.
2006 578 2077 605 Cael.
2091 580 2181 608 Aurei.

39 613 109 648 Nep-
125 619 160 646 18,
173 619 197 647 8,
210 625 237 650 4.
307 616 404 643 Iisdem
425 617 544 644 hibernis
564 617 669 644 tendere
687 614 778 642 Tacit.
791 613 859 640 Hist.
875 621 900 643 1,
922 621 958 647 53.
1029 615 1077 641 Hi·
1143 615 1227 641 Tard.
1243 624 1265 647 3,
1279 621 1301 650 8,
1315 623 1355 647 119
1385 613 1520 648 Aquiduea
1534 614 1722 640 medicamenta
1735 614 1828 641 Graeci
1843 613 1993 648 hydragoga
2010 622 2183 644 vocauerunt.

35 648 121 677 berna
134 651 293 686 etiamfimt‚
312 653 356 678 vbi
370 659 461 688 pecora
475 653 614 680 hibernant.
648 649 766 678 Marcell.
782 649 810 675 in
829 648 846 675 l.
866 649 913 683 qui
931 650 1022 676 saltum
1045 652 1076 676 D.
1143 651 1221 685 Apul.
1235 651 1266 677 de
1276 650 1359 676 Herb.
1373 657 1407 683 27
1429 649 1647 684 Chamaedaphne
1662 659 1676 675 a
1689 650 1795 676 Graecis
1810 649 1974 684 hydr-agogos
1986 648 2092 676 dicitur.

9 688 11 696 ¹
36 681 72 711 He
85 685 161 720 legat.
174 694 187 718 3
211 688 267 720 Q¹i
279 688 372 714 saltum
390 688 517 715 aestiuum
530 687 636 722 legauit,
655 691 682 712 et
694 686 744 712 hoc
757 685 870 719 amplius
882 685 962 711 etiam
976 695 1016 712 eas
1029 695 1078 717 res,
1177 693 1197 712 H
1207 693 1250 713 γι)
1259 692 1277 712 R
1286 684 1307 712 A¹⁴
1316 691 1337 712 G
1347 682 1366 711 ὀ
1376 691 1396 709 Ν
1406 690 1425 710 0
1434 690 1462 716 S,
1489 685 1508 711 i.
1542 695 1579 712 m.
1616 686 1653 712 Ex
1666 694 1730 720 aqua
1741 689 1848 721 genitus.
1885 686 1928 712 Ita
1941 685 2035 712 dicitur
2047 686 2184 722 nympbaca

38 729 107 755 quae
125 720 167 746 ibi
186 723 235 748 else
253 723 337 750 solent
353 734 358 750 :
389 732 445 750 non
462 724 567 750 videtur
585 723 616 748 de
639 721 693 748 illis
714 721 854 755 pecoribus
875 720 988 753 semisse,
1012 731 1077 756 quae
1142 722 1221 756 Apul.
1235 721 1320 748 Herb.
1337 729 1359 746 c.
1375 721 1418 753 67.

39 754 130 784 hieme
142 756 171 782 in
182 755 313 791 hibernis,
326 763 372 786 aut
384 759 477 786 aestate
491 759 519 785 in
530 758 634 785 aestiuis
649 758 697 783 esse
710 757 807 783 solent:
833 754 876 782 sed
892 755 923 781 de
938 756 998 787 illis,
1011 766 1078 791 quae
1097 762 1122 789 ις
1181 764 1200 783 1-1
1214 764 1233 783 Υ
1245 764 1290 784 DR
1301 763 1323 783 A
1335 762 1355 782 R
1364 761 1385 781 G
1394 760 1470 781 YRV
1479 761 1503 781 M
1513 775 1521 788 ,
1549 755 1568 782 i.
1604 764 1629 781 n.
1664 753 1845 791 [ὖὸροέργυρον]
1881 756 2021 792 Argentum
2039 759 2122 784 viuum
2134 756 2184 793 sa·

38 797 167 826 perpetuo
185 791 226 819 ibi
245 794 312 821 sunt.
365 796 477 830 Denique
491 794 628 825 Hiberna,
654 792 732 820 Villae
744 799 808 827 pars
827 791 862 818 ad
876 791 1003 826 hibernum
1021 800 1078 817 tem-
1143 791 1252 819 elicium.
1289 792 1354 818 Plin.
1368 799 1405 822 33,
1418 795 1431 820 8
1456 791 1474 816 s.
1486 800 1514 824 41
1536 791 1573 819 Ex
1588 791 1741 817 secundario
1756 791 1841 817 minio
1853 790 1957 818 inuenit
1971 793 2026 819 vita
2038 798 2063 820 et
2075 792 2184 825 hydrar-

8 832 10 834 “
33 833 86 862 pus
102 826 240 861 aedificata.
276 830 333 857 Cic.
347 830 425 856 Attic.
441 838 474 862 13,
487 838 517 862 ²9
541 831 572 856 In
585 828 649 856 villa
664 827 745 855 video
765 827 850 857 nihil,
869 833 914 853 aut
931 836 1010 861 pauca
1023 837 1078 854 mu-
1142 837 1237 862 gyrum
1250 827 1365 854 inuicem
1379 827 1482 860 argenti
1496 827 1561 853 viui.
1600 827 1641 853 Pit
1658 833 1746 852 autem
1764 826 1867 853 duobus
1886 827 1981 853 modis.
2017 829 2078 855 Illos·
2097 828 2185 856 deinde

37 867 108 895 tata,
131 862 265 891 balnearia
276 871 362 892 tamen
374 865 480 892 laudat:
504 866 606 892 maiora
619 864 651 890 de
663 863 813 890 minoribus
826 863 863 888 ait
880 861 993 889 hiberna
1010 862 1078 889 effici
1141 863 1224 890 modos
1237 865 1353 898 explicat.
1397 861 1453 887 Ls'id.
1474 868 1670 889 ARGENTVM
1691 863 1794 888 viuum.
1838 862 1903 889 Plin.
1916 871 1953 895 33,
1966 872 1978 895 3
2002 863 2052 890 Aes
2064 865 2185 893 inaura-i

35 899 115 932 pofl'e.
170 900 208 925 De
226 900 267 927 bis
284 900 338 928 vid.
351 902 434 927 Lexic.
449 901 536 937 Pitisc.
591 901 677 927 Varro
697 899 729 925 de
743 899 775 925 R.
783 899 813 925 R.
827 907 847 929 1,
865 906 875 924 1
896 905 959 925 extr.
1011 899 1077 925 Plin.
1141 904 1250 933 argento
1265 898 1349 929 viuo,
1366 902 1410 923 aut
1423 903 1493 924 certe
1510 897 1672 932 hydrargyro
1687 897 1836 931 legitimum
1849 904 1911 925 erat.

35 933 82 968 Ep.
103 941 121 966 9
146 934 194 961 vlt.
1093 943 1129 961 20
1179 941 1200 960 H
1213 941 1232 960 Y
1242 940 1260 960 D
1269 941 1289 960 R
1300 940 1321 959 A
1334 939 1355 958 V
1367 939 1383 958 L
1393 939 1414 959 A
1426 939 1442 958 E
1452 952 1460 964 ,
1475 942 1558 959 arum.
1579 933 1598 959 f.
1623 933 1773 968 adferuntur
1790 942 1819 959 ex
1832 934 1941 960 Vitruu.
1962 942 2000 966 10,
2015 942 2053 967 10,
2071 934 2115 961 vbi
2126 932 2186 971 post

75 975 97 994 H
107 976 126 996 Y
135 976 175 996 ΒΕ
184 976 203 996 R
211 977 261 997 ΝΑ
270 976 288 997 C
298 969 320 998 ὖ
329 977 346 997 L
358 978 379 998 v
387 974 428 1003 M,
448 971 535 998 melius
552 976 573 997 H
584 978 594 997 1
604 977 621 998 Β
629 977 645 997 E
655 976 674 996 R
683 976 736 996 NA
744 976 760 997 C
769 976 790 996 V
798 976 815 995 L
823 976 845 995 V
855 974 880 994 M
889 988 897 1000 ‚
916 968 934 995 i.
956 978 982 995 n.
1006 970 1077 1004 [χιι-
1141 976 1213 996 rotas
1225 978 1313 1005 aquam
1330 968 1470 995 haurientes
1483 968 1571 1000 addit,
1593 968 1688 993 Eadem
1707 968 1810 994 ratione
1829 969 1909 995 etiam
1922 971 2058 996 versantur
2072 970 2185 1003 hydrau-

38 1001 145 1038 μάδιον]
181 1005 264 1038 Idem,
282 1007 347 1041 quod
359 1007 486 1040 Hiberna,
504 1015 581 1033 orum.
617 1006 675 1032 Liu.
690 1014 732 1037 22,
746 1013 777 1037 32
810 1004 900 1031 COSS.
920 1004 956 1030 M.
969 1006 1077 1032 Attilius
1144 1005 1193 1031 lae.
1233 1006 1299 1031 Tota
1313 1003 1445 1039 descriptio
1456 1010 1536 1029 autem
1549 1003 1646 1029 indicat
1659 1006 1703 1039 agi
1719 1003 1748 1040 de
1761 1005 1824 1029 mola
1836 1007 1948 1038 aquaria.
1982 1006 2185 1041 Itaqueprobant

39 1039 133 1074 Regul.
147 1040 198 1067 Cn.
213 1041 341 1069 Seruilius
361 1042 457 1075 Gemi,
486 1041 603 1068 exercitu
624 1047 746 1075 accepto,
776 1039 954 1066 hibernaculis
976 1047 1078 1068 mature
1141 1043 1197 1066 viri
1211 1039 1279 1066 doc‘h'
1292 1039 1481 1066 emundationem
1492 1039 1604 1066 Turnebi
1618 1045 1641 1065 et
1648 1039 1760 1071 SotmaJn'
1773 1037 1963 1071 Hydromylae.
2004 1042 2093 1067 Totum
2107 1043 2185 1069 locum

0 1071 2 1081 ¹
37 1075 226 1109 communitis,
245 1083 290 1103 etc.
360 1077 435 1104 Idem
453 1086 495 1111 3ο,
509 1085 522 1109 3
539 1083 604 1103 extr.
625 1075 803 1103 Hibernacula
815 1076 1078 1110 Carthaginienssum,
1143 1075 1229 1102 damur
1242 1084 1298 1102 voce
1313 1081 1416 1101 MOLA.

39 1111 159 1144 congesta
184 1116 284 1138 temere
305 1121 337 1139 ex
361 1113 430 1147 agris
454 1112 579 1145 materia,
605 1111 789 1144 exaedificata,
814 1111 903 1146 lignea
921 1112 1004 1138 ferme
1023 1119 1078 1138 tota
1094 1118 1126 1144 25
1182 1117 1203 1137 1-1
1215 1117 1346 1138 vDRAV
1358 1117 1439 1142 Los,
1465 1109 1484 1137 i.
1520 1118 1557 1135 m.
1594 1106 1748 1144 [ὕδραυλος]
1785 1107 1916 1140 Machina,
1929 1110 1958 1133 in
1970 1117 2017 1144 qua
2037 1119 2112 1146 aquae
2124 1118 2186 1147 pon-

5 1163 7 1171 .
37 1151 121 1172 erant.
166 1146 215 1172 Con
234 1167 240 1173 .
259 1147 397 1175 Claudian.
411 1149 488 1175 Cons.
503 1149 606 1174 Honor.
620 1157 656 1180 4,
669 1155 725 1179 322.
922 1146 942 1184 ff
963 1156 979 1173 2
1015 1149 1079 1174 Pars
1134 1146 1197 1186 [dere
1213 1146 1331 1181 impulsas
1347 1149 1374 1171 in
1392 1147 1468 1171 tibias
1485 1148 1529 1171 ab'r
1536 1145 1612 1180 sonos
1628 1144 1690 1170 edit.
1730 1143 1796 1169 Plin.
1810 1151 1844 1177 9,
1862 1149 1876 1173 8
1903 1143 2050 1178 Delphinus
2067 1155 2121 1172 non
2139 1147 2187 1173 ho-

6 1192 8 1195 *
36 1179 147 1214 aedificii
161 1181 196 1207 ad
224 1182 367 1210 abitandum
379 1185 479 1211 hiberno
490 1189 596 1217 tempore
607 1182 704 1208 idonea.
739 1181 805 1210 Plin.
819 1181 897 1216 Epist.
911 1191 931 1213 2,
946 1190 974 1217 17
993 1184 1080 1210 Huius
1144 1183 1212 1208 mini
1227 1188 1329 1208 tanturn
1349 1181 1464 1207 amicum
1478 1179 1592 1212 animal,
1610 1188 1704 1206 verum
1723 1184 1750 1205 et
1770 1179 1880 1205 musicae
1894 1179 1961 1211 arti,
1977 1181 2108 1208 mulcetur
2120 1182 2186 1214 sym-

6 1229 11 1270 Α
37 1214 171 1248 cubiculi,
186 1222 212 1243 et
225 1218 339 1246 triclinii
353 1219 426 1246 illius
437 1217 545 1245 obietstu
557 1217 705 1244 includitur
716 1218 842 1252 angulus,
857 1218 903 1253 qui
917 1218 1077 1252 puriss'nnum
1143 1217 1259 1253 phoniae
1275 1222 1367 1248 cantu,
1382 1222 1407 1242 ct
1420 1216 1557 1250 praecipue
1572 1214 1694 1247 hydrauli
1710 1215 1783 1240 sono.
1813 1242 1814 1245 ,
1827 1215 1953 1241 Eiusmodi
1965 1216 2134 1250 hydraulum,
2146 1218 2188 1244 vel

35 1250 119 1277 solem
133 1253 269 1286 continet,
287 1260 313 1280 et
333 1253 470 1282 accendit:
503 1252 555 1280 hoc
573 1252 793 1286 hibernaculum,
811 1252 862 1280 hoc
880 1254 958 1280 etiam
973 1263 1077 1288 gymna-
1143 1262 1273 1288 organum
1285 1252 1343 1279 adeo
1357 1251 1541 1283 hydraulicum
1552 1250 1668 1286 describit
1680 1250 1772 1277 Claud.
1787 1249 1818 1276 de
1835 1249 1920 1276 Mallii
1932 1251 2010 1278 Cons.
2023 1260 2065 1285 3¹3

6 1276 12 1309 ¹.
36 1284 103 1314 fium
123 1295 246 1314 meorum
262 1289 307 1316 est.
400 1289 508 1316 Vitruu.
522 1297 548 1321 1,
568 1297 582 1314 ε
609 1289 677 1315 Item
694 1296 803 1315 naturae
823 1289 902 1316 decor
917 1290 982 1320 erit,
1002 1290 1020 1316 fi
1034 1300 1078 1316 cu-
1092 1295 1125 1319 30
1298 1289 1330 1314 Et
1351 1287 1398 1322 qui
1418 1295 1512 1321 magna
1531 1286 1585 1312 leui
1605 1285 1745 1312 detrudens
1764 1294 1898 1312 murmura
1919 1286 1989 1313 caetu

4 1312 12 1353 l,
37 1320 134 1348 bic-ulis
153 1329 179 1349 et
194 1323 382 1357 bibliothecis,
399 1324 432 1351 ab
450 1324 554 1351 oriente
572 1324 674 1351 lumina
694 1326 851 1359 capientur:
883 1325 981 1352 balneis
998 1331 1023 1353 et
1037 1325 1077 1352 hi·
1298 1324 1451 1350 Innumeras
1470 1331 1548 1348 voces
1568 1322 1659 1355 segetis
1684 1320 1834 1347 moderatus
1851 1324 1931 1348 aenae

36 1355 201 1390 bernaculis,
219 1359 253 1386 ab
264 1359 398 1386 occidente
411 1359 535 1386 hiberno.
571 1361 691 1387 Meminit
707 1367 731 1386 et
744 1364 768 1392 6,
778 1370 802 1392 3.
838 1361 931 1396 Rursus
946 1372 996 1396 7,4
1013 1368 1078 1388 extr.
1297 1360 1405 1386 Intonat
1425 1358 1525 1384 erranti
1548 1357 1650 1391 digito,
1670 1358 1826 1391 penitusque
1844 1356 1941 1383 trabali

10 1414 11 1421 ,
30 1413 58 1428 4„
72 1398 234 1420 HYBERN
246 1400 283 1426 ο,
307 1396 333 1431 s.
355 1401 395 1423 HI
407 1402 535 1422 BERNO
556 1399 657 1431 patius,
683 1400 735 1422 are.
771 1396 951 1431 [ἑγχειμοὶζω]
989 1397 1079 1424 Statim
1298 1394 1381 1421 VeEte
1403 1393 1550 1420 laborantes
1575 1394 1604 1419 in
1623 1392 1740 1418 carmina
1760 1392 1875 1418 concitet
1894 1391 1984 1419 vndas.

24 1448 26 1451 .
66 1435 89 1454 m
101 1428 281 1465 hiemefacere.
323 1431 379 1457 Cic.
396 1440 446 1465 pro
459 1431 488 1457 L.
502 1431 597 1457 Manil.
611 1440 642 1464 39
662 1440 684 1457 c.
698 1440 722 1464 13
750 1432 806 1458 Iam
825 1441 890 1458 vero
909 1432 1078 1466 quemadmo-
1143 1431 1255 1458 Seuerus
1278 1430 1307 1457 in
1322 1431 1406 1456 Aetna
1423 1438 1468 1462 ²92
1496 1437 1616 1455 cauernas
1633 1430 1728 1455 Aetnae
1747 1434 1874 1463 comparat
1892 1437 1945 1455 cum
1966 1427 2101 1461 hydraulis
2121 1430 2186 1458 rhea,

61 1461 98 1495 ‘vm
120 1463 221 1491 milites
241 1464 397 1498 hibernent,
429 1466 553 1500 quotidie
575 1467 709 1493 sermones
733 1475 762 1493 ac
784 1467 878 1494 literae
900 1468 1077 1502 perferuntur.
1096 1472 1124 1499 33
1142 1473 1254 1501 trorum,
1284 1466 1310 1493 h.
1329 1475 1361 1491 m.

63 1497 185 1526 ibernam
204 1503 277 1527 etiam
295 1502 391 1535 pisces:
419 1502 486 1527 Plin.
498 1510 525 1533 9,
540 1509 566 1534 15
586 1502 682 1527 Bruma
694 1510 748 1528 non
761 1509 902 1537 vagantur:
927 1503 1079 1537 vbicunque
1300 1502 1372 1529 Nam
1396 1499 1480 1526 veluti
1498 1500 1635 1526 resonante
1659 1498 1705 1524 diu
1723 1498 1844 1528 Tritone
1862 1507 1978 1531 canoro,

33 1531 185 1569 deprehensi
204 1545 286 1570 vsque
298 1536 329 1562 ad
342 1535 557 1571 aequinoctium,
575 1536 617 1563 ibi
631 1536 781 1563 hibernant.
817 1538 844 1563 de
857 1539 970 1572 thynnis.
1020 1540 1079 1565 Per·
1299 1537 1376 1564 Pellit
1396 1544 1459 1570 opes
1479 1535 1603 1561 collectus
1623 1543 1722 1569 aquae,
1741 1534 1881 1569 vietusque
1900 1541 2024 1561 mouetur

33 1568 85 1597 ssus
104 1571 137 1603 6,
156 1578 174 1605 7
203 1572 355 1598 Hibernare
376 1580 448 1598 mare
471 1571 540 1598 dixit
568 1572 792 1608 (quemadmodum
812 1574 906 1600 Horat.
929 1575 1078 1607 Hiemare)
1300 1572 1427 1607 Spiritus,
1452 1578 1477 1597 et
1497 1571 1587 1611 longas
1607 1570 1708 1604 emugit
1729 1569 1839 1596 buccina
1859 1578 1958 1600 νωθῆ

31 1607 52 1632 i.
68 1605 179 1633 saeuire.
1300 1607 1479 1641 Carmineque
1500 1607 1603 1640 irriguo
1626 1605 1716 1639 magni
1735 1605 1838 1631 cortina
1859 1605 1957 1631 theatri

71 1647 219 1672 HYBLE,
247 1650 296 1671 es;
330 1643 372 1668 vel
400 1648 550 1674 HYBLA‚
580 1651 619 1670 ae.
655 1642 674 1668 f.
710 1641 838 1677 [emm]
872 1645 950 1670 biom·
969 1651 994 1671 et
1012 1648 1080 1681 regio
1093 1651 1131 1676 40
1300 1642 1452 1677 Imparibus
1470 1642 1608 1668 numerosa
1626 1641 1714 1666 modis
1732 1640 1802 1666 canit
1822 1646 1879 1665 arte
1899 1639 2014 1673 regentis

33 1675 144 1706 Siciliae,
163 1679 190 1702 in
204 1685 252 1712 qua
267 1678 349 1711 thymi
362 1684 387 1703 ct
390 1678 497 1713 salicum
510 1681 589 1713 copia.
625 1678 707 1704 Ouid.
722 1678 751 1704 in
768 1673 836 1705 lbin‘
848 1688 892 1712 199
911 1680 983 1706 Nam
995 1690 1081 1715 neque
1301 1680 1376 1711 Qiae
1397 1684 1504 1703 tenuem
1520 1676 1658 1711 impellens
1673 1675 1789 1701 animam
1807 1673 1968 1708 subremigat
1985 1673 2082 1701 vndam
2096 1684 2103 1700 :

0 1716 1 1720 ¹
35 1716 103 1745 quot
122 1712 200 1738 flores
220 1712 306 1739 Sicula
324 1714 461 1739 nascantur
479 1714 508 1739 in
525 1714 628 1746 Hybla,
655 1713 750 1740 dicam.
832 1714 957 1746 Thymus
976 1716 1080 1748 Hyblae
1299 1712 1380 1739 Haud
1400 1713 1494 1744 aliter,
1519 1719 1564 1738 εἶθ·

34 1745 131 1779 virgil.
145 1747 197 1772 Ecl.
215 1755 241 1781 7,
259 1755 301 1782 37.
367 1749 483 1775 Martial.
499 1757 530 1781 2,
548 1759 585 1783 40
612 1749 719 1775 Florida
738 1758 785 1783 per
805 1750 895 1776 varios
913 1758 942 1776 vt
960 1751 1081 1783 pingitur
1144 1746 1310 1773 Tertullian.
1324 1748 1356 1773 de
1371 1747 1465 1772 Anima
1478 1755 1498 1771 c.
1516 1755 1546 1778 14
1566 1743 1655 1778 Specta
1668 1742 1909 1778 portentosissimam
1922 1743 2089 1771 Archimedis
2104 1743 2191 1771 muni-

33 1780 122 1811 Hybla
135 1782 247 1808 colores.
287 1784 352 1810 Tres
364 1787 418 1810 eius
430 1786 538 1810 nominis
556 1784 635 1811 Vrbes
650 1785 745 1811 Siculae
752 1785 837 1820 fuere.
879 1785 938 1810 Vid.
953 1785 1079 1811 Drakenb.
1145 1780 1293 1820 licentiam,
1312 1789 1442 1820 organum
1460 1780 1646 1812 hydraulicum
1668 1780 1727 1805 dico
1737 1799 1746 1811 ,
1765 1784 1806 1805 tot
1820 1779 1955 1818 membra,
1973 1785 2014 1806 tot
2028 1786 2129 1814 partes,
2150 1786 2190 1807 tot

31 1815 68 1842 ad
83 1816 130 1841 Sil.
146 1825 186 1849 14,
199 1825 259 1842 200.
1097 1817 1132 1843 45
1145 1824 1329 1849 compagines,
1355 1821 1395 1841 tot
1409 1822 1506 1841 itinera
1529 1823 1640 1845 vocum,
1664 1820 1704 1841 tot
1725 1816 1880 1848 compendia
1899 1817 2040 1846 sonorum,
2060 1821 2099 1841 tot
2118 1824 2190 1841 com-

10 1877 12 1881 ,
70 1856 92 1876 Η
102 1857 170 1877 YBL
180 1857 256 1877 Aizv
266 1858 297 1883 s,
322 1860 354 1883 a,
377 1861 432 1878 um.
468 1852 529 1878 Adi.
572 1850 730 1885 [Ὕέλαῖος]
777 1853 825 1884 Vt,
849 1852 917 1885 Apes
936 1852 1080 1884 Hyblaeae,
1145 1850 1243 1876 mercia
1257 1851 1415 1882 modorum,
1430 1857 1469 1877 tot
1482 1850 1550 1877 acies
1564 1850 1690 1877 tibiarum
1701 1870 1709 1882 ,
1729 1857 1754 1876 et
1768 1858 1818 1876 vna
1832 1850 1913 1876 moles
1926 1856 2000 1876 erant
2013 1851 2111 1876 onmia.
2147 1851 2191 1878 Sic

32 1891 58 1912 et
75 1885 130 1912 Mel
143 1885 302 1918 Hyblaeum.
339 1887 435 1921 Virgil.
447 1887 501 1912 Ecl.
516 1895 536 1918 1,
549 1893 578 1919 ςς
604 1886 731 1918 Hyblaeis
750 1885 844 1920 apibus
863 1888 958 1913 liorem
977 1887 1081 1922 depasta
1146 1891 1171 1911 et
1183 1886 1307 1919 spiritus,
1325 1887 1372 1920 qui
1386 1886 1443 1912 illic
1455 1885 1487 1912 de
1503 1892 1637 1912 tormento
1651 1894 1734 1919 aquae
1748 1884 1862 1916 anhelat,
1881 1894 1934 1911 non
1949 1885 2011 1911 ideo
2025 1886 2190 1920 separabitur

32 1920 129 1948 falit‘lii.
190 1921 307 1947 Martial.
326 1930 366 1953 11,
384 1931 416 1955 43
449 1923 540 1956 Qunn
558 1921 662 1948 dederis
681 1922 774 1949 Siculis
793 1922 896 1949 mediae
915 1923 947 1948 de
966 1923 1080 1949 collibus
1146 1921 1175 1946 in
1195 1927 1295 1954 partes,
1315 1922 1378 1955 quia
1399 1930 1445 1955 per
1458 1927 1543 1955 partes
1560 1920 1772 1952 administratur,
1793 1920 1934 1947 substantia
1953 1921 2061 1955 quidem
2082 1922 2190 1955 solidus,

10 1972 11 1978 ,
31 1955 153 1989 Hyblae,
189 1957 334 1991 Cecropios
345 1957 414 1984 dicas
437 1963 466 1985 tu
480 1957 542 1984 licet
555 1958 604 1984 effe
617 1958 703 1984 fanos.
771 1958 863 1985 Claud,
877 1959 982 1985 Pescen.
996 1959 1080 1992 ant,
1145 1964 1225 1990 opera
1238 1965 1303 1982 vero
1315 1957 1423 1982 diuisus.
1461 1957 1529 1982 Haec
1542 1963 1566 1982 et
1573 1957 1650 1990 plura
1663 1957 1720 1982 olim
1734 1955 1844 1982 dedimus
1851 1954 2141 1992 Chrestom.pl1·n.p.4o4
2149 1958 2190 1993 sq.

32 1992 138 2024 Honor.
158 1999 211 2025 105.
1098 1994 1132 2022 50
1180 1998 1202 2017 H
1211 1999 1229 2017 Y
1238 1998 1256 2017 D
1265 1998 1284 2017 R
1296 1998 1318 2017 A
1330 1999 1351 2017 v
1362 1999 1378 2018 L
1387 1998 1403 2017 E
1414 1998 1426 2017 s
1435 2010 1442 2022 ‚
1465 1993 1505 2017 vel
1524 1998 1544 2017 H
1554 1999 1572 2018 Y
1581 1997 1600 2017 D
1609 1998 1629 2017 R
1637 1998 1659 2017 A
1668 1998 1688 2017 v
1697 1998 1713 2017 L
1723 1998 1745 2017 A
1754 2010 1762 2021 ,
1779 2000 1817 2017 ae.
1840 2000 1877 2017 m.
1915 1992 1965 2026 ‚Qi
1979 1992 2100 2025 hydraulo
2113 1997 2192 2020 canit.

10 2055 11 2058 ,
71 2033 229 2060 HYBRIS,
250 2027 301 2055 i'dis
313 2037 321 2059 ς
347 2028 389 2054 vel
409 2034 430 2053 H
441 2034 461 2054 Y
472 2034 610 2060 BR1DA,
629 2036 669 2054 ae.
701 2027 721 2054 f.
765 2028 812 2055 Sed
830 2029 864 2055 al.
887 2034 1010 2062 tRRis,
1040 2030 1082 2055 vel
1145 2026 1205 2053 Vet.
1219 2026 1297 2052 Glotr.
1311 2027 1484 2060 Organarius.
1521 2027 1656 2063 Coniungit
1674 2035 1727 2052 cum
1740 2025 1874 2053 Choraula
1893 2026 1963 2053 Suet.
1978 2026 2045 2053 Ner.
2056 2036 2078 2054 c.
2092 2035 2135 2063 54.

5 2089 11 2096 .
23 2068 98 2090 JBR
109 2070 117 2088 1
128 2069 147 2088 D
158 2070 180 2089 A
196 2073 202 2088 :
238 2063 338 2090 videtur
354 2064 466 2100 generale
484 2073 569 2090 nomen
589 2067 695 2090 omnium
714 2063 921 2098 Ambigenarum
931 2085 939 2096 ,
962 2068 981 2091 i.
998 2074 1027 2091 ex
1042 2064 1081 2090 di·
1184 2068 1205 2087 H
1215 2068 1232 2086 Y
1243 2068 1288 2087 DR
1298 2069 1349 2089 AV
1358 2063 1391 2088 Li
1401 2068 1417 2087 C
1427 2068 1448 2087 v
1458 2070 1487 2094 s,
1504 2071 1530 2094 a,
1549 2071 1605 2088 um.
1641 2060 1743 2087 Adie&
1779 2063 1789 2092 [
1804 2059 1944 2096 ὗδρανλικᾶς
1957 2062 1970 2095 ]
2023 2063 2090 2089 Plin-
2105 2072 2138 2098 7,
2157 2071 2191 2099 37

10 2091 97 2132 jierfi
113 2101 213 2134 generis
224 2099 373 2133 parentibus·
391 2106 508 2125 ortorum.
558 2100 600 2126 Sic
612 2098 749 2131 Hybridae
761 2099 825 2135 sunt
838 2100 922 2126 Canes
935 2099 1081 2134 imparibus
1146 2096 1277 2123 Laudatus
1304 2097 1340 2123 est
1360 2096 1490 2124 Ctesibius
1511 2097 1678 2131 pneumatica
1699 2096 1821 2129 ratione,
1852 2102 1877 2124 et
1903 2096 2063 2130 hydraulicis
2084 2101 2191 2133 organis

22 2133 50 2163 ,ἦ
68 2133 187 2161 rentibus
201 2134 275 2167 nati,
293 2137 376 2170 inquit
388 2133 536 2169 Porphyrio
554 2137 582 2160 in
597 2134 684 2161 Schol.
706 2135 740 2160 ad
756 2136 824 2161 Hor.
844 2135 894 2161 Sat.
910 2144 929 2167 1,
951 2144 973 2167 7,
987 2144 1002 2161 2
1029 2134 1080 2160 hoc
1145 2132 1266 2165 repertis.
1320 2132 1498 2163 Hydraulieae
1514 2131 1653 2158 machinae
1666 2132 1773 2159 Vitrun.
1788 2140 1805 2165 9
1834 2142 1855 2159 t.
1871 2132 1919 2159 vlt.
2006 2133 2081 2160 Idem
2102 2142 2147 2167 ιο,
2168 2144 2192 2166 13

95 2178 125 2196 ex
149 2171 272 2196 venatico
296 2176 322 2196 et
344 2171 476 2204 gregario.
528 2171 566 2196 De
580 2170 625 2196 hoc
644 2178 739 2203 genere
757 2170 810 2196 vid.
825 2170 915 2196 Barth.
929 2176 953 2195 et
972 2171 1034 2195 Vlit.
1046 2168 1081 2195 ad
1098 2169 1127 2195 55
1143 2168 1243 2202 longam
1262 2166 1334 2193 habet
1347 2167 1440 2202 organi
1453 2167 1604 2199 hydraulici
1621 2167 1815 2203 descriptionem.
1856 2169 1954 2194 Mentio
1972 2177 2133 2203 organorum
2147 2170 2194 2203 hy-

90 2211 107 2232 t.
129 2213 172 2238 253
205 2205 363 2232 Semiferam
382 2205 497 2232 Thoum
520 2205 552 2231 de
574 2205 699 2239 sanguine
720 2204 831 2238 prolem.
927 2202 1080 2236 Hybridae,
1144 2201 1327 2229 draulicorum
1342 2204 1409 2230 noui
1428 2208 1454 2230 et
1472 2203 1559 2238 ignoti
1575 2203 1680 2238 generis
1701 2202 1733 2237 est
1752 2203 1822 2230 Suet.
1838 2203 1905 2231 Ner.
1925 2212 1948 2230 c.
1961 2212 2002 2238 41.
2050 2204 2109 2232 Vid.
2126 2206 2192 2233 Tur-

0 2258 4 2266 .
79 2234 95 2266 't
114 2250 143 2267 ex
156 2240 218 2276 fero
235 2248 259 2267 et
274 2239 402 2273 domestico
413 2242 459 2276 fite
470 2243 610 2275 progeniti.
646 2241 688 2266 Sic
702 2242 731 2265 in
749 2242 858 2265 carmine
873 2238 902 2265 de
916 2239 1080 2274 Ambigenis,
1142 2237 1195 2265 neb.
1209 2237 1314 2274 Aducrs
1327 2249 1354 2272 1,
1367 2249 1406 2267 22.

0 2271 9 2300 ':
36 2304 38 2306 r
58 2276 113 2310 pris
131 2281 210 2310 atque
224 2278 268 2302 sue
283 2277 381 2302 setosus
399 2275 514 2302 nascitur
526 2274 604 2301 Ibris.
650 2275 701 2310 Sic,
710 2277 774 2300 enim
792 2274 828 2300 ihi
839 2274 974 2310 jer-ibitur.
1011 2275 1079 2302 Plin.
1181 2279 1382 2307 HYDREVS,
1402 2283 1426 2307 a,
1447 2283 1502 2302 um.
1529 2274 1592 2301 Adi.
1621 2275 1761 2311 Aquatilis.
1791 2275 1871 2301 Mart.
1884 2273 1985 2308 Capell.
1999 2281 2017 2309 7
2033 2284 2058 2310 p.
2067 2283 2116 2311 237
2135 2276 2191 2309 Hy.

33 2311 57 2344 ',
71 2319 84 2344 5
111 2313 141 2337 In
154 2311 230 2337 nullo
248 2320 344 2345 genere
363 2319 447 2344 aeque
465 2310 551 2336 facilis
568 2308 677 2336 mistura
696 2319 756 2336 cum
774 2310 850 2343 fero,
871 2311 986 2344 qualiter
1005 2317 1080 2337 natos
1142 2308 1206 2336 dreo
1219 2310 1338 2344 germine
1359 2310 1497 2345 pullulare.

7 2351 13 2368 7
33 2344 137 2381 vantiqui
151 2345 277 2378 hybridas
289 2345 429 2378 vocabant,
442 2354 489 2371 ceu
502 2345 639 2372 semiferos
648 2365 656 2377 ,
676 2345 709 2372 ad
723 2345 843 2372 homines
857 2354 982 2380 quoque,
1002 2353 1031 2372 vt
1051 2347 1081 2373 in
1090 2348 1125 2373 60
1181 2351 1202 2371 H
1212 2351 1258 2371 YD
1268 2352 1287 2371 R
1296 2353 1313 2372 Ε
1323 2353 1343 2371 v
1352 2353 1377 2372 M
1386 2366 1395 2378 ,
1414 2346 1432 2372 i.
1457 2355 1484 2372 n.
1520 2345 1639 2381 Aquinio,
1648 2351 1746 2380 putem.
1782 2345 1864 2372 Solin.
1878 2347 1922 2381 67.
1953 2345 2011 2372 Vid.
2020 2346 2094 2373 Salm.
2105 2350 2133 2373 in
2144 2348 2191 2375 Iac.

4 2372 13 2434 1
28 2379 65 2409 ¹C.
78 2382 224 2408 Antonium
238 2382 374 2409 Ciceronis
387 2382 417 2407 in
429 2381 572 2407 Consulatu
586 2381 723 2415 Collegam
732 2400 739 2411 ,
757 2381 934 2415 appellatione
947 2382 1079 2409 translata.
1183 2387 1205 2407 Η
1216 2389 1234 2407 Υ
1243 2386 1262 2406 D
1271 2388 1290 2407 R
1301 2387 1351 2407 BV
1361 2388 1385 2407 Μ
1396 2388 1418 2407 A
1428 2401 1436 2413 ,
1454 2381 1513 2407 atis.
1541 2390 1567 2406 n.
1604 2381 1680 2408 Idem.
1718 2381 1784 2407 Plin.
1796 2383 1821 2412 6,
1835 2389 1875 2413 23.

6 2443 11 2449 ‚
34 2417 141 2447 Sueton.
154 2417 183 2444 in
197 2417 316 2452 Augusto
334 2427 355 2443 c.
375 2426 403 2449 19
428 2416 513 2442 Asinii
530 2415 638 2450 Epicadi
656 2425 687 2442 ex
706 2422 782 2450 gente
798 2416 927 2450 Parthyna
942 2417 1081 2450 hybridae.
1180 2422 1286 2443 HYDR
1297 2424 1355 2449 1A,
1374 2425 1413 2443 ae.
1438 2417 1458 2442 f.
1493 2413 1600 2452 [ὑδρία]
1639 2417 1710 2443 lsrna
1722 2416 1756 2443 ad
1770 2416 1913 2452 capiendam
1925 2424 2020 2451 aquam.
2050 2418 2105 2444 Cic.
2113 2419 2190 2445 Verr.

31 2451 149 2481 'Notabile
162 2451 212 2486 est,
231 2452 296 2488 quod
315 2452 427 2488 obstruat
439 2452 576 2479 Burmann.
601 2450 744 2485 Epicadum
761 2452 924 2486 praefe&um
944 2453 1079 2487 peditibus
1144 2459 1166 2482 2,
1180 2459 1217 2486 47
1236 2461 1258 2478 c·
1273 2461 1301 2483 19
1324 2452 1444 2484 Hydriae
1458 2458 1605 2486 argenteae.
1661 2451 1734 2478 Idem
1749 2453 1824 2478 Verr.
1838 2461 1866 2486 4,
1879 2459 1916 2486 97
1940 2453 1970 2477 In
1984 2452 2034 2478 hoc
2048 2453 2111 2479 fano
2126 2454 2192 2480 lori-

31 2485 227 2521 Parthynornm
241 2488 300 2514 Liu.
313 2496 367 2520 44,
385 2495 425 2519 30.
485 2488 561 2513 Tales
576 2487 715 2520 Hybridae
728 2488 791 2524 finit
809 2488 882 2515 Hirt.
897 2489 928 2515 de
942 2490 1006 2516 Bell.
1019 2490 1078 2516 Afr.
1143 2495 1201 2518 cas,
1219 2487 1356 2522 galeasque
1369 2497 1478 2520 aeneas,
1497 2487 1605 2514 caelatas
1624 2496 1704 2521 opere
1717 2487 1878 2519 Corinthio,
1894 2486 2054 2521 hydriasque
2071 2490 2191 2522 grandes,

48 2533 65 2558 9
94 2526 169 2558 Quos
203 2538 250 2543 --
284 2523 388 2557 equites
405 2523 552 2549 Germanos
573 2523 716 2558 Gallosque
728 2544 736 2556 ‚
762 2524 855 2559 ibique
874 2525 962 2559 postea
982 2534 1013 2551 ex
1033 2524 1079 2557 hy·
1095 2522 1127 2554 63
1143 2521 1223 2548 simili
1238 2524 1266 2549 in
1280 2532 1385 2558 genere,
1403 2530 1483 2558 atque
1499 2523 1589 2549 eadem
1603 2529 1658 2548 arte
1672 2522 1808 2557 perfeetas.
1844 2522 1917 2550 Idem
1934 2523 2011 2549 Verr.
2025 2531 2049 2555 2,
2064 2532 2109 2558 127
2128 2524 2190 2551 Tot

8 2533 120 2622 'gridis
139 2558 272 2585 libertinis
295 2558 430 2593 seruisque
449 2558 644 2593 conscripserat.
698 2560 771 2586 Talis
790 2567 860 2592 erat,
880 2560 909 2586 de
922 2570 968 2596 quo
982 2561 1077 2587 Horat.
1142 2558 1172 2584 in
1184 2558 1306 2590 hydriam
1326 2560 1407 2586 sortes
1423 2558 1627 2585 conjicerentur.

18 2624 20 2627 ξ
52 2603 117 2621 erm.
133 2603 152 2625 1,
171 2601 188 2628 7
201 2600 246 2629 pr.
276 2593 398 2625 Hybrida
417 2603 471 2628 quo
487 2593 564 2629 ρᾶᾶο
583 2594 614 2621 fit
625 2594 740 2627 Persius,
760 2595 831 2622 vitus
849 2596 968 2630 opinor:
1003 2597 1079 2623 Patre
1180 2600 1372 2627 HYDR1V8‚
1398 2594 1416 2620 i.
1453 2603 1490 2620 m.
1527 2595 1664 2628 Aquarius.
1707 2593 1775 2620 Puer
1790 2591 1915 2625 hydrius,
1944 2596 1963 2620 i.
1982 2592 2057 2621 Sidus
2068 2595 2190 2630 Aquarii,

33 2629 150 2658 Asiatico
168 2630 270 2656 Gracco
290 2629 491 2662 Clazomenius,
512 2635 596 2656 matre
613 2631 751 2662 Romana,
769 2638 798 2657 ut
817 2638 897 2657 monet
911 2633 1016 2662 Acron,
1036 2634 1081 2666 qui
1135 2627 1189 2662 fiue
1205 2629 1357 2663 Ganymedes
1370 2629 1493 2656 Prudent.
1508 2628 1606 2662 Apoth.
1620 2631 1680 2654 622-

33 2669 109 2692 etiam
127 2671 220 2695 monet,
241 2664 391 2697 Hybridam
410 2668 496 2691 vocari
512 2665 630 2700 aquilam
649 2674 724 2698 eam,
745 2674 811 2700 quae
825 2675 856 2692 ex
871 2666 961 2700 aquila
980 2672 1006 2692 ct
1023 2666 1082 2692 vul·
1181 2662 1390 2690 HYDRo'CEL
1401 2672 1434 2697 Ε,
1463 2673 1498 2690 es.
1534 2664 1554 2689 f.
1592 2662 1745 2699 [ὑδροκήλη]
1786 2664 1846 2691 Vid.
1865 2669 2033 2691 HERNIA.
2074 2664 2190 2693 Martial.

35 2706 96 2727 turc
114 2700 246 2727 nascitur:
283 2703 357 2732 item,
378 2700 426 2735 qui
445 2701 531 2727 mixto
549 2709 646 2735 genere
664 2701 793 2727 sermonis
812 2701 953 2736 loquatur,
981 2702 1081 2727 Graece
1092 2707 1128 2734 70
1145 2707 1188 2730 12,
1208 2703 1242 2732 84
1276 2699 1409 2726 Tumidas
1428 2700 1457 2726 in
1474 2699 1638 2732 hydrocelas·

34 2737 192 2770 Latineque.
246 2736 323 2762 Tales
335 2736 398 2772 [απτ
417 2744 512 2768 omnes,
531 2745 591 2771 quos
608 2743 710 2762 enarrat
727 2736 844 2762 Martial.
859 2739 885 2769 6,
900 2746 937 2768 39.
957 2744 1038 2772 nempe
1053 2746 1082 2762 ex
1183 2739 1314 2761 HYDRO
1327 2741 1343 2761 C
1355 2737 1439 2763 ELi'C
1450 2741 1468 2760 V
1479 2742 1506 2766 S,
1529 2744 1554 2767 a,
1580 2744 1633 2761 um.
1670 2735 1730 2761 Adi.
1767 2732 1958 2770 [ὖδροκηλικθς]
1993 2736 2045 2771 Qci
2063 2735 2192 2771 hydrocele

9 2790 12 2814 Ι
35 2781 88 2798 vna
102 2778 196 2804 matre,
207 2770 262 2807 fid.
274 2770 377 2804 diuerfis
389 2769 504 2807 gentibus
522 2778 546 2798 et
563 2771 692 2807 generibus
703 2772 832 2808 seruorum
851 2775 920 2803 nati,
947 2781 1014 2808 quem
1028 2773 1083 2805 Hy·
1144 2769 1250 2796 laborat.
1284 2770 1349 2797 Plin.
1364 2779 1404 2803 30,
1416 2776 1429 2801 8
1446 2770 1631 2803 Hydrocelicis
1643 2770 1777 2797 stelliones
1792 2772 1859 2797 mire
1873 2771 1990 2805 prodess‘e
2003 2771 2120 2798 tradunt.

9 2819 13 2831 ν
34 2806 175 2835 bridarum
188 2815 294 2841 gregem
306 2807 422 2842 appellat.
468 2807 529 2833 Cum
542 2806 652 2847 respec‘h
669 2807 702 2833 ad
715 2807 878 2834 humilitatem
897 2814 920 2834 et
935 2812 1083 2835 contemtum
1184 2811 1287 2832 HYDR
1297 2813 1316 2833 O
1328 2812 1345 2833 C
1356 2813 1371 2831 ε
1383 2812 1399 2831 r
1409 2813 1430 2832 H
1440 2813 1486 2833 AL
1496 2813 1536 2833 Os
1550 2825 1557 2837 ‚
1587 2806 1605 2833 i.
1642 2815 1678 2832 m.
1719 2807 1813 2833 Tumor
1835 2809 1928 2842 capitis
1947 2815 1976 2832 ex
1995 2805 2094 2833 colleelo
2114 2810 2191 2834 nimio

7 2836 13 2862 l
35 2844 124 2874 talium
141 2843 283 2875 hominum,
308 2843 386 2869 Mart.
405 2848 435 2875 Β,
454 2850 488 2869 22
504 2843 605 2869 Inuitas
619 2842 651 2869 ad
665 2852 774 2877 aprum,
795 2843 872 2878 ponis
890 2843 958 2870 mihi
972 2844 1082 2875 Gallice,
1146 2840 1252 2868 humore.
1289 2842 1356 2868 Cels.
1372 2852 1399 2876 4,
1416 2851 1436 2873 1,
1449 2851 1462 2868 2
1483 2841 1537 2868 Vbi
1550 2841 1650 2868 humor
1663 2847 1751 2868 cutem
1767 2842 1858 2873 inflat,
1880 2850 1963 2877 eaque
1977 2841 2146 2876 intumescit,
2164 2849 2192 2870 et

9 2890 12 2899 ‹
36 2885 148 2914 porcum
164 2888 170 2904 :
195 2877 317 2910 Hybrida
332 2879 406 2911 sinn,
426 2877 444 2904 li
464 2877 524 2910 das,
541 2878 660 2911 Gallice,
680 2878 763 2906 verba
783 2879 861 2906 mihi.
902 2881 940 2906 De
950 2879 1080 2916 figfflfica-
1100 2883 1133 2912 75
1145 2876 1276 2911 prementi
1291 2877 1377 2911 digito
1391 2877 1476 2910 cedit,
1495 2875 1656 2913 ὑδροκέφαλον
1671 2878 1767 2904 Graeci
1784 2877 1924 2912 appellant.

34 2917 102 2943 tione
120 2922 178 2950 ergo
199 2921 222 2940 et
239 2913 284 2948 vsu
302 2914 372 2940 verbi
383 2914 452 2949 satis
470 2911 575 2946 constat.
616 2915 654 2940 De
669 2915 859 2951 Orthographia
877 2921 900 2941 et
917 2918 1014 2952 origine
1033 2925 1082 2942 non
1182 2918 1284 2938 HYDR
1295 2908 1314 2938 δ
1327 2919 1343 2939 C
1357 2919 1474 2943 HOVS,
1500 2913 1519 2939 i·
1556 2922 1592 2939 m·
1628 2914 1767 2949 Aquarius.
1803 2913 1888 2940 Catul·
1909 2916 1940 2946 65
1961 2920 2025 2940 ἔκη’.
2052 2914 2192 2942 PrOXimufl

35 2951 103 2978 item.
157 2948 278 2982 Hybrida
299 2949 389 2976 habent
407 2949 483 2981 libri,
508 2949 596 2981 cred0‚
609 2950 722 2986 plerique
741 2960 830 2977 omnes.
883 2951 998 2978 Seruauit
1017 2958 1082 2978 certe
1144 2947 1302 2980 HydrOChOi
1316 2948 1431 2982 fulgeret
1445 2948 1557 2975 Oarinn·

35 2985 104 3022 apud
114 2986 250 3012 Horatium
263 2985 400 3017 Bentleius,
417 2991 441 3011 et
453 2988 481 3011 in
495 2986 556 3011 aliis
569 2984 676 3012 editores
687 2985 827 3021 cloftzffimi.
863 2987 925 3014 Sunt
938 2990 1022 3019 etiam,
1040 2990 1084 3023 qui
1180 2991 1201 3010 H
1211 2990 1230 3009 Y
1240 2990 1258 3010 D
1266 2990 1286 3009 R
1295 2990 1313 3010 O
1323 2990 1342 3010 G
1353 2991 1374 3010 A
1382 2991 1402 3009 R
1411 2991 1431 3009 V
1439 2990 1480 3016 M,
1501 2984 1521 3010 i.
1551 2993 1578 3011 n.
1614 2984 1773 3020 Liquaminis
1785 2994 1863 3021 genus
1875 2987 1943 3011 inter
1955 2990 2062 3011 veterum
2074 2985 2191 3020 cupedina-

10 3019 26 3067 ζ’
36 3027 117 3056 prtum
125 3020 221 3083 ςάῖιῖιι
233 3018 416 3089 εκιόσῖϋξέριςέ
436 3019 505 3083 quast
513 3022 741 3084 ῧεζιεοηιιιηκέῐαέ
753 3028 867 3083 natus-1126
870 3023 966 3048 illatam
980 3027 1083 3058 naJcan-
1143 3019 1212 3083 ἓρῗά
1224 3019 1360 3081 Lampqid-
1373 3019 1403 3046 in
1413 3018 1522 3054 Heliog.
1536 3029 1557 3046 c.
1569 3027 1611 3052 29.
1648 3020 1748 3047 Garum
1762 3022 1896 3056 eliquatum
1913 3029 1978 3056 aqua
1996 3019 2089 3055 affufh.
2131 3020 2190 3049 Vid-

50 3067 90 3083 ur.
142 3065 152 3082 e
199 3059 359 3082 ocnzie.
413 3059 518 3083 cai.a
573 3064 661 3083 atron.
699 3076 705 3083 .
744 3066 774 3084 ,1
889 3061 925 3083 Ea
1072 3074 1081 3079 -
1161 3058 1291 3081 ama.in
1322 3064 1358 3081 oc.

23 3062 104 3123 viver)
124 3091 191 3125 apud
207 3098 302 3118 veteres
311 3065 609 3128 fignificabaigspurmm.
651 3092 721 3119 Vnde
737 3063 930 3128 αρᾶᾱιῖἤῐηῑῃῃ,
939 3068 991 3126 vg:
1003 3060 1080 3128 {gu}—
1092 3062 1125 3088 80
1183 3055 1468 3124 HYAEROGARKTVS,
1487 3100 1512 3123 a,
1530 3100 1585 3118 um.
1611 3090 1672 3117 Adi.
1709 3091 1767 3117 Cum
1779 3087 2028 3126 hydrogarofaflus.
2049 3089 2188 3124 Apic.2,2.

9 3140 13 3159 l
37 3129 89 3162 73)
110 3125 242 3159 insiticium
254 3127 374 3163 quoddam
389 3137 466 3165 genus
478 3130 558 3154 ouium
570 3127 666 3154 Vmbri
679 3128 807 3161 dicuntur,
828 3129 897 3164 (vid.
913 3133 1080 3161 MVSIMON)
1181 3132 1319 3153 HYDROG
1327 3133 1429 3159 ERON,
1448 3128 1528 3154 ontis.
1564 3136 1601 3153 m.
1636 3128 1712 3154 Alias
1728 3127 1837 3156 Senecio,
1856 3125 1929 3152 herba
1950 3125 2026 3159 Apul.
2046 3124 2129 3151 Herb.
2149 3133 2190 3159 75.

37 3168 69 3190 vt
87 3160 153 3196 apud
166 3161 270 3188 Graecos
289 3161 445 3198 ὄμὲῗρὸιαλοι.
481 3163 529 3190 Sed
540 3162 681 3196 Ibrumne,
701 3173 734 3190 an
750 3165 883 3196 Imbrum,
901 3174 934 3191 an
948 3165 1080 3192 Vmbrum
1180 3169 1201 3189 H
1211 3170 1229 3188 Y
1238 3169 1311 3189 DRO
1320 3169 1333 3187 ἱ
1345 3161 1451 3189 ΑΡᾹΤ
1460 3168 1482 3188 Η
1491 3169 1511 3187 V
1522 3169 1563 3194 M,
1583 3163 1601 3189 i·
1619 3171 1646 3188 Π·
1670 3159 1873 3196 [dipozu'nustw]
1911 3162 1992 3186 Genus
2002 3161 2109 3196 lapathi,
2123 3161 2189 3196 quod

40 3197 127 3226 dicas,
144 3195 210 3220 nihil
221 3196 309 3231 refert.
360 3201 392 3225 In
405 3200 464 3226 Vet.
481 3198 559 3225 Gloss.
573 3199 706 3231 Imbrum,
725 3198 829 3234 ἧμιόνον,
845 3199 973 3235 πρόζατον.
1011 3205 1080 3236 item,
1141 3200 1169 3224 1⁴⁷1
1181 3207 1244 3233 aqua
1259 3198 1381 3234 ”ast-‘itur-
1415 3199 1483 3225 Plin·
1497 3207 1538 3231 20,
1549 3207 1585 3225 21-

39 3232 118 3261 Iber,
135 3229 233 3270 ’7¹⁴⁴.¹'⁰¹‘⁰‘·
278 3232 318 3258 Ab
334 3243 359 3259 eo
377 3241 442 3262 certe
457 3234 560 3261 Ibridas
567 3234 670 3270 spurios
687 3243 815 3263 vocarunt.
862 3237 936 3262 Fauet
955 3237 1079 3273 scaligero
1098 3239 1127 3268 85
1183 3239 1204 3259 H
1217 3240 1236 3260 Y
1246 3239 1265 3259 D
1274 3240 1293 3260 R
1302 3240 1321 3260 O
1330 3240 1354 3259 Μ
1363 3241 1386 3261 A
1395 3241 1418 3260 N
1427 3241 1449 3261 T
1458 3242 1467 3260 1
1477 3242 1498 3261 A
1507 3254 1515 3267 ,
1536 3243 1574 3260 ae.
1604 3233 1624 3259 f.
1660 3234 1835 3259 Diuinationis
1846 3241 1923 3268 genus
1932 3238 1977 3266 per
1990 3240 2085 3267 aquam.
2121 3231 2188 3258 Plin.

0 3290 2 3298 ‚
41 3265 108 3294 illud
119 3265 187 3292 lbns
206 3274 235 3291 ex
248 3272 300 3307 ψεῖ..
309 3273 415 3296 carmine
435 3270 464 3297 de
475 3270 630 3304 Ambigenis
644 3270 712 3297 modo
721 3273 855 3306 prolatum.
910 3273 941 3298 Et
957 3271 1016 3298 lfid.
1031 3274 1078 3299 Or.
1146 3277 1187 3304 37,
1201 3278 1231 3296 11.
1263 3269 1355 3296 Ifidor·
1370 3276 1393 3305 8,
1405 3279 1429 3302 9-
1465 3270 1539 3305 Conf.
1554 3268 1655 3303 Salmas.
1670 3272 1697 3293 in
1709 3267 1792 3293 Solin.
1809 3269 1833 3302 p.
1846 3269 1906 3302 768.

0 3317 2 3322 v
44 3311 86 3342 η,-
101 3310 111 3327 ι
131 3307 196 3327 extr·
220 3299 336 3327 Hibride
348 3312 380 3330 ex
392 3306 461 3341 apris
475 3312 500 3332 et
515 3307 617 3341 porcis,
636 3313 665 3333 vt
684 3307 757 3334 habet
773 3307 849 3334 editio
861 3310 963 3342 prima,
981 3309 1016 3334 al.
1032 3308 1081 3334 Hi-
1182 3311 1204 3330 H
1217 3311 1236 3331 Y
1247 3311 1293 3331 DR
1303 3311 1321 3331 0
1331 3312 1354 3331 M
1365 3304 1441 3337 ἑιι,
1462 3314 1488 3331 n.
1525 3304 1612 3330 indecl.
1649 3301 1785 3337 [ὑδρᾶμελι
1842 3305 1916 3338 Aqua
1928 3300 2019 3336 mulsa,
2039 3305 2187 3342 quac'etiam

43 3335 145 3364 budae.
179 3336 238 3362 Cum
245 3336 393 3371 praesertim
404 3341 433 3367 ab
447 3340 512 3377 ῧςρις
525 3342 643 3368 commode
656 3342 767 3369 deriuari
778 3353 827 3369 nan
834 3342 920 3379 pqffit.
956 3343 1081 3370 Caeterum
1144 3341 1247 3367 Graecis
1261 3342 1411 3367 Melicraton
1427 3340 1531 3366 dicitur.
1572 3339 1639 3365 Plin.
1652 3347 1691 3371 31,
1705 3341 1720 3364 6
1749 3339 1791 3371 Hy
1812 3338 1908 3365 romeli
1922 3346 2029 3372 quoque
2049 3346 2080 3363 ex
2100 3338 2188 3365 imbre

43 3382 94 3399 non
103 3373 164 3399 male
180 3374 234 3398 viri
247 3369 317 3397 doffi
328 3372 459 3412 Hybridae
472 3386 543 3404 voces
559 3385 681 3405 vocarunt
698 3387 709 3404 e
728 3378 820 3405 duabus
838 3381 933 3415 tinguis
950 3378 1081 3414 conflatas,
1144 3385 1212 3410 puro
1225 3385 1284 3403 cum
1303 3376 1382 3403 melle
1402 3375 1597 3411 temperabatur
1616 3373 1766 3410 quondam,
1791 3373 1864 3409 quod
1882 3373 1988 3400 daretur
2005 3373 2189 3407 appetentibus

41 3417 146 3444 quarum
160 3408 268 3442 exempla
285 3409 328 3442 qui
340 3407 472 3443 deficient,
491 3413 561 3440 adire
566 3412 649 3449 potest
668 3412 732 3447 Voffi
746 3414 817 3440 Rhet.
827 3424 852 3447 3,
866 3425 888 3445 2,
902 3424 922 3441 1.
964 3415 1079 3450 Popmam
1093 3425 1129 3452 90
1142 3413 1237 3439 vinum
1255 3413 1348 3447 aegris.

41 3443 77 3472 Ed
89 3443 145 3471 Cic·
158 3443 211 3470 Att·
225 3451 251 3475 2,
265 3450 276 3469 1
294 3451 320 3477 P·
333 3449 375 3478 ι7ι
393 3444 431 3479 sq·
467 3448 556 3476 Graeu.
576 3456 600 3477 et
612 3449 641 3476 de
654 3449 699 3486 vsu
715 3452 832 3485 antiquae
843 3452 917 3477 locut.
930 3459 959 3482 1,
973 3459 1007 3484 ¹5·
1182 3454 1203 3474 H
1216 3455 1234 3474 Y
1244 3454 1290 3474 DR
1301 3454 1320 3474 0
1330 3455 1355 3474 M
1365 3448 1383 3474 1?
1393 3454 1408 3473 L
1417 3454 1438 3473 V
1449 3453 1473 3473 M
1484 3466 1492 3479 ‚
1512 3447 1531 3473 i.
1557 3455 1584 3473 n.
1619 3447 1690 3473 Potio
1704 3454 1733 3471 ex
1744 3453 1808 3486 aqua
1821 3450 1845 3470 et
1857 3444 1939 3485 malit.
1974 3443 2066 3470 Ifidor.
2079 3453 2152 3477 20,3.

1179 3490 1200 3510 H
1210 3492 1229 3510 Y
1238 3490 1256 3510 D
1266 3490 1285 3510 R
1295 3490 1313 3509 0
1321 3491 1347 3510 M
1359 3490 1378 3509 Υ
1389 3490 1405 3509 L
1414 3489 1436 3508 Α
1444 3502 1452 3515 ,
1473 3491 1512 3509 ae.
1539 3482 1559 3509 f.
1597 3482 1667 3509 Mola
1685 3489 1804 3516 aquaria,
1816 3485 1866 3514 pro
1879 3478 1969 3514 vitzofh
1983 3479 2118 3511 Hydraula
2127 3500 2136 3513 ,
2156 3482 2190 3508 le-

407 3518 440 3549 H
541 3522 571 3554 Y
668 3523 698 3554 D
1143 3526 1207 3554 gunt
1223 3519 1290 3554 apud
1307 3519 1465 3545 Vitruuium
1486 3527 1529 3550 10,
1548 3526 1585 3545 10.
1636 3515 1744 3544 Turneb.
1758 3514 1863 3551 Aduerfi
1880 3524 1910 3547 3,
1930 3524 1955 3549 7.
1993 3522 2017 3541 et
2035 3516 2138 3552 Salmas.
2154 3516 2190 3543 ad

9 3572 12 3583 0
1144 3554 1228 3582 Solin.
1272 3575 1278 3581 .
1321 3557 1357 3581 16.

10 3586 13 3615 Ῐ
53 3584 55 3586 .
80 3592 296 3619 HYDASPssS,
314 3586 346 3613 iffi
382 3594 419 3612 Π]-
454 3586 608 3627 [Tisiam]
645 3592 749 3619 Fluuiux
765 3592 866 3624 Indiae,
885 3589 970 3619 diffus-
982 3592 1012 3618 ab
1026 3593 1080 3626 Hy·
1094 3604 1127 3631 93
1184 3596 1206 3616 H
1217 3564 1320 3617 YgRg
1335 3597 1350 3616 P
1363 3595 1384 3615 H
1396 3597 1415 3617 o
1425 3595 1507 3624 BIA,
1533 3596 1573 3616 ae.
1610 3587 1635 3627 f.-
1665 3585 1770 3614 Morbus
1781 3585 1943 3621 miserrimus,
1961 3592 2039 3613 metus
2052 3596 2139 3627 aquae,
2159 3588 2188 3614 de

43 3621 136 3657 daspe,
156 3621 323 3657 antiquissimo
335 3621 465 3649 Medorum
478 3633 504 3649 re
522 3635 540 3651 e.
587 3628 684 3654 Lucan,
700 3634 726 3658 8,
742 3637 787 3662 227
806 3629 926 3656 Njffaeus
939 3628 1080 3663 Hydaspes,
1146 3634 1192 3661 quo
1205 3627 1273 3653 Cels.
1289 3635 1310 3659 ς,
1324 3633 1368 3660 27,
1378 3634 1390 3651 2
1410 3625 1439 3652 de
1453 3624 1534 3660 morsu
1545 3623 1634 3657 rabiosi
1645 3625 1731 3653 canis,
1756 3621 1827 3647 Solet
1842 3629 1873 3647 ex
1889 3630 1921 3647 eo
1935 3621 2061 3655 vulnere,
2085 3622 2133 3649 vbi
2146 3632 2190 3657 pa-

11 3666 12 3669 *
41 3657 112 3684 Eous
125 3658 186 3685 Stat.
198 3657 291 3685 Theb.
306 3666 333 3691 9,
345 3666 404 3691 441.
473 3658 508 3684 Fa
527 3661 613 3688 ulosus
633 3664 701 3690 Hor.
715 3665 802 3691 Carm.
817 3673 837 3697 1,
851 3673 895 3697 22,
907 3672 933 3698 7.
988 3665 1082 3690 Fuscus
1147 3670 1208 3687 rum
1227 3662 1363 3687 occursum
1382 3660 1435 3693 est,
1454 3669 1538 3695 aquae
1558 3659 1640 3685 timor
1659 3658 1745 3688 nasei,
1766 3654 1906 3691 ὑδροφοέῗιάν
1925 3656 2021 3684 Graeci
2039 3658 2189 3692 appellant:

41 3693 117 3721 Idem
129 3693 211 3721 Serm.
228 3702 253 3726 z,
271 3698 295 3726 8,
318 3701 357 3727 14.
428 3692 560 3721 Odoratus
578 3697 713 3725 Claudian.
727 3699 759 3725 de
773 3700 849 3734 Rapt.
862 3701 979 3734 Proscrp.
994 3708 1020 3731 2,
1041 3706 1081 3729 82.
1147 3697 1328 3723 miserrimum
1339 3705 1419 3731 genus
1433 3695 1540 3727 morbi,
1556 3695 1585 3721 in
1598 3702 1651 3727 quo
1665 3693 1739 3719 timul
1759 3700 1853 3726 aeger,
1870 3699 1896 3719 et
1909 3692 1967 3725 fiti,
1984 3699 2010 3720 et
2022 3702 2103 3728 aquae
2115 3698 2189 3719 metu

41 3727 87 3762 Est
99 3730 268 3764 et.Hydaspes
283 3728 378 3763 Perfiae
385 3728 499 3764 fluuius,
511 3729 612 3765 fifides
626 3734 733 3761 habenda
747 3736 842 3762 Curtio
856 3745 885 3770 4,
899 3743 921 3768 ς,
934 3744 952 3768 4
977 3738 1020 3770 qui
1032 3735 1082 3761 Eu.
1147 3732 1295 3764 cruciatur,
1315 3742 1369 3767 quo
1384 3731 1506 3767 oppressis
1524 3731 1553 3756 in
1567 3728 1675 3763 angusto
1688 3729 1742 3763 spes
1758 3728 1802 3754 est.
1857 3727 1905 3754 Sed
1920 3730 2028 3755 vnicum
2048 3735 2133 3754 tamen
2148 3736 2189 3754 re-

43 3763 177 3798 phratem,
195 3765 322 3800 Tigrim,
343 3765 456 3791 Araxem
476 3770 501 3791 et
514 3765 652 3800 Hydaspen
668 3770 834 3798 Munimenta
855 3771 932 3805 regni
945 3771 1080 3797 Persarum
1090 3781 1138 3801 100
1147 3768 1266 3794 medium
1285 3768 1337 3799 est,
1355 3777 1403 3794 nee
1423 3768 1576 3801 opinantem
1596 3766 1623 3790 in
1642 3764 1769 3798 piscinam
1787 3772 1842 3790 non
1861 3770 1921 3790 ante
1940 3764 1966 3790 ei
1984 3763 2114 3798 prouisam
2128 3771 2188 3796 pro-

40 3807 115 3826 vocat
130 3811 137 3824 :
166 3800 229 3826 idem
238 3800 329 3836 farte,
349 3803 392 3836 qui
404 3799 523 3833 Virgilio
535 3800 630 3835 Georg.
643 3811 675 3834 4,
693 3812 732 3831 211
761 3821 806 3826 --
832 3807 925 3832 Medus
939 3806 1081 3839 Hydaspes.
1147 3803 1244 3835 iicere,
1270 3810 1315 3829 etc.
1371 3802 1500 3830 Plutarch.
1517 3800 1626 3836 ,Sym-poſs
1648 3800 1768 3835 problem.
1789 3807 1819 3831 8,
1839 3809 1864 3835 9.
1908 3806 1932 3826 et
1950 3801 2020 3825 Hier.
2040 3798 2189 3825 Mercurial.

40 3835 99 3861 Cum
107 3834 211 3862 Medica
224 3835 431 3872 etPersicaJaepe
444 3835 600 3871 misceantur.
634 3837 681 3863 Sed
692 3840 757 3866 nihil
768 3844 819 3867 eius
834 3843 882 3868 Geo
901 3841 984 3876 ruphi.
1020 3842 1081 3868 Con·
1149 3839 1225 3865 Varr.
1245 3837 1313 3864 Lea.
1333 3848 1361 3871 1,
1380 3848 1404 3865 2.

34 3869 268 3934 {andraian-daga)-
289 3875 363 3898 etiam
386 3871 517 3906 Choaspes
541 3869 653 3905 Perfiae,
683 3878 706 3898 et
727 3875 812 3902 Indiae
830 3878 873 3909 Hy
893 3878 973 3913 aspes,
1021 3877 1079 3905 Vni,
1184 3877 1543 3934 HYIRRoeflomcvs,
1562 3879 1593 3905 a,
1611 3879 1664 3898 um.
1702 3870 1762 3898 Adi.
1799 3868 2008 3904 Hydrophobica
2021 3866 2098 3901 passio
2116 3866 2187 3893 Cael.

12 3931 13 3938 ἵ
62 3908 130 3932 reins
148 3925 155 3932 .
171 3914 188 3933 a
240 3912 291 3934 ιιι-1.
341 3916 357 3933 2
400 3929 406 3935 .
713 3927 716 3935 s
1146 3909 1236 3936 Aurel.
1274 3914 1325 3935 eut.
1388 3915 1409 3938 8.

12 3939 13 3978 ᾗ
77 3946 205 3969 urnas
215 3948 232 3970 1²
244 3914 334 3975 rvg’,
357 3915 398 3977 ἐξ
413 3951 469 3970 um.
503 3941 566 3969 Adi.
599 3940 739 3970 claudian.
751 3942 784 3971 de
796 3944 874 3974 Cons.
886 3948 992 3978 Honor.
1013 3957 1042 3983 3,
1062 3957 1136 3985 4105
1183 3951 1204 3971 u
1215 3950 1234 3970 γ
1244 3917 1496 4005 DR0P3131363VS,
1524 3942 1544 3970 i.
1579 3951 1616 3970 m.
1651 3939 1818 3978 [tapetas]
1859 3940 1911 3974 Qu·
1932 3945 2020 3972 aquam
2039 3936 2186 3999 πρωΐ-[ἱρῇ.

995 3982 997 3985 '
1337 3981 1355 4005 6
1430 3986 1446 4005 2
2149 3982 2185 4000 iu.
