2912 4368
7 1496 68 1525 itftnlum

6 1577 21 1594 tu
30 1568 69 1595 defen.

2 1604 30 1630 nal.
35 1606 70 1632 sons.

6 1661 9 1665 ,
35 1642 65 1667 llas.

3 1732 7 1735 .
12 1720 35 1745 tn
41 1711 64 1738 l<-

13 1747 45 1771 lu.
52 1749 73 1779 26,

6 1789 11 1805 Ξ
17 1781 72 1808 Diris]-

0 1825 12 1847 π,
20 1818 66 1843 Desii.

21 1854 61 1887 lupe·

0 1908 72 1950 'stitit

8 2002 33 2020 ,η
41 1993 74 2021 Idem

0 2030 75 2057 eminuerat.

19 2066 74 2093 §miore

7 2102 71 2128 dtstnlltt-

10 2185 22 2207 Ψ,
25 2174 63 2206 [ἱμὲιθς
68 2173 76 2206 ]

4 2219 31 2236 mea
36 2210 76 2244 penb-

11 2246 68 2273 Amasin.

4 2289 24 2307 ia
28 2280 68 2316 proli·

4 2317 41 2347 lexis,
49 2315 71 2341 de·

2 2363 15 2380 2.
37 2351 76 2378 [ilt-

18 2397 31 2416 et
41 2385 77 2422 quali

11 2424 78 2452 detentar-

11 2462 29 2488 ιιι
39 2460 75 2490 iuris,

10 2497 53 2524 Diuln.
62 2495 76 2521 ln

2 2535 37 2562 inus
43 2532 79 2558 ilitu-

0 2574 9 2595 Ι),
17 2567 79 2596 Lentulus

5 2613 40 2642 (aas.
49 2610 70 2635 pt»

9 2644 76 2666 <enimi

4 2723 19 2739 us
25 2709 81 2737 tetensor

6 2750 15 2775 Ξ.
21 2748 50 2774 Hor.
56 2744 77 2770 &A

3 2788 12 2811 Γ(
17 2780 71 2809 pffffli'se

4 2822 31 2846 nn.
39 2817 74 2842 lin.

5 2848 37 2881 neiis
46 2851 80 2876 §ute

12 2885 82 2917 Sentmlt.

36 2922 81 2951 Deferv

4 2971 37 2999 ῥιψὶ)
46 2956 83 2990 Μῖνι

9 3012 11 3025 ;
19 2997 60 3024 uslai
65 2992 83 3019 dl·

5 3039 19 3064 ἐς
24 3034 84 3069 puniit

4 3078 35 3099 Ν]
40 3066 83 3102 ffflll'!

5 3109 27 3136 nl.
35 3099 80 3144 hfflf

253 1902 404 1957 votior-are,
428 1901 452 1919 et
471 1897 608 1919 amicitiam
626 1893 717 1926 afferre
750 1892 805 1918 Cic.
822 1893 892 1918 Fam.
910 1893 937 1923 6,
957 1893 982 1916 6.

232 2651 237 2654 -
262 2637 347 2663 Plane.
363 2645 418 2663 100.

3 2676 81 2704 ῑιυιιιιιιι.
126 2691 127 2694 ,

251 3773 253 3777 ’
265 3764 341 3789 Com.
355 3771 376 3788 c.
390 3771 415 3796 9.

250 3833 370 3867 ‚gatione
381 3839 424 3860 tua
436 3833 567 3867 detulisti,
589 3844 634 3862 etc.

256 241 303 280 45
602 222 640 263 D
722 219 758 261 E
846 221 879 259 F

259 314 349 343 Tacit.
361 313 429 341 Hist.
438 321 467 346 4,
480 321 520 346 34.
557 310 657 338 afferre
671 310 700 336 in
715 308 906 338 defensionem,
930 305 982 332 vid.
1008 312 1030 334 A
1039 311 1057 345 J?
1067 311 1081 331 Γ·
1093 311 1107 330 Ε
1118 310 1137 344 ¹³.
1147 311 1177 333 o.
1211 305 1290 331 Coni-

259 350 362 385 parabit
381 347 556 375 defensionem
573 355 606 373 ex
624 345 854 372 constitutionibus
872 341 905 367 ab
925 340 1018 380 aflore
1037 340 1151 380 induetis
1170 339 1291 366 defensor

260 386 315 412 Cic.
324 385 355 411 de
366 385 467 411 Inucut.
475 391 502 416 2,
537 402 545 409 .
582 401 589 408 .
625 382 768 407 Contererc
780 376 957 406 defensionem
963 375 1117 406 obliuione,
1136 376 1189 401 vid.
1203 382 1219 401 c
1229 384 1248 401 o
1258 383 1290 402 N.

260 428 282 448 Τ
291 427 306 447 Ε
316 427 335 447 R
345 425 376 446 0.
447 419 502 444 Cic.
515 426 564 451 pro
577 417 671 443 Milon.
709 436 715 442 .
752 435 759 443 .
795 414 865 440 Nam
879 411 925 445 qui
938 420 992 436 non
1005 420 1115 446 poenam
1129 411 1290 441 confcffioni,

260 456 305 482 sed
324 453 500 482 defensionem
512 451 609 484 Dedit,
629 452 651 478 is
665 453 766 478 cansam
780 447 902 474 interitus
921 446 1111 481 quaerendam,
1131 456 1184 473 uon
1200 447 1291 474 interi·
1314 453 1329 478 ς

260 497 316 518 tum
329 490 441 525 putauit.
514 487 640 514 Defistcre
653 496 667 513 a
680 483 826 513 defensione
852 482 928 508 Caes.
941 482 971 508 B.
993 482 1023 508 C.
1040 490 1063 512 2,
1078 490 1113 508 12.
1184 482 1290 509 Habere

261 525 440 552 defensionem
459 524 486 550 in
505 522 607 549 iudicio
635 524 690 550 Cic,
709 521 788 547 Bruto
801 526 846 543 υ..
935 517 1081 543 l’atefncere
1102 517 1290 549 detentionem,

260 560 316 588 vid.
344 567 359 586 P
370 567 389 587 A
400 566 422 586 T
431 567 448 586 Ε
456 565 502 586 ΡΑ
511 565 545 585 Cl
556 565 585 584 o.
654 556 761 584 Causam
775 552 882 579 dubiam
901 551 987 578 facere
1000 552 1156 579 defentionis
1175 553 1291 578 solicitu-

259 596 323 623 dine
343 594 540 629 Qiine‘til.1,io
554 603 577 628 p.
587 602 631 626 109
644 593 672 619 Β.
742 588 798 615 Cic.
813 596 861 622 pro
874 588 970 613 Milon.
990 607 996 613 .
1019 608 1025 613 .
1053 588 1148 622 Neque
1159 588 1288 614 auxilium

261 631 342 659 modo
355 629 500 657 defensioni
513 638 600 661 meac,
615 634 706 654 verum
719 624 798 650 etiam
811 623 941 649 silentium
955 622 1122 650 Pollicentur.
1176 623 1290 650 Probare
1309 636 1337 654 10

261 666 437 693 defensionem
449 665 520 691 suam
533 662 662 699 aliquibus
677 659 751 686 Idem
764 668 812 693 pro
825 658 921 685 Milon.
958 677 965 683 .
1002 678 1008 684 .
1055 659 1188 693 Suscipere
1202 659 1291 698 defen-

261 702 360 729 sionem
372 701 506 734 dignitatis
518 699 639 729 alicuius,
658 701 684 722 et
695 696 724 721 in
736 703 765 721 ea
780 702 932 729 permanere
958 693 997 719 Id.
1012 695 1083 720 Fam.
1098 699 1120 723 8.
1171 694 1238 720 Add.
1253 695 1289 721 ib.

263 729 288 770 1,
295 745 320 770 9.
389 737 444 763 Cic.
460 737 532 762 Verr.
545 743 570 766 2,
606 751 612 759 .
649 751 655 757 .
692 730 787 765 Neque
801 738 869 755 nunc
882 735 935 756 tam
946 729 1014 755 mihi
1030 730 1073 755 isti
1080 730 1190 756 Verrem
1203 729 1292 756 defen-

261 773 326 800 dere
341 771 480 803 videntur‚
499 778 576 805 quam
589 767 615 793 in
635 767 718 792 Verre
731 764 887 792 defentionis
906 769 1006 791 tentare
1026 763 1175 791 Rationem.
1245 765 1291 791 Vti

262 807 412 835 defensione
424 807 511 841 aliqua
527 803 597 831 [dem
611 802 688 841 Verr.
701 809 720 834 4
732 804 771 832 (2)
787 809 810 840 c,
821 809 866 840 ιο..
933 835 937 840 ¹
1138 834 1144 839 ι
1272 811 1273 817 ,

298 849 391 870 DEFE
400 850 420 869 N
431 849 443 868 S
455 849 476 868 A
485 848 505 868 T
514 845 594 870 nix,
624 845 682 863 icis.
712 836 732 863 f.
779 837 837 862 Cic.
858 844 887 861 m
899 835 1018 862 Timaeo
1038 834 1070 861 de
1091 835 1215 862 Vniuers.
1234 832 1292 868 teste

260 878 392 905 Prisciano
413 887 437 912 p.
452 883 505 910 245.
651 907 656 912 ,
959 905 964 910 ⁸
1139 905 1144 909 ¹
1184 905 1189 909 ι

296 920 316 940 D
326 919 341 939 Ε
351 920 366 940 F
376 919 391 938 F.
401 916 496 939 NsAc
505 906 526 936 ὅ
535 913 630 939 LVM,
648 916 666 934 ι.
686 915 713 937 ιι,
749 906 870 934 Adhelm.
885 905 916 932 de
930 906 1006 939 Vni-g.
1019 914 1041 931 c.
1056 913 1086 938 41
1115 904 1192 931 Fidei
1204 905 1292 932 defen-

262 948 349 975 saculo
368 948 458 975 fretus.

297 991 315 1010 1)
324 990 340 1010 Ε
349 991 364 1010 1:
373 991 389 1010 E
398 989 418 1008 N
428 982 466 1009 36
474 986 493 1005 R
502 987 512 1005 1
520 984 541 1004 v
551 985 579 1010 s,
609 987 634 1010 a,
666 986 719 1004 um.
757 976 817 1004 Adi.
852 975 972 1003 Tertull.
991 974 1092 1002 aduers.
1106 976 1188 1004 Marc.
1209 985 1235 1012 2,
1255 985 1293 1010 14·
1312 985 1347 1003 20

261 1019 330 1046 Add.
344 1019 412 1045 Vitr.
427 1023 510 1047 10‚,¹9·
537 1017 564 1040 in
578 1014 697 1040 lemmate.

298 1061 317 1082 D
325 1061 341 1081 E
349 1059 389 1080 FE
397 1058 419 1077 N
427 1059 440 1079 s
450 1056 488 1078 ΙΤ
498 1056 519 1077 Α
528 1055 549 1075 Τ
557 1056 567 1075 1
578 1055 597 1075 o
609 1068 617 1081 ‚
641 1049 709 1075 ὂιιιε.
728 1048 748 1075 f.
786 1046 923 1083 Augustiu-

298 1092 508 1116 mzrsnasso,
535 1084 586 1111 vid.
615 1090 828 1111 Drrcnvro.

297 1131 340 1151 DE
348 1129 387 1150 FB
395 1129 414 1148 R
422 1128 440 1148 0
449 1141 456 1153 ,
477 1121 540 1153 fers,
556 1119 617 1151 tiili,
637 1120 729 1150 latum,
748 1119 828 1145 ferre.
863 1115 1060 1151 [κατακυμὲξω]
1096 1118 1134 1143 De
1146 1118 1197 1144 Ioco
1208 1120 1235 1143 in
1248 1119 1307 1144 ali-⁷

263 1168 303 1186 um
315 1158 395 1194 ferre.
431 1157 511 1183 Plaut.
524 1154 618 1190 Amph.
633 1163 658 1187 2,
673 1164 698 1188 2,
711 1158 745 1187 69
777 1152 849 1187 Quin
863 1152 881 1178 fi
899 1161 913 1178 e
927 1159 1006 1187 portu
1018 1152 1093 1178 nauis
1107 1152 1157 1179 huc
1172 1161 1219 1179 nos
1233 1153 1294 1180 dor·
1312 1160 1343 1186 23

262 1195 370 1221 mientes
381 1192 490 1218 detulit?
547 1190 728 1217 Deferrimaui
748 1189 780 1216 ad
806 1188 942 1215 vlterioris
965 1187 1052 1215 Rheni
1081 1187 1160 1221 litus,
1179 1189 1244 1215 laud.
1265 1198 1294 1214 ex

261 1229 326 1256 Plin.
340 1233 412 1261 8,19.
481 1226 591 1253 Deferre
603 1226 691 1258 literas
704 1225 785 1252 alicui
813 1224 887 1250 Idem
899 1223 1027 1250 Trinum.
1046 1232 1074 1256 4,
1087 1232 1107 1255 2,
1124 1232 1179 1258 107.
1216 1225 1247 1250 Et
1262 1223 1294 1250 ad

261 1264 376 1299 aliquem
406 1262 478 1289 Caes.
491 1262 520 1288 B.
536 1262 567 1288 G.
580 1271 601 1294 5,
613 1269 654 1294 45.
726 1262 821 1287 Dotem
834 1260 895 1286 viro
913 1259 1007 1285 dicitur
1019 1267 1086 1285 vxor
1117 1260 1198 1286 Plaut.
1211 1260 1293 1286 Merc.

261 1308 285 1331 2,
299 1308 318 1329 1,
336 1305 362 1332 15
375 1305 398 1324 ct
410 1305 447 1332 17.
504 1297 615 1331 Aliquid
627 1296 657 1323 ad
670 1296 787 1331 aliquem
807 1295 881 1323 Idem
893 1294 962 1321 Afin.
976 1302 1000 1327 5,
1012 1303 1035 1327 2,
1051 1302 1087 1327 ες.

259 1335 289 1361 in
299 1333 515 1368 aliquem-locum
544 1333 599 1359 Cic.
612 1333 665 1359 Att.
678 1341 716 1365 12,
753 1352 760 1358 .
797 1350 803 1357 .

260 1371 291 1397 In
308 1369 447 1403 abruptum
468 1367 619 1395 barathrum
650 1368 735 1395 Catul.
755 1369 796 1394 66.
813 1367 863 1398 (al.
875 1368 927 1401 67)
948 1371 999 1396 108.
1035 1379 1037 1381 >
1072 1365 1203 1398 Qinffih
1222 1376 1246 1398 ι,
1266 1374 1294 1392 12

262 1404 394 1431 Videlicet
411 1410 439 1431 vt
452 1412 562 1438 corpora
582 1403 725 1430 infantium
737 1412 785 1429 nec
801 1403 885 1434 casuri,
905 1411 959 1436 quo
972 1402 1000 1429 in
1015 1406 1112 1427 terram
1131 1401 1210 1427 toties
1224 1402 1295 1428 defe-

258 1447 368 1472 runtur,
391 1445 444 1466 tam
458 1440 575 1473 grauiter
586 1439 688 1473 affligit.
758 1438 869 1465 Deferar
886 1437 914 1464 in
934 1437 1023 1463 vicum
1040 1436 1198 1464 vendentem
1216 1443 1257 1463 tus
1270 1442 1296 1463 et

259 1475 354 1502 odores
374 1476 442 1501 Hor.
456 1474 535 1509 Epish
548 1483 574 1507 2,
589 1483 610 1506 1,
624 1477 681 1508 269.

1142 1296 1172 1321 Et
1191 1294 1295 1322 deferre

736 1474 848 1501 Deferre
861 1473 889 1499 de
902 1473 971 1499 rebus
980 1493 988 1505 ,
1002 1482 1061 1508 quae
1074 1482 1159 1499 venum
1174 1480 1295 1508 exponun-

259 1517 311 1538 tur.
345 1511 402 1537 Vici.
418 1512 523 1537 Gronau.
536 1510 570 1536 ad
586 1510 646 1536 Liu.
661 1519 703 1544 34,
716 1518 741 1543 9.
778 1509 817 1537 Id.
831 1507 945 1542 Mantiff
959 1510 1013 1535 Pec.
1027 1515 1076 1534 vet.
1094 1517 1115 1534 e.
1134 1518 1158 1542 5.
1195 1508 1296 1543 Salmas:
1312 1513 1341 1539 35

972 1544 1048 1577 Virg.
1063 1543 1115 1569 Ecl.
1128 1549 1151 1575 8,
1165 1552 1195 1576 59
1222 1545 1296 1570 Prae-

258 1546 293 1572 ad
304 1545 424 1573 Tertull.
439 1545 471 1572 de
484 1545 568 1572 Pallio
581 1555 605 1580 p.
617 1553 679 1579 454.
714 1547 818 1572 Petron.
833 1554 853 1571 c.
870 1552 902 1570 12.

1027 1580 1075 1605 Pet·
1088 1578 1242 1613 praecipitia
1253 1578 1296 1605 de-

258 1591 317 1616 ccps
331 1582 402 1608 a'e'rei
414 1581 516 1615 specula
535 1581 567 1607 de
585 1582 684 1607 montis
701 1580 729 1606 ιιι
746 1580 826 1607 vndas
839 1580 958 1607 Deferat.

259 1617 328 1643 ferri
348 1616 478 1650 Quinctil.
494 1625 515 1648 1,
528 1625 565 1643 ιο.
603 1637 607 1639 Δ
637 1617 693 1643 Cic.
708 1616 740 1642 de
754 1618 856 1642 Inuent.
871 1624 896 1647 2,
919 1635 924 1640 .
946 1634 952 1640 .
978 1615 1021 1641 Ne
1034 1615 1104 1640 forte
1118 1615 1255 1645 varietate,
1270 1618 1297 1639 et

260 1652 468 1678 dissimilitudine
488 1661 577 1678 rerum
590 1651 717 1678 deduehis
735 1651 847 1677 alicuius
866 1651 968 1676 animus
986 1650 1014 1674 in
1026 1649 1157 1684 quendam
1176 1657 1295 1674 errorem

260 1688 409 1715 Deferatur.
481 1688 543 1714 Liu.
558 1695 581 1720 5,
617 1707 623 1713 .
661 1706 668 1713 .

260 1723 369 1749 deferri.
423 1723 550 1749 Defertur
561 1722 683 1750 Acheron
697 1722 724 1748 in
739 1722 821 1747 finum
834 1719 1003 1746 Ambracium
1024 1718 1089 1745 Plin.
1103 1728 1132 1750 4,
1147 1727 1166 1744 i.
1221 1718 1295 1744 Idem

261 1765 298 1790 31,
312 1766 320 1783 1
341 1759 372 1783 In
384 1757 484 1783 caelum
497 1758 612 1791 migrare
624 1766 718 1792 aquas,
735 1757 903 1788 animamque
918 1755 997 1779 etiam
1009 1753 1100 1778 herbis
1111 1752 1220 1778 vitalem
1233 1752 1295 1777 inde

261 1793 374 1818 deferre.
570 1790 590 1828 fl
617 1802 633 1819 2
678 1791 839 1823 Metaphoras
850 1792 951 1821 patitur
968 1790 1116 1812 imzmneras.
1153 1786 1193 1812 Ad
1206 1794 1296 1820 quam-

190 1836 191 1839 *
219 1842 221 1845 -
260 1835 364 1859 cunque
377 1825 542 1858 disciplinam
556 1826 626 1859 quasi
639 1824 789 1857 tempestate
803 1822 903 1848 deferri
922 1822 977 1846 Cic.
992 1820 1069 1846 Acad.
1083 1830 1111 1854 4,
1149 1841 1156 1847 .
1195 1840 1200 1846 .
1245 1821 1296 1847 De-

258 1860 330 1887 ferre
352 1859 465 1885 studium
483 1860 558 1884 suum
580 1866 605 1884 et
617 1858 737 1884 laborem
756 1857 789 1883 ad
802 1857 918 1890 aliquem
933 1875 941 1887 ,
965 1853 999 1887 est*
1018 1856 1090 1882 Vltro
1109 1855 1144 1881 ad
1161 1858 1296 1882 amicitiam
1305 1867 1339 1893 45

1052 1890 1125 1916 lde‘m
1139 1891 1210 1918 Fam.
1230 1893 1255 1924 6,
1269 1901 1297 1917 io

287 1926 421 1957 niuei‘sum
442 1927 557 1955 studium
570 1937 660 1955 meum
680 1934 706 1954 et
718 1927 932 1954 beneuolentiam
946 1926 977 1952 ad
990 1930 1016 1952 te
1030 1925 1131 1953 defero.
1203 1928 1295 1953 Artem

259 1966 379 1997 deferre,
399 1967 416 1990 ἱ.
427 1963 544 1999 prqfiteri
558 1970 582 1991 et
593 1974 608 1991 a
621 1962 769 2000 magistratu
782 1965 874 1998 copiam
890 1965 940 1988 eius
953 1962 1098 1988 exercendae
1105 1969 1199 1997 petere.
1237 1963 1296 1989 Vid.

260 2001 370 2028 Casaub.
389 1999 421 2027 ad
435 2000 542 2026 Sueten.
562 2009 586 2034 p.
602 2001 647 2026 166
667 2000 695 2026 B.
712 2008 735 2025 2.
807 1997 1017 2029 Auctoritatem,
1041 1997 1166 2031 gratiam,
1197 1997 1296 2031 copias,

260 2046 323 2071 opes
336 2036 367 2063 ad
380 2035 489 2070 aliquod
502 2033 641 2069 negotium
652 2034 844 2061 conficiendum
858 2033 962 2060 deferre
974 2032 1053 2059 alicui
1079 2033 1135 2058 Cic.
1150 2041 1199 2067 pro
1213 2033 1294 2059 Flacc.
1306 2045 1338 2070 50

261 2081 300 2105 ¹4·
353 2071 426 2097 Idem
441 2072 517 2097 Verr.
533 2080 554 2102 2,
569 2079 603 2103 29
631 2071 734 2097 Etenim
747 2079 842 2096 reuera
859 2069 945 2094 multo
963 2068 1045 2102 magis
1059 2068 1094 2094 cst
1107 2068 1248 2103 petendum
1262 2068 1295 2094 ab

261 2104 431 2138 hominibus,
451 2105 469 2131 fi
488 2105 554 2131 salui
574 2106 623 2131 effe
636 2105 774 2137 volumus,
795 2111 823 2131 vt
841 2110 900 2131 eant
920 2103 1055 2130 nobiscum
1074 2104 1102 2130 in
1120 2103 1296 2138 prouinciam,

262 2152 341 2177 quam
353 2142 402 2168 hoc
417 2141 469 2167 illis
481 2141 510 2167 in
525 2140 650 2167 beneficii
661 2141 721 2167 loco
735 2140 917 2166 deferendum.
988 2140 1099 2166 Causam
1112 2139 1143 2165 ad
1157 2144 1297 2172 patronum

262 2179 366 2208 deferre
385 2177 479 2203 dicitur
491 2176 620 2210 litigator,
639 2185 710 2212 quum
724 2186 773 2202 eum
789 2175 912 2212 consulit,
931 2181 954 2200 ct
965 2177 987 2200 ei
1000 2171 1176 2208 controuersiae
1187 2174 1296 2200 ordinem

262 2219 474 2249 argumentumque
488 2215 601 2247 exponit:
620 2212 676 2238 Cic.
687 2213 761 2238 Verr.
777 2219 798 2245 5,
835 2231 842 2238 .

263 2257 318 2276 non
330 2248 383 2274 iam
397 2253 516 2282 recepta,
537 2246 580 2273 sed
595 2248 695 2274 innata:
715 2255 770 2273 non
783 2245 868 2273 delata
882 2245 914 2272 ad
926 2255 984 2278 me,
1005 2245 1048 2272 sed
1066 2246 1093 2272 in
1108 2245 1197 2272 animo
1211 2246 1296 2271 sensti-

261 2293 314 2319 que
328 2292 389 2309 meo
401 2281 477 2309 affixa
491 2289 568 2318 atque
583 2283 666 2310 insita.
737 2282 810 2309 Idem
822 2291 871 2317 pro
884 2281 967 2308 Flacc.
980 2290 1001 2307 c.
1015 2290 1048 2308 22
1081 2282 1157 2314 Quae
1173 2280 1190 2306 si
1203 2281 1296 2307 ciuitas

262 2328 310 2354 per
329 2318 414 2345 bonos
434 2319 507 2345 viros
527 2327 671 2353 grauesque
689 2318 810 2345 homines
829 2317 949 2353 querelas
968 2317 1000 2343 ad
1019 2326 1066 2343 vos
1086 2317 1231 2349 detulisset,
1251 2324 1298 2343 etc.

263 2354 390 2388 Quen-elas
403 2353 435 2380 ad
448 2353 580 2388 aliquem,
595 2362 643 2389 pro
656 2355 734 2390 Qec-ri
753 2355 813 2380 Liu.
827 2362 870 2387 29,
905 2372 914 2380 .
950 2372 956 2378 .
1001 2353 1041 2379 Sic
1054 2353 1127 2378 Caes.
1142 2353 1170 2379 B.
1184 2352 1216 2378 G.
1232 2359 1254 2385 5,
1268 2357 1298 2381 28

263 2390 294 2416 C.
309 2389 449 2424 Arpineius
462 2395 488 2416 et
501 2391 591 2416 Iunius
606 2399 672 2425 quae
685 2390 841 2422 audierant,
861 2388 893 2416 ad
906 2388 1004 2422 legatos
1017 2388 1148 2414 deferunt.

261 2431 351 2452 natum
365 2424 476 2452 Deferre
495 2425 551 2451 Cic.
564 2426 616 2452 Att.
630 2434 650 2458 1,
665 2428 702 2452 16.
772 2424 839 2451 Reni
853 2424 884 2451 ad
897 2424 1023 2459 populum
1041 2424 1137 2451 detulit
1159 2422 1232 2449 Idem
1246 2422 1298 2449 Off.

262 2469 275 2493 3
288 2470 308 2486 c.
323 2469 348 2492 31
363 2467 427 2486 extr.
470 2461 513 2487 Al.
525 2461 626 2488 retulit.
699 2461 756 2488 Cic.
773 2462 851 2487 Verr.
871 2470 890 2493 4
901 2469 922 2486 c.
935 2468 966 2492 39
992 2460 1099 2494 Sopater
1119 2460 1181 2484 flens
1201 2460 1299 2485 iterum

260 2495 294 2522 ad
307 2496 427 2522 Senatum
442 2495 536 2523 defert.
608 2496 680 2523 Idem
695 2497 766 2523 Fam.
785 2504 807 2527 3,
825 2501 838 2525 8
877 2495 925 2522 Tu
937 2504 997 2521 cum
1017 2494 1148 2521 eiusmodi
1165 2495 1298 2520 sermones

262 2530 334 2565 ad‚te
353 2531 384 2558 de
398 2540 440 2557 me
454 2532 534 2557 delati
546 2532 619 2564 sunt,
651 2540 705 2558 non
721 2531 836 2558 debuisti
854 2530 968 2557 credere.
1040 2531 1114 2564 Virg.
1127 2531 1192 2555 Aen.
1204 2538 1232 2562 4,
1247 2538 1298 2562 299

262 2566 358 2593 Eadem
370 2567 451 2600 impia
460 2567 534 2593 vfama
550 2567 651 2593 furenti
686 2567 804 2599 Detulit,
824 2567 922 2593 armari
941 2566 1057 2598 classem,
1077 2566 1234 2599 cursumque
1255 2574 1297 2599 pa·
1311 2566 1342 2597 65

261 2601 325 2628 rari.
381 2603 479 2629 Animo
496 2602 647 2629 amiciffimo
664 2602 769 2629 infidias
782 2602 863 2629 alicui
882 2607 982 2636 paratas
1003 2602 1028 2627 ei
1047 2601 1152 2628 deferre
1179 2601 1235 2627 Cic.
1249 2609 1297 2634 pro

489 2637 605 2664 Consilia
618 2638 649 2664 ad
662 2638 827 2664 aduersarios
853 2638 925 2664 Idem
940 2646 987 2671 pro
998 2637 1101 2664 Cluent.
1117 2645 1167 2669 143.
1224 2636 1297 2662 Caes.

263 2671 294 2697 B.
306 2673 337 2698 C.
351 2680 372 2703 ι,
385 2681 401 2704 9
433 2673 501 2699 Petit
517 2673 550 2698 ab
562 2681 691 2707 Vtroque,
711 2673 817 2707 quando
836 2673 956 2707 Pompeii
970 2672 1092 2698 Mandata
1113 2672 1145 2697 ad
1158 2672 1183 2697 se
1197 2670 1297 2697 detule-

265 2706 334 2738 rint,
354 2715 387 2732 ne
401 2711 542 2739 grauentur
555 2708 598 2732 sua
610 2716 716 2741 quoque
728 2708 761 2733 ad
778 2717 838 2733 eum
854 2708 978 2741 postulata
992 2706 1112 2737 deferre,
1137 2705 1154 2732 si
1168 2714 1250 2739 paruo
1263 2706 1297 2731 la-

262 2740 330 2769 bore
347 2749 452 2774 magnas
466 2742 654 2767 controuersias
673 2742 783 2773 tollere,
810 2748 888 2775 atque
900 2751 1007 2767 omnem
1024 2741 1126 2767 Italiam
1145 2746 1217 2765 metu
1231 2740 1296 2766 libe·
1304 2748 1340 2776 70

262 2784 321 2802 rare
337 2777 445 2809 possent.
480 2776 601 2802 Mandata
615 2777 647 2803 ab
662 2776 753 2811 aliquo
777 2777 833 2803 Cic.
848 2785 896 2810 pro
910 2776 979 2802 Sulla
1015 2795 1023 2802 .
1060 2796 1066 2801 .
1101 2776 1236 2802 Nuntium
1249 2775 1297 2801 ali-

262 2811 307 2837 'cui
326 2810 399 2837 Idem
412 2820 461 2844 pro
475 2812 555 2838 Corn.
571 2811 662 2837 Balbo.
699 2830 705 2837 .
806 2811 845 2837 Ad
857 2811 1037 2837 υοιιιεᾶὶοι-ειιι
1067 2810 1104 2836 Id.
1119 2809 1151 2835 de
1164 2810 1254 2835 Diuin.
1270 2818 1296 2841 2,

261 2855 315 2880 134.
374 2846 452 2871 Habet
465 2849 538 2872 ctiam
550 2848 625 2873 Iocum
638 2849 664 2872 in
676 2847 761 2873 Censu
773 2846 931 2880 profitendo.
1001 2846 1061 2879 le.
1082 2845 1109 2870 in
1122 2845 1139 2870 l.
1153 2845 1247 2870 Forma
1261 2844 1294 2871 D.

262 2881 294 2907 de
308 2881 447 2913 Cenfibus,
468 2882 563 2907 Forma
576 2882 689 2908 censuali
699 2888 821 2913 cauetur,
842 2887 870 2908 vt
889 2880 947 2915 agri
963 2879 995 2906 fic
1012 2880 1040 2906 in
1059 2880 1163 2905 censum
1180 2879 1296 2906 referan-

261 2922 317 2944 tur:
335 2925 432 2942 nomen
446 2916 523 2942 fundi
540 2917 668 2951 cuiusque
681 2923 707 2943 et
727 2917 754 2943 in
767 2925 817 2951 qua
830 2917 952 2948 ciuitate,
973 2922 998 2942 et
1011 2916 1039 2941 in
1058 2924 1111 2950 quo
1123 2924 1189 2949 pago
1203 2914 1248 2947 sit,
1269 2919 1295 2955 et
1308 2922 1340 2951 75

183 2954 187 2958 “
220 2974 222 2985 ,
262 2960 327 2986 quos
340 2952 404 2978 duos
418 2952 520 2978 vicinos
534 2961 668 2986 proximos
680 2951 787 2979 habeat:
813 2958 839 2978 et
851 2961 943 2978 arumn
952 2971 960 2983 ,
980 2950 1050 2986 quod
1073 2960 1100 2976 ιιι
1116 2951 1205 2977 decem
1218 2959 1294 2977 annis

261 2987 389 3021 proximis
402 2988 483 3013 satum
503 2988 570 3020 erit,
596 2993 662 3022 quot
675 2988 797 3023 iugerum
816 2988 864 3014 effe
880 2987 1009 3014 videatur.
1046 2987 1133 3012 Vinea
1145 2994 1210 3021 quot
1225 2987 1293 3013 vites

261 3023 369 3049 habeat:
387 3023 517 3049 oliuetum
530 3029 595 3057 quos
603 3024 724 3058 iugerum
737 3030 763 3050 et
771 3030 835 3057 quot
845 3022 952 3050 arbores
965 3022 1074 3049 habeat:
1094 3029 1206 3057 pratum,
1221 3021 1293 3057 quod

261 3058 332 3085 inter
348 3058 437 3084 decem
451 3067 531 3085 annos
544 3060 679 3093 proximos
693 3057 791 3086 Γὲξὶιιιιι
805 3059 864 3088 erit,
883 3064 948 3093 quot
962 3059 1097 3098 iugerum:
1116 3058 1215 3092 pascua,
1229 3063 1294 3092 quot

260 3094 444 3156 {jugerumstess‘e
453 3093 604 3121 videantur:
621 3095 685 3121 item
706 3095 784 3121 filuae
797 3093 917 3121 caeduae.
954 3094 1103 3128 Omniaque
1117 3094 1171 3127 ipse
1186 3093 1235 3127 qui
1249 3093 1293 3120 de·
1314 3099 1346 3125 80
1361 3100 1396 3125 15,
1412 3101 1436 3125 13
1458 3093 1528 3119 Dum
1540 3091 1655 3118 musteus
1668 3091 1769 3117 studius
1783 3090 1815 3117 de
1830 3092 1952 3117 erucscat.

230 3158 236 3161 ,
275 3135 329 3161 ert,
348 3137 377 3155 ae
402 3135 474 3155 imet.

527 3128 584 3156 Vid.
599 3131 697 3157 Census
709 3134 772 3157 irre
781 3137 797 3156 E
805 3138 827 3157 N
837 3137 849 3156 s
858 3137 874 3156 E
884 3137 912 3156 o.
983 3129 1039 3156 Cic.
1054 3138 1102 3164 pro
1115 3130 1184 3163 Lege
1196 3129 1290 3155 Manil.

261 3166 295 3196 69
308 3173 329 3190 c.
343 3172 376 3198 ²4
399 3165 536 3199 Qiidquid
548 3165 722 3198 aue'toritate‚
744 3165 812 3198 fide,
831 3165 974 3192 constantia
987 3166 1085 3200 pofl'um
1094 3184 1101 3195 ‚
1119 3164 1148 3191 id
1165 3173 1244 3191 omne
1257 3164 1291 3191 ad

261 3198 326 3225 hane
338 3208 395 3226 rem
409 3199 595 3227 conficiendam
608 3201 659 3228 tibi
672 3208 697 3228 et
711 3203 772 3236 Pop.
787 3202 906 3228 Romano
921 3201 1050 3235 polliceor
1065 3206 1090 3227 et
1103 3200 1204 3227 defero.
1241 3201 1292 3226 De-

263 3242 356 3273 negare
374 3242 398 3261 et
416 3235 544 3268 Deferre,
569 3241 697 3265 centraria
728 3238 801 3263 Idem
814 3237 846 3263 de
859 3237 932 3263 Orat.
945 3245 971 3269 2,
1007 3256 1014 3263 .
1118 3237 1149 3262 Et
1163 3245 1211 3270 pro
1226 3236 1292 3262 Cae-

266 3268 318 3301 lio,
352 3289 359 3296 .
395 3290 402 3296 .
437 3272 473 3297 Ea
491 3280 545 3303 non
563 3273 663 3307 petenti
682 3272 848 3305 detulerunt,
871 3281 937 3307 quae
950 3271 1040 3298 multis
1052 3271 1201 3306 petentibus
1215 3270 1292 3297 dene·
1309 3275 1338 3304 83

266 3310 356 3337 garunt
409 3306 476 3332 Add.
495 3307 567 3334 Fam.
587 3317 607 3340 1,
627 3316 648 3341 5.
720 3308 760 3335 Ad
773 3318 853 3335 vnum
866 3309 957 3334 omnia
970 3307 1054 3334 delata
1067 3308 1125 3333 sunt
1150 3307 1204 3333 Cic.
1219 3307 1292 3334 Fam.

266 3347 293 3370 4,
306 3346 335 3377 ¹9·
354 3342 558 3379 &per-uenerunt,
578 3346 605 3369 in
615 3341 759 3379 potestatem
773 3344 839 3370 illius
851 3349 978 3371 venerunt.
1037 3343 1115 3369 Vltro
1128 3342 1232 3368 deferre
1245 3342 1293 3369 ali-

267 3371 332 3407 qmd
344 3373 420 3414 alicui
439 3377 510 3404 Idem
525 3379 595 3405 Fam.
608 3387 683 3412 4,13.
754 3380 785 3406 Et
802 3388 850 3414 pro
867 3379 964 3406 Archia
995 3398 1001 3405 .
1043 3398 1049 3404 .
1089 3377 1292 3404 Testamentum

268 3409 342 3442 saepe
356 3407 416 3435 fecit
426 3413 518 3439 nostris
533 3413 650 3449 legibus,
676 3420 703 3441 et
721 3415 788 3441 adiit
813 3414 970 3441 hereditates
984 3414 1084 3440 ciuium
1099 3414 1293 3446 Romanorum,

266 3450 292 3470 et
305 3443 333 3469 in
346 3443 476 3473 beneficiis
488 3448 519 3475 ad
531 3451 662 3477 aerarium
675 3450 711 3477 est
728 3450 828 3477 delatus
846 3459 860 3476 a
874 3451 903 3476 L.
918 3450 1029 3476 Lucullo
1048 3450 1171 3475 Praetorc
1184 3455 1210 3475 et
1223 3450 1292 3476 Con-
1307 3453 1343 3478 90

266 3479 330 3520 sule.
367 3478 444 3519 Signa
457 3482 555 3511 sunt‘et
566 3492 732 3520 argumenta,
751 3486 849 3521 quibus
867 3486 925 3512 vult
946 3485 1058 3520 probare
1078 3486 1163 3511 ciuem
1182 3485 1231 3511 effe
1244 3486 1292 3511 Ar-

266 3514 352 3541 chiam
361 3534 369 3546 ,
394 3514 455 3540 licet
473 3525 524 3544 non
542 3521 624 3547 fuerit
639 3523 736 3548 census.
813 3522 885 3557 Conf.
900 3522 999 3548 Manut.
1014 3520 1045 3547 ad
1059 3521 1115 3547 Cic.
1129 3521 1200 3547 Fam.
1213 3528 1236 3552 ς,
1248 3529 1290 3547 20.

265 3551 373 3576 Gronau.
389 3549 417 3575 de
430 3551 484 3576 rec.
501 3554 552 3581 Vet.
564 3564 586 3588 3,
601 3564 638 3591 ¹7·
708 3558 748 3584 Sic
760 3558 817 3584 Cic.
831 3564 879 3592 pro
892 3556 972 3583 Balbo
985 3559 1014 3588 63
1027 3566 1048 3582 c.
1061 3561 1091 3586 28
1112 3557 1142 3582 In
1157 3556 1292 3582 consulatu

266 3584 428 3626 ΡΓὸ-Εῆἒᾶυῐῐ]
447 3585 548 3627 fabrum
567 3591 660 3618 detulit
676 3595 724 3618 int.
742 3593 771 3620 in
789 3592 932 3619 beneficiis.
990 3594 1019 3618 Et
1038 3592 1109 3618 Fam.
1124 3600 1145 3624 5,
1158 3600 1190 3617 20
1212 3591 1292 3624 Quod

266 3621 358 3648 scrlbls
372 3620 405 3647 de
419 3619 566 3653 beneficus,
584 3627 647 3653 scito
659 3636 674 3653 a
687 3637 730 3654 me
748 3635 774 3655 et
787 3628 909 3656 tribunos
927 3627 1071 3659 militares,
1093 3634 1118 3653 et
1136 3626 1292 3661 praefecios,
1306 3634 1337 3660 95

266 3661 292 3682 et
304 3656 502 3697 contubernales
517 3656 637 3687 duntaxat
654 3672 728 3690 meos
749 3664 847 3690 delatos
861 3664 919 3690 effe.
1003 3663 1060 3689 Cic.
1074 3663 1102 3688 in
1114 3663 1199 3688 Pison.
1235 3681 1241 3688 .
1283 3682 1290 3689 .

266 3692 381 3732 Homini
401 3691 448 3718 ille
468 3693 620 3727 Honorem,
639 3706 692 3724 non
709 3700 814 3733 generi,
831 3699 964 3729 moribus,
983 3707 1036 3724 non
1051 3697 1196 3724 maioribus
1211 3698 1291 3724 meis:

264 3733 359 3753 virtuti
372 3727 534 3768 perspee‘tae,
554 3738 608 3755 non
622 3732 722 3760 auditae
735 3735 869 3762 nobilitati
882 3733 1025 3761 deferebat.
1072 3733 1139 3760 Add.
1155 3741 1203 3767 pro
1215 3733 1290 3758 Rofc.

486 3764 540 3790 Cic.
553 3774 600 3798 pro
613 3765 698 3793 Domo
712 3778 732 3796 c.
747 3779 764 3803 9
793 3772 880 3804 Qoem
893 3769 1055 3796 crudelitatis
1068 3768 1203 3795 truciorem
1217 3768 1292 3794 fuisse

857 1332 888 1357 In
900 1336 1007 1365 portum
1038 1330 1104 1356 Plin.
1125 1338 1162 1362 iz,
1176 1339 1203 1363 19
1218 1332 1235 1357 s.
1251 1339 1295 1365 42.
1308 1341 1341 1365 30

878 2230 883 2236 .
922 2210 1034 2244 Reliqua
1047 2210 1083 2236 cst
1097 2209 1170 2236 causa
1185 2209 1296 2241 Iudices,
1312 2219 1341 2246 55

1205 2387 1244 2414 Ad
1257 2388 1298 2413 Se·
1307 2394 1341 2418 60

1745 217 2018 260 DEF
2343 224 2437 274 46'

1358 313 1401 331 eas
1413 310 1470 332 tum
1483 306 1625 341 Pompeio,
1644 316 1726 342 quum
1743 307 1770 334 id
1787 307 1945 335 videbamur
1967 308 2096 343 sapienter
2114 311 2215 343 facere,
2241 311 2393 339 detulimus.

1358 341 1432 367 Idem
1445 342 1499 368 Att.
1512 351 1542 374 4,
1556 347 1580 371 18
1614 344 1760 370 Hibernam
1779 343 1911 378 legionem
1930 343 2045 378 eligendi
2062 347 2146 379 Optio
2166 347 2260 374 delata.
2331 347 2394 374 Liu.

1360 384 1396 407 23,
1433 396 1440 402 .
1477 396 1484 402 .
1519 378 1584 411 Ego,
1604 378 1621 403 si
1636 380 1694 412 quis
1707 379 1738 404 de
1752 380 1814 405 Pace
1827 380 1960 411 consulet,
1984 380 2028 406 scu
2041 380 2182 408 deferenda
2196 382 2330 414 hostibus,
2348 384 2394 410 scu

1359 411 1524 445 accipienda,
1555 412 1640 438 habco
1658 415 1721 447 quid
1743 415 1885 441 sententiae
1904 414 1998 441 dicam.
2053 417 2156 453 Legitur
2168 425 2193 443 ct
2206 417 2352 444 disiunHim
2364 421 2396 445 ite

1359 447 1481 481 aliquibus
1493 447 1632 480 codicibus,
1653 449 1690 474 De
1706 450 1820 476 serenda.
1892 451 1946 476 eie.
1962 452 1994 477 de
2009 451 2082 477 Orat.
2097 459 2118 482 2,
2130 460 2180 486 227
2197 453 2229 480 Et
2246 453 2313 480 illud
2332 452 2392 488 q‘ui-

1359 481 1417 521 dein
1431 482 1566 514 admiror,
1593 490 1618 509 te
1637 484 1712 510 nobis
1727 494 1753 510 m
1766 495 1798 512 eo
1815 493 1910 520 genere
1927 486 2046 512 tribuisse
2066 491 2182 519 tantum,
2206 493 2232 513 et
2245 496 2298 514 non
2313 488 2392 515 huius

1357 525 1398 543 rei
1418 527 1525 552 quoque
1545 518 1674 549 Palmam,
1704 526 1732 545 vt
1749 527 1926 553 caeterarum,
1953 521 2042 547 Crasso
2059 521 2185 548 detulisse.
2255 523 2327 550 Idem
2342 533 2392 558 pro

1358 554 1439 591 Corn.
1453 553 1524 579 Balb.
1550 573 1556 580 .
1582 573 1590 579 .
1614 554 1697 580 Potest
1711 556 1757 580 css'c
1770 556 1822 582 vlla
1833 556 1949 591 denique
1962 556 2092 588 maiestas,
2111 556 2129 583 fi
2145 557 2321 592 impedimurs,
2334 567 2392 594 quo

1357 597 1445 627 minus
1459 597 1505 622 per
1512 590 1573 623 Pop.
1581 590 1656 615 Rom.
1665 589 1851 617 beneficiorum
1860 592 1967 618 virtutis
1980 593 2055 618 causa
2067 591 2271 619 tribuendorum
2279 595 2393 621 Potesta-

1359 624 1625 658 temimperatoribus
1633 625 1726 651 nollris
1734 625 1897 653 deferamus!
1953 628 1984 655 Et
1995 628 2090 659 Att.13,
2099 636 2120 659 13
2138 628 2304 662 Ligarianam
2319 638 2391 663 prae·

1358 659 1426 685 clare
1440 659 1596 699 iit=iididistit⁴
1615 660 1717 694 posthac
1730 662 1855 695 quicquid
1869 662 2005 697 scripsero,
2018 662 2069 688 tibi
2081 663 2252 690 Praeconium
2265 663 2393 691 deferam.

1359 695 1507 721 Praemium
1526 694 1660 728 dignitatis
1681 697 1761 722 alicui
1786 697 1840 723 cic.
1853 706 1900 731 pro
1914 697 1994 725 Flacc.
2015 706 2034 724 i.
2104 698 2202 725 Primas
2222 699 2301 725 alicui
2319 698 2393 725 Idem

1359 729 1410 756 Att.
1425 739 1445 762 1,
1482 750 1488 756 .
1526 750 1532 756 .
1604 732 1634 756 Et
1648 731 1675 756 in
1683 732 1756 757 Orat.
1772 741 1787 763 9
1807 732 1858 758 Cui
1869 733 1972 759 Primae
1983 732 2036 759 fine
2050 733 2229 760 controuerfia
2240 733 2396 761 defereban-

1359 770 1410 804 tur.
1482 765 1538 791 Cic.
1552 766 1604 791 Att.
1618 771 1641 798 8,
1656 775 1668 798 3
1689 766 1737 792 Sed
1748 767 1787 799 sit,
1800 767 1899 793 deferet
1909 767 2106 803 Triumphum:
2126 777 2180 794 non
2188 769 2339 803 acciperene
2352 778 2398 804 pe-

1360 799 1502 826 riculosum
1516 800 1562 826 sit?
1580 809 1613 827 an
1625 802 1752 836 accipere,
1766 803 1928 829 inuidiosum
1941 803 1974 829 ad
1986 803 2088 830 bonos?
2121 804 2179 830 Cic.
2187 804 2218 830 de
2232 804 2339 831 Amicit.
2360 825 2368 831 .
2385 824 2396 831 .

1359 833 1472 874 Qlodsti
1489 836 1567 862 etiam
1587 836 1659 870 pollis
1672 837 1778 871 quiduis
1791 839 1895 864 deferre
1906 838 1938 863 ad
1953 840 2073 873 alterum,
2091 838 2235 865 videndum
2248 839 2283 866 cst
2295 845 2398 872 tamen,

1360 869 1425 905 quid
1445 870 1490 896 ille
1508 871 1581 905 possit
1599 872 1732 898 sustinere.
1803 873 1874 899 Idem
1889 882 1937 907 pro
1952 874 2056 900 Cluent.
2095 894 2101 901 .
2137 894 2144 901 .
2182 894 2190 901 .
2223 875 2328 902 Etenim
2341 884 2398 903 non

1361 905 1442 932 modo
1455 906 1655 939 aucioritatcm,
1676 908 1718 934 sed
1732 909 1810 934 ctiam
1823 917 1919 934 nomen
1933 909 2050 934 iudicum
2065 910 2225 943 amittemus,
2244 910 2293 938 m'fi
2306 910 2350 937 hic
2362 918 2399 938 ex

1361 941 1420 976 iplis
1434 941 1512 967 causis
1525 941 1718 975 iudicabimus,
1737 952 1765 970 ac
1779 944 1812 969 sic
1827 942 1858 969 ad
1872 944 1958 969 causas
1971 943 2069 969 iudicia
2084 944 2135 970 iam
2148 945 2217 972 saeta
2231 945 2312 972 domo
2325 945 2400 972 defe-

1361 985 1456 1003 remus.
1527 977 1658 1004 Indicium
1670 978 1702 1005 ad
1715 980 1849 1005 Praetores
1863 978 1922 1004 Liu.
1938 987 1979 1011 24.
1998 981 2017 1004 i.
2034 979 2155 1005 indicare.
2211 981 2335 1008 Rationes
2351 980 2400 1008 de-

1359 1012 1431 1039 ferre
1449 1012 1506 1039 Cic.
1520 1013 1590 1039 Fam.
1606 1023 1628 1046 5,
1641 1022 1684 1040 20.
1754 1014 1814 1039 Liu.
1832 1022 1852 1046 i,
1889 1033 1896 1039 .
1934 1033 1940 1039 .
1976 1013 2075 1039 Omnes
2091 1014 2195 1040 Numae
2209 1016 2342 1050 Pompilio
2356 1025 2399 1044 re-

1359 1056 1440 1082 gnum
1458 1047 1628 1074 deferendum
1643 1048 1792 1076 decernunt.
1812 1051 1830 1075 i.
1853 1047 2012 1081 Offirendum
2024 1056 2096 1083 atque
2108 1049 2263 1077 tradendum.
2322 1052 2399 1078 Sum-

1361 1092 1432 1110 mam
1442 1083 1552 1118 imperii
1564 1084 1644 1110 alicui
1657 1085 1725 1118 Nep.
1740 1093 1776 1116 23,
1789 1092 1812 1115 3,
1828 1093 1846 1110 ι.
1905 1083 2027 1109 Studium
2040 1090 2066 1109 et
2079 1083 2290 1111 beneuolentiam
2304 1086 2336 1112 ad
2350 1087 2400 1113 ali·

1361 1128 1441 1153 quem
1454 1118 1557 1146 deferre
1570 1119 1625 1146 Cic.
1639 1120 1711 1146 Fam.
1726 1122 1752 1152 6,
1768 1128 1804 1146 ιο.
1876 1119 2047 1145 Voluntatem
2061 1118 2176 1152 suamvad
2190 1120 2305 1154 aliquem
2323 1121 2400 1148 Idem.

1361 1155 1432 1180 Fam.
1454 1159 1477 1185 (a,
1497 1163 1539 1181 22.
1694 1152 1714 1191 ff
1736 1163 1749 1187 3
1787 1154 1896 1180 Defert-e
1912 1154 2044 1188 aliquem,
2057 1161 2107 1189 pro
2125 1155 2263 1190 Accusare:
2305 1156 2401 1183 Tacit.

1362 1191 1430 1216 Ann.
1444 1198 1483 1222 14,
1499 1195 1523 1219 18
1553 1190 1695 1217 Maiestatis
1713 1189 1812 1216 delatus
1831 1189 1876 1215 est.
1946 1188 2021 1216 Idem
2036 1191 2103 1215 Ann.
2114 1192 2141 1222 6,
2154 1197 2192 1224 '47
2222 1190 2290 1217 Dein
2303 1191 2403 1220 multo-

1361 1234 1422 1251 rum
1443 1225 1579 1251 amoribus
1599 1226 1698 1252 famosa
1717 1224 1847 1251 Albucilla
1867 1224 1985 1251 defertur
2014 1225 2159 1260 impietatis
2186 1226 2214 1251 in
2243 1226 2402 1261 principem-

1364 1261 1475 1287 Deferre
1488 1261 1596 1287 Nomen
1615 1261 1740 1288 alicuius:
1760 1260 1816 1287 Cic.
1830 1261 1906 1286 Verr.
1921 1268 1942 1292 1,
1979 1280 1986 1286 .
2023 1279 2030 1286 .
2066 1262 2162 1295 Longo
2175 1260 2316 1288 interuallo
2330 1267 2405 1288 vete-

1361 1305 1419 1323 rem
1433 1296 1646 1323 consuetudinem
1666 1296 1763 1329 retuli,
1783 1303 1809 1322 et
1823 1301 1916 1330 rogatu
1935 1296 2069 1323 sociorum
2086 1302 2164 1330 atque
2178 1297 2324 1322 amicorum
2337 1298 2402 1332 Pop.

1362 1333 1440 1358 Rom.
1455 1340 1576 1358 meorum
1595 1337 1683 1359 autem
1702 1331 1919 1363 necessariorum,
1939 1340 2037 1358 nomen
2050 1331 2167 1360 hominis
2180 1331 2339 1359 audacissimi
2358 1333 2403 1359 de-

1362 1368 1421 1394 tuli.
1494 1367 1600 1394 Nomen
1613 1367 1693 1394 amici
1709 1367 1809 1395 incide
1820 1366 1922 1393 ambitu
1937 1366 2032 1393 detulit
2051 1367 2106 1393 Cic.
2120 1375 2168 1401 pro
2180 1367 2252 1393 Cael.
2267 1371 2300 1401 76
2327 1377 2349 1393 c.
2365 1376 2406 1400 31-

1361 1403 1428 1431 Add.
1449 1402 1515 1430 ibid.
1536 1405 1568 1436 56
1586 1412 1607 1429 c.
1626 1411 1665 1435 23.
1736 1403 1847 1429 Deferre
1866 1410 1962 1427 nomen
1979 1402 2089 1428 alicuius
2109 1402 2141 1428 de
2160 1403 2312 1437 repetundis
2344 1404 2403 1430 Cic.

1363 1440 1439 1465 Vcrr.
1453 1447 1478 1471 2,
1515 1458 1521 1464 .
1559 1459 1566 1465 .
1637 1438 1750 1465 Deferre
1767 1446 1880 1469 nomen,
1894 1444 1917 1463 et
1935 1439 2076 1469 Accusare,
2094 1437 2226 1471 differunt.
2265 1440 2331 1464 Nam
2350 1439 2406 1465 De-

1362 1474 1433 1501 ferre
1446 1482 1543 1500 nomen
1556 1473 1664 1505 dicitur,
1685 1476 1728 1509 qui
1738 1473 1831 1509 legibus
1844 1476 1986 1509 interrogat
1997 1473 2064 1508 apud
2076 1474 2231 1505 Praetorem,
2251 1480 2279 1499 vt
2285 1473 2312 1506 Ji
2324 1477 2405 1500 inter-

1363 1516 1466 1545 rogatus
1480 1516 1566 1546 neget,
1587 1512 1640 1536 eius
1652 1518 1737 1535 nomen
1749 1511 1777 1534 in
1789 1516 1843 1535 reos
1855 1508 1998 1543 referatur:
2035 1517 2090 1533 nam
2105 1508 2215 1534 Deferre
2228 1517 2324 1534 nomen
2337 1510 2403 1536 idem

1363 1543 1406 1578 qli,
1423 1545 1487 1581 quod
1498 1547 1573 1571 Reum
1584 1545 1681 1580 facere.
1719 1543 1844 1569 Accusare
1858 1551 1931 1573 vero,
1950 1541 1984 1575 esi
1995 1544 2077 1578 Agere
2090 1543 2201 1578 catiliani,
2214 1550 2236 1569 et
2248 1547 2321 1578 suum
2334 1553 2405 1571 reum

1361 1584 1389 1606 in
1405 1580 1520 1606 iudicium
1535 1579 1661 1605 adducere.
1697 1579 1809 1604 Terent.
1823 1578 1840 1603 l.
1856 1585 1884 1603 10
1901 1577 1933 1603 D.
1949 1578 1981 1603 de
1995 1578 2046 1603 iur.
2061 1584 2163 1611 patron.
2185 1578 2239 1610 Qi
2251 1587 2348 1604 nomen
2359 1578 2404 1604 de.

1362 1615 1440 1646 tulit,
1454 1615 1573 1640 accusasse
1587 1613 1773 1647 intelligendus
1787 1612 1831 1638 est.
1866 1614 1905 1638 De
1912 1619 2021 1646 patrono
2033 1613 2157 1646 loquitur,
2170 1615 2213 1647 qui
2224 1611 2250 1645 fi
2263 1613 2347 1638 liberti
2360 1622 2409 1639 no·-

1361 1658 1414 1675 men
1428 1648 1560 1680 detulerit,
1581 1657 1628 1674 non
1640 1651 1721 1673 minus
1732 1657 1749 1673 a
1762 1648 1875 1673 bonorum
1886 1645 2025 1681 pqffiffione
2045 1653 2198 1678 remanetur,
2210 1655 2280 1681 quam
2292 1647 2319 1680 st
2330 1657 2408 1674 accu—

705 1686 843 1720 Ruinaque
856 1692 909 1711 tota
923 1684 1040 1718 prolapsa
1054 1684 1119 1710 acies
1132 1684 1160 1709 in
1175 1692 1296 1718 praeceps
1303 1693 1340 1718 40
1356 1683 1426 1720 Jizrit
1442 1685 1572 1709 Hotoman.
1615 1683 1725 1709 Deferre
1738 1682 1851 1708 crimina
1866 1681 1897 1709 de
1911 1682 2003 1715 aliquo
2016 1681 2049 1707 ad
2063 1680 2185 1707 Senatum
2199 1681 2259 1707 Liu.
2275 1690 2317 1715 39,
2349 1703 2356 1711 .
2389 1691 2407 1708 ’-

1363 1719 1490 1745 Defertur
1511 1718 1557 1744 fur
1580 1717 1613 1744 ad
1633 1718 1756 1750 Senatum
1779 1725 1826 1751 per
1846 1715 1961 1742 iudicem
1994 1716 2100 1742 Sueton.
2118 1716 2146 1742 in
2165 1716 2267 1743 Neron.
2307 1737 2313 1743 .
2351 1737 2358 1744 .
2393 1737 2403 1743 .

1363 1753 1468 1778 Senatui
1491 1753 1562 1787 Nep.
1575 1762 1612 1785 23,
1625 1761 1661 1785 12,
1674 1761 1699 1779 z.
1750 1752 1756 1756 ⁴
1770 1751 1933 1778 Maleficium
1950 1751 2061 1778 alicuius
2078 1750 2111 1778 ad
2133 1751 2263 1778 iudicium
2281 1753 2338 1779 Cic.
2352 1761 2407 1787 pro

1367 1787 1460 1812 Caelio
1473 1790 1507 1820 76
1523 1797 1544 1813 c.
1559 1797 1592 1820 31.
1661 1788 1736 1814 Idem
1750 1787 1782 1814 de
1795 1787 1864 1822 Lege
1873 1788 1934 1821 Agr.
1948 1795 1971 1819 3,
2008 1806 2014 1813 .
2053 1806 2060 1813 .
2097 1787 2273 1813 Commodius
2286 1788 2406 1814 fecissent

1363 1821 1488 1848 Tribuni
1501 1822 1569 1855 pleb.
1605 1823 1735 1856 Quirites,
1748 1822 1776 1855 fi,
1789 1830 1856 1857 quae
1867 1821 1937 1857 apud
1951 1831 1999 1849 vos
2012 1820 2045 1848 de
2062 1831 2107 1848 me
2118 1821 2250 1854 deferunt,
2264 1832 2293 1849 ea
2312 1832 2407 1850 coram.

1363 1857 1451 1891 potius
1463 1865 1506 1883 me
1519 1859 1652 1892 praesente
1666 1857 1795 1884 dixissent.
1850 1858 1970 1890 Deferre,
1979 1865 2029 1893 pro
2037 1857 2160 1884 Indicium
2167 1858 2265 1893 facere.
2305 1859 2361 1884 Sen.
2373 1859 2406 1884 in.

1363 1892 1441 1926 Epist.
1481 1912 1487 1918 .
1525 1912 1532 1918 .
1568 1913 1574 1919 .
1612 1893 1762 1926 Videamus,
1777 1893 1828 1920 hoc
1840 1892 1911 1928 quod
1925 1893 2141 1927 concupiscimus,
2174 1893 2246 1919 uanti
2258 1892 2405 1921 deferatur.

1400 1933 1468 1954 DEL
1479 1928 1598 1960 ATVS,
1618 1938 1647 1961 a,
1667 1939 1722 1956 uni.
1757 1929 1850 1955 Partic.
1885 1928 2047 1961 [ἐγκληθείς]
2083 1927 2140 1954 Cic.
2172 1936 2187 1953 e
2199 1929 2303 1954 Inuent.
2318 1937 2344 1960 2,
2366 1948 2372 1954 .
2394 1948 2407 1954 -

1363 1964 1399 1989 Vt
1413 1964 1441 1989 in
1454 1962 1570 1998 quodam
1585 1963 1703 1997 iudicio,
1725 1973 1805 1999 quum
1821 1963 1933 1989 venefici
1942 1962 2077 1989 cuiusdam
2092 1971 2190 1988 nomen
2203 1963 2263 1988 esset
2276 1963 2407 1996 delatum,

1363 2005 1410 2024 ete.
1480 1999 1618 2025 Diuinitus
1635 2000 1667 2026 ad
1681 2007 1729 2027 nos
1749 1999 1847 2025 delatus
1860 1999 1903 2025 vir
1921 1999 1976 2024 Cic.
1997 1997 2030 2023 dc
2041 1998 2117 2024 Orat.
2130 2005 2152 2029 1,
2188 2016 2194 2023 .
2232 2017 2239 2024 .
2295 1998 2405 2024 Delatus

1362 2033 1451 2060 honor
1470 2033 1515 2061 Sil.
1537 2036 1576 2066 16,
1612 2056 1620 2063 .
1656 2054 1662 2061 .
1734 2034 1764 2061 Id
1783 2033 1968 2067 Carthaginem
1988 2032 2103 2058 delatum
2121 2031 2228 2066 publice
2246 2034 2405 2068 comproba-

1363 2075 1419 2094 tum
1432 2068 1467 2094 est
1484 2069 1554 2103 Nep.
1568 2077 1609 2102 23,
1621 2078 1642 2101 3,
1657 2079 1676 2096 1.
1747 2068 1777 2094 Id
1795 2067 1910 2094 delatum
1928 2068 2046 2102 accipere
2063 2067 2152 2093 noluit
2175 2067 2250 2094 Idem
2272 2076 2307 2101 15,
2324 2078 2353 2102 4,
2374 2078 2405 2102 4-

1362 2105 1385 2130 A
1398 2103 1501 2129 duobus
1520 2104 1652 2131 indicibus
1675 2104 1775 2130 delatus
1793 2104 1869 2130 Curt.
1882 2110 1910 2137 7,
1929 2111 1950 2135 1,
1963 2104 1987 2129 6.
2057 2102 2191 2130 Indicium
2210 2102 2327 2130 delatum
2345 2105 2408 2140 sup-

1362 2138 1478 2172 primere
1490 2139 1564 2164 Idem
1577 2140 1604 2170 6,
1617 2147 1644 2171 9,
1658 2144 1680 2168 8.
2364 2148 2368 2150 ’

1398 2180 1441 2199 DE
1451 2179 1545 2199 LATI
1555 2180 1590 2205 ο,
1617 2174 1684 2199 onis.
1713 2173 1733 2200 f.
1770 2174 1926 2208 [ἔγκλημα]
1968 2174 2019 2200 Vix
2035 2174 2109 2200 aliter
2125 2177 2237 2209 reperias
2255 2174 2300 2201 hoc
2317 2183 2407 2201 nomm

1362 2208 1496 2244 usurpari,
1516 2218 1589 2244 quam
1602 2208 1630 2234 de
1650 2209 1765 2235 nominis
1779 2209 1951 2243 criminisque
1967 2208 2034 2245 apud
2046 2209 2150 2236 iudicem
2162 2209 2283 2236 delatione
2296 2209 2321 2246 s
2336 2210 2408 2236 indi-

1361 2247 1474 2276 catione,
1487 2253 1547 2279 quae
1559 2244 1746 2279 accusatione-m,
1760 2251 1789 2271 vt
1801 2245 1918 2276 vidimus,
1926 2245 2065 2279 praecedit.
2101 2243 2168 2271 Plin.
2177 2253 2215 2278 14,
2230 2253 2247 2278 9
2261 2252 2323 2271 extr.
2342 2245 2405 2271 Hoc

1363 2278 1510 2314 (virilium)
1524 2280 1645 2313 protinus
1659 2280 1782 2306 diffusum
1794 2279 1892 2314 lagenis
1905 2281 1958 2306 suis
1971 2278 2111 2306 deseruere
2124 2279 2193 2314 passi,
2203 2277 2289 2314 postca
2307 2279 2335 2306 in
2347 2280 2406 2306 sole

1363 2315 1536 2349 quadraginta
1554 2314 1647 2341 diebus
1665 2320 1769 2342 torrent
1786 2316 1888 2342 aestatis
1909 2316 2018 2342 secutae.
2089 2316 2145 2342 Cic.
2161 2317 2238 2342 Verr.
2252 2323 2273 2348 5,
2287 2323 2314 2348 25
2344 2316 2409 2350 Nu-

1364 2359 1410 2385 per
1427 2360 1508 2384 quum
1529 2351 1556 2377 in
1572 2351 1597 2377 P.
1612 2350 1758 2383 Gabinium
1776 2351 1819 2377 vir
1837 2351 1988 2377 fortifflmus
2007 2356 2033 2378 et
2052 2350 2272 2377 innocentissimus
2292 2350 2322 2377 L.
2343 2350 2406 2377 Piso

1363 2386 1525 2413 delationem
1543 2386 1660 2412 nominis
1680 2386 1837 2419 postularet,
1850 2393 1895 2413 etc.
1967 2387 2038 2413 Cael.
2056 2387 2182 2413 Ciceroni
2201 2387 2273 2412 Fam.
2288 2391 2311 2418 Β,
2325 2388 2342 2411 6
2367 2386 2405 2412 Il-

1364 2420 1410 2447 lud
1429 2421 1498 2447 mihi
1517 2422 1646 2451 occurrit,
1667 2421 1739 2455 quod
1760 2422 1829 2448 inter
1841 2422 2043 2456 postulationem
2057 2428 2082 2448 et
2098 2421 2214 2448 nominis
2231 2421 2404 2452 delationem,

1363 2465 1431 2484 vxor
1451 2465 1465 2483 a
1485 2456 1623 2483 Dolabella
1643 2456 1758 2484 discessit.
1837 2458 1943 2484 Delatio
1962 2457 2078 2484 nominis
2099 2463 2124 2483 et
2145 2456 2236 2490 eapitis
2253 2456 2403 2489 periculum

1364 2493 1421 2519 Cic.
1434 2501 1483 2526 pro
1498 2493 1602 2519 Cluent.
1624 2502 1646 2518 c.
1660 2497 1683 2522 8.
1755 2492 1845 2519 Tacit.
1860 2493 1927 2519 Hist.
1940 2502 1968 2526 4,
1983 2502 2012 2526 41
2050 2492 2158 2518 Crebris
2177 2490 2244 2524 apud
2263 2490 2403 2517 Neronem

1364 2527 1541 2554 delationibus
1554 2528 1678 2555 famosos.
1749 2529 1804 2554 Cic.
1818 2528 1850 2554 de
1862 2529 1952 2555 Diuin.
1966 2529 2040 2552 Verr.
2053 2534 2089 2559 49
2109 2525 2203 2559 Ecquis
2216 2534 2331 2560 vnquam
2346 2532 2403 2552 tam

1363 2564 1448 2598 palam
1462 2562 1495 2588 de
1507 2563 1626 2595 honore,
1648 2569 1699 2589 tam
1714 2563 1883 2589 vehementer
1902 2561 1934 2587 de
1947 2561 2027 2587 salute
2042 2561 2085 2586 sua
2097 2560 2246 2592 contendit,
2260 2568 2338 2594 quam
2355 2560 2404 2587 ille

1364 2606 1441 2634 atque
1456 2599 1527 2624 illius
1543 2599 1636 2628 amici,
1654 2604 1682 2624 vt
1694 2607 1729 2623 ne
1747 2598 1811 2623 haec
1824 2597 1893 2622 milii
1907 2596 2005 2622 delatio
2019 2596 2111 2621 detur?
2182 2595 2312 2621 Faetitare
2330 2594 2390 2622 dela

1364 2636 1449 2661 tiones
1460 2634 1550 2659 Tacit.
1564 2633 1631 2659 Hist.
1646 2641 1670 2662 2,
1684 2640 1721 2657 ιο.
1741 2632 1766 2658 h.
1779 2641 1798 2658 e.
1815 2632 1879 2667 quod
1891 2631 1919 2657 in
1930 2631 2012 2657 Bruto
2026 2630 2210 2656 Accusationes
2224 2630 2345 2658 factitare
2355 2631 2404 2658 Ci-

1365 2678 1424 2695 cero
1436 2669 1503 2695 dixit
1516 2677 1567 2700 130.
1636 2666 1730 2693 Subire
1743 2666 1901 2693 delationem
1913 2666 2003 2693 Tacit.
2016 2667 2083 2692 Ann.
2098 2674 2131 2698 ιι,
2144 2674 2187 2699 29.

1399 2710 1593 2735 DELATVRA,
1611 2711 1650 2729 ae.
1670 2702 1690 2727 f.
1712 2701 1830 2729 Tertull.
1844 2701 1903 2727 adu.
1916 2702 1998 2728 Marc.
2012 2709 2035 2734 5,
2050 2706 2085 2731 18.
2107 2701 2211 2736 Vulgat.
2225 2701 2304 2728 Sirac.
2320 2704 2360 2734 26,
2373 2703 2404 2728 6.

1399 2740 1599 2769 ΒΕΒᾹΤΟΚ,
1625 2736 1686 2762 ὅτίς.
1714 2745 1749 2762 m.
1786 2736 1909 2763 Verbale.
1943 2738 1955 2768 [
1969 2734 2097 2771 ἔνδείκτης,
2116 2736 2306 2770 φιλεγκλῆμων,
2326 2748 2403 2770 μηνυ-

1362 2774 1428 2808 riis]
1451 2774 1568 2800 Occultm
1584 2771 1713 2807 accusator
1731 2772 1842 2804 dicitur,
1855 2779 1879 2798 et
1892 2773 2063 2799 calumniator.
2100 2772 2165 2798 Plin.
2185 2772 2214 2798 in
2231 2772 2322 2807 Paneg.
2337 2781 2375 2806 35,
2389 2781 2404 2799 t

1363 2809 1518 2835 Delatorum
1536 2807 1613 2834 claffis
1627 2807 1744 2841 permiffa
1763 2808 1887 2834 omnibus
1905 2808 1999 2834 ventis.
2036 2807 2153 2834 Martial.
2165 2807 2248 2841 Spe&¹
2270 2817 2297 2841 4.
2366 2809 2401 2835 Ec

1362 2843 1465 2870 delator
1486 2842 1564 2870 habet
1582 2842 1654 2877 quod
1673 2842 1751 2869 dabat
1767 2843 1887 2870 exilium.
1914 2844 1970 2870 Vid.
1990 2842 2095 2869 Sueton.
2115 2842 2147 2869 de
2169 2843 2316 2870 Domitian.
2338 2852 2359 2869 c.
2371 2851 2402 2876 9.

1362 2879 1499 2906 Delatores
1510 2878 1574 2913 legis
1586 2879 1678 2912 Papiae
1689 2878 1761 2904 Idem
1774 2879 1876 2906 Neron.
1890 2887 1911 2905 c.
1927 2887 1964 2905 10.
2006 2878 2065 2906 Vid.
2083 2878 2149 2905 Plin.
2163 2879 2256 2913 Paneg.
2271 2888 2291 2905 c.
2306 2887 2347 2911 34.
2360 2885 2401 2911 35.

1361 2918 1401 2947 36.
1419 2918 1464 2951 qui
1477 2917 1543 2941 locus
1556 2914 1665 2949 clafficus
1678 2913 1719 2946 est.

1398 2956 1617 2982 DELATORIVS,
1625 2958 1648 2981 a,
1656 2958 1709 2976 um.
1723 2948 1784 2975 Adi.
1806 2948 1947 2977 Curiofitas
1961 2949 1978 2976 l.
1993 2950 2050 2976 6D.
2064 2948 2096 2975 de
2110 2948 2178 2975 Iuris
2192 2948 2297 2982 etFaeii
2310 2948 2401 2982 ignor.

1397 2992 1612 3017 DEFERVEO,
1629 2984 1677 3011 bui
1690 2992 1713 3011 et
1725 2985 1769 3016 vi,
1782 2984 1842 3012 'ei-e.
1862 2984 1993 3020 [ἅποζέω]
2013 2986 2053 3011 vel
2073 2986 2399 3016 DEFERvnsco,e1-e.

1360 3023 1398 3048 De
1412 3022 1506 3057 stimmo
1519 3020 1623 3057 feruore
1643 3022 1683 3046 vel
1707 3018 1822 3053 intestino
1841 3021 1898 3052 ilio,
1915 3030 1930 3047 α
1944 3030 1988 3055 quo
2002 3020 2162 3048 fermentum
2182 3019 2289 3050 dicitur,
2308 3020 2349 3045 vel
2360 3028 2398 3052 eo,

1358 3060 1402 3092 qui
1420 3057 1449 3083 ab
1461 3060 1518 3093 igne
1535 3056 1629 3082 admoto
1649 3054 1769 3090 efficitur,
1783 3057 1818 3082 oli
1836 3055 1880 3082 uid
1897 3059 2028 3082 remittere.
2065 3057 2102 3081 De
2116 3057 2203 3089 priore
2220 3054 2350 3081 Columel.
2369 3062 2397 3086 9,

2025 3090 2190 3118 Deferuescit
2202 3089 2316 3115 mustum
2330 3089 2397 3115 Scri-

1359 3127 1421 3154 bon.
1435 3132 1494 3159 269.
1514 3129 1551 3154 De
1564 3128 1641 3154 altero
1658 3136 1759 3164 gener-r,
1773 3127 1815 3153 vbi
1826 3127 1919 3163 feruor
1931 3125 1962 3152 ab
1974 3129 2031 3163 igne
2044 3124 2094 3158 est,
2110 3126 2177 3152 Cato
2193 3127 2236 3158 96,
2253 3133 2263 3150 1
2282 3124 2333 3150 Vbi
2355 3123 2396 3149 lu-

1357 3164 1433 3198 pinus
1452 3163 1625 3190 deferbuerit.
1748 3160 1769 3198 ἢ
1788 3171 1804 3188 2.
1839 3162 1949 3198 Metaph.
1960 3168 2006 3196 pro
2019 3161 2149 3196 MiteJZ-ere
2161 3167 2185 3186 et
2192 3158 2316 3195 placidum
2328 3157 2395 3193 fieri.

1358 3200 1414 3226 Cic.
1428 3199 1457 3225 in
1469 3200 1542 3226 Orat.
1558 3206 1604 3232 107
1643 3198 1757 3231 Qantis
1769 3198 1816 3224 illa
1829 3197 1988 3224 clamoribus
2006 3195 2196 3223 adolescentuli
2214 3194 2341 3225 diximus,
2360 3193 2394 3220 de

1359 3234 1490 3269 supplicio
1504 3233 1712 3269 parricidarum?
1749 3242 1815 3268 quae
1835 3242 2001 3268 nequaquam
2015 3233 2074 3259 satis
2094 3230 2263 3259 deferbuisse,
2277 3228 2333 3262 post
2347 3229 2394 3255 ali-

1359 3276 1458 3305 quanto
1473 3270 1569 3296 sentire
1582 3269 1724 3304 coepimus.
1764 3270 1926 3295 Translatum
1946 3266 1978 3300 est
1989 3277 2005 3294 a
2022 3271 2082 3293 vino
2101 3270 2129 3293 in
2141 3268 2209 3297 lacu,
2226 3265 2264 3290 vel
2274 3263 2338 3290 dolio
2345 3271 2394 3300 po·-

1359 3312 1411 3333 lim·
1420 3306 1523 3342 feruere
1535 3305 1668 3339 defluente,
1687 3304 1752 3341 quod
1767 3307 1817 3330 iam
1827 3302 1993 3336 austeritatem
2005 3306 2096 3338 accipit
2105 3313 2112 3326 5
2146 3309 2204 3337 quae
2216 3297 2349 3339 austeritas
2359 3299 2396 3326 ati

1360 3342 1477 3368 iudicium
1495 3344 1545 3367 iam
1562 3348 1684 3367 maturum
1703 3339 1866 3374 transfertur.
1937 3339 1992 3365 Cic.
2005 3347 2054 3373 pro
2067 3336 2158 3364 Caelio
2169 3343 2200 3368 45
2220 3334 2276 3361 Iam
2289 3334 2336 3361 ista
2349 3335 2393 3362 de-

1361 3376 1524 3403 ferbuerint:
1544 3377 1596 3402 iam
1615 3382 1682 3402 aetas
1701 3376 1806 3407 omnia,
1818 3375 1871 3400 iam
1885 3373 1933 3400 ista
1952 3375 2008 3400 dies
2025 3372 2162 3407 mitigarit.
2187 3405 2193 3410 ¹
2233 3370 2300 3396 Ter.
2316 3369 2391 3397 Adel.

1362 3421 1383 3446 i,
1396 3421 1422 3445 2,
1435 3420 1470 3447 72
1488 3411 1627 3446 Sperabam
1643 3413 1696 3438 iam
1708 3410 1865 3437 deferbuisse
1878 3408 2086 3436 adolescentiam.
2161 3406 2218 3432 Cic.
2235 3414 2284 3440 pro
2297 3406 2392 3433 Caelio

1359 3458 1380 3474 c.
1396 3453 1421 3478 ιε
1446 3448 1547 3474 Summi
1561 3447 1682 3473 homines
1697 3452 1723 3473 et
1742 3445 1872 3473 clariss‘nni
1885 3445 1955 3471 ciues
1967 3445 2088 3475 fuerunt,
2107 3449 2221 3475 quorum
2235 3450 2316 3475 quum
2329 3440 2391 3468 ado-

1360 3484 1498 3511 lescentiae
1512 3482 1667 3517 cupiditates
1675 3481 1871 3513 deferbuiffent,
1892 3480 2003 3506 eximiae
2016 3479 2127 3504 virtutes
2140 3475 2241 3503 firmata
2255 3476 2307 3502 iam
2322 3483 2391 3517 aeta.

1359 3525 1385 3546 te
1400 3519 1562 3546 exstiterunt.
1635 3520 1722 3545 Varro
1734 3517 1765 3544 de
1780 3517 1811 3543 R.
1825 3517 1855 3542 R.
1869 3525 1895 3548 2,
1909 3524 1931 3547 2,
1946 3524 1966 3540 ιι
1993 3513 2082 3540 Aestus
2097 3512 2286 3538 deferuescunt.
2335 3514 2391 3539 Cic.

1360 3555 1442 3581 Tusc.
1455 3564 1481 3587 4,
1495 3559 1527 3589 78
1549 3564 1570 3581 c.
1586 3555 1616 3586 36
1652 3555 1704 3579 Aut
1722 3552 1846 3586 rogandi,
1859 3549 2005 3584 orandique
2022 3550 2096 3580 sunt,
2114 3553 2142 3573 vt
2162 3547 2180 3573 fi
2196 3556 2274 3582 quam
2293 3546 2392 3574 habent

1359 3589 1501 3617 vlciscendi
1515 3591 1587 3622 vim,
1601 3589 1724 3617 differant
1738 3588 1765 3614 in
1778 3593 1879 3621 tempus
1892 3584 1977 3615 aliud,
1991 3585 2053 3611 dum
2072 3582 2234 3609 deferuescat
2247 3583 2295 3609 ira.

1394 3632 1412 3651 D
1421 3633 1437 3652 Ε
1446 3633 1462 3652 F
1471 3632 1487 3652 Ε
1495 3632 1514 3651 R
1522 3632 1542 3650 v
1551 3632 1567 3651 Ε
1576 3631 1592 3651 F
1601 3627 1624 3652 Ᾱ
1633 3631 1649 3651 C
1659 3631 1695 3651 10
1703 3643 1712 3656 ‚
1740 3626 1793 3650 ere.
1829 3623 1840 3653 [
1854 3619 1975 3655 ζευποιέω]
2014 3621 2102 3646 Facere
2119 3618 2249 3653 coquenda,
2263 3624 2292 3644 vt
2309 3617 2337 3644 de
2352 3628 2389 3644 er-

1359 3661 1456 3696 vcscat,
1473 3663 1490 3687 i.
1511 3660 1670 3691 vehementer,
1682 3665 1746 3685 certe
1754 3656 1965 3693 satisseruescat.
2001 3655 2067 3681 Cato
2081 3661 2133 3688 157,
2145 3662 2162 3685 9
2180 3654 2316 3693 'I'ormina
2331 3654 2389 3687 qui-

1359 3696 1408 3722 bus
1422 3695 1530 3722 molesta
1544 3695 1674 3728 erunt‚fic
1686 3694 1775 3720 facito.
1813 3690 1944 3717 Brafflcain
1957 3697 2087 3717 macerato
2102 3689 2182 3715 bene:
2204 3688 2290 3723 postea
2304 3697 2332 3714 in
2344 3696 2388 3714 au-v

1359 3732 1410 3758 lam
1424 3732 1565 3758 coniicito:
1585 3730 1776 3757 deferuefacito
1793 3727 1869 3753 bene.
1905 3725 1960 3752 Vbi
1980 3726 2053 3752 coela
2073 3725 2124 3751 erit
2142 3724 2225 3756 bene,
2237 3732 2332 3758 aquam
2346 3723 2387 3749 de-

1359 3767 1474 3794 fundito.
1509 3768 1547 3793 Eo
1565 3766 1655 3793 addito
1674 3765 1762 3790 oleum
1782 3761 1864 3794 bene,
1880 3767 1905 3787 et
1919 3761 1978 3787 salis
1994 3761 2148 3796 paullulum,
2161 3766 2188 3786 et
2206 3760 2341 3786 cuminum
2362 3763 2388 3785 et

265 3797 382 3830 dixeffiss
399 3797 430 3823 ad
445 3797 513 3825 hunc
527 3799 690 3827 hOUOYemet
702 3803 841 3838 imperium
855 3813 927 3832 extra
939 3804 1061 3831 ordinem
1080 3804 1237 3830 nominatim
1251 3812 1347 3832 ro-100
1358 3803 1486 3837 pollinem
1503 3802 1630 3837 polentae.
1666 3799 1754 3826 Postea
1771 3798 1846 3824 ferue
1863 3796 1929 3823 bene
1947 3797 2046 3829 facito,
2062 3804 2106 3822 etc.
2146 3795 2211 3821 Pliu.
2229 3803 2267 3826 23,
2286 3802 2302 3828 7
2320 3795 2337 3820 s.
2352 3795 2387 3826 64

331 3869 336 3873 ,
473 3870 476 3873 ,
585 3871 589 3875 ,
705 3838 824 3867 Clamore
843 3841 981 3875 imperitae
1002 3838 1196 3871 multitudinis,
1216 3839 1292 3865 nullo

265 3867 370 3901 P¹¹b¹¹C0
389 3868 497 3895 confillo
518 3871 652 3904 publicum
672 3881 766 3899 munus
785 3875 817 3902 ad
829 3877 945 3911 aliquem
963 3876 1066 3904 deferre
1099 3875 1172 3901 Idem
1186 3884 1234 3909 pro
1248 3874 1292 3901 Li.

267 3911 320 3936 gar·
356 3922 362 3929 ·
398 3923 405 3930 ·
474 3907 504 3931 Et
517 3907 592 3933 verr·
608 3915 628 3939 Ξ,
666 3927 673 3934 .
711 3927 717 3933 .
756 3909 806 3939 Sed,
821 3920 874 3937 nou
894 3912 964 3937 idem
981 3912 1049 3937 mihi
1067 3911 1143 3943 licet,
1162 3910 1234 3945 quod
1246 3910 1291 3943 iis,

266 3937 312 3977 qui
321 3937 406 3965 nobili
413 3948 509 3973 genere
515 3943 571 3969 nati
578 3943 645 3974 sunt,
659 3943 756 3977 quibus
766 3946 855 3972 omnia
861 3948 920 3981 Pop.
930 3948 1005 3973 Rom.
1014 3946 1143 3972 Beneficia
1155 3946 1287 3972 dormien-

264 3972 335 4000 abus
353 3974 515 4003 deferuntur.
585 3979 640 4005 Cic.
654 3980 706 4006 Att.
722 3988 756 4012 ii,
792 3999 798 4005 .

1359 3838 1443 3864 Radix
1463 3838 1576 3873 caprifici
1594 3833 1769 3862 defemefaffl
1789 3833 1817 3859 in
1831 3834 1909 3862 vino,
1924 3831 2042 3859 dentium
2057 3831 2161 3872 dolores
2171 3830 2253 3866 sedat.
2274 3830 2386 3855 Rursum

1359 3883 1401 3905 20,
1415 3882 1432 3907 7
1447 3875 1464 3899 s.
1477 3875 1511 3900 26
1528 3872 1557 3898 de
1570 3871 1682 3897 Caulibus
1696 3868 1832 3901 Lecheae,
1852 3868 2033 3894 Deferuefaffi
2048 3867 2077 3893 hi
2093 3866 2194 3897 caules,
2213 3871 2238 3891 et
2253 3863 2386 3891 stomacho

1357 3909 1484 3935 vtiliffimi
1496 3906 1640 3934 traduntur.
1676 3906 1729 3933 Aer
1743 3903 1937 3930 defertiefaetus
1953 3904 1980 3929 in
1994 3903 2117 3937 pulmone
2130 3903 2213 3927 Varro
2221 3898 2383 3934 ap.1.a&ant.

1358 3944 1389 3969 de
1409 3945 1483 3978 Opif.
1508 3944 1540 3969 D.
1558 3951 1579 3967 c.
1601 3949 1638 3976 ¹7·
1710 3940 1803 3968 Semen
1825 3939 2034 3970 defetuefaetum
2059 3939 2089 3966 in
2107 3945 2175 3972 aqua
2199 3935 2263 3962 Plin.
2282 3936 2328 3965 26,
2350 3940 2383 3965 15-

835 3999 841 4006 ·
876 3981 902 4009 Si
913 3991 975 4017 quas
988 3982 1129 4010 habuimus
1141 3981 1342 4016 facultatesfloffi
1354 3979 1422 4008 Add.
1438 3980 1542 4007 Vin-uu.
1559 3982 1583 4009 8,
1597 3984 1620 4011 5.

1505 4013 1525 4043 F
1550 4021 1564 4039 2
2296 4008 2383 4033 DEFE-
