2479 4225
299 188 377 241 687
676 182 1120 239 FLEQ
1783 161 2454 234 FL0‘685'

298 276 515 314 defignrficatione
526 276 650 304 translata
661 278 767 302 nominis
779 278 868 300 vertex
881 279 972 306 agens,
992 271 1103 307 Propter
1116 270 1212 297 flexum
1226 269 1333 305 capillo·
1430 277 1446 299 1³
1456 278 1472 298 L
1483 277 1592 298 E'rvn.
1629 270 1736 304 Impers.
1773 269 1925 304 [κλαίει-αι]
1984 270 2051 299 Ter.
2066 271 2147 300 Andr.
2157 279 2177 305 1,
2193 280 2214 307 1,
2228 280 2269 304 103
2299 272 2330 299 In
2342 271 2431 307 ignem⁴
2468 288 2469 291 =

300 323 374 344 rum,
394 321 451 348 pars
466 312 502 339 est
514 313 613 340 summa
625 311 724 346 capitis.
794 306 978 333 Membrorum
1010 307 1048 334 Id.
1065 316 1084 337 1,
1099 315 1117 337 1,
1131 315 1167 333 22.
1238 306 1333 332 Suffra—
1395 307 1475 342 posita
1488 307 1538 338 est3
1575 307 1660 332 fletur.
1734 304 1827 339 Longo
1840 314 1908 331 aeuo
1922 304 2030 333 flebitur
2056 308 2100 334 Sil.
2116 318 2137 341 5,
2151 314 2199 340 187.
2310 318 2312 321 ’

299 349 390 383 ginum
416 348 482 376 Plin.
494 353 518 381 8,
533 356 566 383 ις.
633 346 712 372 Vocis
738 341 868 376 Qiinffil.
877 349 898 374 1,
912 350 950 374 10,
964 350 1000 368 22.
1036 351 1070 375 11,
1083 351 1106 374 3,
1122 349 1167 376 170
1182 347 1228 367 etc.
1282 342 1334 368 Lu·
1431 349 1447 369 1³
1457 350 1527 369 LEN
1539 348 1551 368 s
1561 362 1569 374 ,
1588 342 1664 368 entis.
1685 341 1751 367 Part.
1771 340 1852 367 Ouid.
1865 340 1950 368 Trist.
1959 349 1978 373 1,
1987 350 2010 373 3,
2024 350 2052 377 17
2073 345 2146 372 onr
2153 352 2240 370 amans
2250 343 2354 369 {lentem
2367 343 2428 372 flens
2459 363 2462 367 .

300 384 356 410 nati
381 383 427 410 Sil.
439 393 466 418 4,
479 392 530 417 319.
600 382 691 409 Mollis
715 379 780 405 Pers.
788 386 811 408 3,
825 379 862 407 36.
923 377 1045 404 vSinuoso
1058 378 1126 403 tlexu
1139 377 1231 411 anguis
1259 377 1334 411 Virg.
1395 378 1480 404 acrius
1493 378 1547 412 ipsa
1561 378 1673 404 tenebat.
1728 376 1802 413 Conf.
1815 376 1883 411 Nep.
1892 384 1931 409 25¹,
1944 385 1987 409 22,
2000 385 2018 403 1.
2054 378 2128 406 Curt.
2141 388 2168 411 3,
2182 387 2209 412 5,
2222 387 2244 412 5.
2278 376 2385 405 Tibull.
2397 376 2429 414 4,
2456 387 2460 392 “

302 420 399 453 Georg.
412 428 439 452 1,
451 427 514 453 244.
584 418 676 444 Flexus
688 414 747 443 ille,
774 417 799 438 et
819 418 847 438 vt
864 411 897 438 fic
917 412 1051 446 dixerim,
1069 418 1172 442 motus,
1191 411 1233 439 dat
1246 411 1334 439 38111111
1363 420 1376 446 5
1399 421 1435 444 72.
1471 414 1546 447 Virg.
1556 414 1620 440 Aen.
1634 415 1659 444 6,
1672 419 1733 446 427.
2420 437 2423 444 .

302 455 450 490 quendam,
470 461 495 481 et
507 453 604 480 facium
637 447 765 482 Qiinffil.
779 455 802 478 2,
816 455 851 480 13,
866 455 892 480 9.
918 448 947 474 de
952 446 1048 481 statuis
1062 447 1216 483 etpiauris.
1288 448 1336 474 Ex·
1433 454 1450 475 F
1461 454 1560 475 LEND
1570 456 1590 475 v
1600 454 1628 479 s,
1652 457 1680 479 a,
1699 456 1752 473 um.
1787 446 1855 473 Part.
1907 446 1988 473 Ouid.
2002 447 2088 474 Trist.
2102 457 2125 481 3,
2145 457 2183 481 11,
2196 457 2237 484 37.
2299 448 2338 475 Id.
2357 449 2429 479 Rem.

302 490 343 517 ire
355 490 383 517 in
395 490 512 517 diuersos
527 489 606 513 flexus
635 485 707 510 Idem
722 491 746 513 1,
767 484 797 512 6,
816 490 850 515 15.
887 482 915 509 de
928 485 1098 511 Declinatione
1114 490 1137 509 ει
1151 484 1335 520 Coniugationc.
1397 482 1488 511 Amor.
1503 493 1566 518 494.
1635 483 1773 510 Calamitas
1787 481 1866 508 huius
1878 482 1949 509 vitae
1979 483 2115 517 Augustin.
2129 483 2160 509 de
2173 485 2202 510 C.
2218 486 2250 511 D.
2264 492 2363 521 22„22·
2468 507 2470 510 ,

302 526 371 553 Cum
383 525 474 552 multis
493 523 602 550 flexibus
614 518 738 545 introitus
753 517 850 544 habent
861 527 937 545 aures
955 519 1034 546 duros
1060 525 1086 546 et
1106 518 1176 553 quali
1197 519 1336 545 corneolos
1434 523 1453 545 F
1465 524 1602 550 LETVS‚
1622 528 1652 551 a,
1670 528 1724 544 um.
1762 519 1854 544 Partic.
1891 518 2088 552 [κεκλαυμὲνσς]
2140 519 2214 553 Virg.
2241 521 2306 546 Aen.
2327 522 2363 552 6,
2386 525 2430 554 481
2468 516 2476 537 ¹¹

302 561 359 588 Cic.
372 561 404 588 de
417 561 452 587 N.
466 561 496 586 D.
510 566 535 588 2,
550 563 607 587 144.
677 554 782 580 Mutare
795 554 894 580 flexum
924 555 1055 588 Qinffll.
1069 564 1103 589 4,
1118 563 1138 586 1,
1152 556 1191 584 68.
1227 554 1255 580 cle
1269 556 1336 590 Apo·
1397 553 1449 580 Hic
1461 555 1572 581 multum
1587 554 1642 580 sseti
1657 554 1689 580 ad
1705 555 1827 588 super05,
1850 553 1974 588 belloque
1982 553 2082 580 caduci.
2180 555 2281 581 Funere
2295 556 2350 581 fleti
2380 555 2430 582 Au·-
2467 572 2470 575 ψ

294 595 413 632 strophe,
424 595 510 630 figura
527 590 665 619 rhetorica,
696 598 748 615 cum
761 590 865 624 aliquem
878 589 1031 625 alloquimur.
1104 590 1158 616 Cic.
1180 590 1232 616 Att.
1253 591 1295 621 16,
1313 598 1337 622 13
1348 590 1377 608 ¹0
1398 590 1453 615 son.
1467 590 1592 616 Parental.
1606 598 1621 623 9
1635 596 1678 625 pr.
1749 589 1877 615 Lacrimis
1893 589 1949 616 fleti
1979 588 2047 616 Ibid.
2063 589 2143 623 praef.
2215 591 2289 625 Conf.
2313 589 2433 623 Prudent.

302 633 334 659 In
346 640 399 666 quo
412 633 490 661 tiexus
503 625 538 652 est
551 624 583 651 ad
595 624 648 651 iter
661 624 786 658 Arpinas,
803 625 913 651 obuiam
925 625 994 652 mihi
1008 625 1037 651 fit
1050 625 1211 652 tabellarius.
1398 623 1473 651 Cath.
1491 634 1536 658 10,
1548 632 1589 658 84.
1660 625 1745 651 Mater
1764 625 1841 658 pueri
1860 632 1976 651 mortem
1995 625 2134 659 deplorans
2151 625 2272 652 acerbam
2291 626 2354 656 filii,
2375 626 2433 654 fleta
2452 626 2453 630 ’

343 673 359 693 F
371 673 387 692 L
398 670 458 691 EXl
471 667 508 692 0,
527 660 594 687 finis.
614 660 634 686 f.
669 658 802 694 [κέμψις]
843 659 926 686 Actus
944 660 1131 696 ijpstfleHendi.
1190 660 1246 686 Cic.
1261 659 1290 686 in
1297 659 1337 685 Pi·
1397 665 1423 686 et
1436 660 1588 693 lacrimosa,
1607 661 1730 694 fuscaque
1743 660 1813 687 veste
1826 660 1944 686 contecta
1970 661 2047 694 Apul.
2061 662 2125 687 Met.
2138 668 2154 696 7
2175 671 2199 695 p.
2218 661 2299 696 199f.
2326 662 2445 690 Elmenh.›

303 703 357 729 son.
369 709 394 733 53
406 705 468 724 c.22
493 697 567 729 Q1os
581 700 610 722 tu
625 696 794 727 maeandros,
814 695 877 721 dum
891 704 981 722 omnes
991 696 1146 723 solitudines
1166 696 1338 730 persequeris,
1397 697 1415 722 i.
1428 696 1515 731 flendo
1529 695 1605 732 feffit.
1661 697 1702 722 διε
1721 697 1765 723 Gr.
1787 693 1966 730 δεδακρυμένοςτ
1996 696 2049 722 vid.
2065 698 2131 723 Prie.
2182 696 2228 724 Sed
2241 698 2344 724 Lucret.
2353 705 2375 728 2,
2389 699 2432 729 631

302 745 367 771 quae
385 731 557 763 diuerticula‚
583 731 761 765 flexionesque
782 731 919 764 quaesisti?
989 732 1084 758 Virilis
1099 732 1211 758 laterum
1237 732 1294 757 Cic.
1309 731 1337 757 in
1398 731 1528 766 Sanguine
1541 732 1596 758 fleti
1603 731 1666 767 sunt
1678 734 1761 767 guttis
1768 731 1916 767 sanguineis
1931 733 1998 757 velut
2009 733 2120 758 lacrimis
2132 734 2260 767 conspe'ijr.
2423 748 2431 756 .

301 773 372 798 Orat.
385 776 423 800 59.
458 765 545 800 Gestar
558 765 591 800 0st
603 769 720 793 oratoris.
789 766 827 792 Id.
843 766 874 792 de
882 766 974 800 Legib.
988 775 1014 799 2,
1027 776 1058 800 39
1077 768 1125 794 Illa
1138 767 1256 802 quidem,
1269 775 1336 801 quae
1356 769 1382 795 ¹3
1430 773 1448 793 F
1457 773 1473 792 L
1482 775 1499 794 Ε
1508 775 1529 794 Τ
1538 769 1586 793 VR
1596 775 1615 793 v
1625 774 1637 793 S
1646 787 1654 799 ‚
1671 775 1686 792 a
1695 786 1703 800 ,
1719 775 1773 794 um.
1809 768 1902 793 Partic.
1939 766 2087 802 [κλαύσω]
2122 768 2203 793 Ouid.
2217 767 2303 794 Trist.
2317 776 2345 801 4,
2355 775 2391 798 10,
2403 772 2447 801 79¹,

299 804 413 833 solebant
426 802 559 837 quondam
570 801 698 836 compleri
716 801 854 828 seueritate
874 801 987 828 iucunda
1005 803 1125 829 Liuianis
1145 809 1171 829 et
1192 802 1338 829 Naeuianis
1396 801 1462 828 Non
1477 803 1554 830 aliter
1567 803 1646 834 ficui,
1667 810 1745 836 quam
1757 811 1799 829 me
1813 803 1921 829 fleturus
1933 802 2067 829 ademtum
2088 803 2145 837 Ipse
2160 803 2227 833 fuit,
2293 802 2376 829 Multa
2390 803 2433 830 fle,-
2459 820 2461 822 -

298 839 397 868 modis,
426 847 495 864 nunc
511 842 540 864 vt
559 837 650 864 eadem
668 837 813 867 exsultent,
837 837 968 869 ceruices,
995 838 1139 874 oculosque
1158 838 1257 872 pariter
1277 847 1336 864 cum
1397 842 1486 865 turum
1500 845 1574 873 caput
1600 840 1666 864 Hor.
1680 837 1760 871 Epod.
1775 846 1797 870 5,
1811 847 1852 871 74.
2164 862 2166 865 .

297 874 438 902 modorum
451 872 611 899 flexionibus
619 877 766 907 torqueant.
830 872 909 899 Vocis
918 873 1044 900 flexiones
1052 874 1107 901 Cic.
1116 875 1143 900 in
1150 875 1223 900 Orat.
1232 881 1262 908 57
1272 883 1293 899 c.
1304 879 1336 903 18.
1391 876 1396 882 '
1433 880 1451 900 F
1461 881 1476 899 L
1486 881 1531 901 ΕΤ
1541 882 1561 900 v
1571 881 1583 901 s
1592 893 1600 905 ‚
1620 873 1658 900 us.
1679 883 1714 900 m.
1751 872 1918 907 [κλαυθμδς,
1937 872 2028 906 ὄιμωγῆ
2037 893 2046 906 ,
2066 873 2166 907 θρῆνος]
2212 873 2267 901 Cic.
2282 874 2353 899 Fam.
2367 881 2406 906 14,
2417 881 2439 907 a„

331 915 521 941 FLExiles,
539 917 561 934 e.
580 907 642 934 Adi.
679 906 830 941 [γναμπτᾰς]
866 907 1070 944 Qodtorqueri,
1088 916 1112 936 et
1120 910 1203 946 facile
1213 912 1240 935 in
1253 918 1336 944 quam·
1396 908 1427 934 Id
1440 910 1512 943 quod
1527 918 1576 944 ego
1588 910 1706 936 maximo
1721 918 1780 934 cum
1793 909 1855 934 fletu
1867 909 1927 943 legi.
1999 909 2069 936 Fessa
2081 909 2251 935 fletulumina
2276 908 2439 942 Sen.0&au‚-
2456 924 2462 927 -

296 948 337 972 vis
347 951 442 979 partem
455 947 556 970 curuari
564 942 653 979 potest.
723 944 779 970 Cic.
793 952 841 977 pro
853 943 949 969 Milon.
969 952 1000 976 43
1038 944 1118 971 Nihil
1137 945 1208 971 enim
1228 944 1264 970 est
1283 951 1335 971 tam
1347 948 1384 967 20
1399 944 1417 969 s.
1430 953 1456 977 4.
1528 946 1643 972 Humida
1662 946 1722 970 fletu
1742 944 1819 970 litera
1850 944 1930 971 Ouid.
1945 944 2031 970 Trist.
2046 954 2078 978 4,
2094 953 2119 976 1,
2139 946 2181 976 96.
2253 945 2390 977 Lacrimae
2408 948 2439 981 ef(

296 980 393 1012 molle,
410 986 463 1007 tam
476 985 611 1012 tenerum,
637 985 689 1005 tam
703 985 748 1006 aut
761 979 874 1013 fragile,
896 985 941 1006 aut
963 979 1095 1011 flexibile,
1115 990 1193 1015 quam
1212 980 1335 1006 voluntas
1397 979 1472 1006 fletus
1489 989 1547 1006 cum
1563 981 1675 1015 singultu
1702 980 1756 1006 Cic.
1772 989 1820 1014 pro
1832 980 1958 1013 Planc.76
1971 988 2035 1012 c.31.
2107 980 2253 1006 Mulierum
2274 981 2347 1006 fletus
2361 987 2386 1006 et
2400 979 2443 1012 lat
2460 994 2461 1000 ι

295 1025 357 1050 erga
368 1024 432 1047 nos,
456 1015 594 1050 sensusque
605 1015 715 1041 ciuium.
788 1014 827 1040 Id.
843 1013 876 1041 de
889 1014 993 1041 Amicit.
1006 1024 1043 1049 94
1078 1017 1151 1050 Qud
1167 1016 1238 1042 enim
1252 1016 1335 1051 potest
1398 1016 1571 1043 mentationes
1605 1017 1643 1043 Id.
1657 1017 1735 1042 Verr.
1748 1026 1781 1049 4,
1794 1025 1835 1048 47.
1909 1015 2025 1041 Affiduus
2038 1016 2114 1042 fletus
2125 1036 2133 1047 ,
2160 1016 2330 1050 quotidianae
2347 1014 2433 1050 (111011ὶρ
2447 1012 2449 1042 Ῐ

293 1053 343 1078 effe
357 1057 410 1077 tam
424 1050 557 1083 flexibile,
575 1057 627 1077 tam
643 1049 767 1082 deuium,
787 1059 865 1084 quam
873 1050 975 1077 animus
983 1051 1049 1084 eius,
1064 1060 1110 1086 qui
1124 1052 1155 1078 ad
1164 1052 1270 1078 alterius
1280 1061 1334 1079 non
1397 1051 1501 1077 moniae
1537 1052 1576 1078 Id.
1597 1061 1645 1086 pro
1668 1052 1772 1078 Cluent.
1794 1053 1834 1077 26.
1931 1051 2041 1078 Dulcior
2065 1052 2118 1077 risu
2162 1052 2243 1077 Ouid.
2261 1051 2289 1077 in
2306 1050 2367 1077 Ibin
2382 1055 2445 1085 *aas

294 1087 377 1113 modo
389 1086 489 1113 sensum
501 1094 530 1112 ac
542 1086 720 1116 voluntatem,
737 1085 781 1111 sed
793 1087 873 1112 etiam
886 1086 989 1113 vultum
1002 1093 1080 1121 atque
1094 1094 1187 1114 nutum
1204 1087 1336 1114 conuerti-
1397 1086 1488 1113 Inanes
1513 1088 1588 1122 Virg.
1604 1088 1700 1121 Georg.
1709 1098 1737 1121 4,
1750 1095 1805 1121 375.
1873 1086 2008 1113 Modestus
2038 1087 2100 1113 Stat.
2116 1086 2208 1113 Theb.
2223 1094 2250 1119 5,
2264 1092 2303 1116 28·
2374 1085 2454 1125 Sunt*

295 1124 356 1149 tur?
426 1122 574 1148 Contraria.-
611 1121 667 1148 Cic.
682 1121 713 1147 de
727 1121 762 1147 N.
770 1122 802 1147 D.
816 1130 842 1154 2,
852 1124 899 1154 146
926 1122 1006 1148 Vocis
1020 1131 1114 1157 genera
1127 1123 1274 1158 permulta,
1294 1132 1334 1149 ca·
1349 1125 1380 1151 25
1396 1121 1455 1156 plex
1481 1122 1572 1149 Claud.
1585 1124 1618 1149 de
1629 1125 1704 1157 Rapt.
1719 1123 1835 1157 Proserp.
1847 1131 1868 1155 1,
1887 1125 1944 1148 266.
1980 1123 2024 1149 Al.
2038 1122 2153 1148 Subitus.
2225 1121 2381 1156 Abstergere
2391 1122 2449 1159 Q*

295 1167 391 1185 norum
404 1157 520 1188 fuscum,
539 1156 597 1183 lene
611 1158 744 1191 asperum,
763 1165 843 1190 graue
857 1163 973 1190 acutum,
994 1158 1113 1185 flexibile
1126 1159 1229 1186 durum.
1265 1159 1333 1185 Acid.
1396 1163 1453 1183 tum
1462 1175 1470 1187 ‚
1490 1158 1542 1185 vid.
1557 1166 1579 1185 Α
1590 1165 1606 1184 Β
1617 1167 1629 1185 s
1640 1166 1660 1185 T
1670 1166 1686 1185 E
1698 1165 1717 1184 R
1729 1164 1749 1185 G
1760 1165 1788 1184 Ο.
1885 1159 1986 1184 Acuere
1999 1158 2090 1184 fletum
2099 1177 2108 1190 ,
2126 1157 2178 1183 vid.
2193 1165 2212 1184 Α
2225 1163 2242 1183 C
2252 1164 2273 1183 v
2283 1164 2312 1184 o.
2385 1158 2407 1184 A

297 1193 427 1227 Qiinelil.
441 1202 470 1225 1¹,
484 1200 513 1224 3,
530 1199 554 1224 15
572 1198 597 1218 et
607 1200 652 1225 40.
724 1192 803 1219 Nihil
820 1192 917 1225 fallax,
936 1193 1068 1221 nihilnon
1080 1195 1197 1221 flexibile
1208 1194 1239 1221 ad
1256 1194 1332 1221 boni·
1396 1192 1493 1219 ducere
1505 1193 1546 1224 ad,
1563 1196 1604 1221 vel
1617 1194 1645 1220 in
1659 1195 1765 1225 fletum,
1784 1192 1837 1219 vid.
1852 1200 1981 1220 ADDVC
1991 1200 2019 1219 Ο.
2114 1193 2249 1219 Adhibere
2264 1194 2365 1224 fletum,
2382 1195 2410 1219 vi

294 1235 375 1256 tatem
405 1228 461 1255 Cic.
474 1228 526 1254 Att.
541 1236 583 1258 10,
599 1236 631 1259 13.
700 1227 739 1253 Id.
753 1228 784 1254 ad
799 1228 871 1254 Brut.
887 1234 912 1258 18
944 1229 1056 1256 Videtur
1066 1231 1137 1257 enim
1149 1231 1198 1257 effe
1212 1230 1281 1257 bona
1295 1231 1333 1256 in·
1397 1235 1419 1255 A
1429 1234 1477 1255 ΒΗ
1487 1236 1495 1255 1
1505 1235 1584 1256 REO.
1656 1229 1750 1257 Ciebat
1762 1229 1855 1263 longos
1868 1230 1942 1255 fletus
1968 1230 2044 1262 Virg.
2060 1229 2124 1254 Aen.
2137 1237 2166 1261 3,
2187 1236 2242 1261 345.
2315 1229 2399 1263 Comp
2438 1243 2439 1246 =

294 1265 366 1291 doles
375 1284 381 1295 ‚
398 1264 439 1290 sed
453 1262 578 1289 flexibilis
590 1268 659 1289 aetas
668 1282 677 1296 ,
695 1263 826 1298 multique
833 1264 865 1290 ad
879 1264 1074 1298 deprauandum
1087 1267 1179 1301 parati.
1249 1267 1332 1292 Arcus
1396 1273 1469 1290 mere
1481 1265 1556 1291 fletus
1582 1265 1663 1292 Ouid.
1678 1266 1709 1292 ad
1728 1265 1788 1291 Liu.
1801 1267 1863 1298 467.
1965 1265 2067 1290 Ducere
2080 1265 2171 1290 fletum
2185 1264 2278 1290 inuitis
2291 1263 2436 1301 1111111111οῃ
2456 1271 2459 1274 ’

293 1299 426 1326 flexibiles
459 1298 540 1325 Ouid.
554 1299 646 1325 Amor.
692 1318 699 1324 .
735 1319 741 1324 .
834 1299 899 1326 Plin.
913 1300 991 1334 Epist.
1007 1310 1030 1331 1,
1050 1304 1079 1328 16
1111 1300 1262 1328 Laudabam
1275 1302 1331 1328 eius
1348 1304 1380 1329 30
1397 1301 1514 1334 Propert.
1529 1309 1559 1332 ι,
1580 1309 1622 1333 13,
1642 1310 1686 1335 40.
1774 1300 1849 1326 Effusi
1877 1299 1966 1326 Valer.
1990 1302 2089 1334 Argon.
2113 1309 2140 1332 4.
2223 1300 2343 1334 Erumpit
2361 1300 2394 1325 fle
2435 1309 2458 1319 ν·

292 1335 448 1370 111ςο11111111,
468 1334 548 1361 etiam
570 1340 710 1369 antequam
728 1334 837 1367 scirem,
855 1344 933 1370 quam
947 1337 1067 1369 varium,
1093 1346 1171 1371 quam
1197 1337 1334 1370 flexibile,
1396 1335 1526 1369 Qlinc'fil.
1540 1338 1572 1368 6,
1591 1344 1616 1362 2.
1686 1336 1787 1362 Excitat
1807 1335 1897 1361 fletum
1916 1342 2007 1362 orator
2047 1336 2142 1361 Catull.
2161 1343 2205 1367 37,
2224 1344 2244 1367 3.
2317 1335 2373 1362 Cic.
2387 1345 2402 1370 p
2431 1362 2433 1364 .
2463 1325 2469 1341 ι

293 1379 371 1406 quam
385 1370 513 1405 multipex
525 1370 592 1396 esset.
664 1370 778 1396 Materia
790 1372 911 1397 omnium
924 1381 1013 1399 rerum
1029 1373 1152 1399 flexibilis
1172 1379 1197 1398 et
1216 1382 1334 1399 commu·
1396 1371 1471 1398 Rosc.
1486 1372 1575 1398 Amer.
1590 1380 1625 1404 24
1662 1372 1741 1404 Qiod
1764 1371 1897 1397 Amerinis
1918 1380 2002 1406 vsque
2024 1380 2057 1397 eo
2078 1371 2166 1397 visum
2177 1371 2214 1396 est
2228 1370 2383 1404 indignum,
2403 1371 2432 1406 a}
2443 1404 2449 1408 .
2470 1380 2477 1390 ¹

291 1406 380 1434 tabilis
406 1406 463 1432 Cic.
471 1405 502 1432 de
517 1406 552 1432 N.
561 1406 592 1432 D.
607 1413 628 1437 3,
641 1413 683 1437 92.
754 1406 833 1432 Nihil
849 1407 884 1432 est
904 1412 956 1433 tam
976 1413 1111 1441 tenerum,
1129 1413 1181 1434 tam
1199 1408 1334 1440 flexibile,
1393 1406 1461 1434 vrbe
1473 1407 1547 1433 fletus
1559 1413 1615 1433 tota
1629 1408 1794 1441 gemitusque
1807 1406 1891 1433 fieret.
1999 1405 2120 1433 Fundere
2133 1407 2208 1431 fletus
2233 1406 2314 1433 Ouid.
2331 1406 2394 1433 Met.
2426 1407 2442 1436 “,ι
2473 1416 2479 1454 1

294 1450 380 1477 neque
401 1441 473 1476 quod
498 1447 551 1468 tam
576 1440 654 1467 facile
664 1441 803 1475 sequatur,
830 1451 991 1477 quocunque
1012 1444 1105 1475 ducas,
1136 1452 1214 1478 quam
1237 1445 1332 1471 Oratio
1395 1444 1449 1475 672.
1520 1442 1648 1476 Impediri
1673 1443 1735 1468 fletu
1744 1462 1752 1474 ,
1789 1442 1842 1468 vid.
1863 1450 1874 1468 1
1884 1448 1908 1467 M
1918 1449 1933 1468 P
1942 1449 1958 1468 Ε
1967 1449 1986 1468 D
1995 1450 2004 1468 1
2014 1449 2043 1468 Ο.
2127 1440 2259 1475 Lugubris
2284 1441 2395 1474 lamenta
2470 1444 2479 1478 ’1

293 1477 330 1505 Id.
342 1477 373 1504 de
386 1478 459 1506 Orat.
472 1484 559 1510 3,'174.
636 1477 732 1502 Oratio
745 1477 848 1509 mollis,
867 1484 972 1510 tenera,
993 1484 1018 1505 et
1034 1480 1070 1506 ita
1086 1479 1229 1511 flexibilis,
1255 1489 1283 1506 vt
1297 1481 1333 1506 se·
1351 1477 1378 1504 33
1394 1478 1521 1513 fletusque
1534 1486 1656 1504 moerens
1679 1479 1735 1504 Cic.
1749 1478 1831 1503 Tusc.
1846 1485 1864 1506 1,
1878 1485 1917 1509 50.
1987 1478 2100 1503 Mouere
2114 1477 2220 1508 fletum,
2240 1477 2294 1503 vid.
2316 1484 2388 1504 Mov

292 1519 388 1548 quatur
401 1521 559 1547 quocunque
573 1517 695 1546 torqueas
722 1512 760 1539 Id.
774 1513 803 1539 in
815 1513 888 1539 Orat.
903 1522 932 1546 52
952 1523 974 1540 c.
987 1516 1023 1541 16.
1091 1516 1187 1542 Lucan.
1201 1515 1233 1541 ad
1248 1517 1333 1542 Pison.
1395 1514 1522 1540 Mouetur
1534 1513 1613 1539 nullis
1627 1512 1732 1539 fletibus
1764 1513 1838 1546 Virg.
1853 1513 1917 1537 Aen.
1933 1520 1967 1544 4,
1981 1520 2040 1544 439.
2129 1513 2210 1538 Ortus
2225 1512 2257 1538 ab
2271 1514 2345 1539 omni
2359 1519 2388 1539 tu
2462 1542 2463 1546 Ἰ

293 1557 319 1582 53
348 1548 431 1574 Modo
444 1554 551 1582 torquet
565 1547 593 1573 in
609 1556 685 1573 auras
710 1547 854 1574 Flexibiles
872 1548 974 1575 Ridius.
1070 1550 1227 1577 Voluntates
1246 1552 1334 1579 homi-
1394 1549 1484 1579 fletus,
1502 1548 1555 1575 vid.
1572 1555 1590 1575 ο
1601 1555 1619 1574 R
1629 1555 1679 1574 Tv
1689 1555 1711 1573 s.
1806 1547 1907 1573 Petitur
1918 1547 1994 1572 fletus
2007 1546 2219 1580 perorationibus
2240 1548 2445 1581 Qiine‘tilssas

293 1592 357 1610 num
371 1583 500 1609 flexibiles
533 1583 590 1609 Cic.
604 1583 675 1608 Fam.
690 1591 712 1615 2,
729 1592 751 1615 7.
1395 1583 1526 1617 Qinffll.
1541 1591 1563 1616 5,
1577 1592 1598 1609 11
1613 1582 1713 1618 fiabfin.
1742 1583 1784 1608 An
1801 1590 1867 1609 vero
1878 1591 1922 1609 me
1941 1582 1972 1608 de
1991 1582 2166 1608 incommodis
2179 1582 2250 1609 vitae
2270 1580 2447 1610 disserentem'

328 1625 346 1645 F
356 1625 371 1643 L
382 1625 397 1644 Ε
406 1626 424 1644 x
434 1625 444 1643 Ι
453 1625 468 1644 Β
477 1626 486 1644 1
498 1624 513 1643 L
525 1624 534 1643 1
546 1624 567 1644 T
576 1624 592 1644 E
602 1624 619 1643 R
629 1637 637 1650 ‚
660 1618 727 1652 apud
744 1617 880 1653 Augustin.
918 1639 925 1646 .
963 1639 969 1645 .
1395 1628 1450 1645 non
1464 1618 1600 1645 adiuuabit
1612 1627 1701 1644 earum
1714 1617 1844 1652 persuasio
1858 1618 2006 1650 nationum,
2027 1627 2094 1652 quae
2107 1617 2212 1644 fletibus
2225 1614 2313 1650 natos,
2332 1618 2433 1645 laetitia

329 1660 370 1679 121.
380 1660 395 1679 Ε
406 1660 423 1678 x
433 1659 466 1679 113
476 1660 485 1678 1
496 1659 513 1678 L
522 1660 532 1678 1
542 1658 563 1678 T
576 1659 598 1678 A
609 1659 621 1679 S
632 1672 639 1684 ‚
656 1653 712 1679 atis.
736 1653 756 1679 f.
808 1654 892 1681 Solin.
911 1664 932 1682 c.
946 1657 976 1688 65
998 1655 1052 1689 (al.
1066 1658 1114 1689 52)
1135 1656 1335 1684 Circumferunt
1344 1659 1381 1685 40
1395 1654 1536 1681 defunctos
1558 1654 1771 1688 prosequuntur?
1861 1654 1958 1688 Rigare
1975 1662 2051 1688 genas
2073 1654 2135 1679 fletu
2172 1654 2230 1680 Sen.
2250 1654 2344 1687 Oedip.
2365 1655 2383 1680 s.
2396 1662 2433 1679 12.

293 1697 392 1716 cornua
407 1688 581 1713 flexibilitate.
1396 1690 1508 1725 Rigabat
1520 1699 1567 1716 ora
1581 1690 1655 1724 largo
1669 1690 1732 1716 fletu
1750 1688 1825 1723 Virg.
1841 1689 1906 1716 Aen.
1915 1691 1940 1720 6,
1953 1692 2013 1721 699.
2106 1689 2184 1723 Rigat
2196 1698 2241 1716 ora
2253 1689 2359 1715 moestis
2369 1688 2436 1715 fleti-

328 1731 345 1751 F
354 1731 370 1750 L
379 1731 421 1750 Ex
432 1722 463 1750 iB
472 1722 516 1749 (⁷1.
525 1730 544 1748 v
554 1730 594 1754 M,
614 1721 632 1747 i.
655 1731 681 1747 11.
718 1721 907 1755 lustramentum
920 1724 1117 1760 adfleftcndum.
1158 1727 1267 1754 Turne-b.
1280 1727 1334 1754 Ad.
1396 1726 1445 1753 bus
1468 1726 1524 1752 Sen.
1539 1725 1633 1753 Οᾶἲᾱιι.
1648 1726 1666 1751 s.
1675 1728 1700 1752 6.
1771 1725 1874 1759 Rumpe
1888 1726 1940 1751 iam
1953 1725 2029 1751 fletus
2053 1725 2111 1751 Sen.
2125 1724 2229 1751 Troad.
2243 1726 2261 1750 s.
2270 1729 2294 1754 8.
2365 1723 2435 1750 Scin-

292 1759 356 1794 versl
369 1766 397 1788 18
406 1779 414 1790 ,
433 1769 467 1788 24
492 1761 530 1784 ait
542 1757 670 1784 Varronis
682 1757 761 1792 fuiffe
781 1758 890 1784 Satiram
905 1759 1105 1785 Flexibulorum
1118 1765 1228 1792 nomine,
1246 1765 1273 1787 in
1286 1771 1334 1797 qua
1396 1762 1495 1787 duntur
1509 1761 1590 1787 verba
1604 1762 1666 1786 fletu
1690 1759 1771 1787 Ouid.
1784 1768 1816 1786 ex
1828 1761 1902 1787 Pont.
1915 1769 1937 1793 3,
1952 1770 1972 1793 1,
1987 1768 2035 1793 157.
2110 1759 2174 1787 Siste
2187 1767 2246 1787 tuos
2258 1759 2334 1786 fletus
2363 1759 2435 1788 Idem

292 1794 321 1819 de
325 1789 461 1828 flebit-ndis:
474 1793 633 1828 regendisque
641 1793 839 1827 prouincialibus
853 1792 1000 1826 diffinierit.
1024 1800 1026 1802 '
1074 1795 1171 1820 Fundus
1183 1796 1246 1830 fiant
1259 1797 1334 1822 verba
1396 1796 1460 1821 Met.
1475 1804 1515 1827 14,
1529 1800 1580 1827 835.
1652 1795 1811 1828 Suspendere
1825 1796 1917 1822 fletum
1943 1797 1981 1822 Id.
1996 1796 2062 1822 Fast.
2076 1805 2109 1829 4,
2124 1801 2183 1828 849.

290 1828 358 1855 Plin.
373 1828 455 1861 praef.
481 1829 568 1852 Varro
584 1828 613 1853 in
633 1828 724 1854 Satiris
742 1829 792 1854 suis
813 1829 968 1855 Sesculixem
990 1834 1015 1855 et
1035 1829 1185 1856 Flexibulas
1202 1833 1250 1857 int.
1264 1831 1332 1857 dedit
1347 1831 1379 1857 45
1432 1835 1447 1855 F
1457 1837 1473 1856 L
1483 1836 1543 1856 1:131
1555 1836 1627 1861 Lis,
1648 1838 1670 1855 e.
1689 1829 1749 1855 Adi.
1770 1829 1924 1864 [θρηνώδης]
1960 1833 2059 1857 Plenum
2066 1834 2186 1860 lacritnir,
2200 1831 2240 1856 vel
2252 1831 2361 1866 Dignum
2375 1838 2406 1864 qu

290 1862 451 1901 velseripfit3
505 1862 552 1887 Sed
563 1861 630 1896 apud
643 1862 714 1900 Non.
724 1862 811 1896 paffim
823 1863 941 1890 laudatur
949 1865 1034 1891 Varro
1047 1864 1217 1891 Flaxtabulis.
1386 1864 1492 1901 fleatur.
1563 1865 1630 1890 Hor.
1645 1865 1732 1890 Carm.
1746 1872 1770 1894 1,
1785 1873 1817 1897 34
1827 1883 1834 1895 ,
1847 1873 1863 1896 9
1900 1865 1993 1891 Multis
2012 1865 2057 1891 ille
2076 1865 2185 1899 quidem
2206 1865 2302 1891 flebilis
2324 1864 2410 1891 occidi

330 1904 373 1924 1²1,
383 1904 400 1924 E
410 1904 446 1922 Χ]
460 1902 572 1935 118,.0.
606 1895 668 1934 Adi..
705 1896 857 1928 [κκμπτᾰς]
894 1899 1228 1933 Qodfacilefleffipotest.
1265 1900 1332 1926 Plin.
1396 1900 1474 1926 Nulli
1489 1899 1608 1926 flebilior
1620 1908 1699 1933 quam
1712 1899 1764 1925 tibi
1776 1900 1884 1934 virgili.
1955 1901 2052 1927 Cantus
2082 1900 2147 1927 Plin.
2167 1909 2201 1930 10,
2216 1909 2250 1932 23·
2324 1901 2403 1927 Carnu

291 1943 325 1966 11,
339 1941 368 1967 37
392 1934 458 1959 Item
472 1939 593 1957 omnium
606 1930 739 1956 auriculae
752 1939 781 1956 ac
795 1939 877 1961 nares,
893 1940 959 1964 quae
972 1932 1107 1958 modicum
1120 1935 1237 1959 eminent
1249 1935 1334 1960 flexili
1395 1933 1477 1959 Ouid.
1491 1934 1569 1967 Epist.
1578 1941 1612 1965 15,
1626 1942 1651 1967 7.
1722 1934 1831 1960 Clamor
1855 1935 1913 1961 Sen.
1927 1935 2032 1961 Troad.
2048 1938 2074 1961 6.
2146 1936 2234 1969 Elegia
2257 1934 2442 1968 Ouid.Amor.''

290 1968 415 1998 mollitia.
486 1967 577 1993 Cornu
591 1965 678 1991 flexile
706 1965 787 1992 Ouid.
805 1966 869 1991 Met.
882 1973 903 1997 5,
917 1971 967 1998 383.
986 1966 1014 1991 de
1029 1976 1097 1992 arcu.
1395 1975 1416 1998 3,
1430 1976 1455 1999 9,
1470 1976 1490 1998 3.
1563 1968 1684 1993 Gemitus
1713 1968 1771 1994 Cic.
1787 1968 1870 1994 Tusc.
1884 1976 1906 1998 2,
1921 1977 1948 2000 57
1968 1979 1990 1994 c.
2000 1978 2041 2002 24.
2112 1969 2190 1995 Modi
2223 1971 2290 1996 Hor.
2303 1973 2392 1998 Carm.
2404 1977 2435 2003 2⁴,

327 2010 344 2030 F
355 2012 370 2030 L
380 2011 395 2030 Ε
405 2011 423 2030 x
432 2010 454 2029 A
468 2001 512 2029 Mi
525 2008 547 2027 N
560 2007 580 2027 O
590 2020 598 2032 ‚
616 2005 670 2027 are.
706 2002 860 2036 Antiquam,
882 2001 948 2027 Idem
961 2001 1025 2037 quod
1040 2001 1156 2028 Fleffere.
1195 2002 1332 2032 Pacuuius,
1351 2004 1383 2030 50
1395 2010 1422 2034 9,
1443 2012 1467 2033 9.
1540 2002 1663 2028 Murmur
1675 2008 1797 2028 truncum
1810 2010 1839 2028 ac
1853 2003 1943 2029 flebile
1971 2004 2031 2030 Stat.
2047 2003 2138 2030 Theb.
2153 2009 2166 2034 8
2175 2025 2184 2037 ,
2200 2008 2254 2037 619.
2324 2007 2435 2041 Qiestuc

290 2040 453 2067 Flexaminat
465 2046 559 2073 aquam
573 2036 744 2071 lymphatam.
797 2037 915 2063 Meminit
929 2038 1015 2063 Varro
1028 2037 1060 2063 de
1075 2037 1104 2064 L.
1120 2038 1150 2064 L.
1163 2039 1196 2070 6,
1210 2045 1232 2071 5.
1285 2039 1330 2065 ΑΙ.
1394 2037 1487 2064 Claud.
1502 2037 1531 2063 in
1544 2037 1612 2064 Ruff.
1628 2046 1649 2071 1,
1664 2045 1718 2072 127.
1788 2038 1843 2064 Cic.
1858 2038 1970 2073 Philipp.
1980 2048 2013 2072 11,
2026 2048 2043 2073 7
2068 2040 2161 2066 Ponite
2172 2047 2231 2067 ante
2243 2041 2334 2071 chlos
2353 2043 2379 2069 P.
2401 2042 2432 2069 C.

290 2076 437 2103 flexanima.
1395 2074 1518 2099 miseram
1531 2073 1639 2107 quidem
1653 2073 1728 2100 illam
1740 2079 1767 2099 et
1779 2073 1897 2099 flebilem
1912 2074 2037 2108 speciem,
2065 2075 2108 2101 sed
2128 2075 2160 2101 ad
2174 2075 2318 2104 incitandos
2331 2078 2434 2104 animoa

324 2118 341 2138 Ρ
349 2118 366 2137 L
375 2118 391 2137 E
402 2116 421 2136 x
432 2116 454 2135 A
464 2116 486 2135 N
494 2115 503 2134 1
512 2115 537 2134 M
545 2114 565 2134 V
575 2114 588 2134 s
596 2127 604 2140 ‚
624 2115 638 2133 a
646 2126 653 2137 ,
676 2115 731 2132 um.
768 2105 829 2132 Adi.
867 2105 1054 2140 [ψυχαγωγός]
1108 2107 1260 2133 Flexanima
1272 2115 1331 2134 ora·
1393 2108 1493 2134 vestros
1514 2109 1688 2135 necessariam.
1766 2109 1884 2143 Vigiliae
1915 2110 1953 2136 Id.
1967 2119 2015 2144 pro
2030 2110 2115 2137 Plane.
2130 2119 2151 2137 1.
2220 2112 2339 2139 Vlulatns
2370 2113 2432 2139 Stat.

288 2146 344 2179 tio,
364 2147 431 2181 Qae
445 2139 663 2178 animumfleftere
672 2141 754 2177 poffit.
826 2141 882 2167 Cic.
896 2141 928 2167 de
942 2141 1015 2167 Orat.
1025 2150 1047 2174 2,
1063 2147 1107 2176 187
1121 2151 1142 2168 c.
1151 2151 1189 2175 44
1213 2142 1263 2168 Sed
1276 2148 1331 2168 tan·
1393 2143 1486 2169 Theb.
1502 2151 1524 2175 5,
1538 2151 1592 2175 554.
1670 2143 1726 2169 Cic.
1741 2143 1825 2170 Tusc.
1838 2153 1867 2177 2,
1886 2153 1913 2177 33
1946 2146 2103 2173 Resonando
2117 2146 2228 2173 multum
2241 2147 2341 2174 flebiles
2354 2155 2432 2175 voce·
2478 2170 2479 2175 ,

287 2188 342 2209 tam
354 2181 410 2207 vim
423 2179 501 2206 habet
513 2179 573 2209 illa,
594 2186 659 2212 quae
674 2177 746 2203 reae
763 2185 778 2202 a
798 2175 871 2203 bono
892 2178 970 2202 Poeta
982 2176 1052 2203 dicta
1069 2178 1106 2203 est
1118 2177 1275 2208 flexanime,
1294 2183 1331 2203 at-
1350 2175 1378 2202 5⁵
1393 2177 1484 2203 refert.
1529 2179 1564 2203 Ex
1580 2177 1682 2212 quodam
1697 2180 1779 2205 Poeta.
1937 2180 1957 2218 ἢ
1982 2190 1999 2207 2.
2034 2181 2157 2208 Aduerbii
2168 2186 2244 2209 vicem
2252 2183 2321 2218 ‚subn
2336 2183 2430 2213 flebile.

289 2226 341 2251 que
354 2215 474 2242 omnium
489 2214 580 2247 regina
593 2222 682 2239 rerum
696 2213 792 2239 oratio.
851 2212 910 2240 Vid.
925 2212 997 2239 Non.
1012 2221 1037 2244 2,
1056 2221 1116 2246 349.
1151 2219 1174 2238 ee
1187 2212 1284 2238 Catull.
1299 2211 1331 2238 de
1393 2213 1505 2238 Cantare
1519 2211 1609 2238 flebile
1632 2213 1713 2239 Ouid.
1728 2213 1760 2239 de
1774 2214 1849 2240 Rem.
1863 2215 1956 2242 Amor.
1968 2219 2008 2248 36.
2104 2218 2247 2244 Vlulerunt
2260 2217 2349 2245 flebile
2360 2218 2428 2254 ripae
2478 2241 2479 2245 ,

289 2253 374 2286 NuPt·
389 2250 440 2276 Pel·
456 2255 482 2275 et
496 2249 642 2280 Tha-330·
932 2260 935 2261 ⁷
1390 2246 1440 2273 Sil.
1456 2250 1481 2280 6,
1495 2252 1549 2279 283.
1617 2248 1710 2280 Fitque
1725 2249 1804 2282 tripes
1829 2252 1932 2282 prorsus
1956 2251 2173 2285 quadrupesque‚
2202 2260 2230 2279 vt
2251 2253 2377 2287 paruula„
2387 2248 2424 2281 fl.

323 2292 436 2313 FLExl
446 2282 597 2322 quvvs
607 2302 615 2315 ,
634 2291 665 2313 a,
684 2291 738 2308 um.
775 2281 835 2308 Adi.
872 2282 1073 2317 [καμπιολόγος]
1115 2283 1167 2318 Qai
1179 2282 1292 2318 ambigua
1307 2289 1330 2309 et
1392 2282 1466 2314 fans,
1496 2283 1526 2308 Et
1552 2291 1599 2316 per
1618 2283 1766 2309 sordentem
1791 2283 1880 2309 flebile
1893 2285 1973 2319 serpit
1986 2285 2096 2312 humum
2135 2287 2217 2313 Corn.
2233 2288 2300 2314 Gan,
2320 2298 2348 2322 1,
2364 2288 2420 2322 24³0

287 2322 387 2358 obscura
399 2323 516 2356 quuitur.
571 2318 627 2345 Cic.
636 2318 668 2343 de
680 2317 804 2349 Dium-2,
819 2324 857 2349 115
870 2326 892 2343 c.
901 2319 932 2349 56
955 2318 1026 2344 Tuis
1040 2318 1112 2344 enim
1125 2318 1239 2345 oraculis
1248 2319 1330 2351 Chry·
1393 2317 1464 2353 Conf.
1481 2318 1578 2344 Lucan.
1592 2327 1611 2348 1,
1625 2323 1680 2351 548.
1718 2318 1808 2345 Claud.
1822 2320 1854 2345 de
1868 2320 1952 2354 Raptu
1967 2321 2007 2347 Pr.
2022 2329 2049 2351 2,
2064 2326 2086 2351 8.
2122 2322 2220 2355 Hygin.
2236 2323 2297 2349 Fab.
2312 2332 2362 2358 ¹54·
2379 2342 2381 2344 .
2396 2323 2406 2350 '-

288 2359 373 2392 fippus
386 2363 472 2382 totum
484 2354 610 2381 volumen
624 2353 760 2387 impleuit,
786 2353 882 2386 partim
903 2352 986 2383 falsis,
1012 2360 1040 2379 vt
1059 2362 1108 2387 ego
1126 2355 1239 2388 opinor:
1274 2363 1330 2388 par·
1345 2349 1380 2373 60
1429 2360 1494 2380 PLE
1504 2360 1520 2380 Β
1530 2352 1563 2380 11.
1575 2351 1617 2380 i’T
1627 2361 1643 2380 Ε
1653 2361 1681 2381 R.
1717 2354 1785 2380 Adu.
1822 2354 1979 2391 [θρηγωδῶς]
2025 2356 2082 2382 Cic·
2096 2356 2179 2381 Tusc·
2192 2364 2218 2389 2,
2230 2367 2266 2391 49
2280 2368 2342 2386 ΕΑΓ
2358 2358 2425 2386 Vide

287 2394 338 2420 tim
352 2393 411 2418 casu
424 2391 509 2422 veris,
532 2395 561 2416 vt
574 2389 603 2415 fit
617 2389 646 2414 in
657 2388 731 2414 0111111
744 2388 866 2414 oratione
877 2388 1030 2422 saepissime:
1067 2390 1163 2423 partim
1176 2389 1329 2425 flexiloquis
1392 2398 1472 2424 quam
1485 2397 1538 2415 non
1553 2389 1679 2419 flebiliter
1692 2389 1855 2424 respondeat.
1926 2392 2026 2417 Canere
2038 2389 2139 2424 aliquid
2153 2391 2278 2419 flebiliter
2307 2394 2345 2420 Id.
2360 2393 2426 2421 ibid.

287 2436 313 2457 et
325 2427 457 2457 obscuris,
482 2432 510 2452 vt
523 2425 651 2458 interpres
664 2430 737 2458 egeat
751 2423 902 2458 interprete.
1393 2434 1418 2456 1,
1435 2429 1463 2456 83
1489 2434 1511 2450 c.
1530 2432 1565 2457 35.
1636 2425 1748 2451 Gemens
1763 2424 1890 2451 flebiliter
1924 2427 1991 2452 Hor.
2011 2426 2098 2452 carm.
2111 2429 2147 2459 4,
2166 2434 2205 2459 12,
2223 2434 2245 2460 5.
2313 2429 2423 2464 Compar.

326 2469 342 2490 F
353 2471 368 2489 L
378 2470 393 2489 E
403 2470 422 2489 x
431 2468 464 2488 ΙΡ
474 2468 490 2488 Ε
499 2468 512 2488 s
522 2479 529 2493 ,
551 2460 616 2486 edis.
637 2468 662 2485 o.
699 2458 772 2494 Qod
781 2458 971 2494 pedibusflexis
984 2465 1008 2485 et
1019 2462 1104 2486 curuis
1115 2467 1191 2487 errat.
1246 2460 1328 2488 Ouid.
1391 2460 1500 2487 Paullin.
1516 2460 1578 2487 Nat.
1592 2460 1646 2486 Fel.
1659 2467 1686 2494 7,
1700 2463 1733 2486 62
1761 2460 1941 2496 Flebiliusque
1952 2461 2063 2487 vlulant.

285 2500 350 2527 Met.
365 2507 402 2530 10,
418 2505 452 2530 99
484 2497 538 2522 Vos
552 2503 660 2529 quoque
678 2494 818 2527 flexipedes
832 2493 959 2526 hederae,
988 2501 1033 2521 etc.
1089 2496 1130 2522 Sic
1147 2499 1220 2522 etiam
1242 2498 1326 2523 Burm.
1428 2502 1523 2522 FLET
1534 2494 1546 2521 1⁹
1556 2503 1595 2522 FE
1605 2503 1623 2521 R
1633 2516 1641 2528 ,
1661 2505 1692 2527 a,
1711 2505 1764 2522 um.
1802 2495 1864 2523 Adi.
1918 2497 2016 2523 Auson.
2029 2496 2126 2529 Eidyll.
2139 2498 2166 2529 6,
2178 2504 2214 2531 74
2240 2496 2348 2524 Gemma
2359 2497 2425 2524 fleti-

283 2537 317 2563 aI.
331 2533 481 2561 Flexibiles.
535 2532 627 2565 Nempe
638 2529 727 2556 hedera
732 2528 850 2564 flexuosis
862 2535 886 2554 et
900 2529 1046 2555 errabundis
1051 2529 1162 2566 flagellis
1172 2538 1219 2566 per
1231 2532 1329 2558 humum
1344 2529 1375 2560 6,-
1392 2531 1443 2557 feri
1457 2531 1586 2557 iaculatur
1599 2531 1703 2557 succina
1721 2531 1816 2557 trunci.
2399 2553 2402 2555 .
2417 2546 2420 2548 -

280 2571 378 2608 serpit,
402 2569 513 2603 velutque
522 2565 626 2601 pedibus
638 2567 723 2591 curuis
736 2564 844 2600 reflexis
859 2571 943 2596 errat,
965 2566 1028 2591 vnde
1047 2567 1153 2599 flexipes
1167 2567 1330 2593 accommoda·
1428 2573 1444 2593 F
1454 2573 1469 2591 L
1480 2574 1496 2593 F.
1507 2572 1527 2592 V
1539 2573 1573 2598 Ο,
1598 2567 1679 2593 Rheni
1690 2566 1809 2602 fluminis
1827 2564 1927 2597 ollium,
1951 2567 2020 2593 Mela
2033 2576 2061 2600 3,
2074 2576 2086 2593 2
2099 2574 2163 2594 extr.
2176 2576 2179 2577 ⁷
2218 2567 2285 2594 Plin.
2300 2575 2328 2600 4,
2341 2574 2364 2599 15
2386 2565 2428 2593 ΔΙ-

285 2606 372 2642 tfflime
384 2602 454 2629 [heta
468 2601 509 2635 cst,
528 2608 558 2627 vt
565 2608 588 2627 et
599 2599 701 2632 βλαισὸς
713 2609 728 2626 α
738 2601 839 2625 Graecis
850 2600 996 2634 appellatur.
1037 2601 1256 2636 Turtzeb.Ali11e›2s.
1265 2613 1285 2633 1,
1294 2612 1329 2633 23·
1391 2607 1478 2628 terum
1492 2601 1620 2628 ostiorum
1635 2601 1736 2632 Rheni,
1755 2602 1878 2632 Fleuum,
1899 2602 2010 2628 alterum
2023 2603 2152 2629 Helinum
2166 2603 2323 2637 appellatum
2330 2601 2428 2638 scribi!-

321 2647 337 2667 F
346 2648 362 2667 L
371 2647 387 2666 E
397 2647 414 2666 x
423 2645 462 2665 IV
472 2645 481 2663 1
490 2644 506 2663 C
515 2643 540 2664 E.
577 2636 644 2662 Adu.
681 2638 699 2661 i.
727 2634 855 2670 Flexifice,
875 2637 921 2661 Per
935 2635 1123 2671 multosflexus.
1159 2637 1328 2671 Pacuu.apud
1391 2637 1482 2662 Tacit.
1497 2637 1565 2662 Ann.
1580 2647 1608 2669 4,
1623 2644 1656 2671 72
1682 2637 1792 2663 Fleuum
1805 2637 1936 2664 castellum
1950 2639 1998 2664 esse
2009 2641 2047 2664 ait
2061 2647 2143 2672 prope
2157 2638 2244 2665 Rheni
2256 2638 2284 2664 in
2297 2636 2432 2670 Oceanum¹

285 2676 359 2703 Non.
373 2684 399 2707 4,
416 2676 447 2703 68
480 2672 615 2705 Qiorsum
634 2671 754 2696 flexiuice
774 2670 950 2696 contenderet.
1014 2671 1120 2698 trudetur
1140 2674 1213 2698 etiam
1235 2672 1329 2698 reclini·
1391 2671 1511 2703 exitum,
1531 2680 1545 2698 a
1560 2680 1613 2706 quo
1620 2677 1663 2698 aut
1678 2673 1792 2698 sumtum
1805 2681 1911 2704 nomen,
1924 2674 1996 2708 quod
2003 2674 2082 2700 alueo
2098 2673 2214 2706 daretur,
2233 2680 2278 2700 aut
2291 2680 2392 2700 certem

286 2710 397 2738 flexifice
404 2707 501 2745 scribi,
526 2715 668 2742 quamquam
680 2705 861 2740 illudstruauit
875 2707 982 2732 Mercer.
1338 2704 1376 2732 70
1391 2706 1424 2733 ab
1437 2706 1515 2734 alueo
1525 2713 1631 2739 natum,
1647 2713 1779 2733 retentum
1793 2707 1837 2734 est.
2152 2728 2157 2731 .

326 2753 342 2772 Ρ
352 2753 368 2772 L
379 2752 395 2771 E
407 2751 423 2770 x
434 2751 453 2769 v
462 2750 485 2768 M
497 2741 506 2767 1
516 2750 537 2768 N
548 2750 564 2768 E
573 2750 586 2768 s
599 2761 608 2772 ‚
661 2741 768 2775 Equites
793 2741 906 2766 Romani
929 2741 1054 2775 appellati
1078 2742 1135 2768 sunt
1144 2761 1152 2774 ,
1187 2742 1235 2776 qui
1253 2743 1326 2777 prius
1426 2748 1442 2769 F
1451 2748 1491 2768 LE
1501 2750 1519 2769 x
1529 2749 1549 2768 Α
1559 2749 1574 2768 Β
1583 2749 1603 2768 ν
1614 2749 1629 2768 L
1638 2749 1659 2768 A
1668 2762 1676 2775 ‚
1711 2743 1810 2770 satirae
1830 2751 1927 2775 nomen
1946 2743 1983 2770 est
2007 2744 2074 2780 apud
2096 2746 2257 2776 Varronem,
2286 2742 2344 2777 teste
2362 2744 2399 2771 1²1·
2444 2740 2446 2745 ⁴

287 2781 391 2808 Celeres
404 2778 567 2805 dicebantur.
636 2776 701 2802 Plin.
716 2784 740 2807 33
749 2796 756 2807 ,
771 2784 786 2801 2
811 2776 917 2810 Qcidam
930 2778 1014 2812 legunt
1029 2777 1200 2804 Flexamines.
1391 2776 1420 2803 in
1433 2777 1514 2811 praef.
1528 2778 1591 2804 Nat.
1604 2777 1671 2804 Hist.
1726 2779 1784 2805 Vici.
1794 2778 1874 2815 supra
1887 2782 1915 2804 in
1930 2786 1946 2805 F
1956 2786 1972 2806 L
1981 2786 2025 2807 Ex
2036 2786 2044 2805 1
2054 2787 2070 2807 Β
2080 2786 2101 2805 ν
2112 2787 2129 2806 L
2139 2788 2159 2807 v
2166 2788 2200 2807 Μ.

326 2816 689 2845 r1.Exvosvs,a,um.
727 2810 786 2836 Adi.
823 2810 976 2845 [κάμπειος]
1029 2813 1326 2848 Qodvariosvelmul-
1430 2818 1713 2845 FLEXANIMVS,
1734 2821 1967 2846 rrexmnxs,
2002 2815 2238 2847 mansero.

287 2858 326 2878 rot
337 2849 504 2884 habetflexus.
577 2847 703 2873 Flexnosa
717 2847 780 2872 vitis
813 2847 879 2872 Cato
895 2857 915 2873 c.
928 2856 963 2879 33.
1035 2847 1199 2882 Compendia
1212 2849 1327 2876 flexuosa
1426 2854 1443 2874 r
1453 2854 1469 2873 L
1479 2855 1495 2874 E
1504 2856 1522 2875 x
1533 2856 1542 2874 1
1551 2855 1567 2874 L
1577 2854 1608 2879 E,
1633 2855 1649 2874 r
1661 2856 1676 2875 L
1688 2856 1704 2875 E
1713 2857 1731 2876 x
1741 2857 1750 2876 1
1759 2856 1796 2883 o,
1822 2856 1864 2876 121.
1874 2856 1981 2877 EXVM
1991 2857 2001 2876 1
2010 2858 2055 2878 NE
2065 2858 2077 2879 s
2086 2871 2096 2884 ,
2119 2857 2185 2878 rie
2196 2856 2216 2877 x
2228 2856 2247 2877 v
2256 2857 2276 2877 R
2285 2857 2323 2883 A,
2349 2858 2391 2879 111.
2440 2858 2441 2863 ’

287 2894 372 2914 metae
396 2885 484 2912 Sidon.
499 2884 587 2910 Carm.
603 2891 639 2914 23,
658 2891 716 2914 394.
789 2882 916 2916 Impulsus
936 2892 1079 2918 corporum
1099 2885 1230 2910 flexuosus
1259 2885 1325 2911 Plin.
1347 2882 1470 2910 73xvs.
1511 2883 1570 2911 Vid.
1594 2890 1752 2911 FLECTO.
2400 2899 2412 2911 4

288 2932 304 2956 9
314 2943 321 2955 ‚
335 2931 375 2949 20.
442 2922 495 2947 Iter
509 2919 653 2945 flexuosum
673 2917 751 2943 habet
764 2917 876 2951 auditus,
889 2927 922 2944 ne
933 2919 999 2952 quid
1012 2919 1110 2946 intrare
1125 2919 1212 2953 poffit‚
1239 2920 1256 2946 fi
1270 2920 1327 2946 fim-
1431 2950 1435 2952 ,
1782 2923 1805 2954 F
1900 2923 1925 2954 L
2022 2924 2035 2954 Ι

289 2959 347 2993 plex
360 2963 386 2984 et
399 2955 529 2983 directum
544 2960 643 2988 pateret
668 2953 724 2978 Cic.
738 2952 770 2978 de
784 2953 818 2978 N.
829 2954 860 2979 D.
874 2963 904 2985 2,
919 2963 969 2988 144
982 2963 1052 2989 c.57.
1123 2956 1201 2981 Mons
1227 2956 1292 2983 Plin.
1307 2965 1327 2989 5,
1462 2957 1465 2959 ’
1897 2979 1900 2982 ·

289 3003 326 3026 27.
396 2991 507 3018 Volatus
522 2990 652 3016 flexuosus
666 2987 806 3028 hirundini
832 2989 868 3017 Id.
884 2998 919 3020 10,
934 2998 977 3022 24.
1083 2990 1178 3026 Superi.
1214 2991 1279 3018 Plin.
1294 3001 1326 3023 11,
1424 2980 1514 3016 FLYG
1525 2995 1562 3020 0,
1581 2989 1626 3023 xi,
1651 2990 1741 3024 Gtum,
1765 2993 1819 3019 ere.
1856 2991 1992 3027 [ἱμάσσω]
2049 2990 2154 3017 Verbum
2173 2995 2316 3028 antiquum,
2344 3001 2359 3018 a
2378 3000 2423 3026 quo

288 3039 313 3062 37
343 3027 508 3060 Hominique
522 3023 709 3051 flexuofiffinus
722 3023 842 3050 orb1b115.
1388 3025 1493 3061 confligo
1507 3026 1617 3060 Affligo,
1637 3033 1682 3051 etc.
1754 3027 1826 3054 Non.
1840 3036 1863 3059 2,
1879 3032 1923 3059 328
1951 3025 2034 3060 Fligi,
2053 3026 2143 3060 affligi.
2216 3028 2275 3054 Liu.
2292 3027 2424 3062 Aegistho,

323 3070 339 3089 1³
350 3071 365 3090 L
375 3070 390 3090 E
401 3063 495 3089 xvds
505 3068 530 3088 E.
568 3060 634 3087 Adu.
672 3059 831 3094 [κωμπείως]
884 3059 950 3085 Plin.
965 3065 1005 3091 18,
1023 3067 1051 3093 35
1085 3061 1112 3087 Si
1131 3061 1245 3089 flexuose
1257 3062 1325 3089 voli·
1343 3058 1375 3084 80
1387 3062 1444 3095 Ipse
1457 3062 1482 3086 se
1494 3061 1523 3086 in
1536 3067 1632 3087 terram
1650 3061 1750 3088 saucius
1764 3063 1832 3097 fligit
1846 3063 1946 3089 cadens.
2016 3062 2123 3092 Actius,
2148 3063 2202 3088 Nec
2216 3062 2371 3097 perdfflestst
2383 3064 2422 3091 ffi·
2446 3075 2447 3078 ’

285 3106 323 3126 tet
337 3100 449 3125 flamma.
1389 3096 1416 3130 gi
1431 3096 1530 3128 socios,
1559 3103 1645 3123 morte
1659 3105 1763 3132 campos
1777 3097 1889 3132 contegi.
1943 3098 1974 3123 Et
1989 3097 2049 3122 Heu
2065 3097 2158 3123 cuiatis
2178 3099 2284 3133 stirpem
2306 3099 2428 3126 funditur
2450 3105 2452 3125 1

323 3141 391 3161 FLE
402 3135 523 3165 xVRA,
542 3140 581 3158 ae.
607 3131 627 3157 f.
674 3128 801 3163 [noclumh
833 3129 1019 3164 καμπηλᾶτης]
1077 3132 1178 3163 Flcxus,
1203 3136 1324 3160 cui-natio.
1389 3131 1446 3166 fligi
1458 3131 1549 3158 studet.
1619 3132 1723 3159 Lucret.
1742 3142 1774 3166 z,
1793 3139 1822 3167 8,-
1854 3147 1899 3153 -—
1916 3140 1976 3158 nam
1996 3132 2047 3158 cita
2065 3134 2173 3167 superne
2203 3135 2292 3161 Obuia
2311 3144 2371 3163 cum
2384 3134 2422 3161 fli-

287 3170 418 3197 Columel.
434 3176 488 3201 5,5
519 3169 556 3194 Vt
575 3167 674 3193 flexura
694 3165 815 3192 materias
834 3165 984 3199 profundat.
1055 3167 1184 3194 Flexurae
1203 3169 1325 3195 vicorum
1388 3176 1465 3199 itere,
1487 3174 1533 3193 etc.

287 3207 359 3232 Suet.
368 3206 470 3232 Neron.
479 3208 542 3235 2238,
551 3211 572 3229 2.
642 3203 745 3227 Lucret.
756 3209 783 3233 4,
792 3209 833 3232 312
852 3200 926 3233 Qiin
940 3201 1019 3226 etiam
1033 3211 1203 3237 quaecunque
1216 3204 1325 3230 latuscu-
1425 3208 1441 3228 Ρ
1450 3210 1466 3229 L
1475 3210 1484 3229 1
1493 3208 1590 3230 CTVS
1599 3221 1608 3234 ,
1627 3200 1665 3228 fis.
1684 3212 1719 3229 m.
1757 3202 1908 3239 [ἄραγμός]
1944 3201 2023 3237 Virg.
2033 3203 2096 3229 Aen.
2109 3212 2134 3236 9,
2149 3206 2201 3239 667
2228 3206 2296 3232 Dant
2309 3205 2421 3240 sonitum

287 3242 311 3267 la
326 3243 383 3267 sunt
396 3239 561 3275 speculorum
584 3238 606 3264 A
619 3237 698 3263 simili
712 3236 800 3262 lateris
813 3236 912 3263 flexura
925 3236 1042 3270 praedita
1051 3237 1148 3270 nostri,
1166 3246 1212 3265 etc.
1249 3240 1324 3276 Conf.
1343 3234 1373 3263 85
1388 3239 1476 3273 galeae
1491 3238 1578 3264 flictu:
1615 3247 1699 3272 pugna
1713 3240 1801 3273 aspera
1816 3239 1905 3272 surgit.
1964 3239 2011 3263 Vbi
2020 3239 2141 3270 Seruius;
2177 3241 2274 3274 Hieta,
2294 3250 2342 3275 pro
2351 3240 2420 3267 Affli-

287 3278 364 3304 Varr.
379 3277 408 3302 L.
421 3276 451 3302 L.
465 3283 497 3307 9,
511 3283 529 3300 1.
565 3280 588 3298 et
607 3272 696 3298 Sidon.
710 3271 787 3306 Epist.
800 3279 840 3305 71.
1388 3275 1448 3306 chi,
1467 3274 1495 3300 id
1510 3274 1545 3300 est
1558 3272 1622 3304 ictu,
1646 3282 1706 3299 nam
1719 3274 1833 3301 detraxit
1846 3281 1920 3299 more
1933 3274 1978 3299 suo
1992 3274 2221 3309 Praepofitionem.
2292 3277 2338 3303 Sil.
2350 3283 2421 3310 9,321

322 3318 338 3338 r
349 3319 364 3338 L
373 3319 388 3338 E
397 3318 418 3338 G
427 3318 451 3337 M
462 3317 482 3336 A
492 3331 501 3343 ‚
525 3308 579 3335 vid.
601 3314 616 3333 P
626 3315 646 3334 Η
657 3315 672 3333 L
682 3314 697 3333 E
707 3314 727 3333 G
738 3314 760 3333 M
771 3314 802 3333 A·
1388 3310 1467 3336 Galea
1479 3308 1587 3337 horrida
1601 3308 1675 3335 metu
1703 3310 1832 3337 Aduersae
1844 3308 1953 3335 ardescit
1968 3309 2063 3343 galeae.

321 3354 339 3374 F
352 3355 368 3374 L
377 3354 392 3373 E
403 3354 423 3374 G
433 3353 456 3371 M
465 3353 482 3372 E
490 3352 512 3371 N
520 3365 528 3377 ‚
544 3344 570 3380 s.
588 3349 604 3369 F
613 3350 628 3368 1,
638 3350 654 3369 F.
662 3350 685 3368 M
694 3349 710 3368 E
720 3349 740 3368 N
753 3362 761 3374 ,
783 3342 843 3367 inis.
868 3350 894 3367 11.
930 3342 1076 3375 [φλέγμα]
1131 3342 1221 3370 Pedum
1234 3347 1325 3371 vitium
1560 3347 1566 3353 ³

288 3380 337 3415 est,
356 3391 415 3409 cum
428 3391 459 3407 ex
475 3380 565 3407 labore
586 3379 646 3405 viae
661 3378 764 3412 sanguis
779 3377 871 3404 defluit
890 3376 958 3416 circa
970 3376 1050 3416 talos,
1084 3376 1172 3410 Festus.
1243 3380 1324 3406 Plaut.
1785 3371 1808 3401 F
1888 3370 1913 3401 L
2000 3372 2029 3403 O
2442 3400 2443 3403 ,

288 3418 362 3451 Epid.
378 3426 404 3450 ς,
420 3426 447 3449 2,
462 3424 474 3448 5
508 3417 577 3442 Dum
589 3420 615 3440 te
627 3415 737 3448 sequor,
756 3422 817 3447 prae
831 3412 975 3438 laslitudme
996 3413 1147 3439 inuaserunt
1159 3414 1284 3440 misermn
1298 3417 1326 3441 in
1341 3416 1376 3439 90
1425 3423 1512 3449 FLo,
1531 3415 1601 3442 flare.
1636 3415 1735 3450 [πνέω]
1771 3417 1879 3451 spirare.
1934 3416 1999 3444 Plin.
2015 3425 2059 3452 17,
2072 3425 2107 3451 24
2138 3417 2189 3443 Hic
2202 3417 2274 3444 enim
2285 3419 2303 3446 fl
2317 3415 2418 3445 flaueril
2442 3419 2443 3432 ³

288 3461 370 3485 genua
385 3452 498 3479 flemina.
568 3450 606 3477 Id.
621 3451 698 3476 Poen.
713 3457 735 3481 3,
750 3457 774 3479 1,
790 3451 824 3483 67
855 3448 928 3480 Qin
941 3447 1020 3473 etiam
1033 3447 1178 3475 deciderint
1192 3449 1268 3476 vobis
1282 3451 1324 3476 fle·
1388 3452 1456 3478 circa
1473 3452 1606 3481 brumam,
1624 3451 1724 3486 frigore
1737 3452 1824 3478 exurit
1837 3452 1986 3479 arefaciens.
2077 3453 2131 3480 Cic.
2147 3454 2217 3479 Fam.
2231 3462 2262 3486 9,
2277 3464 2312 3489 24
2345 3455 2417 3481 Tum
2440 3465 2441 3481 1

289 3487 361 3512 mina
374 3488 401 3512 in
414 3488 480 3513 talos
493 3486 583 3513 velim.
640 3486 681 3512 Sic
698 3487 795 3511 Douza.
859 3481 980 3522 b'edreffe
999 3484 1031 3509 al.
1045 3484 1160 3516 femina,
1185 3487 1203 3511 i.
1215 3485 1325 3520 femora.
1389 3496 1471 3520 quum
1487 3487 1615 3514 Fauonius
1631 3487 1713 3513 flaret.
1809 3488 1880 3514 Belle
1893 3488 1969 3515 nobis
1984 3488 2058 3515 flauit
2069 3489 2102 3514 ab
2116 3489 2196 3522 Epiro
2215 3489 2355 3516 leniffimus
2368 3490 2418 3516 Aua
2435 3515 2437 3519 ,

291 3523 356 3547 Nam
371 3522 542 3556 respondetur,
562 3522 596 3547 At
609 3530 657 3547 nos
671 3519 722 3546 tibi
737 3517 877 3545 inlumbos
890 3518 1022 3552 linguam,
1043 3525 1121 3553 atque
1135 3520 1226 3546 oculos
1241 3522 1269 3547 in
1285 3523 1324 3548 so·
1389 3523 1439 3548 ster
1452 3522 1524 3548 mitis
1561 3523 1598 3548 Id.
1614 3523 1666 3548 Att.
1681 3530 1717 3556 7,
1735 3530 1755 3548 2.
1827 3523 1901 3550 Flare
1922 3523 1996 3550 timul
2021 3530 2046 3551 et
2067 3524 2174 3550 sorbere
2193 3523 2262 3551 haud
2287 3526 2364 3552 facile
2382 3521 2416 3550 est

289 3555 353 3582 lum.
408 3559 494 3582 Douza
507 3560 579 3582 etiam
593 3556 661 3582 Asin.
674 3564 698 3586 2,
713 3564 739 3586 2,
752 3562 783 3589 73
808 3553 925 3580 Flemina
934 3556 1008 3588 ponit
1015 3561 1065 3589 pro
1082 3561 1174 3581 FEM1
1188 3562 1208 3581 N
1218 3563 1240 3583 A
1258 3566 1282 3583 v.
1298 3567 1323 3584 υ.
1385 3558 1471 3584 Plaut.
1486 3556 1561 3584 M'ost.
1577 3566 1598 3588 3,
1612 3565 1636 3588 2,
1649 3565 1706 3590 104.
1760 3557 1885 3594 Adlzgium
1898 3558 1941 3592 est,
1960 3560 1988 3586 de
2001 3563 2044 3592 iis,
2073 3569 2097 3586 ur
2111 3559 2155 3585 dno
2165 3564 2262 3594 negotia
2276 3561 2354 3587 eodem
2361 3567 2416 3586 tem-

288 3591 362 3625 Conf.
377 3591 501 3616 Harduin.
514 3591 546 3630 mi
560 3592 625 3617 Plin.
639 3598 691 3619 not.
705 3593 764 3617 mai.
777 3595 803 3620 8,
818 3598 847 3621 23
862 3589 879 3615 s.
890 3596 927 3622 17.
1342 3590 1373 3616 95
1383 3601 1445 3628 pore
1459 3592 1574 3627 conficere
1586 3599 1712 3627 nequeunt.
1783 3595 1882 3621 Omiss'o
1895 3604 1987 3630 magna
2002 3595 2052 3621 fian
2073 3596 2082 3621 i
2095 3596 2193 3628 semper
2206 3603 2310 3622 tumore
2319 3616 2327 3628 ‚
2345 3595 2373 3621 id
2385 3590 2416 3628 est

328 3631 344 3652 1³
358 3633 373 3651 L
382 3633 398 3652 Ε
408 3633 427 3652 0
436 3645 444 3657 ,
484 3626 561 3655 fletu,
604 3628 693 3652 {letum
702 3647 710 3659 ‚
746 3626 818 3652 flere.
871 3624 982 3657 [κλοιίω,
1017 3624 1124 3660 Spurius]
1195 3627 1323 3654 Lacrimas
1385 3628 1522 3654 inflamini·
1534 3627 1620 3663 agendi
1640 3626 1769 3660 and'til.
1785 3637 1820 3661 12,
1834 3633 1860 3662 6,
1873 3639 1894 3664 5.
1965 3632 2032 3657 Hinc
2042 3639 2091 3666 pro
2104 3631 2227 3664 Spernere.
2297 3631 2415 3658 Prudent.

288 3664 407 3687 eminere.
464 3660 544 3685 Ouid.
559 3660 590 3686 de
600 3662 675 3687 Rem.
691 3663 839 3693 Amor.690
863 3660 899 3686 Vt
912 3659 1004 3685 flerent
1016 3661 1107 3686 oculos
1121 3661 1241 3688 erudiere
1257 3664 1323 3690 filos.
1386 3663 1550 3697 Eulal.Virg.
1563 3670 1590 3689 21
1616 3662 1741 3696 Spernerc
1754 3665 1868 3698 succina,
1889 3665 1952 3692 flare
1964 3667 2048 3698 rosas,
2066 3665 2148 3692 Fulua
2163 3666 2275 3693 monilia
2289 3663 2414 3701 respuere'.

289 3696 421 3724 Demorte
429 3695 539 3721 alicuius
554 3696 609 3721 Cic.
618 3698 692 3722 Verr.
703 3700 763 3731 1‚76
771 3705 841 3729 c.30.
894 3695 1089 3722 Casusalicuius
1109 3696 1322 3726 Sen Herc.Oet.
1386 3699 1460 3726 Flare
1475 3707 1581 3729 numos,
1598 3695 1630 3730 est
1649 3698 1767 3733 signare,
1797 3701 1860 3735 quod
1872 3710 1912 3726 aes
1924 3702 2029 3736 flando,
2054 3704 2072 3727 i.
2086 3706 2133 3735 per
2144 3701 2236 3736 flatum
2252 3700 2414 3738 calefaciendo

288 3741 315 3758 v.
329 3738 380 3764 583.
452 3730 573 3764 Daphnin
603 3732 677 3765 Virg.
691 3733 743 3757 Ecl.
759 3740 786 3764 ς,
806 3741 844 3757 20.
879 3732 898 3757 ἰ.
918 3729 1021 3770 deflere..
1084 3732 1171 3758 Fleuit
1193 3733 1323 3760 drachmis
1363 3734 1505 3770 ,signatum
1556 3734 1597 3760 Ita
1615 3737 1667 3758 noti
1687 3734 1842 3762 'sriuinuiri
1863 3736 1893 3761 A.
1909 3737 1938 3762 A.
1952 3738 1982 3762 A.
2005 3737 2032 3762 F.
2051 3736 2079 3762 F.
2109 3736 2134 3762 h.
2147 3745 2166 3762 e.
2187 3738 2274 3768 Auro,
2293 3742 2414 3772 argento,
2443 3759 2446 3761 .

288 3766 419 3801 argenteis
442 3765 524 3792 Plaut.
538 3765 625 3791 Pseud.
641 3775 659 3796 1,
675 3775 684 3792 1
694 3786 702 3797 ,
716 3771 756 3799 98.
828 3767 930 3793 Funera
943 3765 1054 3791 alicuius
1079 3767 1158 3793 Ouid.
1173 3767 1201 3794 in
1214 3769 1273 3795 Ibin
1289 3772 1323 3796 16.
1334 3778 1380 3796 100
1387 3770 1459 3801 aeri,
1480 3767 1566 3795 flando
1576 3788 1584 3799 ,
1604 3768 1736 3795 feriando.
1779 3771 1835 3797 l‘z'd.
1850 3772 1907 3805 le.
1922 3771 1939 3797 l.
1954 3780 1970 3803 9
1989 3771 2020 3798 de
2034 3770 2051 3796 l.
2065 3771 2172 3797 Corncl.
2187 3772 2218 3798 de
2231 3770 2307 3799 falsis.

287 3801 400 3836 Lapides
413 3809 503 3828 omnes
515 3800 635 3833 coegisset
648 3802 709 3827 flere
723 3810 751 3828 ac
762 3801 900 3828 lamentari
930 3801 986 3827 Cic.
1000 3800 1033 3827 de
1046 3801 1119 3829 Orat.
1135 3811 1159 3835 1,
1179 3811 1225 3837 243
1246 3814 1268 3831 c.
1283 3813 1322 3845 57.
1421 3810 1536 3834 FLANS,
1557 3803 1632 3829 antis.
1653 3805 1718 3831 Part.
1744 3806 1934 3833 Ventolenitcr
1942 3807 2019 3832 flante
2038 3806 2298 3834 Hirt.B.Alex.c.11.
2333 3809 2354 3834 A
2375 3802 2411 3834 uir

288 3838 404 3865 Nostem
434 3836 507 3870 Virg.
521 3836 617 3869 Georg.
633 3845 661 3868 4,
678 3844 731 3869 514.
802 3837 829 3862 Si
841 3837 881 3862 vis
893 3845 936 3862 1110
954 3837 1030 3867 flere,
1052 3836 1194 3864 dolendum
1211 3839 1247 3866 est
1269 3841 1323 3867 Pri-
1385 3839 1457 3865 lones
1468 3844 1558 3864 contra
1574 3839 1684 3865 fluuium
1700 3841 1788 3867 flantes
1814 3843 1917 3868 Lucret.
1931 3844 1956 3873 6,
1970 3849 2024 3875 717.
2155 3840 2176 3879 ff
2196 3852 2211 3869 2
2250 3841 2313 3876 past]
2349 3843 2366 3869 P
2378 3842 2412 3868 in·

287 3882 361 3900 mum
375 3873 421 3907 ipfi
436 3871 488 3899 tibi.
515 3872 584 3897 Hor.
598 3873 628 3896 A.
638 3872 662 3896 Ρ.
677 3880 728 3897 102.
799 3871 913 3910 Delicuit
928 3871 1014 3898 flendo
1046 3872 1125 3898 Ouid.
1140 3875 1204 3900 Met.
1217 3882 1234 3909 7
1245 3895 1253 3907 ,
1268 3881 1322 3907 330.
1382 3876 1420 3905 36,
1436 3882 1463 3905 19
1480 3873 1594 3909 adfinem
1604 3894 1611 3905 ‚
1636 3876 1727 3902 Vritur
1740 3884 1799 3904 ante
1813 3877 1877 3903 vino
1890 3878 2022 3911 perfusus,
2042 3876 2171 3912 flaturque
2184 3872 2310 3910 follibus,
2334 3878 2412 3904 donec

287 3909 442 3937 Diffundere
457 3907 578 3933 dolorem
593 3905 679 3933 flendo
718 3906 753 3931 ld.
768 3906 837 3933 Ibid.
853 3916 885 3938 9,
905 3916 960 3940 ¹42·
1054 3908 1232 3936 Diffimdimus
1254 3911 1323 3944 iram
1382 3908 1503 3936 rufescat.
1573 3909 1659 3936 Tibia
1673 3912 1750 3938 riatur
1784 3912 1864 3938 Ouid.
1878 3912 1941 3938 Fast.
1955 3922 1981 3945 4,
1997 3920 2051 3945 341.
2232 3930 2239 3933 ν

289 3944 376 3971 flendo
406 3944 445 3972 Id.
457 3942 535 3977 Epist.
550 3947 580 3976 8,
592 3944 629 3969 61.
700 3941 803 3968 Rubent
817 3942 895 3968 ocelli
912 3942 997 3969 flendo
1029 3943 1123 3970 Catull.
1137 3953 1167 3977 3,
1180 3950 1212 3976 18.
1332 3946 1376 3974 1οἰ
1418 3949 1588 3976 FLATVS,
1605 3954 1636 3978 a,
1654 3955 1707 3975 um.
1743 3948 1810 3975 Part.
1847 3947 1957 3974 Hirt.de
1972 3947 1999 3973 B.
2014 3946 2071 3973 Afr.
2086 3956 2108 3974 c.
2123 3956 2152 3979 52
2178 3948 2266 3975 Puluis
2280 3953 2358 3975 vento
2369 3946 2412 3972 fla-

2373 3987 2411 4008 tus
