2479 4225
287 164 367 213 607
646 162 703 201 *F
789 161 828 199 A
917 158 942 196 S
1756 159 1788 198 F
1878 159 1916 197 A
2006 159 2033 198 S
2290 161 2418 209 Ἰ608

283 251 440 287 quodcunque
447 253 529 284 panni
542 259 627 286 genus,
641 256 685 275 aut
696 250 798 275 alm-ius
806 249 920 273 materiae
931 244 966 271 ad
976 245 1106 281 ligandum
1120 250 1212 284 aptum.
1253 244 1321 271 Ptin.
1424 254 1440 273 F
1448 254 1470 274 Α
1478 255 1490 275 S
1499 254 1515 275 c
1525 255 1535 274 1
1545 254 1569 273 N
1577 255 1598 274 A
1609 253 1632 273 N
1642 254 1654 273 s
1662 266 1669 278 ,
1687 247 1763 273 antis.
1799 247 1893 273 Partic.
1929 247 2036 279 Ρ1111.13,
2051 256 2069 281 4
2083 248 2100 273 s.
2108 256 2124 280 9
2149 247 2288 273 Palmarum
2300 246 2418 280 frutffife·
2443 249 2446 266 :

284 296 327 319 20,
343 295 366 318 ις
376 294 416 321 pr.
445 286 473 312 dc
488 286 586 311 Camino
608 285 653 311 Vel
667 285 795 319 penicillis
811 282 915 307 feruens
929 281 1200 314 3Ρρ1·111111111·131“1·ιίεῑ
1235 280 1321 306 aducr-
1385 291 1474 309 rarum
1495 299 1539 303 ——
1558 283 1658 318 liguum
1673 282 1699 308 in
1715 290 1795 316 pomo
1813 297 1856 302 —
1876 282 2031 317 quibusdam
2044 284 2141 310 olseum
2153 281 2417 316 lunatumque,dente
2444 291 2445 301 ³

277 322 320 358 sus
336 324 412 347 colum
427 323 561 356 imponitur
573 322 707 347 cuminum
728 319 831 344 feruens
851 316 998 350 penicillis,
1026 324 1049 342 et
1073 326 1126 342 cum
1146 316 1186 342 his
1207 318 1321 350 corpori,
1386 325 1475 344 contra
1493 319 1646 345 fascinantes
1664 318 1795 352 religione
1814 317 1935 352 politum.
1991 318 2120 354 Qudquid
2128 317 2166 352 stt
2184 318 2213 343 de
2227 316 2329 344 leH'ione
2347 324 2371 344 et
2381 321 2432 344 in·-

284 359 334 384 loco
349 355 441 390 afflflo
449 377 457 389 ,
477 359 609 391 apponitur
622 363 645 381 et
658 353 813 388 apprimitui·
825 358 867 386 ope
873 351 1024 386 fasciarum.
1079 349 1119 384 Est
1134 358 1156 376 et
1169 352 1233 376 alias
1242 350 1321 386 music
1385 359 1575 389 terpretatione‚
1593 354 1723 380 remedium
1736 360 1800 379 certe
1812 360 1898 380 contra
1913 353 2065 380 fascinantes
2072 356 2232 388 proponitur.
2411 365 2413 367 ·

285 391 385 418 mcdzco.
458 391 553 418 Nullus
568 398 621 417 tota
634 391 705 415 nitor
718 389 745 413 in
757 393 828 417 cute,
848 386 953 420 qualem
967 388 1068 414 Bruttia
1087 386 1230 421 praestabat
1241 385 1320 412 calidi
1342 394 1358 420 ς
1424 396 1469 415 FA
1478 397 1490 416 s
1501 396 1517 416 c
1530 397 1538 415 1
1549 398 1571 416 Ν
1580 392 1628 416 ᾹΤ
1639 398 1646 415 1
1658 396 1676 415 O
1686 409 1693 421 ,
1713 389 1780 415 onis.
1800 388 1818 414 f.
1855 388 2025 422 [βάσκανσις]
2074 389 2139 415 Ρ1111.
2148 394 2189 420 28,
2203 398 2215 414 2
2241 388 2295 414 Cur
2309 391 2335 413 et
2347 387 2418 415 fasci·
2444 389 2452 415 ἰ’

286 427 338 454 tibi
352 428 429 454 fascia
444 427 509 454 'visci
534 429 621 452 quen.
632 434 655 456 9,
672 432 709 455 14.
781 423 821 449 Sic
842 422 928 448 Fascia
945 432 1031 449 curare
1051 421 1163 454 ivzrtstmi
1185 421 1320 457 descensum
1384 424 1536 451 nationibus
1549 425 1703 452 adoratione
1718 424 1844 459 peculiari
1862 425 2042 451 occurrimus?
2116 424 2188 450 Idem
2200 429 2239 454 28,
2255 432 2273 455 4
2291 423 2309 448 s.
2322 429 2339 456 7
2369 423 2418 450 De·
2430 427 2446 449 ’,

286 466 314 489 in
322 463 432 499 scrotum
445 463 511 489 docet
526 461 613 487 Celsus
625 467 656 492 7,
669 467 701 483 20
710 464 753 496 ΡΥ·
826 457 879 497 11³st
901 459 956 498 Cic:
970 459 1001 484 de
1015 459 1083 484 Clar·
1098 458 1171 484 Orat.
1186 465 1232 491 217
1253 466 1274 483 c·
1288 460 1321 483 60
1384 460 1498 494 spuimus
1511 461 1658 487 comitiales
1671 461 1778 487 morbos
1803 474 1849 479 ·—
1866 459 1954 486 Simili
1967 460 2047 486 modo
2063 465 2088 486 et
2102 459 2286 486 fascinationes
2303 466 2419 492 repercu-
2444 470 2448 493 (

289 498 434 525 0011111ξ1115
449 505 502 525 crat
516 496 612 525 last-iis,
627 500 652 518 et
666 493 755 518 multis
770 491 966 520 medicamentis
975 501 1081 528 propter
1089 493 1208 519 dolorem
1217 499 1322 519 artuum
1383 496 1473 521 timus.
1544 498 1603 522 Vct.
1619 496 1703 522 Schol.
1718 496 1750 522 ad
1764 497 1854 521 quen.
1870 503 1902 529 7,
1916 503 1952 521 1¹2
1980 496 2194 529 Couspuiturque
2207 494 2293 526 linus,
2313 494 2418 527 Propter
2433 516 2448 526 ⁴,

289 534 432 561 delibutus.
486 532 581 557 Fasti&S
596 530 637 554 sex
651 528 682 554 ad
696 528 746 553 offa
762 528 843 554 frflfla
856 528 979 555 describit
1009 530 1076 556 Cels·
1089 534 1112 560 8,
1127 537 1163 555 10·
1235 528 1322 553 Fascia
1384 531 1511 557 fascinum
1524 532 1669 558 verborum
1683 538 1722 558 ter
1736 531 1783 558 fibi
1799 531 1827 556 111
1842 530 1896 556 111111
1910 531 2018 564 spuunt,
2043 537 2068 557 et
2088 530 2213 557 videntur
2225 529 2278 555 *fibi
2292 528 2420 556 fascinum
2431 542 2441 545 r

290 579 369 605 quam
384 567 522 603 longissima
536 566 560 590 in
575 572 654 589 vnum
669 564 800 589 commiffa
820 563 993 597 Scribon.131.
1058 565 1111 595 ¹Sed
1123 563 1219 590 Cic.de
1228 563 1319 589 Diuin.
1340 573 1368 591 10
1384 575 1480 593 arcere.
1549 567 1659 598 Plin.28,
1674 572 1686 597 8
1705 567 1762 602 [27
1789 567 1817 592 de
1831 567 1952 601 Hyaena,
1975 567 2079 593 Frontis
2091 566 2195 593 corium
2204 564 2419 592 fascinationibus

289 615 313 638 2,
328 615 370 638 134
383 614 404 630 c.
414 608 442 635 6,-
467 601 556 627 Defert
570 599 601 625 ad
615 598 793 625 coniectorem
807 599 914 633 quidam
927 601 1061 626 somniasse
1075 601 1099 625 se
1114 608 1195 625 ouum
1210 599 1322 633 pendere
1381 602 1506 629 resistere.
2394 600 2398 605 ’
2413 621 2426 628 Ν

289 650 320 668 ex
336 641 410 666 fascia
424 637 485 663 10611
498 635 537 660 sui
550 634 719 660 cubicularis.
791 634 856 660 Plin·
870 643 894 668 15
903 655 911 667 2
927 645 955 670 ¹7
984 637 1054 662 VUHS
1069 636 1120 661 s0l0
1134 635 1235 661 fictatass
1248 635 1323 660 iunci
1419 644 1435 664 F
1445 644 1467 664 Α
1476 644 1561 664 SCIN
1570 639 1592 664 Ᾱ
1602 643 1623 663 Τ
1635 644 1653 664 0
1662 644 1680 663 R
1690 657 1697 667 ,
1717 637 1779 664 oris.
1798 646 1834 663 111.
1879 637 1938 662 Vet.
1952 636 2030 662 Gloss.
2044 636 2208 669 Fascinator,
2225 635 2351 667 βάσκανος.

289 677 374 702 fasciis
387 671 507 700 inuoluit.
565 670 664 696 Nobilis
677 668 710 701 est
724 670 825 702 Fascia,
838 680 885 706 qua
899 673 1011 697 mulieres
1024 681 1139 697 mammas
1152 672 1235 707 ligant
1254 671 1323 696 Mar·
1419 679 1435 700 ιι·
1445 680 1486 700 AS
1496 679 1513 699 C
1523 680 1532 699 1
1544 680 1566 700 N
1579 675 1600 699 Ᾱ
1609 680 1629 699 T
1645 679 1661 698 R
1677 679 1685 697 1
1697 681 1714 699 x
1723 692 1730 704 ,
1750 672 1806 699 icis.
1830 672 1848 698 f.
1883 672 1990 706 Apuleii
2002 671 2043 705 eff?
2055 672 2164 702 dicitur,
2184 678 2208 698 ct

288 712 342 738 tul.
357 719 398 741 14,
419 716 469 738 134·
540 705 622 731 Ouid·
639 704 744 731 Remed-
759 706 849 732 Amor·
863 711 914 738 338-
988 708 1018 732 Et
1032 708 1087 733 Art.
1103 708 1160 732 Am·
1177 715 1205 738 3,
1226 713 1279 739 274
1299 712 1323 731 et
1418 715 1530 735 FAsc1
1540 716 1561 734 N
1572 716 1593 735 A
1602 716 1626 734 M
1637 714 1682 733 rx
1692 715 1712 734 T
1722 715 1791 740 vm,
1810 708 1829 734 i.
1848 717 1875 733 n.
1930 707 1999 733 Certe
2011 707 2144 734 nonhabet
2154 708 2229 733 index
2245 705 2350 734 Florida

290 749 346 773 622.
416 744 490 775 Prop-
503 750 531 774 4,
547 749 572 772 9,
586 749 621 773 49
647 750 675 766 cx
691 742 806 766 Herculis
819 741 884 776 apud
904 742 1037 777 Omphalen
1048 743 1166 778 persona,
1191 741 1282 767 Mollis
1297 747 1323 767 et
1341 751 1367 779 ¹5
1420 750 1436 770 r
1447 751 1489 771 As
1500 745 1683 776 crN6svs‚
1704 744 1722 769 i.
1742 753 1778 770 m.
1816 744 1911 778 Magno
1919 742 2060 778 praeditus.
2115 742 2296 777 Priap.Carn1.
2310 749 2344 776 79
2365 743 2420 773 (80)

288 781 415 807 hirsutum
429 777 496 810 cepit
510 776 578 802 1111111
590 776 668 802 fascia
682 775 780 809 pe6hts.
851 778 881 802 In
899 780 966 803 viris
979 777 1053 813 Jam's
1071 779 1099 804 cie
1114 784 1250 814 tegumento
1268 786 1323 802 cru·
1386 779 1451 810 Non
1463 789 1505 812 es,
1526 790 1539 806 0
1558 781 1663 814 Priape,
1684 780 1762 806 Po'e'ta
1781 778 1933 805 fascinofior
1947 778 2047 805 nostro.
2103 778 2144 805 Sic
2162 779 2228 806 Scal.
2280 779 2325 805 AI.
2345 777 2421 803 sarcis

286 825 355 846 rum,
379 813 508 848 pedumque
524 815 586 846 poni
603 811 777 848 consummant
796 812 907 838 Fasciae.
977 813 1104 847 leianus
1124 814 1140 840 l.
1159 815 1323 846 Argumento
1383 815 1488 848 nolior,
1508 815 1585 842 eodem
1599 814 1683 851 stnfic.

288 851 343 875 sunt
362 849 394 874 D.
408 849 446 874 De
459 857 515 873 aur.
529 853 626 881 argent.
642 846 731 873 mund.
745 847 794 880 leg.
828 848 931 873 Fasciae
946 849 1073 880 crurales,
1091 848 1262 883 pedalesque,
1279 856 1323 873 ve·
1421 857 1436 877 r
1446 858 1529 878 Asel
1539 858 1567 883 S,
1583 860 1613 876 ις,
1643 859 1678 875 m.
1724 849 1737 882 [
1749 847 1873 882 φάκελος,
1892 845 2017 874 ἕλλεδοινδς
2032 848 2045 882 ]
2096 849 2232 885 Lignorum
2251 854 2296 874 aut
2315 848 2421 874 alterius

286 885 329 911 stis
345 884 404 910 loco
422 884 492 915 sunt,
521 883 585 917 quia
608 889 706 916 partein
734 882 852 916 corporis
874 883 998 909 vestiunt.
1088 885 1207 916 Fasciae,
1226 883 1323 918 quibus
1384 889 1544 922 cuiuscunque
1557 889 1594 912 rei
1606 888 1686 922 ligata
1698 887 1839 920 congeries,
1861 892 1933 919 quam
1952 883 2053 920 ligando
2065 883 2187 920 facimus.
2258 883 2331 910 Caes.
2344 883 2373 908 B.
2388 882 2421 909 G:

285 929 361 947 crura
374 919 528 945 vinciuntur
560 918 738 952 Quhfflhu,
752 927 773 950 3.
795 918 937 955 restruatur
948 919 982 944 ad
993 928 1035 950 ea,
1055 929 1121 954 quae
1134 920 1187 945 fola
1200 919 1324 945 valetudo
1341 926 1408 953 208,
1425 929 1448 955 ις
1485 923 1573 948 Fasces
1593 922 1796 948 stramentorum
1819 928 1848 945 ac
1865 919 2052 954 virgultorum.
2123 920 2182 951 Sic,
2202 918 2290 945 Fasces
2310 917 2428 945 calamo-r

285 956 394 982 excusat.
466 954 631 989 munseo-ibit
644 959 667 986 8,
683 962 714 988 57
741 963 828 979 mures
841 953 998 988 portendili'e
1009 955 1121 982 exitium
1138 955 1257 982 Carboni
1275 955 1324 980 im-
1385 965 1444 983 rum
1465 957 1580 984 Martial.
1594 966 1633 990 14,
1645 963 1682 989 38.
1752 954 1927 989 Epistularum
1937 955 2013 981 fascis
2033 954 2207 986 Ammian.21,
2220 957 2258 981 16.
2364 951 2386 994 ᾖ
2406 961 2438 987 ²·-

285 991 418 1026 pcra'tori.
437 989 530 1016 arrosis
543 990 638 1021 fasciis,
651 990 748 1024 quibus
763 990 791 1015 111
802 990 914 1016 calceatu
929 989 1060 1018 Vtebatur.
1131 991 1187 1018 Cic·
1204 992 1291 1025 Att.7‚
1310 999 1322 1022 3
1385 993 1466 1019 Etiam
1482 994 1589 1020 aliarum
1609 1002 1690 1019 rerum
1711 1000 1770 1017 onus
1789 990 1885 1017 fascem
1901 993 1988 1017 vocari
2006 998 2086 1016 monet
2105 991 2212 1017 Seruius
2223 990 2257 1015 ad
2268 988 2331 1015 illud
2347 990 2422 1025 Virg.
2434 1002 2441 1012 ν

285 1028 390 1054 Etenim
402 1025 471 1052 mihi
485 1026 583 1059 caligae
597 1026 652 1051 eius
667 1033 693 1051 vt
706 1025 799 1051 fasciae
820 1033 930 1052 cretatae
948 1034 1002 1052 non
1023 1027 1171 1061 placebant.·
1222 1028 1252 1052 In
1271 1027 1325 1062 gla-
1387 1027 1439 1054 Ecl.
1452 1036 1483 1061 9,
1495 1031 1525 1061 63
1560 1029 1614 1063 Ego
1627 1027 1676 1054 hoc
1690 1033 1715 1053 te
1728 1026 1795 1052 fasce
1816 1023 1922 1052 leuabo.
1959 1025 2002 1052 vbi
2021 1026 2049 1052 de
2069 1025 2154 1053 haedis
2173 1025 2309 1062 portandis
2326 1023 2427 1061 agitur}⁴

285 1062 394 1088 diatorio
408 1061 491 1087 habitu
506 1062 598 1087 quen.
612 1064 643 1091 6,
663 1063 713 1093 264
744 1062 848 1095 Qtanta
862 1061 1009 1095 Poplitibus
1029 1062 1129 1095 sedeat,
1149 1071 1229 1097 quam
1243 1061 1323 1087 denso
1386 1064 1417 1090 Et
1435 1063 1463 1089 de
1480 1067 1574 1096 armis,
1596 1064 1715 1094 cibariis,
1736 1064 1847 1097 omnique
1857 1061 1916 1088 adeo
1923 1061 2028 1098 sarcina
2045 1063 2137 1088 militis
2148 1062 2254 1089 Romani
2271 1060 2309 1087 Id.
2321 1059 2431 1095 Geor-g(

287 1098 365 1124 fascia
380 1096 467 1128 libro,
486 1106 510 1131 q.
524 1097 548 1121 d.
568 1099 674 1128 cortice,
685 1095 773 1132 fascia
787 1100 849 1122 enim
859 1095 970 1131 praestat
983 1101 1067 1130 cruri,
1084 1098 1150 1134 quod
1156 1098 1216 1124 liber
1230 1097 1323 1124 arbori.
1340 1106 1371 1132 25
1386 1106 1423 1135 3,
1435 1106 1484 1133 347
1514 1099 1614 1126 Iniusto
1630 1098 1676 1125 sub
1688 1098 1756 1125 fasce
1775 1098 1846 1124 viam
1858 1097 1921 1123 dum
1956 1097 2056 1131 Carpit.
2226 1094 2247 1134 fl
2268 1104 2281 1128 3
2318 1096 2432 1131 Fasces„

292 1133 350 1160 Vid.
372 1132 471 1168 Cafizub.
489 1132 523 1157 ad
535 1132 603 1158 Suet.
618 1132 683 1166 Aug.
704 1142 725 1157 c.
741 1137 778 1161 82.
815 1139 836 1158 et
851 1133 951 1167 Salmas.
971 1132 1005 1159 ad
1023 1133 1091 1159 Hist.
1109 1135 1176 1168 Aug.
1214 1140 1237 1159 et
1258 1131 1322 1165 Voffi
1385 1133 1496 1170 Infignia
1513 1135 1654 1162 dicebantur
1674 1131 1868 1170 Magistratuum
1886 1134 2059 1159 Romanorum.
2117 1133 2198 1159 Erant
2213 1138 2293 1158 autem
2311 1130 2432 1168 colligati·

286 1167 347 1202 I'fi·
363 1170 435 1195 Orat.
449 1178 466 1201 4
479 1174 507 1202 p.
516 1177 566 1201 ¹59·
601 1167 648 1194 Sed
660 1170 732 1193 etiam
746 1167 867 1193 Diadema
879 1172 971 1203 capitis
984 1167 1017 1201 eft
1034 1169 1128 1196 Fascia.
1176 1169 1234 1195 Sen.
1243 1168 1321 1203 Epist.
1385 1178 1414 1195 ex
1428 1170 1560 1205 virgirfiu
1573 1170 1669 1197 bacillis
1683 1170 1710 1195 de
1721 1170 1802 1195 betula
1815 1168 1900 1195 arbore
1909 1188 1916 1200 ‚
1928 1177 1988 1204 quae
1999 1168 2053 1194 Ideo
2066 1167 2153 1194 Plinio
2168 1169 2210 1199 16,
2224 1172 2249 1197 18
2267 1166 2329 1193 med.
2345 1166 2439 1204 tertie:⁴

285 1210 317 1235 80
329 1211 392 1230 extr.
419 1203 571 1229 Ementibus
584 1209 736 1229 ornamenta
751 1203 802 1237 ipsa
810 1203 923 1237 ssrspe&a
935 1204 1006 1230 sunt:
1042 1204 1095 1231 siue
1106 1213 1164 1231 crus
1176 1204 1324 1239 alligatum,
1385 1205 1448 1231 bilis
1459 1205 1656 1240 magistratuum
1670 1204 1753 1238 virgis
1766 1204 1875 1235 dicitur,
1901 1207 1967 1230 inter
1987 1212 2048 1240 quas
2067 1203 2174 1239 obligata
2189 1203 2287 1238 fiatri:
2300 1205 2339 1229 ita
2360 1208 2423 1234 erae,

285 1240 338 1266 fine
354 1238 490 1265 brachium
504 1238 662 1271 adspiceres,
680 1238 775 1264 nudari
789 1239 906 1271 iuberes,
930 1247 955 1265 et
968 1239 1053 1273 ipsum
1070 1240 1121 1266 tibi
1133 1249 1227 1274 corpus
1240 1239 1323 1265 osten·
1384 1247 1414 1267 vt
1422 1241 1522 1277 ferrum
1534 1243 1561 1267 in
1568 1241 1663 1277 summo
1670 1240 1744 1277 fasce
1757 1242 1887 1271 emineret,
1911 1239 1976 1274 quod
1991 1239 2077 1275 paffim
2098 1237 2219 1271 exstantes
2237 1241 2264 1264 in
2277 1240 2360 1264 numis
2370 1238 2437 1266 illo-t

286 1274 322 1301 di.
357 1273 436 1300 Vides
451 1273 525 1299 illum
539 1274 658 1305 Scythiae
675 1274 850 1300 Sarmatiaeuc
866 1283 954 1309 regem
968 1275 1061 1310 insigni
1075 1275 1167 1310 capitis
1181 1275 1323 1301 decorum?
1335 1287 1368 1311 30
1385 1286 1438 1303 rum
1444 1274 1544 1313 figurae
1555 1277 1678 1303 indicant.
1736 1276 1828 1310 Nempe
1840 1275 2020 1310 suppliciorum
2038 1273 2087 1307 zsta
2105 1272 2276 1308 astrumenta.
2297 1275 2299 1277 '
2335 1270 2433 1310 Virgis'

284 1311 311 1335 Si
324 1310 363 1335 vis
378 1309 454 1334 illum
468 1309 620 1341 aestimare,
639 1315 778 1344 totumque
793 1310 857 1336 scire
871 1311 956 1345 qualis
969 1310 1013 1344 fit,
1032 1311 1136 1338 fasciam
1151 1311 1238 1337 solue:
1256 1310 1323 1336 mul·
1384 1312 1463 1348 caestu
1475 1315 1555 1348 capite
1564 1310 1714 1348 plectebant.
1771 1312 1825 1336 Hor
1837 1311 1915 1337 fasces
1928 1311 2043 1337 Romulus
2057 1308 2168 1342 instituit
2181 1308 2291 1336 Auflore
2305 1305 2432 1347 Dionyfiq}

283 1351 338 1372 tum
352 1343 414 1370 mali
427 1344 474 1370 sub
490 1345 534 1370 illa
554 1345 624 1370 latet.
680 1345 753 1380 Conf.
775 1352 933 1373 DIADEM
945 1353 976 1373 Α.
1152 1343 1172 1383 ἦ
1194 1355 1206 1372 2
1242 1347 1324 1373 Meta·
1382 1357 1411 1379 3.
1443 1354 1466 1373 et
1485 1348 1545 1374 Liu.
1563 1356 1589 1380 1,
1609 1352 1631 1377 8.
1685 1346 1733 1375 Sed
1745 1346 1816 1373 Flor.
1830 1355 1856 1378 1,
1870 1354 1895 1378 ς,
1915 1353 1928 1378 ς
1962 1345 2147 1381 Tarquinius,
2165 1347 2264 1380 inquit,
2282 1344 2436 1382 duodecim,
2464 1353 2469 1368 1

276 1381 380 1416 phoricc
399 1380 516 1407 dicuntur
534 1380 637 1406 Fasciae
657 1380 747 1413 orbis,
773 1387 822 1416 pro
843 1384 892 1413 iis,
905 1390 966 1416 quas
981 1379 1110 1417 Astrologi
1129 1381 1211 1408 Zonas
1224 1388 1323 1408 vocant.
1385 1381 1501 1410 Tusciae
1515 1383 1625 1417 populos
1638 1382 1822 1416 frequentibus
1836 1381 1915 1408 armis
1927 1381 2038 1415 subegit.
2079 1380 2143 1407 Inde
2157 1380 2253 1415 fasces,
2271 1387 2317 1406 etc.
2371 1378 2453 1417 Ha-lqw
2472 1384 2479 1406 l

283 1417 361 1443 Mart.
376 1416 475 1450 Capell.
489 1418 506 1442 6
535 1415 615 1442 Orbis
633 1421 717 1442 terrae
739 1417 766 1442 in
785 1417 904 1451 quinque
917 1418 1016 1449 Zonas,
1041 1416 1095 1442 siue
1109 1417 1203 1444 melius
1218 1417 1323 1448 fascias,
1382 1418 1471 1445 bebant
1482 1419 1568 1445 deitzde
1588 1418 1702 1453 Consules
1719 1417 1842 1444 duodenos
1853 1417 1955 1453 fasces,
1978 1418 2123 1443 Praetorum
2141 1423 2214 1442 erant
2226 1416 2292 1452 seni,
2328 1421 2380 1442 tam
2396 1418 2408 1442 i
2478 1428 2479 1447 l

282 1451 449 1478 discernitur.
506 1452 542 1477 De
558 1452 643 1483 Nube,
668 1455 694 1477 in
714 1451 807 1477 modum
821 1452 921 1487 fasciae
935 1454 1025 1478 caelum
1037 1459 1211 1487 praecurrente
1231 1454 1322 1479 quen.
1340 1460 1365 1486 35
1381 1453 1441 1482 vrbe
1452 1463 1524 1489 quam
1535 1457 1562 1479 in
1573 1456 1723 1490 prouincia,
1740 1452 1788 1488 fid
1805 1453 1847 1479 hic
1863 1461 1932 1484 cum,
1959 1452 1995 1479 ibi
2005 1452 2060 1485 fine
2074 1451 2208 1487 securibus.
2264 1448 2399 1478 Dirf'latoru
2452 1467 2453 1474 1
2470 1464 2474 1476 1

282 1488 332 1513 Sat.
348 1495 386 1520 14,
400 1495 452 1519 294
478 1486 526 1513 Nil
542 1486 616 1512 color
629 1486 672 1513 hic
687 1487 768 1519 caeli,
787 1487 826 1512 nil
841 1488 919 1514 fascia
933 1488 1007 1521 nigra
1022 1488 1146 1514 minatur.
1219 1489 1323 1515 Fasciae
1383 1496 1455 1516 erant
1468 1498 1503 1523 24
1524 1498 1576 1514 cum
1584 1487 1712 1524 ficurlbus
1723 1490 1796 1514 etiam
1810 1490 1838 1512 in
1851 1487 1917 1514 vrbe.
1960 1488 2018 1515 Vid.
2033 1487 2101 1522 Lips.
2116 1485 2222 1513 EIeHor.
2236 1496 2256 1517 1,
2269 1495 2311 1517 23,
2330 1493 2361 1517 et,
2382 1495 2398 1522 q

274 1522 336 1558 fiuzt
367 1522 471 1548 membra
505 1520 679 1558 Epfiyliorum
692 1542 700 1554 ,
742 1524 840 1558 regulae
871 1526 898 1549 in
933 1525 1099 1550 columnarum
1130 1523 1326 1551 trabeationibus
1382 1525 1455 1552 huiux
1474 1524 1521 1550 dili
1540 1528 1632 1550 entiam
1647 1524 1718 1559 longe
1740 1523 1782 1549 hic
1799 1522 1944 1558 superauit,
1976 1523 2104 1557 Spanhem.
2122 1522 2151 1547 de
2173 1521 2223 1556 Vsu
2242 1528 2266 1547 et
2285 1521 2435 1554 Praestent>

280 1559 387 1584 Vitruu.
401 1566 423 1589 3,
438 1565 460 1589 3.
1387 1561 1462 1587 Num.
1478 1561 1524 1592 Drjl
1536 1559 1542 1584 2
1555 1568 1581 1585 10
1595 1569 1609 1584 a
1626 1565 1655 1593 p.
1669 1565 1701 1588 88
1719 1557 1753 1583 ad
1764 1567 1816 1592 172.
1885 1558 2105 1584 Decemuirorum
2124 1562 2225 1583 tantum
2243 1556 2289 1582 ille
2307 1558 2424 1591 primum

320 1599 335 1619 F
345 1600 364 1618 Α
374 1600 386 1619 S
397 1600 412 1619 (τ
422 1600 430 1618 1
441 1590 460 1618 ὁ
469 1598 484 1616 L
494 1599 514 1617 Α
524 1612 532 1624 ,
550 1601 589 1618 ae.
608 1592 627 1618 f.
665 1592 765 1619 Dimin.
803 1592 980 1629 [σπαργάνων]
1025 1595 1081 1620 Cic.
1094 1594 1126 1620 de
1139 1594 1232 1629 Arusp.
1246 1595 1322 1630 Resp.
1384 1595 1464 1622 fasces
1478 1594 1590 1621 habebat
1599 1614 1607 1625 ‚
1626 1595 1674 1628 qui
1687 1599 1743 1620 tum
1754 1593 1796 1619 ius
1808 1592 1907 1619 diceret
1933 1593 1993 1619 Liu.
2005 1601 2028 1625 3,
2041 1601 2078 1624 33.
2141 1594 2172 1618 111
2185 1590 2254 1618 11ιὲἶο
2266 1592 2332 1618 verfi
2345 1592 2424 1618 fasces

283 1637 321 1661 44
334 1637 355 1652 c.
365 1636 391 1653 21
420 1628 445 1652 P.
460 1626 567 1653 Clodius
580 1637 593 1652 a
608 1634 729 1660 crocota,
749 1637 762 1654 a
777 1629 871 1661 mitra,
895 1637 908 1655 a
924 1629 1101 1656 muliebribus
1116 1630 1208 1662 soleis,
1226 1635 1366 1665 purpu-40
1381 1627 1542 1658 auctoribus
1554 1629 1704 1666 gerebantur
1721 1629 1812 1655 Tacit.
1828 1629 1876 1655 An.
1887 1638 1899 1661 3
1909 1649 1917 1661 ,
1932 1638 1957 1655 2.
2028 1627 2076 1655 sed
2096 1627 2253 1654 Albinouan.
2266 1627 2302 1654 ad
2317 1628 2423 1654 Liuiam

284 1664 388 1697 reisque
402 1662 532 1693 fasciolis,
548 1671 562 1688 a
575 1663 711 1696 strophio,
729 1673 743 1689 a
757 1664 879 1697 psaltrio,
898 1673 911 1689 a
926 1665 1042 1699 flagitio,
1062 1675 1076 1691 3
1091 1666 1180 1700 stupro
1194 1666 1230 1693 cst
1238 1666 1322 1693 faetus
1385 1674 1432 1700 177
1457 1666 1555 1692 Consul
1570 1666 1621 1691 init
1634 1664 1725 1691 fratffis
1738 1670 1902 1691 moerentem
1915 1664 2026 1690 fascibus
2040 1663 2140 1690 vrbem.
2209 1663 2337 1690 Claud.in
2344 1663 2425 1688 Cons.
2441 1666 2446 1671 “

283 1704 391 1732 rcpcute
404 1697 545 1732 popularis.
616 1699 682 1724 Hor.
695 1699 775 1724 Scrm.
790 1707 811 1731 2,
825 1707 848 1731 3,
862 1708 916 1733 247
947 1702 1028 1726 Pouas
1042 1701 1150 1735 insignia
1164 1701 1253 1728 morbi
1276 1703 1321 1728 Fa·
1384 1701 1464 1728 Prob.
1501 1707 1527 1727 et
1547 1700 1627 1733 Olyb.
1636 1700 1756 1736 fratrum
1769 1708 1812 1732 233
1836 1700 1922 1734 Atque
1935 1708 1988 1726 vno
2002 1699 2105 1735 biiuges
2114 1698 2175 1726 tolli
2188 1698 2219 1725 de
2231 1699 2323 1724 limine
2336 1698 2426 1724 fasces.

283 1734 392 1765 sciolas,
409 1733 538 1764 cubitale,
556 1732 660 1759 focalia.
730 1734 828 1768 Absque
842 1737 904 1759 enim
917 1736 997 1761 morbo
1005 1736 1101 1771 fascin
1119 1745 1194 1762 crura
1202 1737 1323 1771 pedesque
1384 1737 1538 1770 Imaginarii
1553 1736 1774 1763 Decemuirorum
1791 1735 1882 1768 Liu.3‚
1895 1744 1913 1768 4
1922 1741 1967 1771 pr.
2036 1735 2169 1766 Laureafi,
2189 1734 2242 1760 vicl.
2257 1740 2274 1759 L
2283 1739 2361 1760 AVR
2371 1740 2390 1759 V
2401 1739 2424 1760 s.
2440 1756 2446 1767 ,‚

282 1771 404 1794 inuolnerc
413 1788 421 1799 ‚
440 1771 506 1794 uiris
518 1768 656 1794 indecorum
672 1775 734 1800 erat,
753 1769 1017 1804 mollequefinfibatur.
1090 1770 1202 1796 Vinctus
1214 1771 1322 1797 fasciola
1385 1772 1441 1797 Cic.
1458 1772 1549 1797 Diuin.
1563 1779 1572 1796 1
1582 1789 1589 1801 ,
1606 1779 1646 1803 39.
1717 1771 1833 1797 [ἰᾶσι-11
1865 1770 1936 1797 Vic't.
1950 1770 1983 1796 de
1995 1770 2053 1796 Vir.
2066 1770 2161 1797 Illul'tr.
2174 1779 2195 1795 c.
2209 1779 2252 1796 20.
2322 1767 2426 1795 Pulchri
2438 1770 2446 1791 ἰ

283 1804 389 1836 Vopil'c.
403 1803 492 1829 Aurel.
509 1812 527 1828 t.
537 1812 563 1835 4.
637 1804 751 1830 Fastiola
765 1806 850 1830 tenuis
864 1805 944 1830 lintea
969 1805 1087 1831 Scribon.
1101 1813 1146 1839 47.
1329 1812 1363 1837 45
1384 1806 1487 1831 Lucret.
1502 1813 1525 1837 ς,
1539 1813 1600 1836 1233.
1675 1805 1786 1839 Superbi
1811 1806 1878 1831 Hor.
1892 1807 1980 1831 Carm.
1996 1814 2014 1835 1,
2029 1814 2066 1836 12,
2079 1814 2114 1837 33.
2185 1803 2314 1831 Attollere
2325 1805 2414 1838 primo

320 1844 335 1863 F
346 1845 364 1863 Α
375 1844 387 1863 s
397 1844 413 1862 C
424 1844 475 1868 10,
496 1842 548 1863 are.
585 1838 774 1873 [σπαργανίξω]
818 1840 903 1874 Fascia
918 1842 1006 1876 ligare.
1060 1840 1209 1874 Spartianus
1222 1840 1253 1866 de
1270 1841 1321 1866 An·
1384 1840 1463 1866 fasces
1488 1841 1562 1874 Virg.
1577 1841 1641 1865 Aen.
1653 1847 1685 1874 7,
1700 1848 1750 1874 ¹73·
1823 1841 1950 1866 Praeeunt
1969 1840 2035 1866 noui
2048 1840 2128 1866 fasces
2162 1839 2243 1866 Ouid.
2265 1839 2330 1865 fast.
2347 1847 2372 1870 1,
2391 1844 2427 1869 8¹-

282 1874 376 1899 tonino
392 1872 437 1897 Pio
451 1881 471 1896 c,
486 1880 509 1902 13
520 1879 562 1905 pr.
600 1873 647 1897 Sed
667 1883 749 1906 quum
768 1875 826 1899 ciset
846 1876 938 1907 longus
953 1882 977 1901 et
988 1877 1080 1906 senex,
1102 1877 1322 1909 incur-natusque,
1383 1875 1521 1902 Praeferre
1540 1875 1710 1901 Praetoribus
1722 1876 1802 1901 fasces
1840 1875 1896 1901 Cic.
1910 1876 1985 1901 Verr.
2000 1882 2030 1907 ς,
2049 1883 2086 1901 22.
2173 1874 2333 1900 Submittere
2346 1875 2445 1901 fasces..

281 1908 388 1935 tiliaciis
401 1906 495 1932 tabulis
511 1907 538 1931 in
553 1906 659 1940 pec'tore
672 1908 759 1940 politis
772 1908 946 1940 fasciabatur,
968 1916 996 1935 vt
1009 1911 1108 1935 reciius
1122 1911 1265 1936 incederet.
1383 1911 1484 1944 populo
1498 1919 1512 1936 a
1528 1910 1662 1936 Publicola
1673 1910 1824 1936 institutum
1849 1910 1980 1943 Qrinffil.
1994 1917 2007 1941 3
2017 1929 2023 1939 ,
2037 1917 2064 1943 7,
2077 1914 2110 1939 18.
2198 1910 2258 1935 Rem
2277 1912 2316 1935 ita
2334 1916 2431 1943 narrat,

285 1963 290 1974 x
318 1950 333 1969 F
343 1950 361 1969 Λ
373 1950 409 1969 SC
420 1950 427 1968 1
439 1943 486 1968 :ir
497 1949 515 1965 V
527 1948 537 1967 5
548 1961 556 1973 ,
583 1950 611 1972 3,
644 1944 703 1967 um(
751 1942 812 1968 Adi.
865 1943 980 1969 Martial.
1001 1952 1040 1975 12,
1060 1951 1091 1977 37
1134 1945 1192 1969 Nec
1211 1945 1320 1970 fasciato
1384 1945 1444 1969 Liu.
1459 1953 1489 1976 2,
1504 1952 1521 1978 7
1553 1946 1655 1970 Vocato
1667 1944 1699 1969 ad
1712 1945 1856 1970 concilium
1870 1945 1986 1978 populo,
2011 1943 2134 1969 submissis
2151 1944 2265 1970 fascibus
2278 1945 2307 1970 in
2320 1945 2426 1972 concio-

281 1979 422 2011 naufragus
437 1978 533 2011 loquax
542 1997 550 2008 ,
570 1982 673 2003 trunco.
746 1977 888 2004 Truncum
902 1978 1037 2004 fasciatum
1057 1979 1200 2014 intelllgunt
1214 1978 1241 2003 de
1254 1978 1323 2004 tabu-
1331 1985 1363 2011 50
1382 1988 1444 2006 nem
1457 1978 1579 2005 ascendit.
1634 1979 1746 2004 Gratum
1758 1979 1786 2004 id
1799 1979 1967 2004 multitudini
1980 1977 2154 2011 spesina-ulum
2169 1979 2235 2011 suit,
2252 1979 2430 2007 submiss‘a'fibi·

280 2017 318 2045 la,
339 2017 364 2039 in
378 2024 425 2048 qua
438 2013 598 2048 ›anfi-agium
612 2011 734 2047 111·Ρὶἔῖοω
741 2013 840 2048 fascme
853 2021 894 2047 ope
912 2023 926 2039 a
941 2014 999 2040 collo
1007 2012 1132 2050 suspensa.
1187 2013 1257 2040 Mihi
1270 2016 1323 2049 qui·
1384 2015 1433 2040 esse
1447 2014 1556 2048 imperii
1569 2013 1696 2048 insignia,
1721 2013 1959 2048 confeffionemque
1979 2013 2074 2039 saetam
2083 2033 2091 2045 ‚
2118 2013 2211 2048 populi
2224 2024 2303 2048 quam
2313 2016 2426 2043 consuli·

280 2050 331 2076 ilem
346 2049 415 2075 aliud
426 2047 564 2084 ’ἕπε-10011111
578 2048 721 2074 videbatur:
757 2049 819 2084 quid
833 2047 902 2082 effiw,
921 2049 1025 2075 nondum
1040 2048 1198 2076 exn-itabant.
1383 2049 1545 2077 maiestatem
1556 2049 1665 2084 vimque
1678 2049 1808 2076 maiorem
1822 2049 1881 2076 effe.
1950 2048 2018 2075 Vell.
2031 2056 2057 2081 2,
2071 2057 2120 2082 99,
2135 2057 2153 2082 4
2177 2049 2206 2075 de
2222 2050 2322 2078 Tiberio
2335 2049 2425 2086 refert,

314 2091 330 2111 F
340 2092 359 2111 Λ
370 2093 382 2111 ς
392 2091 407 2109 C
420 2093 427 2110 1
439 2090 458 2109 ο
470 2104 477 2115 ,
498 2086 545 2110 ire.
602 2084 706 2118 Vulgat.
720 2083 811 2111 Ezech.
826 2092 866 2116 30,
878 2092 911 2110 21.
1382 2086 1422 2112 Ita
1436 2086 1531 2119 septem
1545 2094 1626 2111 annos
1641 2083 1731 2112 Rhodi
1743 2091 1877 2112 moratum
1886 2104 1894 2117 ,
1914 2090 1943 2111 vt
1957 2093 2047 2111 omnes
2056 2104 2064 2117 ‚
2082 2084 2130 2119 qui
2149 2085 2316 2113 Proconsules
2333 2086 2424 2122 legati-
2455 2101 2457 2109 1

316 2127 332 2147 1³
341 2127 362 2146 A
374 2127 385 2145 s
397 2125 413 2145 C
426 2128 433 2145 1
444 2122 464 2145 Ᾱ
476 2126 494 2144 Τ
503 2126 521 2145 0
531 2126 550 2146 R
559 2139 567 2151 ,
594 2120 657 2147 Oris
687 2129 723 2146 111.
778 2119 891 2146 Hieron.
929 2138 935 2145 .
972 2138 979 2145 .
1384 2129 1435 2155 que
1448 2121 1478 2146 in
1491 2121 1676 2147 transmarinas
1690 2120 1806 2155 profecti
1824 2120 1975 2155 prouincias
1998 2120 2100 2147 visendi
2122 2120 2179 2147 eius
2204 2121 2285 2155 gratia
2307 2122 2338 2148 ad
2360 2130 2422 2149 eum
2454 2119 2479 2151 111

317 2161 410 2181 FASC
422 2163 429 2180 1
440 2156 534 2181 „i‘rax
545 2163 579 2186 x,
597 2155 654 2181 icis.
687 2154 706 2181 f.
763 2154 839 2181 Idem.
877 2174 884 2181 .
922 2174 929 2180 .
1336 2160 1365 2187 ςς
1384 2155 1587 2189 conuenientes,
1610 2157 1713 2189 semper
1731 2157 1837 2190 priuato
1863 2155 1899 2187 (li
1913 2156 1960 2182 illa
1980 2155 2097 2182 maiestas
2109 2157 2211 2190 priuata
2224 2166 2340 2191 vnquam
2352 2157 2423 2191 fuit)
2454 2159 2458 2209 ι

317 2197 332 2217 F
342 2198 362 2216 Α
373 2198 384 2216 s
397 2196 413 2215 c
426 2197 458 2216 1e
469 2197 489 2215 V
499 2197 514 2215 1,
523 2197 543 2215 ν
553 2196 565 2216 s
574 2210 582 2222 ,
617 2190 669 2216 vid.
692 2196 736 2216 ΡΑ
745 2197 757 2217 s
767 2197 783 2217 c
794 2198 835 2216 IS.
1383 2191 1461 2216 fasces
1475 2192 1533 2216 suos
1546 2190 1730 2223 submiserint,
1755 2191 1862 2224 samque
1879 2191 1944 2223 lint,
1969 2192 2057 2217 otium
2069 2192 2125 2218 eius
2139 2191 2295 2219 honoratius
2309 2192 2435 2227 imperio'
2454 2219 2456 2222 .

316 2231 493 2256 FASCINVM,
507 2225 525 2250 i·
545 2234 573 2251 ¹¹·
590 2231 614 2251 εἴ
634 2232 803 2255 FASCths,
827 2225 846 2251 i·
866 2233 902 2251 m·
930 2223 1321 2259 Gr-ssvfffmvofflquoderiuatur,
1383 2227 1439 2252 suo.
1496 2225 1543 2252 Sed
1560 2225 1605 2251 hoc
1624 2225 1720 2260 quidem
1735 2225 1795 2260 fuit
1813 2226 1903 2251 honori
1920 2226 2003 2252 domus
2021 2226 2146 2261 Augustae
2163 2227 2263 2254 datum:
2296 2229 2420 2259 audianum·

282 2267 311 2287 vt
323 2269 338 2287 a
350 2260 451 2286 κάτανος
469 2261 584 2291 catimrs,
604 2270 619 2286 a
633 2260 734 2293 μηχανὴ
747 2260 883 2293 machina,
898 2259 1002 2295 τρυτάνη
1017 2259 1115 2286 trutina
1127 2266 1172 2285 ctc.
1209 2257 1242 2292 <st
1255 2261 1322 2284 ratio
1383 2264 1456 2287 etiam
1470 2260 1535 2287 Pliu.
1549 2267 1575 2294 7,
1588 2269 1619 2292 30
1634 2261 1652 2287 s.
1661 2269 1685 2292 31
1714 2261 1763 2286 Cn.
1778 2261 1917 2294 Pompeius
1929 2260 2052 2289 confecto
2065 2261 2249 2288 Mithridatico
2262 2262 2334 2290 bello
2347 2264 2373 2290 111
2408 2262 2414 2268 ’

281 2297 358 2322 oculis
372 2297 411 2321 vel
422 2296 514 2328 verbis,
529 2296 623 2321 occulta
635 2296 734 2330 denique
748 2303 770 2321 et
783 2297 849 2322 uelut
855 2298 952 2331 magica
959 2298 1055 2321 ratione
1068 2294 1179 2327 nocendi,
1192 2295 1233 2320 vel
1244 2297 1322 2321 inter·
1382 2302 1457 2323 turus
1471 2295 1613 2322 Poffidouii
1632 2296 1773 2330 sapientiae
1791 2295 1947 2330 profeffione
1961 2295 2025 2323 clari
2039 2295 2161 2326 domum,
2188 2296 2259 2323 fores
2276 2269 2418 2332 percutit&

274 2332 382 2367 ficiendi
395 2331 461 2357 acle-0.
533 2330 599 2357 Plin.
609 2333 652 2362 26,
667 2339 695 2357 10
711 2331 768 2357 s.62
795 2332 884 2357 Altera
896 2331 1005 2362 satyrios
1018 2330 1106 2357 orchis
1133 2330 1238 2363 (herba,
1253 2332 1322 2355 cuius
1329 2334 1365 2359 60
1383 2340 1459 2358 more
1473 2340 1487 2357 a
1500 2331 1594 2357 li&ore
1609 2331 1710 2365 vetuit,
1740 2336 1766 2357 et
1788 2331 1867 2358 fasces
1887 2330 2009 2358 lictorios
2030 2331 2125 2357 ianuae
2144 2330 2263 2358 submisit
2275 2334 2313 2366 is,
2342 2334 2383 2361 cui
2395 2331 2433 2361 ἶς’
2454 2343 2455 2355 1

282 2367 357 2393 radix
372 2365 536 2398 testiculorum
567 2369 698 2392 eminorum
710 2365 898 2399 similitudinem
917 2365 1010 2399 habt-t)
1044 2380 1088 2385 »-
1117 2364 1203 2391 radice
1217 2365 1324 2392 sarcinis
1383 2367 1494 2397 Oriens,
1513 2367 1693 2401 Occidensque
1710 2366 1873 2393 submiserat.
1928 2367 1997 2392 Hinc
2013 2366 2119 2400 metaph.
2138 2365 2194 2391 Cic.
2213 2365 2244 2391 de
2262 2369 2330 2394 Clas,
2346 2370 2420 2395 orat,

282 2402 359 2433 vtili,
384 2402 413 2428 id
429 2400 477 2435 ist,
496 2375 583 2433 crefi,
609 2401 642 2427 ad
659 2401 822 2436 depellendum
841 2401 975 2427 fascinum.
1054 2400 1170 2428 Laetam.
1187 2410 1212 2432 1,
1227 2408 1278 2432 20',
1294 2403 1323 2432 36
1385 2411 1418 2429 22
1450 2404 1540 2435 Quum
1555 2403 1669 2429 enimin
1682 2401 1803 2428 maximis
1814 2401 1893 2428 caulis
1906 2402 2021 2427 versatus
2034 2401 2112 2432 esses,
2140 2406 2166 2426 et
2185 2409 2264 2435 quum
2281 2403 2332 2429 tibi
2350 2409 2418 2430 aetas

283 2438 388 2464 Cunina
404 2437 462 2468 dea,
491 2446 558 2471 quae
577 2437 689 2463 infantes
711 2437 737 2464 in
758 2438 830 2462 cunis
851 2442 956 2467 tuetur,
978 2445 1006 2462 ac
1029 2436 1155 2462 fascinum
1176 2437 1323 2463 submouet.
1384 2438 1471 2465 nostra
1486 2439 1539 2464 iarn
1552 2438 1671 2470 cederet,
1688 2438 1821 2472 fascesque
1834 2436 2017 2468 submitteret,
2035 2436 2123 2462 subito
2135 2435 2163 2462 in
2176 2436 2282 2462 ciuitate
2295 2446 2353 2464 cum
2366 2438 2419 2466 alia

282 2473 397 2508 Metaph.
433 2471 579 2504 Symmach.
594 2481 603 2498 1
613 2492 621 2504 ‚
642 2481 665 2503 13
699 2472 784 2498 Ν11110
802 2472 902 2498 fascino
914 2471 1026 2498 felicitas
1040 2471 1145 2506 publica
1161 2471 1323 2498 mordeatur.
1384 2473 1534 2500 ceciderunt
1547 2476 1604 2500 tum
1617 2474 1695 2500 etiam
1709 2474 1764 2507 ipsa
1783 2472 1815 2499 de
1828 2481 1879 2508 qua
1892 2472 2022 2507 disputare
2041 2471 2178 2504 ordimur,
2206 2471 2354 2506 eloquentia
2372 2473 2420 2499 ob-

283 2507 303 2546 ff
326 2517 338 2534 2
374 2507 514 2534 chzcdium
535 2514 621 2533 contra
646 2508 782 2533 Fascinum
807 2514 860 2534 erae
878 2507 968 2543 forma
985 2509 1059 2541 penis
1078 2507 1179 2533 humani
1198 2506 1367 2543 suspe’nsa,65
1385 2510 1489 2536 mutuit.
1523 2510 1548 2536 h.
1569 2519 1588 2535 e.
1612 2510 1706 2535 Alanus
1724 2509 1811 2540 daret,
1835 2508 1933 2534 herbam
1945 2510 2103 2543 porrigeret,
2128 2514 2152 2533 et
2158 2507 2187 2543 J}
2198 2508 2266 2543 quasi
2279 2507 2424 2543 inferiorem
2444 2541 2445 2544 Ἴ

284 2543 354 2570 credo
369 2552 426 2579 quae
441 2543 492 2578 rJJit
503 2550 567 2569 moto
581 2546 634 2569 iras
640 2542 842 2579 fascinantium,
862 2542 947 2576 quibus
960 2551 1045 2568 nocere
1052 2542 1207 2576 putabantur
1210 2549 1323 2578 propme,
1376 2545 1516 2581 fateretur.
1587 2545 1629 2572 Sic
1641 2544 1708 2570 Plin.
1723 2543 1806 2570 Praef.
1820 2543 1876 2577 post
1884 2551 1928 2577 pr.
1949 2542 2037 2569 Nobis
2049 2542 2081 2568 ad
2095 2542 2235 2569 colendum
2247 2550 2273 2569 te
2285 2543 2424 2570 familiarii

283 2581 371 2606 leniret
384 2586 407 2604 et
419 2578 486 2614 quast
498 2584 644 2604 exat-maret.
717 2579 803 2604 Varro
817 2577 849 2603 de
862 2577 891 2603 L.
900 2578 929 2603 L.
943 2579 969 2609 6,
984 2585 996 2608 ς
1012 2586 1036 2610 p.
1051 2583 1092 2609 80,
1106 2579 1137 2609 36
1168 2578 1257 2603 Pueris
1271 2584 1325 2603 tur·
1384 2579 1491 2606 audacia
1511 2579 1563 2606 sola
1584 2579 1705 2615 superest.
1765 2594 1811 2598 —
1838 2578 1969 2605 Perfricui
1994 2578 2094 2609 facem,
2128 2587 2175 2603 nec
2201 2585 2288 2604 tamen
2307 2578 2426 2613 profetis

284 2614 369 2649 picula
382 2622 423 2640 res
438 2614 467 2640 in
480 2614 550 2639 collo
564 2613 690 2648 quaedam
703 2613 881 2648 suspenditur,
900 2622 933 2639 ne
946 2612 1009 2646 quid
1025 2611 1101 2638 obfit.
1172 2613 1238 2638 Plin.
1254 2621 1291 2644 19,
1305 2621 1325 2645 4
1340 2618 1341 2625 ¹
1385 2616 1491 2649 quando
1513 2615 1564 2640 alia
1581 2616 1625 2641 via
1651 2616 1720 2648 (non
1737 2620 1835 2641 tantum
1844 2611 1955 2649 fastigio
1972 2612 2095 2650 augusto)
2117 2614 2250 2646 σεε-111115,
2274 2619 2300 2640 et
2320 2614 2430 2648 longius·

284 2651 349 2682 1129,
364 2658 372 2675 1
405 2650 492 2675 Horto
506 2656 531 2674 et
543 2649 605 2674 foco
618 2654 710 2676 contra
728 2649 906 2676 inuidentium
924 2648 1129 2675 effascinationes
1148 2646 1232 2674 dicari
1250 2648 1325 2673 vide·
1385 2650 1464 2675 etiam
1478 2649 1616 2675 submoues
1641 2651 1821 2685 (scriptorem,
1846 2658 1875 2673 ne
1886 2648 1974 2674 audeat
1986 2655 2009 2674 te
2023 2648 2113 2682 adire)
2140 2649 2242 2683 ingenii
2255 2649 2382 2682 fascibus,
2405 2653 2438 2683 ixx

285 2695 343 2711 mus
358 2685 386 2710 in
400 2683 520 2710 remedio
534 2684 642 2715 satyrica
661 2683 738 2718 signa.
808 2686 846 2711 De
867 2684 992 2710 hortorum
1015 2685 1108 2718 Priapo
1129 2693 1168 2710 res
1185 2690 1258 2709 nota:
1296 2683 1324 2709 de
1331 2689 1367 2717 70
1380 2688 1569 2721 praerogatiua,
1583 2694 1654 2720 quam
1666 2685 1710 2710 dat
1722 2684 1769 2710 tibi
1776 2687 1801 2709 in
1822 2686 1910 2710 enium.
1980 2684 2067 2710 Fasces
2075 2684 2168 2718 populi
2176 2691 2225 2720 pro
2233 2683 2428 2721 Alagtstratibu?

279 2721 342 2756 foco
359 2719 410 2746 vid.
424 2718 528 2751 historia
537 2739 544 2751 ‚
561 2728 632 2754 quam
646 2726 735 2745 narrat
749 2718 852 2750 Ρ1111.36
864 2725 928 2745 extr.
964 2726 986 2744 et
1001 2719 1100 2745 Arnob.
1114 2727 1127 2751 ς
1145 2728 1169 2752 p.
1183 2721 1229 2751 169
1255 2728 1266 2745 e
1278 2727 1326 2753 qua
1384 2728 1407 2747 et
1415 2720 1556 2752 honoribus,
1568 2723 1612 2755 qui
1624 2729 1638 2746 a
1641 2721 1731 2756 populo
1740 2722 1812 2755 prae]
1825 2726 1902 2746 antur
1921 2719 2191 2754 Virg Ge01-g.2,495
2214 2720 2279 2747 Non
2289 2721 2363 2747 illum
2378 2730 2426 2756 po.

285 2765 335 2781 mos
348 2756 389 2780 ille
403 2755 501 2780 uidetur
514 2753 674 2780 ἀει-1001111111.
742 2754 808 2780 Plin.
823 2759 863 2785 28,
877 2763 895 2786 4
909 2755 926 2779 s.
936 2761 952 2787 7
985 2754 1101 2789 Infantes
1114 2754 1245 2788 religione
1260 2760 1326 2780 tuta-
1386 2756 1443 2790 puli
1458 2756 1551 2788 fasces,
1575 2764 1630 2782 non
1645 2764 1759 2790 purpura
1772 2764 1863 2790 regum
1899 2756 1918 2781 F
1921 2755 1996 2781 lexit.
2073 2755 2129 2781 Cic.
2143 2764 2193 2789 pro
2205 2756 2292 2782 Domo
2307 2764 2342 2788 24
2361 2766 2382 2783 c.
2396 2763 2431 2784 10

286 2796 330 2817 tur
342 2796 367 2815 et
381 2790 516 2819 Fucinus,
540 2790 731 2823 Imperatorum
744 2797 867 2823 quoque,
893 2797 946 2814 non
966 2788 1049 2815 solum
1068 2789 1209 2815 infantium
1225 2789 1326 2821 custos,
1386 2791 1485 2818 Nullus
1498 2791 1570 2817 locus
1583 2791 1649 2817 orbe
1663 2797 1791 2817 terrarum
1808 2799 1903 2817 vacuus
1922 2790 2140 2817 extraordinariis
2152 2790 2264 2817 fascibus
2283 2797 2362 2826 atque
2374 2787 2431 2819 ima*

288 2826 335 2860 qui
350 2826 418 2851 Deus
433 2826 502 2851 inter
516 2825 584 2851 sacra
600 2825 717 2850 Romana
731 2833 745 2850 a
767 2823 915 2850 Vestalibus
928 2824 1042 2855 colitur,
1070 2830 1095 2850 ct
1117 2833 1208 2851 currus
1231 2825 1325 2851 trium·
1386 2826 1462 2861 perio
1480 2826 1610 2853 Clodiano
1629 2826 1723 2853 fuisset.
1796 2828 1853 2856 Ita,
1878 2826 2013 2852 Securiurn
2027 2826 2213 2861 virgarumque
2227 2826 2322 2859 petitio
2351 2828 2435 2855 Ter-¹7,

286 2861 424 2896 phantium
441 2860 487 2886 sub
502 2859 542 2886 his
561 2860 675 2894 pendens
696 2859 827 2890 defendit,
857 2859 973 2885 medicus
992 2858 1126 2892 inuidiae,
1156 2863 1174 2886 i.
1194 2860 1325 2886 remedrum
1337 2866 1369 2893 73
1387 2862 1446 2888 tull.
1461 2861 1493 2887 de
1508 2862 1607 2887 Poenit.
1628 2871 1650 2888 c.
1664 2870 1694 2888 11.
1776 2862 1866 2888 Petere
1883 2862 1961 2888 fasces
1998 2862 2101 2888 Lucret.
2113 2869 2225 2893 3,1009.
2261 2864 2280 2888 i.
2299 2863 2445 2892 Honores-s¹

285 2904 372 2923 contra
386 2896 514 2922 inuidiam.
570 2897 637 2921 Hinc
658 2899 685 2921 in
705 2895 811 2931 obscenis
829 2894 871 2928 effe
890 2898 969 2930 coepit
987 2894 1108 2921 Fascinus
1128 2896 1169 2922 vel
1180 2895 1326 2921 Fascinum.
1387 2895 1408 2934 q
1427 2905 1445 2930 4
1482 2897 1568 2923 Fasces
1581 2904 1603 2923 et
1616 2897 1683 2923 Fasti
1701 2896 1823 2933 confundi
1830 2898 1927 2932 solent,
1961 2897 2015 2923 vid.
2035 2901 2158 2923 FASTI.
2191 2915 2193 2917 .
2422 2906 2424 2909 >

287 2933 381 2959 Horat.
400 2932 481 2965 Epod.
496 2938 518 2963 8,
536 2936 560 2960 18
583 2931 704 2957 illiterati
718 2940 781 2957 num
795 2931 884 2959 minus
895 2930 971 2957 nerui
986 2930 1080 2964 rigent,
1088 2931 1209 2956 minusue
1222 2931 1327 2964 languet
1421 2939 1438 2958 F
1448 2939 1489 2959 As
1499 2939 1538 2960 ct
1548 2939 1600 2959 ΛΤ
1610 2940 1618 2958 1
1628 2940 1662 2959 M.
1698 2931 1870 2967 [φακεληδόν]
1924 2931 2053 2966 Quinctil.
2069 2940 2086 2962 1,
2099 2939 2132 2963 4,
2145 2938 2179 2956 20
2205 2931 2329 2966 recensens
2341 2935 2424 2970 appel·
2439 2952 2442 2959 .

286 2967 431 2993 fascinum?
500 2968 558 2993 Vet.
573 2966 657 2993 Schol.
689 2967 824 2993 Fascinum
838 2975 885 3000 pro
902 2966 974 2992 virili
990 2972 1062 3000 parte
1076 2966 1179 3000 posuit,
1199 2967 1327 3001 quonjam
1385 2969 1490 2994 latione-s
1506 2968 1622 3003 quasdam
1643 2970 1879 3000 Grammaticorum,
1907 2966 2075 2993 Acliiciebssnt
2099 2971 2124 2991 et
2140 2966 2370 3002 affcuuzuionem,
2392 2975 2423 2997 vt

287 3001 504 3037 praefascinandis
529 3002 607 3028 rebus
629 3002 692 3028 haec
711 3002 825 3029 membri
847 3002 1002 3028 deformitas
1020 3001 1119 3036 apponi
1138 3002 1213 3028 solet.
1286 3004 1327 3029 Ita
1388 3002 1454 3030 heu:
1488 3010 1513 3029 et
1526 3004 1751 3035 attrectationem,
1771 3009 1799 3031 vt
1811 3002 1951 3029 fasceatim.
2004 3001 2077 3036 Conf.
2090 3001 2211 3027 Diomed.
2226 3011 2249 3036 p.
2264 3005 2318 3030 166.
2455 3029 2456 3032 ,

286 3039 370 3073 Priap.
386 3046 416 3072 27
439 3037 610 3064 Paedicabert¹
623 3038 722 3064 fascino
737 3037 831 3072 pedali.
901 3039 932 3064 Et
944 3045 979 3071 79
1013 3037 1121 3064 Fascino
1136 3038 1222 3072 grauis
1243 3044 1325 3064 tento.
1344 3044 1377 3070 80
1422 3046 1438 3065 F
1448 3046 1469 3065 Α
1479 3047 1490 3065 s
1501 3045 1517 3065 c
1530 3045 1564 3066 1c
1574 3038 1611 3064 v'‘1
1627 3046 1648 3064 v
1658 3047 1688 3072 s,
1706 3040 1723 3065 i.
1743 3048 1778 3065 m.
1817 3039 1917 3066 Dimin.
1953 3034 2125 3070 [φακελίδιον]
2160 3038 2362 3075 Paruusfascis:
2381 3045 2422 3074 vt,

289 3075 317 3100 Et
332 3079 358 3105 83
386 3075 477 3107 Priape
497 3089 541 3092 —
562 3073 609 3107 qui
627 3089 672 3093 --
691 3073 756 3099 soles
774 3088 820 3093 —
837 3072 918 3099 ruber
933 3072 1021 3099 sedere
1033 3073 1209 3100 cumrubente
1217 3073 1325 3100 fascino.
1387 3074 1533 3100 Fasciculus
1552 3074 1720 3109 epistolarum
1755 3075 1810 3101 Cic.
1824 3075 1862 3108 Q
1878 3074 1945 3099 Frat.
1962 3080 1988 3102 2,
2012 3080 2044 3097 11.
2117 3072 2156 3099 Sic
2175 3073 2212 3098 Id.
2233 3074 2303 3101 Fam.
2324 3078 2370 3108 16,
2389 3077 2422 3111 26
2455 3088 2456 3092 ¹

288 3111 389 3135 Petron.
406 3118 427 3136 c.
441 3117 474 3140 92
513 3109 616 3134 Fascini
638 3108 760 3136 laciniam
781 3108 864 3143 ipsum
884 3108 1021 3134 hominem
1039 3109 1166 3135 crederes.
1237 3110 1267 3135 Et
1287 3114 1333 3141 ¹38-
1387 3109 1467 3143 Qtod
1481 3110 1616 3136 fasciculus
1629 3110 1694 3137 alter
1706 3109 1737 3135 ad
1750 3117 1792 3136 me
1800 3109 1852 3136 iarn
1866 3108 1918 3135 line
1931 3107 2072 3133 tuisliteris
2086 3107 2196 3142 perlatus
2210 3108 2253 3135 est.
2325 3111 2421 3138 Libro-

290 3145 424 3171 Fascinum
438 3145 567 3170 scorteum
582 3144 684 3178 profert
698 3144 814 3170 Enothea
833 3150 879 3169 etc.
969 3143 1068 3170 Arnob.
1088 3152 1101 3176 5
1119 3153 1143 3179 p.
1157 3147 1200 3179 176
1213 3144 1263 3180 fin.
1295 3146 1325 3170 In
1386 3154 1447 3173 rum
1460 3145 1598 3172 fasciculus
1622 3146 1688 3171 Hor.
1697 3145 1775 3179 Epist.
1790 3154 1809 3176 1,
1823 3153 1854 3177 13,
1869 3153 1902 3176 13.
1972 3142 2107 3177 Colligere
2122 3143 2151 3169 in
2164 3143 2301 3172 fasciculos
2315 3154 2422 3174 manua-

288 3180 380 3207 Liberi
392 3180 521 3206 honorem
535 3180 615 3213 patris
629 3179 731 3214 phallos
745 3179 856 3213 subrigit
870 3179 992 3209 Graecia,
1010 3185 1035 3205 et
1049 3179 1192 3207 simulacris
1204 3180 1327 3207 virilium
1388 3181 1438 3214 les,
1458 3181 1510 3207 vid.
1525 3188 1594 3208 COL
1605 3187 1620 3206 L
1631 3187 1705 3207 IGO.
1776 3181 1832 3206 Cic.
1847 3180 1928 3206 Tusc.
1941 3186 1969 3210 3,
1987 3186 2019 3210 43
2039 3188 2059 3204 c.
2077 3184 2100 3208 18
2135 3179 2295 3207 Fasciculum
2313 3181 2421 3216 (herba-

288 3216 447 3242 fasciuorum
462 3215 600 3241 territoria
614 3215 706 3241 01111813
720 3216 868 3242 florescunt.
937 3215 968 3240 Et
982 3223 1006 3247 p.
1020 3220 1064 3247 184
1076 3222 1141 3241 extr.
1173 3215 1326 3242 Phallorum
1340 3219 1369 3249 85
1385 3227 1440 3244 rum
1452 3217 1608 3244 odoratarum
1620 3216 1763 3251 intelligit)
1790 3215 1822 3242 ad
1840 3223 1913 3241 nares
1931 3213 2100 3246 admonebis,
2126 3214 2247 3241 incendes
2265 3215 2376 3250 odores,
2394 3223 2421 3245 et
2456 3219 2457 3223 ’

288 3252 332 3277 1113
347 3251 562 3285 fascinorumque
575 3250 723 3283 subrectio,
750 3260 816 3285 quos
833 3249 930 3277 ritibus
950 3250 1042 3276 annuis
1062 3250 1153 3277 adorat
1168 3256 1194 3278 et
1212 3252 1328 3277 concele-
1386 3253 1461 3280 sertis
1475 3252 1598 3278 redimiri
1612 3251 1717 3277 iubebis
1729 3256 1755 3278 et
1766 3251 1833 3277 rosa.
1903 3249 2062 3282 Fasciculus,
2078 3256 2204 3285 quantum
2218 3259 2296 3278 manu
2304 3261 2422 3287 compre·
2456 3258 2457 3262 ’

287 3287 345 3313 brat
360 3287 478 3312 Graecia.
568 3287 648 3311 Etiam
663 3293 680 3319 7
700 3296 724 3320 p.
739 3295 786 3318 239
800 3293 844 3321 pr.
877 3285 1047 3312 Delectantur
1063 3287 1112 3311 Dei
1149 3301 1194 3306 ——
1214 3287 1326 3313 fascino·
1387 3288 1467 3314 hendi
1486 3288 1568 3322 potest
1602 3286 1719 3314 Scribon.
1735 3291 1770 3317 83.
1806 3289 1824 3312 i.
1850 3286 2004 3320 manipulus,
2033 3292 2061 3312 vt
2079 3287 2153 3321 vulgo
2173 3286 2252 3313 audit.
2304 3290 2420 3316 Aliorum
2456 3293 2457 3300 ¹

289 3331 347 3348 rum
362 3322 510 3356 ingentium
524 3320 639 3353 rubore,
659 3323 716 3347 licet
729 3328 842 3356 typorum
857 3331 938 3347 errore
950 3324 977 3347 in
987 3319 1134 3354 Salmastana
1147 3321 1206 3347 edit.
1212 3322 1250 3356 stt
1263 3323 1327 3348 faci-
1385 3325 1439 3350 loca
1451 3323 1529 3357 aſj'ert
1542 3322 1619 3349 Rhod.
1635 3326 1663 3348 in
1675 3323 1734 3348 Lex.
1754 3320 1872 3347 Scribon.
1943 3320 2024 3347 Murti
2037 3321 2175 3348 fasciculus
2199 3321 2317 3349 Scribon.
2331 3332 2383 3358 114.

289 3366 393 3383 norum.
465 3357 601 3390 Augustin.
621 3357 652 3382 de
666 3357 695 3382 C.
709 3357 741 3382 D.
755 3359 787 3388 6,
805 3365 821 3389 9
855 3357 961 3391 Priapus
980 3355 1060 3382 nimis
1077 3356 1220 3388 masculus,
1249 3359 1325 3390 super
1427 3364 1443 3384 F
1455 3366 1477 3385 A
1487 3366 1499 3385 s
1509 3364 1570 3385 cle
1583 3365 1602 3384 v
1612 3358 1685 3384 [Aa
1696 3365 1704 3383 1
1715 3364 1742 3388 s,
1762 3365 1784 3382 e.
1821 3354 1881 3382 Adi.
1917 3356 2006 3390 Vegct.
2021 3365 2047 3389 2,
2061 3365 2089 3389 19
2102 3363 2167 3383 extr.
2193 3357 2380 3391 Fascicularia,
2399 3362 2420 3387 i.

289 3393 361 3418 euius
375 3392 585 3418 immanissimum
598 3398 623 3418 et
636 3391 809 3426 turpissimum
823 3392 950 3418 fascinum
963 3391 1051 3418 sedere
1064 3399 1133 3418 noua
1152 3397 1231 3425 nupta
1251 3392 1323 3417 iube-
1337 3397 1373 3421 90
1388 3394 1518 3428 Lignum,
1538 3394 1662 3425 foenum,
1680 3400 1789 3427 aquam,
1810 3391 1935 3422 stramen,
1959 3392 2039 3420 etiam
2062 3392 2176 3427 legitimi
2186 3392 2285 3419 milites
2298 3394 2327 3420 in
2341 3394 2421 3422 castra

289 3427 366 3453 batur
379 3437 453 3453 more
468 3427 643 3454 honestiffimo
663 3434 690 3453 et
713 3426 904 3461 religiofissimo
924 3433 1112 3454 matronarum.
1268 3425 1289 3462 ff
1311 3436 1322 3459 3
1383 3429 1532 3462 portabant.

290 3463 394 3487 Mariua
408 3472 462 3494 res,
475 3463 549 3498 forte
560 3464 651 3490 concha
661 3485 668 3497 ‚
686 3463 832 3489 Fascinum.
903 3463 979 3497 Apul.
996 3462 1071 3496 Apol.
1086 3471 1110 3496 p.
1125 3469 1186 3496 297,
1200 3470 1221 3488 11
1253 3463 1324 3488 Posse
1420 3469 1465 3489 ΡΑ
1476 3471 1488 3489 s
1498 3471 1514 3489 E
1528 3470 1609 3493 Lvs,
1619 3461 1645 3497 fl
1663 3468 1678 3487 Ρ
1688 3468 1709 3488 H
1720 3467 1741 3488 Α
1751 3467 1764 3487 s
1774 3468 1790 3487 E
1801 3467 1817 3487 Ι.
1827 3468 1884 3494 vs,
1905 3461 1924 3488 i.
1945 3471 1979 3490 m.
2015 3463 2160 3497 [φάσηλος]
2214 3464 2295 3490 Genus
2311 3468 2419 3501 nauigii.
2456 3475 2457 3493 ;

290 3496 377 3521 dicitis
391 3497 422 3522 ad
436 3506 476 3523 res
488 3498 613 3525 Venerias
624 3499 707 3526 sumta
720 3498 752 3525 de
764 3497 832 3524 mari
845 3497 933 3531 spuria
946 3504 972 3524 et
984 3498 1094 3530 fascina,
1118 3503 1226 3532 propter
1239 3499 1325 3524 nomi·
1386 3496 1473 3530 Exstat
1485 3499 1590 3533 lepidum
1602 3507 1699 3524 carmen
1714 3496 1811 3523 Catulli
1825 3505 1842 3529 4
1865 3500 1934 3523 cuius
1947 3500 2048 3524 initium
2063 3498 2181 3525 Phaselus
2193 3498 2237 3525 ille
2252 3508 2331 3534 quem
2346 3501 2419 3527 vide-

289 3539 352 3556 num
371 3531 577 3560 similitudinem.
1386 3533 1436 3565 tis,
1457 3533 1587 3567 hospites,
1620 3532 1665 3558 Ait
1677 3532 1753 3558 fuisse
1765 3533 1872 3558 nauium
1887 3533 2038 3560 celerrimus
2051 3541 2096 3560 etc.
2137 3533 2194 3560 Vid.
2208 3534 2240 3569 Is:
2261 3535 2365 3570 Voffius,
2376 3538 2420 3572 qui

329 3572 343 3590 F
354 3573 372 3591 Λ
383 3572 418 3591 sc
430 3565 441 3591 ἵ
453 3574 472 3592 Ν
483 3574 519 3599 0,
538 3573 589 3594 are.
630 3568 789 3603 [βάσκαινω]
830 3569 867 3594 Ex
880 3570 975 3603 origine
991 3569 1084 3594 Graeca
1108 3565 1171 3601 (Est
1183 3570 1246 3593 enim
1257 3577 1273 3594 α
1280 3567 1326 3603 fu-
1338 3569 1370 3596 95
1388 3578 1471 3595 nomen
1489 3577 1504 3595 a
1524 3569 1654 3603 leguminis
1678 3567 1752 3593 faseli
1778 3569 1818 3594 vel
1838 3568 1930 3595 faseoli
1951 3570 2111 3605 qualicunque
2127 3568 2293 3603 similitudine
2312 3570 2418 3598 deducit.

291 3607 347 3627 turo
361 3611 374 3626 2
388 3602 499 3631 βασκανῶ
508 3621 516 3633 ,
532 3609 562 3628 vt
574 3613 589 3629 a
600 3606 708 3636 μηχανῶ
720 3604 874 3635 machinor)
888 3601 1018 3639 fignificat
1030 3602 1128 3638 aspeflu
1140 3610 1209 3629 toruo
1224 3603 1326 3636 laedere,
1387 3604 1443 3630 Cic.
1457 3605 1508 3630 Att.
1523 3612 1548 3635 1,
1562 3611 1585 3634 13
1595 3609 1638 3637 pr.
1670 3602 1794 3629 Tertiam
1804 3623 1811 3635 ,
1827 3613 1919 3638 quam,
1938 3610 1967 3631 vt
1981 3605 2088 3635 scribis,
2106 3613 2200 3631 ancora
2215 3605 2298 3632 soluta
2312 3605 2344 3632 de
2357 3606 2419 3641 pha-

290 3637 331 3662 vel
343 3635 479 3669 interfice-re
492 3637 566 3668 adso,
585 3640 714 3674 quodfieri
724 3639 800 3675 poste,
819 3641 893 3674 vulgo
906 3638 1050 3664 credebant:
1086 3637 1119 3667 es?
1131 3642 1193 3664 enim
1205 3640 1326 3669 βασκαίνω
1386 3640 1440 3666 selo
1454 3639 1555 3666 dedisti.
1625 3639 1656 3664 Et
1674 3638 1725 3664 ΑΜ.
1742 3646 1780 3671 14,
1795 3641 1822 3664 16
1830 3646 1872 3673 pr.
1897 3639 2031 3666 Phaselum
2044 3641 2182 3674 epicopum
2196 3647 2320 3672 memorat,
2338 3645 2357 3668 i.
2376 3644 2420 3676 qul

291 3672 359 3697 velut
372 3672 525 3710 φάε-(1110110.)
539 3674 614 3697 oculis
627 3683 691 3700 neco.
763 3676 837 3709 Virg.
851 3674 903 3701 Ecl.
916 3681 944 3705 3,
964 3682 1006 3705 103
1038 3674 1136 3700 Nescio
1149 3674 1208 3708 quis
1221 3680 1325 3701 teneros
1385 3678 1459 3701 remis
1472 3681 1593 3710 ageretur.
1661 3673 1734 3707 Virg.
1750 3674 1843 3708 Georg.
1857 3684 1891 3708 4,
1908 3681 1952 3705 288
1986 3677 2016 3702 Et
2036 3677 2134 3701 circum
2153 3674 2230 3709 pictis
2252 3676 2361 3704 vehitur
2373 3678 2418 3704 sua
2444 3687 2445 3690 ¹

292 3706 381 3732 oculus
390 3705 665 3740 nubilascmatagnos.
705 3710 762 3736 Vici.
772 3710 849 3737 Corda
859 3709 922 3736 adh.
931 3710 948 3735 1.
970 3716 993 3735 et
1004 3709 1069 3735 Plin.
1078 3717 1104 3743 7,
1113 3718 1127 3735 2
1146 3710 1199 3736 Effe
1218 3725 1263 3730 —
1276 3710 1322 3744 qui
1385 3719 1448 3737 rura
1460 3709 1554 3736 faselis.
1625 3708 1730 3734 Seruius
1740 3729 1747 3740 ,
1765 3712 1783 3735 ι’.
1799 3710 1924 3737 breuibus
1938 3711 2067 3737 nauiculis
2076 3729 2084 3742 ,
2101 3709 2197 3744 quibus
2211 3717 2335 3744 Vtuntur,
2356 3713 2431 3739 cum'
2461 3705 2466 3719 ‘

291 3742 349 3768 visu
364 3741 636 3780 qiioqireeffascimrit‚
655 3743 859 3780 iuterimantque
874 3753 940 3779 quos
953 3744 1053 3770 diutius
1065 3744 1230 3776 intueantur,
1250 3745 1378 3771 iratistoo
1386 3745 1541 3780 stagnauerit
1556 3743 1643 3770 Nilus.
1685 3775 1687 3779 y
1720 3744 1817 3772 Sallust.
1837 3746 1904 3773 Hist.
1924 3755 1937 3778 3
1971 3746 2001 3772 Et
2021 3746 2090 3772 forte
2106 3746 2133 3771 in
2154 3747 2302 3780 nauigando
2320 3747 2416 3774 cohors
2442 3751 2462 3756 ”“

291 3777 430 3811 praecipue
446 3775 538 3802 oculis.
592 3777 660 3802 Aioi.
675 3781 727 3804 uir-i
739 3779 805 3805 1Ιοῦἳὶ
823 3781 857 3806 ad
873 3782 945 3807 Grat.
961 3782 1023 3813 406.
1056 3786 1079 3805 et
1098 3780 1192 3806 Markl.
1210 3780 1244 3806 ad
1262 3781 1323 3807 Stat.
1384 3790 1449 3812 vna,
1469 3779 1560 3814 grandi
1574 3779 1655 3805 faselo
1667 3779 1755 3814 vecla,
1778 3789 1793 3807 a
1811 3782 1918 3808 caeteris
1932 3781 2071 3807 deerrauit.
2141 3781 2239 3808 Laudat
2256 3783 2311 3809 h.1.
2331 3789 2354 3809 ee
2365 3785 2418 3810 alia

291 3812 355 3838 Silu.
371 3821 398 3844 4,
412 3816 435 3843 8,
450 3814 486 3838 16.
523 3811 570 3837 Sed
582 3812 679 3837 eandem
693 3816 743 3838 uim
757 3813 798 3847 eff»
813 3816 909 3851 linguae
923 3818 996 3841 etiam
1009 3815 1097 3841 ibidem
1109 3823 1213 3846 narrat,
1231 3815 1256 3848 fi
1274 3826 1325 3842 cre·
1401 3815 1499 3842 uaedam
1513 3815 1584 3841 Non.
1599 3822 1631 3845 13,
1644 3822 1661 3849 7
1687 3819 1730 3851 qui
1742 3817 1904 3851 Campanum
1917 3816 2054 3850 nauigium
2066 3818 2111 3841 ait.
2182 3817 2245 3843 Αᾶ3
2255 3818 2339 3844 ventis
2353 3818 2418 3848 fase·-¹

288 3848 348 3878 das,
368 3848 485 3877 Plinius;
519 3852 541 3872 et
553 3847 669 3872 Catullus
681 3855 711 3880 7.
726 3857 748 3874 1:
784 3850 855 3875 Tam
873 3857 898 3876 te
916 3850 983 3877 bafia
1002 3850 1084 3876 multa
1104 3850 1200 3877 basiare
1219 3852 1323 3878 Vesano
1396 3860 1425 3877 us
1456 3849 1537 3876 Ouid.
1553 3850 1642 3876 Amor.
1659 3859 1685 3879 2.
1700 3860 1742 3884 10,
1757 3861 1780 3883 9.
1852 3852 1958 3879 Fifflles
1980 3851 2054 3877 faseli
2070 3851 2132 3885 fimt
2164 3852 2281 3879 quenal.
2297 3861 2339 3885 15,
2363 3861 2417 3887 127.

287 3883 346 3909 satis
359 3888 384 3909 et
398 3883 474 3922 super
487 3881 591 3922 Catullo
605 3882 640 3908 est
650 3902 658 3915 ‚
684 3885 759 3916 Quae
769 3893 816 3910 nec
830 3894 1014 3919 pernumerare
1027 3885 1122 3913 curiosi
1147 3887 1256 3920 Pomm,
1276 3895 1323 3912 nec
1383 3885 1512 3919 Fragilem
1527 3884 1657 3918 phaselum
1671 3886 1773 3913 soluere
1800 3888 1893 3914 Horat.
1906 3887 1956 3914 Oa.
1969 3895 1997 3918 3,
2011 3895 2042 3917 2,
2057 3894 2095 3917 29.
2165 3887 2247 3913 Ouid.
2260 3897 2291 3914 ex
2305 3889 2377 3915 Pont.
2390 3896 2417 3920 1,
2436 3906 2437 3910 =

285 3919 353 3945 mala
364 3918 491 3945 fascinare
510 3917 607 3953 lingua.
1321 3927 1366 3955 105
1383 3929 1420 3954 10,
1434 3928 1464 3952 39
1498 3921 1552 3946 Vos
1565 3920 1622 3947 estis
1638 3921 1729 3955 fragili
1744 3922 1820 3949 tellus
1831 3931 1886 3949 non
1899 3923 1963 3949 dura
1977 3921 2098 3955 phaselo,
2122 3930 2182 3957 quaa
2189 3923 2249 3958 scil.
2264 3924 2358 3959 naufra
2391 3931 2415 3948 m

2311 3959 2358 3985 mol
2366 3961 2414 3984 iter
