2479 4225
673 206 942 251 EXP

624 299 801 335 Expolitiones
820 295 939 329 Vtrisque
950 294 1068 321 nostrum
1084 295 1139 320 suut
1153 294 1181 320 in
1193 292 1316 320 manibus

701 332 888 360 Aedificiorum
907 331 1079 365 expolitiones
1100 330 1204 355 Vitruu.
1221 330 1237 354 6
1254 336 1317 356 extr.

285 227 341 268 531

287 310 313 332 et
329 303 494 334 Philotimus,
507 307 553 329 etc.

288 342 342 367 Cic.
364 338 396 365 ad
414 339 449 372 Q
474 339 542 364 Frat.
565 345 592 369 3,
609 345 629 369 3.
867 366 871 370 ·
1066 367 1070 370 Ι

286 379 316 402 it.
338 383 364 408 7,
382 383 406 406 9.
477 374 506 400 In
519 373 608 400 verbis
621 370 684 397 inest
699 367 766 402 qnasi
780 372 890 392 materia
903 366 1045 400 quaedam,
1064 374 1091 391 in
1106 372 1216 390 numero
1229 371 1316 390 autem

287 410 418 444 expolitio
437 409 494 436 Cic.
509 409 536 434 in
550 410 621 434 Orat.
637 411 684 436 183.
704 403 732 428 de
749 405 791 431 its,
804 410 864 436 quae
876 401 995 428 condiunt
1015 405 1156 428 orationem.
1231 399 1318 426 Artifi-

288 446 356 472 ciosa
379 445 480 470 inuenti
501 442 626 477 expolitio
646 439 716 464 Idem
738 437 769 462 de
790 437 892 463 Inuent.
912 445 931 468 1,
945 445 981 472 74
1001 447 1022 464 e.
1035 446 1078 469 40.
1149 435 1273 461 Artificio
1292 440 1318 461 ct

286 481 451 515 expolitione
463 478 579 505 distincia
594 474 678 500 oratio
695 473 732 498 Id.
747 472 779 497 de
794 473 867 498 Orat.
883 481 901 504 1,
916 481 953 505 50,
1025 474 1063 499 De
1076 471 1240 506 expolitione
1259 479 1317 497 ora-

286 517 368 543 tionis
386 516 459 542 Auci.
473 515 503 540 ad
518 514 613 538 Heren.
628 518 653 540 4,
667 516 698 539 54
718 516 738 533 c.
753 516 787 540 42
818 508 951 542 Expolitio
966 508 1015 539 est,
1035 517 1093 534 cum
1108 509 1136 533 in
1150 506 1243 532 eodem
1257 506 1317 532 loco

288 551 473 588 (argumento)
499 552 645 575 manemus,
665 550 689 568 et
708 542 778 568 aliud
804 548 881 577 atque
904 543 975 570 aliud
999 544 1086 570 dicere
1110 543 1241 568 videmur.
1272 556 1317 561 ——

287 586 514 615 Commutabimus
543 578 684 613 tripliciter
697 597 705 610 ,
731 578 836 612 verbis,
860 579 1055 614 pronuntiando
1068 599 1077 611 ,
1107 576 1244 605 tra&aiido
1271 584 1317 603 etc.

290 625 369 652 Totus
384 624 443 647 enim
455 620 518 644 locas
534 616 579 641 huc
590 618 707 649 pertinet.

324 664 340 684 Ε
352 666 368 684 χ
377 664 391 682 p
401 662 418 679 o
428 661 451 679 M
461 660 474 678 Ρ
483 659 501 677 0
511 671 517 681 ,
537 655 587 676 arc.
624 649 696 682 Qiid
715 649 808 676 times?
826 649 943 676 inueniri
961 655 986 676 et
1000 648 1137 676 damnari?
1160 647 1279 674 inueniri
1292 653 1318 674 et

286 689 452 726 expompari?
472 687 576 719 August.
592 685 670 711 serm.
685 693 698 710 a
711 685 852 711 Sit-mondo
872 685 934 712 edit.
951 694 977 711 12
998 695 1023 720 p.
1038 694 1092 717 140.
1117 687 1136 711 i.
1155 682 1318 716 dehonestari,

277 731 377 766 publica
388 730 473 758 pompa
487 722 520 747 ad
532 721 680 756 Jitpplicium
695 719 760 746 duci.

321 770 335 788 Ε
346 769 362 787 x
376 766 389 784 P
399 766 417 785 o
428 764 490 789 No,
509 757 547 783 sui
557 777 564 788 ,
583 765 677 787 suum,
699 759 751 782 ere.
789 754 941 789 [ἒκέῗοίλλω,
956 755 1093 789 ἒκτέᾶημι]
1129 756 1207 781 Extra
1217 761 1316 789 ponere.

283 799 403 830 frequens
419 791 450 825 qli
465 796 491 818 in
504 801 529 817 re
542 793 640 822 nauali,
658 801 711 816 cum
724 794 854 818 interram
870 792 1006 818 educuntur
1024 801 1035 817 e
1048 791 1152 817 natabus
1165 792 1266 821 milites,
1280 789 1321 815 vel
1345 796 1371 822 ις

596 827 670 860 Virg.
686 827 750 853 Aen.
765 836 803 858 10,
817 832 861 856 288
887 828 976 853 Socios
990 827 1020 853 de
1033 827 1162 861 puppibus
1175 826 1233 852 altis
1253 826 1318 851 Pon-

281 867 352 893 tibus
367 869 506 897 exponunt.
564 863 636 889 Caes.
652 863 678 888 Β.
693 863 724 888 G.
739 872 767 895 4,
782 870 813 896 37
844 862 950 895 Quibus
971 871 1003 888 ex
1017 865 1128 888 nauibus
1146 870 1227 896 quum
1240 861 1318 886 css‘ent

280 900 391 934 expositi
410 900 518 925 milites.
575 899 642 924 Hor.
662 898 742 925 Serm.
759 907 778 930 1,
793 907 814 930 ς,
829 906 858 930 23
899 899 998 931 Qiarta
1018 898 1063 923 vix
1083 898 1187 923 demum
1209 896 1317 930 exponi-

281 946 341 962 mur
356 935 429 961 hora.
501 934 598 968 Copias
619 934 647 960 in
662 940 758 960 terram
776 934 837 959 Liu.
851 942 886 965 23.
924 934 995 960 Caes.
1010 934 1037 960 B.
1051 934 1083 959 G.
1098 942 1120 966 ς,
1133 942 1149 966 9
1168 933 1261 958 Caesar
1275 939 1317 957 ex-

278 972 362 1006 polito
370 971 507 1002 Exci-citu,
525 979 552 996 ac
572 970 632 997 loco
646 969 734 995 castris
748 968 845 995 idoneo
859 974 941 1003 capto.

277 1007 388 1033 interim
409 1007 470 1032 dum
490 1006 612 1036 eraut-io,
631 1004 694 1031 dum
711 1014 816 1039 expono
830 1005 980 1031 Exercitum
1000 1004 1028 1030 in
1042 1005 1175 1036 Africam,
1194 1003 1257 1029 dum
1277 1011 1317 1029 ca-

277 1043 328 1069 stra
347 1042 376 1069 ad
398 1041 584 1075 Carthaginem
603 1048 821 1075 promoueo,etc.
895 1040 994 1067 Filium
1015 1048 1148 1074 exponere
1169 1040 1316 1071 interram,

270 1078 330 1115 scil.
352 1079 372 1104 Ε
388 1079 456 1104 Naui
470 1077 543 1103 Caes.
558 1077 586 1103 Β.
602 1078 632 1103 C.
647 1085 667 1109 1,
682 1085 714 1108 3¹-
750 1077 818 1111 Nep.
837 1085 863 1109 z,
879 1081 901 1108 8,
915 1084 940 1110 7.
977 1076 1018 1102 Sic
1038 1077 1105 1102 Hor.
1120 1076 1201 1102 Serm.
1217 1084 1236 1107 1,
1250 1083 1271 1107 ς,
1287 1083 1317 1100 20

274 1112 338 1149 paff.
359 1114 467 1148 Iamque
488 1112 544 1139 dies
565 1112 654 1138 aderat
674 1121 732 1138 cuin
752 1112 789 1138 nil
810 1112 951 1146 procedere
971 1111 1077 1137 lintrem
1102 1111 1248 1140 Sentimus;
1270 1117 1315 1136 etc.

278 1150 378 1182 Quarta
390 1149 436 1174 vix
450 1148 555 1174 demum
569 1147 727 1182 exponimur
744 1147 818 1174 hora.

275 1184 391 1211 ficcescat
404 1184 536 1211 Columel.
551 1191 587 1215 12,
603 1188 642 1213 28.
714 1184 887 1218 Frumentum
901 1181 1031 1209 aduehere
1044 1189 1068 1208 et
1081 1191 1212 1216 exponere
1234 1186 1317 1207 uenale

276 1221 332 1247 Cic.
348 1220 399 1247 Off.
416 1228 438 1252 3,
453 1227 486 1252 51.
558 1219 630 1244 Idem
645 1228 693 1253 pro
707 1220 826 1245 Muraen.
840 1226 870 1253 7,-
891 1228 911 1244 c.
925 1221 954 1250 36
995 1219 1062 1244 Vasa
1080 1219 1166 1244 Samia
1185 1224 1316 1251 exponere

273 1254 443 1290 intempestiua
450 1255 595 1291 frugalitas
610 1252 652 1287 est.
690 1255 729 1280 Sic
743 1256 817 1280 Verr.
833 1263 861 1287 4,
876 1262 902 1286 33
928 1255 1017 1287 Qlum
1038 1254 1114 1280 essent
1128 1253 1244 1280 triclinia
1258 1252 1317 1278 stra-

274 1297 315 1321 ta,
335 1297 471 1325 argentum
486 1289 631 1324 expositum
646 1290 674 1316 in
688 1290 804 1317 aedibus.
842 1290 969 1325 Infantem
983 1297 1108 1324 exponere,
1121 1290 1235 1315 Abu'cere
1248 1286 1280 1320 est
1294 1294 1317 1313 ct

267 1327 337 1363 sorti
356 1336 385 1352 ac
399 1327 521 1362 fortunae
541 1329 698 1352 committere.

275 1371 297 1388 c.
319 1370 352 1396 27
372 1364 509 1388 coniunxit.
558 1361 639 1388 Plaut.
653 1361 716 1387 Cist.
733 1370 752 1393 1,
766 1370 787 1393 3,
801 1366 825 1391 18
858 1362 909 1387 Dat
927 1369 984 1387 eam
1003 1361 1114 1394 puellam
1134 1361 1158 1385 ei
1177 1360 1253 1385 seruo
1273 1367 1314 1384 ex-

272 1399 421 1432 ponendam
440 1397 470 1423 ad
486 1406 585 1423 necem.
642 1397 709 1423 Ter.
724 1398 820 1428 Heaut.
834 1407 860 1430 4,
875 1405 894 1428 1,
909 1405 938 1430 37
969 1397 1058 1429 Qmm
1078 1395 1258 1430 exponendam
1279 1394 1314 1420 do

272 1434 331 1464 illi,
349 1434 379 1459 de
393 1434 478 1468 digito
490 1433 616 1458 annulum
630 1432 754 1458 detraho:
776 1438 800 1458 et
821 1441 881 1458 eum
896 1432 957 1458 dico
973 1440 1001 1457 vt
1021 1441 1071 1458 vna
1090 1440 1149 1457 cuin
1171 1431 1257 1465 puella
1271 1439 1314 1456 ex-

273 1475 390 1504 poneret.
448 1470 506 1494 Liu.
523 1477 542 1500 1,
555 1477 572 1501 4
594 1469 624 1494 In
645 1469 764 1502 proxima
777 1467 947 1499 alluuie,vbi
961 1476 1028 1493 nunc
1042 1467 1105 1493 ficus
1118 1466 1264 1493 Ruminalis
1279 1466 1315 1492 est

280 836 414 868 generatim
432 827 552 854 vechner.

271 1504 460 1537 (Romularem
476 1510 595 1530 vocatam
609 1504 715 1534 ferunt)
736 1512 828 1537 pueros
849 1509 992 1536 exponunt.
1028 1503 1096 1529 Add.
1109 1502 1198 1529 lustin.
1215 1511 1234 1534 1,
1248 1512 1274 1534 4,
1288 1510 1349 1539 7.33

272 1540 391 1566 Lactant.
407 1543 432 1572 6,
448 1549 486 1566 20.
524 1541 590 1565 Hinc
603 1546 626 1565 ct
639 1542 690 1564 alm
702 1539 798 1573 exponi
816 1538 934 1564 dicuntur
948 1545 970 1564 et
987 1538 1116 1572 exposita,
1135 1547 1195 1573 quae
1208 1538 1272 1573 Jimt
1286 1541 1313 1562 in

270 1578 389 1610 periculo.
448 1576 600 1601 Sermonem
622 1575 725 1606 vultus,
746 1574 844 1608 gestuS,
863 1582 914 1599 vox
935 1574 988 1608 ipsa
1009 1573 1175 1600 moderatur:
1192 1572 1312 1607 epistola,

275 1610 400 1635 omnibus
413 1609 686 1635 commendationibus
700 1610 820 1636 destituta
829 1629 834 1639 ‚
847 1609 1006 1643 malignitati
1020 1610 1250 1643 interpretantium
1269 1617 1312 1635 ex-

274 1646 386 1679 ponitur
407 1645 471 1670 Plin.
485 1644 562 1678 Epist.
577 1653 598 1676 ς,
611 1652 627 1678 7
640 1652 704 1670 extr.
773 1646 827 1671 Cic.
846 1647 920 1671 Verr.
936 1653 958 1677 3,
973 1648 989 1671 6
1023 1647 1112 1679 Qmm
1133 1645 1184 1671 tibi
1199 1644 1314 1678 exposita

274 1681 335 1706 essct
350 1680 436 1705 omnis
450 1679 481 1705 ad
503 1679 678 1714 praedandum
694 1680 860 1713 Pamphylia,
878 1687 1014 1706 contentus
1035 1681 1074 1706 his
1094 1687 1146 1706 tam
1161 1682 1259 1715 opums
1273 1689 1358 1715 re·40

275 1715 325 1743 bus
337 1724 391 1741 non
404 1715 486 1740 fuisti.
558 1714 707 1748 Expositum
722 1715 849 1740 medentis
863 1714 976 1741 arbitrio
991 1716 1086 1741 animal
1100 1719 1126 1740 in
1140 1716 1263 1746 mia-hina,
1272 1716 1314 1740 uhi

273 1751 458 1784 commouereft
478 1759 523 1775 uon
539 1748 616 1784 pottst
642 1749 771 1775 Columel.
786 1752 812 1781 6,
828 1758 863 1781 19.
935 1750 1052 1784 Exposita
1066 1750 1160 1775 domus
1174 1749 1315 1783 cupiditati

274 1791 302 1811 et
318 1785 498 1818 voluptatibus
513 1785 569 1810 Cic.
585 1793 633 1818 pro
646 1785 739 1818 Qiint.
754 1792 792 1816 93.
859 1784 931 1810 Idem
946 1786 1057 1818 Philipp.
1073 1789 1095 1815 8,
1110 1793 1142 1816 29
1167 1785 1218 1809 Aut
1236 1784 1316 1809 liber-

273 1826 312 1846 tas
333 1826 418 1853 parata
439 1820 473 1844 est
493 1820 608 1850 vionti,
630 1826 674 1845 aut
693 1829 763 1846 mors
783 1819 896 1853 exposita
920 1820 1002 1845 vieto.
1072 1819 1199 1853 Exposuit
1218 1823 1315 1844 memet

272 1855 374 1889 populo
389 1854 496 1879 fortuna
510 1853 653 1879 videndum
674 1855 754 1880 Ouid.
770 1864 800 1881 ex
815 1856 888 1880 Pont.
903 1864 923 1886 3,
938 1864 957 1887 1,
972 1864 1015 1888 49.

273 1900 295 1916 c.
310 1899 338 1921 23
361 1888 437 1922 Qiasi
454 1888 553 1913 eximio
568 1889 686 1921 praemio
700 1890 802 1913 sceleris
820 1889 952 1921 exposito,
973 1893 990 1915 i.
1006 1888 1131 1923 propo-sito
1150 1892 1176 1913 in
1197 1891 1247 1914 alto
1266 1890 1316 1914 loco

272 1926 308 1952 ad
317 1923 456 1951 inuitandos
472 1923 588 1948 homines.
643 1922 716 1947 Idem
731 1923 762 1947 de
777 1923 850 1947 Orat.
865 1931 873 1947 1
899 1932 919 1947 c.
934 1932 952 1954 4
979 1924 1058 1947 Erant
1078 1922 1139 1947 huic
1161 1922 1248 1946 studio
1262 1930 1316 1946 ma-

273 1961 360 1992 xima,
378 1968 443 1994 quae
464 1967 532 1984 nunc
555 1965 662 1992 quoque
683 1958 754 1987 sunt,
773 1956 887 1989 exposita
902 1956 1017 1989 praemia
1034 1955 1074 1980 vel
1090 1956 1121 1981 ad
1136 1956 1257 1988 gratiam,
1273 1955 1315 1981 rel

273 1997 306 2023 ad
322 2005 392 2030 opes.
431 1996 470 2021 Sic:
484 1993 549 2019 Phil.
563 2002 588 2025 2,
603 2001 644 2025 114
657 2002 677 2018 c.
693 2001 730 2026 44
757 1991 866 2018 Factum
888 2006 932 2010 --
952 1990 1097 2024 expositum
1107 1990 1137 2016 ad
1147 1989 1315 2016 imitandum.

273 2030 295 2067 q
317 2040 332 2058 2
376 2029 415 2063 Est
433 2032 505 2058 ctiam
532 2028 690 2063 [ἓξηγεῖθαι,
711 2026 863 2067 ὁφιζγεῖιθαι]
888 2027 1031 2066 ΒεεΙανανξ,
1046 2027 1182 2061 explicare,
1195 2029 1355 2060 interpre-5o

271 2070 335 2094 ται-ι’.
373 2067 429 2093 Cic.
449 2063 527 2091 Acad.
549 2074 567 2097 1,
582 2073 608 2096 33
626 2073 645 2089 c.
661 2068 674 2093 8
710 2064 794 2089 Cuius
819 2071 881 2096 quas
903 2070 1048 2096 acceperim
1070 2062 1275 2095 disputationes,
1296 2060 1314 2087 fi

271 2102 355 2130 vultis
368 2110 513 2136 exponam,
534 2106 561 2126 ut
582 2108 671 2125 merces
684 2098 746 2134 ficas
758 2104 893 2127 mercator,
909 2103 937 2122 vt
951 2098 1025 2132 vasti,
1038 2100 1080 2132 qul
1093 2098 1234 2123 triclinium
1248 2105 1317 2122 exor-

272 2144 345 2164 mut.
416 2138 549 2171 Exponam
569 2134 646 2163 vobis
666 2134 785 2161 breuiter
802 2132 865 2167 quid
887 2132 1002 2158 hominis
1021 2132 1050 2158 sit
1077 2132 1132 2158 Cic.
1148 2133 1226 2158 Verr.
1240 2140 1264 2162 2,
1279 2138 1315 2163 35.

274 2172 372 2201 Omnia
386 2172 480 2198 ordine
496 2171 554 2197 Liu.
570 2180 609 2203 30,
624 2177 661 2205 17.
733 2169 788 2195 Cic.
803 2169 835 2194 de
847 2167 939 2202 Legib.
955 2176 977 2200 3,
991 2175 1027 2202 47
1047 2166 1125 2201 Apud
1137 2166 1253 2197 eosdem,
1268 2167 1316 2200 qui

273 2208 427 2243 magistratu
447 2207 577 2239 abierint,
604 2205 680 2232 edant
701 2211 726 2232 et
740 2209 887 2239 exponant,
900 2203 966 2238 quid
987 2203 1013 2229 in
1027 2203 1178 2237 magistratu
1196 2203 1351 2237 gesserint&

274 2244 362 2279 deque
377 2244 410 2269 iis
424 2243 549 2270 Censores
565 2241 752 2276 praeiudicent.
823 2240 961 2273 Exponere
979 2244 1005 2265 et
1023 2239 1170 2272 explicare,
1190 2238 1243 2264 vid.
1266 2245 1316 2264 EX-

273 2286 376 2307 PLlco.
447 2278 501 2304 Cic.
516 2277 548 2304 de
562 2277 654 2311 Legib.
672 2285 694 2308 3,
708 2281 741 2309 48
770 2275 905 2309 Qiocirca
923 2274 1017 2300 melius
1032 2274 1068 2301 est
1082 2276 1196 2301 rationes
1210 2273 1316 2305 referri,

275 2316 431 2348 causamque
451 2313 549 2348 exponi
570 2311 735 2339 Censoribus.
808 2310 879 2337 Idem
898 2310 927 2336 in
941 2310 1018 2336 Catil.
1035 2319 1056 2342 3,
1071 2318 1094 2342 13
1110 2319 1132 2336 c.
1145 2311 1162 2336 6
1200 2310 1231 2336 Et
1249 2317 1315 2343 quo-

274 2351 348 2377 niam
368 2349 486 2376 nondmn
505 2348 541 2374 est
560 2348 732 2382 perscriptum
752 2346 1025 2377 Senatusconsultum,
1045 2354 1076 2371 ex
1094 2345 1225 2372 memoria
1237 2344 1315 2371 vobis

275 2386 413 2420 Quirites,
432 2384 496 2420 quid
510 2385 616 2410 Senatus
635 2383 779 2414 censuerit,
798 2390 936 2416 exponam.
958 2381 981 2407 h.
995 2391 1014 2407 e.
1035 2382 1188 2408 memoriter.

274 2422 387 2449 moriter
402 2421 457 2446 Cic.
473 2419 503 2446 dc
517 2420 576 2446 Fin.
588 2428 607 2452 4
627 2427 647 2444 c.
661 2427 679 2444 1.
751 2416 842 2444 Fufius
867 2424 892 2443 et
915 2417 1033 2443 ornatius
1058 2426 1099 2443 res
1117 2417 1196 2451 posset
1218 2415 1316 2450 exponi

276 2456 406 2491 Qiinffil.
422 2465 449 2489 4,
465 2464 488 2482 2.
560 2454 663 2481 Planius
677 2453 776 2488 aliquid
799 2453 854 2479 Cic.
870 2454 940 2479 Fam.
957 2461 976 2485 1,
990 2461 1015 2485 9.
1085 2452 1189 2478 Plenius
1209 2452 1233 2477 se
1256 2452 1315 2477 loco

274 2494 322 2520 suo
335 2492 513 2526 expositurum
526 2491 574 2516 esse
595 2490 732 2524 promittat
758 2488 888 2522 Qninftil.
902 2497 930 2521 4,
943 2496 967 2514 2.
1038 2487 1179 2514 Verbosius
1207 2487 1280 2514 Idem
1293 2495 1316 2519 3,

275 2537 309 2556 ιι.
368 2528 443 2553 Auo.
458 2527 488 2552 ad
503 2528 600 2553 Heren.
615 2534 624 2551 1
639 2534 660 2551 c.
677 2533 704 2557 17
725 2524 898 2551 Commodius
912 2524 948 2550 est
963 2524 992 2550 in
1005 2523 1090 2550 altero
1102 2523 1174 2550 libro
1188 2523 1219 2549 de
1233 2529 1316 2549 caete-

275 2563 314 2591 ris
330 2562 407 2589 rebus
421 2563 539 2596 deinceps
555 2570 694 2595 exponere.

275 2599 330 2625 iam
347 2598 451 2623 videtur
464 2598 530 2623 mihi
546 2596 692 2630 exponendi
707 2602 808 2630 tempus
823 2595 889 2624 dari.

275 2635 336 2664 bur,
358 2643 386 2658 vr
403 2636 475 2658 Artes
490 2632 633 2658 rhetoricas
654 2632 708 2656 Cic.
724 2631 755 2657 de
767 2632 841 2657 Orat.
856 2640 878 2664 3,
891 2639 934 2666 72.

277 2671 303 2697 sc
319 2669 390 2695 Caes.
406 2669 432 2694 Β.
448 2669 477 2693 C.
493 2675 512 2700 ι,
526 2675 564 2692 22.
635 2666 744 2690 Causam
758 2675 846 2691 veram
861 2667 951 2693 verbis
972 2667 1077 2693 Lucret.
1097 2675 1117 2699 3,
1130 2668 1185 2699 964

277 2705 363 2731 filium
381 2702 554 2738 prot'eftionis
569 2706 594 2726 et
611 2699 769 2726 reuersionis
790 2700 849 2726 suae
874 2702 930 2727 Cic.
945 2702 1057 2735 Philipp.
1073 2710 1092 2733 1,
1106 2711 1125 2728 1.

277 2741 386 2766 alterius
410 2738 480 2764 Idem
493 2746 541 2772 pro
553 2735 623 2762 Cael.
640 2742 672 2767 35.

278 2775 389 2802 Fatinus
409 2773 520 2799 alicuius
539 2770 678 2798 manifesto
699 2769 887 2803 deprehensum
907 2776 985 2803 atque
1006 2777 1170 2804 compertum
1197 2772 1252 2798 Cic.
1268 2780 1317 2805 pro

278 2811 383 2837 Cluent.
398 2817 453 2843 142.
523 2808 647 2833 Formam
668 2804 764 2839 optimi
783 2813 914 2838 exponere
934 2803 1121 2831 difficillimum
1141 2805 1176 2831 est
1201 2805 1274 2832 Idem
1290 2806 1318 2832 in

279 2847 354 2873 Orat.
371 2847 409 2871 26.
481 2842 667 2876 Indignitatem
699 2840 811 2866 alicuius
844 2840 883 2866 rei
916 2839 953 2865 Id.
973 2845 1059 2874 anth.
1079 2840 1128 2866 iret
1149 2841 1177 2866 in
1199 2841 1260 2866 exil.
1284 2848 1317 2871 ις.

277 2881 403 2910 Mandata
411 2880 528 2913 jalicuius
546 2878 602 2905 Cic.
616 2877 647 2903 de
660 2876 716 2903 Fin.
730 2884 755 2908 2,
769 2883 812 2908 49.
883 2874 980 2901 Merita
1000 2874 1028 2900 in
1049 2874 1166 2909 aliquem
1187 2875 1319 2908 Quineiil.

279 2928 310 2951 4,
327 2926 348 2949 3.
419 2915 607 2943 Narrationem
622 2913 676 2939 Cic.
691 2913 717 2938 in
730 2912 804 2937 Orat.
821 2919 874 2937 210.

279 2954 355 2979 Orat.
378 2960 398 2983 1,
418 2958 476 2984 227.
499 2948 503 2951 “
549 2951 685 2982 Praecepta
710 2947 820 2973 enodata
841 2946 983 2981 diligenter
1014 2945 1052 2972 Id.
1073 2945 1105 2972 de
1125 2947 1228 2972 Inuent.
1249 2954 1274 2978 2,
1294 2947 1318 2971 6.

278 2989 421 3015 Rationem
436 2986 548 3012 alicuius
561 2985 599 3011 rei
613 2983 721 3011 reddere
736 2988 761 3009 et
776 2991 907 3016 exponere
919 2982 975 3009 Cic.
992 2990 1040 3016 pro
1054 2981 1124 3008 Cael.
1140 2989 1176 3014 33.
1253 2982 1319 3007 Rem

277 3024 369 3050 verbis
391 3023 496 3048 Lucret.
513 3030 532 3053 1,
546 3026 597 3053 833.
669 3019 734 3045 Rem
766 3018 861 3052 gestam
892 3018 1010 3044 breuiter
1037 3017 1092 3043 Cic.
1108 3026 1156 3051 pro
1170 3017 1264 3043 Milon.
1280 3024 1319 3048 23.

279 3059 427 3085 Sententias
441 3057 573 3083 cuiusdam
589 3054 773 3089 disputationis
787 3054 833 3079 suo
847 3053 976 3080 arbitratu
994 3054 1022 3079 in
1042 3053 1133 3087 aliquo
1154 3052 1225 3079 libro
1245 3052 1318 3079 Idem

278 3095 312 3121 de
330 3094 435 3120 Amicit.
451 3101 471 3125 3.
541 3092 694 3118 Sermonem
708 3090 739 3116 de
752 3089 841 3124 aliqua
853 3098 881 3116 re
896 3089 932 3115 Id.
948 3088 980 3115 de
994 3089 1098 3115 Amicit.
1113 3097 1125 3120 3
1146 3098 1166 3115 c.
1181 3097 1200 3115 1.

280 3131 334 3156 Att.
349 3139 366 3159 1,
381 3139 389 3155 1
409 3129 483 3163 Signa
500 3136 566 3162 quae
577 3126 654 3153 nobis
667 3126 777 3157 curasti,
796 3133 824 3151 ea
837 3125 896 3151 sunt
909 3124 941 3151 ad
955 3124 1073 3151 Caietam
1087 3124 1210 3159 exposita.
1246 3124 1319 3150 Sum-

280 3175 352 3192 mam
373 3165 563 3198 cogitationum
579 3163 681 3188 sitarum
703 3161 821 3187 breuiter
848 3161 920 3186 Idem
938 3161 1009 3186 Fam.
1027 3169 1045 3192 1,
1059 3169 1082 3192 9.
1154 3161 1244 3186 Vitam
1258 3159 1320 3185 alte-

280 3202 337 3229 rius
351 3200 493 3234 explicare:
522 3204 600 3232 atque
620 3206 677 3224 eam
698 3198 725 3223 in
744 3196 839 3223 animis
857 3196 991 3228 iudicum,
1008 3201 1034 3222 et
1053 3196 1082 3222 in
1095 3195 1195 3227 oculis,
1216 3195 1321 3230 conspe.

281 3237 380 3271 &uquc
394 3235 514 3262 omnium
533 3242 663 3267 exponere
683 3232 721 3259 Id.
736 3231 828 3259 Diuin.
842 3233 918 3258 Verr.
931 3240 974 3266 27.
1170 3240 1182 3264 3
1220 3231 1322 3266 Obseru.

280 3273 332 3299 Pro
350 3274 486 3298 Numerare
505 3273 531 3295 in
552 3278 578 3295 re
595 3271 740 3303 pecuniaria
759 3268 815 3294 Cic.
830 3268 882 3294 Att.
897 3275 919 3300 ς,
933 3276 951 3300 4
971 3267 1010 3294 De
1027 3267 1116 3302 Oppio

282 3307 354 3341 quod
375 3307 400 3333 ei
422 3311 516 3333 DCCC
536 3303 686 3338 exposuisti.
765 3303 883 3330 Ludibrio
903 3310 1019 3337 exponere
1038 3303 1070 3335 est
1090 3303 1162 3336 Sulp.
1182 3303 1271 3329 Seuer.
1292 3302 1323 3327 de

281 3343 352 3369 Virt.
368 3344 440 3368 Mon.
454 3341 557 3368 Orient.
574 3348 593 3371 1,
606 3348 624 3372 4
645 3337 724 3365 Nihil
738 3338 842 3373 penitus
855 3338 943 3366 omisit
963 3337 1034 3373 quod
1047 3347 1100 3364 non
1114 3344 1247 3372 carperet,
1260 3337 1324 3363 lace-

280 3385 368 3410 raret,
390 3383 541 3411 exponeret.

320 3420 389 3439 nxr
402 3411 563 3443 osi'rvs,
581 3419 613 3443 a,
630 3417 683 3436 um.
719 3408 812 3435 Partic.

284 3457 328 3473 cus
349 3448 413 3473 Plin.
430 3456 463 3479 ις,
479 3455 500 3479 ς,

284 3483 428 3514 seruanda,
447 3482 532 3508 valida
547 3481 680 3515 expositis.
752 3478 887 3513 Expositus
901 3480 986 3506 ventis
1000 3479 1037 3505 Id.
1053 3488 1091 3514 17,
1105 3488 1146 3506 22.

285 3522 327 3542 tus
343 3518 388 3542 sub
404 3518 481 3547 diuo,
501 3517 551 3543 vid.
568 3519 647 3543 Dium
661 3523 683 3542 et
697 3515 797 3542 Diuum
811 3517 838 3540 iri
853 3520 937 3541 D1vs.
1007 3515 1133 3541 Aetion&
1146 3523 1159 3541 a
1172 3516 1219 3542 Cn.
1228 3515 1323 3541 Flauio

902 3549 1014 3576 Colores
1033 3550 1147 3584 pie'tori‚
1167 3550 1197 3576 ad
1220 3550 1322 3576 varian-

974 3585 1050 3611 Die'ta
1070 3591 1096 3611 et
1114 3586 1228 3619 exposita
1243 3591 1268 3612 et
1283 3585 1324 3612 de-

1006 2629 1137 2657 Beneficia
1157 2629 1268 2656 alicuius
1288 2629 1316 2655 in

1247 2666 1317 2692 Con-

1195 2701 1316 2728 Crimina

849 3408 984 3442 [ἔπιθι-νος]
1021 3408 1156 3443 Expositos
1174 3407 1273 3434 solibus
1286 3407 1325 3433 lo-

1217 3478 1321 3513 Exposi-

285 3552 416 3585 eitpositae
436 3553 490 3577 Cic.
511 3552 541 3577 de
561 3553 633 3578 Orat.
654 3560 673 3582 1,
692 3553 735 3581 186
755 3560 775 3578 c.
789 3557 830 3584 41.

286 3586 350 3612 dum
372 3587 480 3620 expositi
512 3587 582 3612 Idem
596 3587 626 3613 de
639 3588 713 3613 Orat.
726 3595 748 3618 3,
764 3589 805 3612 216
823 3595 843 3611 e.
859 3592 899 3620 57.

286 3622 428 3648 monstrata
447 3622 537 3647 omnia
568 3622 604 3647 Id.
622 3632 669 3657 pro
689 3622 795 3648 Cluent.
831 3640 837 3647 .

279 3666 322 3691 ⁴34
341 3667 361 3683 c.
380 3665 406 3683 12.
427 3657 529 3682 Totam
543 3658 642 3682 causam
658 3658 757 3683 Iudices
772 3656 948 3691 explicemus,
968 3661 1047 3690 atque
1060 3662 1120 3682 ante
1133 3658 1223 3683 oculos
1244 3665 1323 3691 expo-

287 3693 360 3720 fitam
374 3691 573 3718 confideremus.
628 3693 720 3717 Oculis
734 3692 864 3726 expositus
878 3691 944 3718 Cels.
960 3698 983 3723 ς,
997 3696 1032 3721 28·
1161 3692 1180 3728 ff
1201 3701 1216 3719 2
1243 3693 1324 3718 Meta-

283 3729 378 3765 phorae
396 3729 453 3753 hinc
473 3727 577 3752 crebrae.
614 3727 667 3751 Cic.
681 3727 791 3761 Philipp.
807 3737 829 3758 2,
843 3735 885 3761 114
917 3726 995 3760 Qiod
1016 3734 1098 3761 quum
1119 3727 1203 3761 ipsum
1223 3728 1322 3754 faetum

285 3773 335 3799 per
349 3765 372 3789 se
387 3762 546 3797 praeclarum
560 3767 637 3794 atque
657 3761 775 3788 diuinum
790 3763 843 3794 est,
862 3769 918 3788 tum
940 3762 1085 3796 expositum
1098 3761 1130 3787 ad
1151 3762 1324 3790 imitandum:

286 3799 457 3861 pracsertim,
473 3804 518 3823 etc.

1013 969 1073 995 Liu.
1088 974 1124 1001 28,
1139 978 1176 1002 44
1195 968 1237 994 Nc
1251 967 1315 1002 quid
1325 975 1360 993 20

874 1147 921 1175 Sed
932 1149 1005 1173 etiam
1018 1148 1136 1173 Foenum
1151 1148 1178 1172 in
1199 1146 1252 1173 sole
1262 1166 1270 1178 ,
1289 1152 1317 1172 vt
1326 1150 1353 1175 ²5

751 1326 888 1360 Exponcre
905 1333 984 1359 atque
1004 1325 1119 1351 abiicere
1138 1325 1207 1350 Suet.
1223 1322 1354 1358 Claud.30

1087 1855 1142 1880 Cic.
1157 1862 1205 1888 pro
1221 1854 1314 1886 Qiint.
1322 1859 1355 1885 45

1260 2379 1360 2406 Me-6Q
1382 2384 1467 2418 gendo
1484 2385 1509 2410 se
1530 2390 1653 2416 vocatus,
1673 2383 1743 2418 quod
1765 2383 1876 2411 facimus
1897 2389 2012 2409 recentes
2027 2392 2041 2409 a
2062 2383 2164 2408 somno.

751 2558 824 2587 Idem
839 2560 910 2586 Fam.
924 2568 944 2592 1,
957 2568 973 2592 9
1008 2560 1045 2585 De
1066 2568 1117 2593 qua
1136 2559 1239 2585 ratione
1259 2564 1315 2584 tota
1329 2558 1359 2588 ⁶5
1382 2571 1403 2588 ς,
1418 2569 1453 2594 33,

925 2597 1042 2631 Iungitur
1062 2597 1100 2620 ita
1118 2597 1199 2620 variis
1211 2596 1317 2620 nomini.
1336 2621 1341 2625 ,

743 2734 851 2760 Errores
870 2736 928 2761 suos
947 2737 1028 2762 alicui
1048 2737 1128 2762 Ouid.
1142 2736 1207 2763 Fast.
1222 2745 1244 2768 3,
1258 2738 1361 2766 626.70

931 2911 1088 2937 Orationem
1110 2911 1181 2936 suam
1200 2910 1272 2936 Idem
1287 2910 1318 2936 de
1330 2910 1362 2938 75

1261 3088 1317 3114 Cic.
1333 3088 1365 3114 80

1129 3229 1204 3293 lene
1217 3265 1358 3298 curasti,83
1388 3268 1475 3300 diens,
1490 3268 1517 3294 in
1532 3267 1573 3298 id,
1587 3276 1620 3293 ne
1634 3267 1676 3292 cui
1699 3268 1818 3294 Romano
1837 3265 1999 3297 traderetur,
2020 3266 2097 3292 fidem
2118 3267 2283 3300 exposceret,
2304 3266 2439 3300 propius-⁴
2457 3264 2458 3267 ’

555 3446 628 3473 Idem
642 3454 682 3479 14,
698 3452 721 3471 21
740 3443 876 3470 Imbecilla
891 3445 951 3470 vina
964 3444 1076 3470 demiffis
1091 3444 1118 3470 in
1131 3451 1228 3471 terram
1242 3443 1366 3476 doliis90

1000 3621 1047 3646 Cic
1078 3629 1125 3655 pro
1142 3621 1216 3648 Rosc.
1234 3622 1363 3656 Amer.9;

593 3795 664 3822 Idem
680 3805 726 3830 pro
740 3797 843 3823 Caecin.
862 3803 893 3832 78
928 3799 982 3831 Qii
1008 3803 1049 3824 tot
1071 3806 1153 3823 annos
1175 3799 1377 3833 ingenium,100
1422 3793 1616 3825 EXPOSTV‘!
1635 3800 1671 3826 Ο,
1692 3800 1744 3823 are.
1781 3797 1915 3832 [ἓξαιτέω]

1780 206 1814 246 Ε
1903 207 1941 248 X
2029 209 2059 249 P
2300 220 2458 267 ,532-

1382 297 1522 331 laboraui,
1538 297 1581 325 etsi
1601 306 1654 324 non
1675 302 1730 324 erat
1749 296 1930 324 laborandum.
1967 297 2007 324 Est
2026 298 2097 324 enim
2117 296 2215 323 obuius
2233 301 2260 322 et
2279 285 2414 330 expositus,

1383 333 1525 368 plenusque
1546 334 1717 361 humanitate.
1756 334 1795 358 lta
1809 333 1870 358 Stat.
1886 333 1948 358 Silu.
1965 341 1987 365 ς,
2002 342 2024 365 3,
2038 336 2091 365 246
2118 334 2190 365 Qud
2212 332 2324 357 referam
2339 338 2414 365 expo-

1383 368 1457 400 sitos,
1478 372 1580 396 seruato
1596 370 1710 404 pondere
1724 377 1819 394 mores.
1888 369 1947 394 Vita
1966 369 2146 394 innocentium
2163 367 2180 393 si
2201 367 2313 401 ingeniis
2331 366 2414 392 homi.-

1382 412 1445 430 num
1464 406 1666 432 criminosorum
1688 405 1716 430 sit
1737 403 1867 438 exposita,
1884 404 2064 438 conquirenda
2085 403 2119 429 est
2135 403 2255 429 conditio
2270 402 2415 429 communis

1341 440 1354 466 5
1381 440 1493 473 periculi
1514 441 1570 467 Cic.
1584 443 1612 467 in
1626 441 1715 467 Partit.
1734 448 1779 472 44.

1418 481 1550 502 EXP081
1561 483 1581 502 T
1590 484 1616 503 E.
1637 477 1704 502 Adu.
1741 474 1807 500 Gell.
1823 482 1845 505 3,
1859 481 1871 498 ε
1890 473 1954 499 Non
1968 473 2080 508 exposite
2096 479 2121 500 et
2134 479 2223 507 aperte
2237 471 2381 499 ostendere.

1420 516 1437 536 E
1449 518 1489 537 xi>
1501 517 1519 537 o
1530 518 1684 538 SIT1C1V
1695 518 1723 543 s,
1744 519 1768 542 a,
1788 519 1842 535 um.
1869 508 1928 534 Adi.
1965 509 2111 543 [ἓκθετικξς]
2149 509 2199 544 Q·
2212 507 2244 541 est
2257 505 2375 539 abieflus,
2388 513 2416 533 vt
2451 511 2459 533 ι·

1377 551 1473 580 pereat.
1508 547 1589 573 Plaut.
1603 547 1688 573 Calin.
1704 546 1770 580 prol.
1783 553 1817 579 79
1835 546 1961 570 Reuertar
1976 543 2007 570 ad
2021 544 2092 570 illam
2106 545 2217 578 puellam
2230 543 2414 577 expositiciam.

1418 588 1433 607 E
1442 589 1460 607 x
1471 588 1485 607 P
1497 588 1516 607 o
1528 589 1561 608 s1
1577 589 1598 608 ‘r
1611 589 1620 607 1
1629 588 1649 606 v
1659 589 1678 607 v
1688 589 1700 608 s
1713 601 1721 613 ,
1740 591 1753 607 a
1762 601 1768 612 ,
1787 590 1840 606 um.
1862 579 1922 606 Adi.
1958 579 2122 614 Expositiuus
2135 580 2213 606 status
2225 577 2414 605 controuersiae
2432 577 2450 604 ἱ».

1344 617 1476 651 10Aggen.
1494 617 1560 645 Vrb.
1576 617 1608 643 de
1622 617 1690 642 Lim.
1706 618 1766 651 Agr.
1782 626 1805 650 p.
1822 618 1860 647 63.
2434 635 2435 638 ,

1379 687 1399 713 E
1416 659 1460 679 Ex
1472 659 1488 678 P
1499 659 1518 678 0
1528 660 1541 680 S
1551 659 1591 680 1'1'
1601 660 1619 679 O
1629 659 1658 684 R,
1677 653 1740 679 oris.
1761 662 1797 678 m.
1834 653 1884 686 Qu'
1899 652 2013 685 Exponit.
2049 649 2271 685 AugustinAEpist.
2286 654 2327 679 80.
2346 647 2416 675 Idem

1419 688 1458 714 ist.
1475 697 1503 714 10
1525 708 1530 713 .

1400 696 1460 750 pEx
1470 730 1484 749 P
1496 696 1539 750 gs
1549 732 1557 750 1
1568 730 1619 750 ‘rv
1629 730 1672 754 M,
1691 722 1709 747 i.
1730 731 1755 748 n.
1795 722 1872 756 Apul.
1887 721 1917 747 de
1931 720 2027 755 Syllog.
2043 721 2130 755 Categ.
2145 730 2170 756 p.
2184 726 2212 753 38
2236 718 2392 754 Appellatur
2404 726 2421 745 a

1381 758 1473 785 Stoicis
1487 760 1573 785 Prima
1590 757 1761 789 constitutio,
1780 758 1822 784 vel
1838 758 1954 783 Primum
1968 756 2120 790 expositum.

1417 801 1482 821 Ex?
1492 802 1510 821 o
1520 802 1532 822 s
1546 802 1553 820 ι
1565 802 1586 821 T
1597 802 1606 820 1
1619 802 1638 820 0
1648 813 1655 824 ‚
1675 794 1742 819 onis.
1762 793 1782 819 f.
1819 791 1945 827 [babeam
1965 792 2089 826 ἐξήγησις]
2127 792 2275 826 Explicatis.
2316 789 2373 816 Cic.
2388 787 2420 815 de
2438 805 2439 812 .

1382 830 1439 856 Fin.
1453 837 1475 862 ς,
1498 850 1504 857 .
1527 851 1532 857 .
1554 829 1663 856 Iunctae
1680 835 1767 855 autem
1787 834 1813 854 et
1829 828 1945 862 duplices
1963 827 2136 862 expositiones
2156 828 2252 853 summi
2269 826 2349 858 boni,
2369 830 2421 851 tres

1381 866 1492 892 omnino
1507 867 1624 892 fuerunt.
1699 865 1832 890 Narratio.
1859 864 1924 890 Plin.
1939 873 1965 896 9,
1980 865 2010 895 36
2031 863 2110 896 Qiod
2124 862 2142 888 si
2158 862 2280 888 haftenus
2294 860 2422 888 transeut·
2433 884 2439 889 ,

1381 907 1421 928 rat
1435 902 1574 936 expositio,
1592 900 1741 928 fraudatam
1754 898 1875 933 profecto
1888 901 1911 925 se
1924 899 2030 925 luxuria
2043 898 2140 925 credat.
2213 897 2345 931 Expositio
2357 893 2426 934 apud¹

1381 943 1489 963 oratores
1500 946 1546 972 pro
1558 935 1726 972 propositione
1735 955 1742 967 ‚
1751 943 1810 970 quae
1825 941 1847 960 et
1857 936 1966 961 Intentio
1977 935 2087 966 dicitur,
2110 941 2133 960 tt
2146 931 2179 966 cst
2192 934 2277 960 Prima
2286 933 2425 967 propojuio

1381 976 1582 999 ratiocinationir
1604 970 1738 1006 Qiinc‘iil.
1758 978 1877 1004 prooem.
1898 975 1921 1002 8,
1936 978 1961 1005 7.
2032 970 2181 996 Sententiae
2210 970 2270 995 suae
2292 966 2422 1002 expositio

1383 1008 1438 1034 Cic.
1452 1008 1483 1034 de
1496 1009 1570 1035 Orat.
1585 1017 1607 1041 3,
1622 1017 1665 1034 201
1679 1016 1702 1032 c.
1717 1015 1752 1039 53.
1826 1006 1924 1031 Rerum
1937 1005 2066 1039 gestarum
2081 1004 2211 1040 Qiinffll.
2224 1013 2251 1037 4,
2266 1012 2289 1035 3.
2363 1002 2423 1029 Cir-

1383 1045 1495 1070 cumcisa
1523 1045 1595 1070 Idem
1615 1053 1644 1077 4,
1659 1052 1684 1069 2.
1758 1041 1902 1068 Credibilis
1936 1041 1974 1068 Id.
1988 1050 2016 1074 4,
2030 1050 2054 1068 2.
2125 1041 2234 1074 Elegans
2263 1045 2290 1065 et
2314 1037 2431 1064 venusta«

1384 1079 1513 1112 Qinffll.
1529 1084 1554 1112 6,
1567 1089 1588 1112 3.
1648 1078 1787 1112 Perspicua
1800 1084 1825 1103 et
1838 1076 1952 1103 dilucida
1961 1096 1968 1108 ,
1980 1085 2038 1102 cum
2051 1076 2179 1111 grauitate
2195 1074 2324 1110 expositio
2344 1072 2442 1111 Antei-,r

1383 1114 1415 1140 ad
1429 1115 1525 1141 Heren.
1539 1125 1566 1149 4,
1582 1124 1611 1148 52
1623 1124 1646 1141 c.
1661 1122 1699 1146 39.
1774 1113 1892 1146 Longior
1911 1112 2047 1146 sequetur,
2064 1121 2092 1138 ac
2108 1111 2230 1146 perplexa
2248 1109 2332 1144 magis
2343 1116 2443 1143 expo-f

1384 1149 1443 1176 sitio
1463 1151 1593 1183 Qiine’til.
1611 1160 1639 1183 4,
1657 1159 1678 1176 1.
1752 1149 1920 1182 Distinguere
1951 1147 2030 1174 breui
2050 1147 2225 1174 interfatione
2250 1145 2434 1180 expositionem

1382 1185 1456 1211 Idem
1470 1195 1497 1218 4,
1513 1195 1534 1212 2.
1601 1187 1698 1213 Facere
1712 1184 1868 1210 credibilem
1883 1182 2074 1217 expositionem
2089 1183 2127 1209 Id.
2140 1191 2168 1216 4,
2183 1191 2207 1208 2.
2270 1180 2435 1214 Simplicemf

1383 1227 1407 1247 et
1421 1221 1563 1247 dilucidam
1577 1221 1772 1256 expolitionem
1784 1219 1862 1246 debet
1882 1219 1980 1245 habere
1993 1219 2111 1245 narratio
2121 1217 2271 1244 ‘defensoris
2297 1215 2375 1242 Audi.
2391 1213 2430 1242 ad·

1383 1258 1480 1283 Heren.
1495 1266 1519 1289 2,
1532 1266 1554 1290 3.
1624 1256 1756 1290 Quinem.
1772 1264 1796 1288 2,
1806 1265 1825 1289 4
1862 1254 1978 1289 Ideoque
1992 1260 2018 1281 et
2036 1260 2108 1280 retro
2127 1262 2203 1288 agere
2222 1249 2434 1286 expositionem?
2448 1269 2456 1293 ¹.

1382 1298 1406 1319 et
1420 1301 1434 1318 a
1454 1293 1540 1319 media
1556 1293 1583 1319 in
1598 1298 1741 1327 Vtramque*
1752 1297 1853 1326 partem
1869 1290 2031 1320 discurrere,
2051 1290 2110 1316 sane
2130 1289 2229 1315 merito
2243 1293 2378 1322 cogantur.
2397 1285 2434 1323 d‘?

1375 1331 1472 1364 pueris.
1546 1328 1676 1361 Qiinffil.
1690 1337 1718 1361 4,
1734 1336 1750 1354 2
1781 1328 1811 1353 In
1833 1335 1886 1361 quo
1900 1335 1995 1360 genere
2009 1326 2131 1360 plurimis
2145 1325 2236 1359 figuris
2255 1324 2306 1350 erit
2319 1322 2435 1349 variana*
2450 1327 2453 1345 ἐ

1382 1364 1413 1390 da
1432 1364 1560 1398 expositio
1575 1364 1605 1389 ad
1625 1363 1803 1397 effugiendum
1823 1363 1939 1388 taedium
1953 1361 2094 1388 audientis.
2289 1356 2311 1395 ff
2331 1368 2352 1385 22
2382 1358 2434 1384 luit«
2453 1379 2457 1384 .

1380 1399 1439 1425 stin.
1456 1408 1476 1432 ι,
1490 1411 1518 1433 4,
1534 1409 1549 1432 9
1573 1399 1602 1425 de
1617 1400 1681 1433 Cyro
1691 1407 1784 1434 puero,
1807 1398 1908 1424 Pastori
1919 1397 1988 1430 regii
2003 1396 2105 1431 pecoris
2117 1404 2228 1430 puerum
2239 1393 2433 1429 exponendum*
2457 1395 2467 1410 a

1380 1435 1498 1461 tradidit.
1536 1436 1614 1462 Forte
1627 1434 1720 1460 eodem
1733 1441 1853 1468 tempore
1873 1439 1899 1460 et
1914 1433 1960 1467 ipsi
1981 1432 2078 1467 pastori
2091 1432 2161 1458 filius
2174 1437 2249 1457 natus
2259 1436 2322 1456 erat.
2360 1429 2461 1465 Eiusm,=

1380 1471 1463 1505 igitur
1476 1479 1543 1497 vxor
1563 1469 1654 1497 audita
1675 1470 1744 1504 regii
1765 1469 1874 1497 infantis
1892 1468 2073 1503 expositione,
2093 1467 2201 1494 summis
2220 1465 2360 1501 precibus,
2377 1457 2452 1511 elcut,

1379 1506 1451 1532 Ideni
1472 1515 1492 1537 1,
1512 1515 1534 1538 ς,
1554 1514 1581 1538 4.
2434 1507 2452 1517 ‘¹

1415 1548 1431 1568 E
1440 1549 1458 1568 x
1469 1549 1483 1567 r
1492 1548 1511 1567 o
1521 1548 1583 1567 SIT
1592 1548 1602 1567 1
1611 1548 1633 1567 v
1641 1547 1662 1566 N
1671 1546 1688 1567 c
1697 1547 1718 1566 v
1727 1546 1743 1565 L
1753 1546 1774 1566 Α
1782 1559 1792 1572 ,
1821 1548 1861 1566 ae.
1894 1539 1915 1566 f.
1956 1538 2058 1565 Dimin.
2093 1537 2207 1565 Hieron.
2245 1535 2345 1563 aduers.
2382 1535 2433 1573 1071

1377 1585 1450 1603 wan.
1472 1585 1492 1605 1,
1505 1584 1546 1602 22.

1415 1619 1431 1638 E
1441 1620 1459 1639 x
1468 1619 1483 1638 P
1492 1618 1512 1638 ο
1521 1618 1542 1637 Ν
1553 1617 1574 1637 Τ
1584 1617 1593 1636 1
1603 1617 1688 1643 FEx,
1708 1610 1764 1637 i'cis.
1783 1619 1820 1636 m.
1857 1609 1984 1637 Sarisber.
1997 1607 2120 1635 Policrat.
2134 1612 2158 1640 8,
2171 1615 2211 1639 23.
2229 1609 2271 1643 qui
2281 1605 2340 1642 fuit
2358 1605 2423 1632 Pon—

1375 1648 1452 1684 ttfex.

1414 1690 1431 1710 E
1442 1691 1460 1710 x
1470 1690 1485 1710 P
1496 1689 1516 1709 0
1532 1689 1545 1709 Ρ
1558 1679 1601 1708 V'L
1612 1688 1631 1709 0
1640 1688 1658 1708 R
1668 1702 1676 1715 ,
1696 1681 1744 1708 ari.
1781 1680 1971 1715 [ἐξαλαπάξαι]
2008 1680 2127 1714 populari
2155 1680 2243 1705 enitus.
2266 1675 2336 1703 Vnde
2439 1688 2442 1699 ι

1416 1725 1433 1745 E
1444 1727 1460 1745 x
1475 1725 1489 1744 r
1503 1724 1521 1743 0
1533 1724 1664 1745 rvLAT
1677 1724 1731 1750 10,
1752 1717 1819 1743 onis.
1840 1716 1860 1742 f.
1896 1715 2087 1750 [ἐξαλάπαξις]
2146 1713 2254 1741 oluniel.
2286 1720 2315 1743 3,
2341 1718 2375 1742 ι,
2398 1712 2426 1739 18

1380 1754 1409 1778 de
1416 1756 1525 1787 Apionis
1540 1753 1649 1784 vitibus,
1670 1752 1771 1778 Pluuiis
1785 1752 1923 1786 ventisque
1937 1758 1962 1778 et
1975 1751 2069 1785 apibus
2081 1750 2194 1777 afferunt
2208 1746 2344 1783 praedam:
2362 1752 2426 1780 ΨΒ·

1381 1796 1441 1812 rum
1457 1787 1587 1812 vocabulo
1601 1792 1710 1819 propter
1723 1786 1788 1812 hanc
1803 1787 2037 1820 expopulationem
2053 1786 2283 1820 cognominantur.

1418 1827 1726 1851 EXPOPVLATOR,
1748 1821 1810 1846 oris.
1828 1830 1862 1846 m.
1899 1821 1976 1855 Apud
1989 1821 2184 1854 Marc.Empii-.
2222 1838 2230 1844 .
2267 1837 2274 1844 .
2311 1836 2319 1843 .
2440 1804 2445 1848 l

1418 1864 1435 1883 E
1444 1865 1461 1882 x
1472 1863 1486 1882 r
1497 1862 1516 1882 o
1525 1863 1543 1882 R
1552 1863 1570 1882 R
1581 1854 1620 1882 to
1630 1861 1648 1882 ο
1658 1875 1666 1887 ,
1685 1855 1742 1886 exi,
1760 1855 1848 1881 cetum
1856 1875 1864 1887 ,
1880 1856 1934 1881 ere.
1972 1854 2120 1888 [aino-nim]
2155 1853 2228 1889 Quid
2240 1859 2262 1879 et
2274 1852 2425 1886 Exporgere

1382 1892 1492 1922 dicitur,
1511 1891 1636 1924 significat
1654 1891 1736 1916 Porro
1754 1899 1831 1924 agere
1849 1893 1932 1925 inquit
1946 1890 2056 1922 Festus,
2080 1889 2127 1916 Sed
2147 1899 2195 1915 non
2213 1889 2243 1914 ab
2264 1888 2350 1920 Agere
2369 1885 2428 1912 duci

1381 1927 1426 1951 hoc
1446 1925 1561 1955 uerbum,
1582 1934 1665 1950 verum
1683 1934 1697 1949 a
1713 1925 1976 1957 Regere,Praeterita
1990 1925 2058 1959 satis
2070 1924 2207 1950 declarant.
2263 1923 2331 1948 Plin.
2347 1929 2379 1953 11,
2391 1925 2428 1955 48

1381 1958 1564 1991 Solidipedum
1580 1966 1655 1983 crura
1668 1958 1754 1982 statim
1769 1958 1834 1983 iusta
1846 1959 1986 1984 nascuntur
1998 1959 2134 1984 mensura.
2154 1957 2241 1991 postea
2256 1957 2426 1991 exporrigen-

1382 1994 1419 2019 tia
1433 1994 1456 2019 se
1471 1993 1559 2018 verius
1574 2001 1652 2027 quam
1666 1992 1815 2018 crescentia.
1872 1993 1942 2018 Hirt.
1955 1993 1984 2018 B.
1998 1993 2054 2019 Afr.
2067 2002 2099 2025 42
2135 1993 2242 2019 Postero
2254 1992 2298 2019 die
2316 1992 2425 2028 propius

1382 2037 1478 2055 eorum
1493 2028 1577 2055 aciem
1590 2028 1703 2054 instituit
1714 2029 1884 2061 exporrigere
1893 2028 2072 2059 munitiones,
2086 2028 2110 2055 h.
2125 2037 2145 2054 e.
2165 2027 2308 2055 Extendere.
2334 2027 2423 2054 Plani.

1382 2064 1472 2091 Pseud.
1486 2063 1554 2099 prol.
1568 2072 1601 2096 24
1620 2063 1761 2097 Exporrigi
1777 2064 1871 2089 melius
1887 2063 1922 2089 est
1936 2063 2040 2090 lumbos
2050 2084 2057 2096 ‚
2077 2070 2157 2098 atque
2169 2064 2298 2098 exurgier.
2353 2062 2428 2089 Ter:

1383 2099 1456 2126 Adel.
1471 2107 1493 2132 ς,
1506 2107 1528 2131 3,
1542 2107 1569 2132 53
1603 2099 1642 2125 Da
1665 2104 1691 2125 te
1714 2099 1796 2125 hodie
1817 2098 1899 2132 mihi,
1917 2100 2059 2134 exporrige
2075 2099 2199 2126 frontem.
2259 2099 2308 2126 Vtut
2325 2098 2422 2125 Donat.

1382 2135 1527 2169 Exporrige
1540 2135 1670 2161 frontem:
1689 2135 1752 2169 quia
1772 2135 1891 2161 contrahi
1913 2136 1941 2161 in
1958 2135 2042 2162 verbo
2058 2139 2107 2167 (an
2120 2134 2301 2166 Prouerbioi)
2316 2134 2422 2160 dicitur.

1382 2171 1412 2196 Et
1427 2170 1509 2196 verbo
1524 2170 1573 2196 islo
1588 2170 1735 2196 ostenditur
1746 2177 1846 2205 quanto
1861 2176 1955 2197 conatu
1967 2171 1997 2197 fit
2010 2170 2043 2198 ad
2056 2170 2237 2205 explicandam
2250 2177 2347 2197 tantam
2361 2175 2432 2202 eon-4

1381 2206 1540 2233 tractionem
1555 2206 1696 2232 senectutis
1711 2211 1737 2232 et
1751 2207 1906 2233 seueritatis.
1961 2207 2031 2232 Hinc
2045 2208 2099 2233 orti
2112 2214 2214 2232 montes
2227 2206 2308 2240 longo
2316 2206 2346 2230 ‘se
2361 2205 2405 2239 iug
2425 2210 2428 2215 ”
2470 2211 2476 2214 ·

1381 2242 1556 2275 exporrigunt
1570 2241 1630 2267 Mel.
1648 2251 1665 2273 1,
1681 2250 1719 2274 19.
1783 2244 1921 2278 Prorogare
1932 2240 2063 2277 fignificat
2083 2242 2138 2267 Sen.
2154 2241 2185 2266 de
2202 2241 2300 2268 Breuit.
2315 2206 2432 2306 Vitae?
2449 2252 2452 2259 ·

1382 2277 1455 2310 Quid
1470 2278 1570 2303 menses
1585 2277 1636 2303 tibi
1651 2283 1677 2303 et
1689 2286 1786 2310 annOS,
1805 2283 1831 2303 et
1844 2277 1950 2311 longam
1963 2277 2090 2310 temporis
2103 2276 2195 2302 scriem
2209 2275 2374 2309 exporrigis?

1418 2319 1434 2338 E
1446 2319 1464 2338 x
1479 2318 1494 2338 P
1505 2320 1524 2340 o
1534 2319 1552 2338 R
1562 2320 1579 2338 R
1588 2319 1603 2339 Ε
1614 2318 1631 2339 C
1643 2319 1664 2339 T
1673 2320 1694 2339 v
1703 2319 1731 2344 s,
1753 2321 1782 2344 a,
1802 2321 1855 2339 um.
1896 2313 1963 2338 Part.
2002 2312 2069 2339 Idem
2083 2311 2142 2347 fere
2163 2311 2226 2346 quod
2239 2305 2429 2344 Experreout'r

1373 2346 1497 2384 siquidem
1511 2348 1614 2379 Festus,
1635 2351 1675 2374 vti
1692 2349 1754 2384 legit
1773 2349 1880 2374 Gronou.
1898 2347 1931 2374 ad
1943 2348 2002 2374 Liu.
2018 2356 2044 2382 7,
2058 2350 2089 2379 36
2115 2344 2291 2380 Expers-cetus
2310 2354 2324 2372 a
2336 2345 2426 2380 porri-v
2454 2364 2455 2370 .

2233 2380 2352 2407 Prudem.
2365 2380 2420 2406 Ha-

1381 2425 1458 2445 mart.
1475 2422 1522 2452 856
1547 2420 1604 2446 Illic
1621 2427 1755 2453 purpureo
1770 2419 1837 2445 latus
1851 2418 2005 2453 exporreoa
2019 2417 2112 2444 cubili.

1416 2461 1566 2482 ExPORTO
1575 2459 1642 2486 ,ara
1660 2453 1805 2489 [ἐκκομίζω]
1826 2455 1904 2481 Extra
1917 2460 2033 2489 portare,
2040 2452 2093 2487 flue
2102 2454 2138 2479 Ex
2150 2452 2201 2479 loco
2212 2455 2368 2486 portamini:
2378 2457 2421 2475 au·

1374 2489 1457 2526 ftrre.
1494 2490 1548 2517 Cic.
1565 2491 1642 2516 Verr.
1655 2499 1682 2522 4,
1696 2498 1725 2521 23
1740 2500 1761 2516 c.
1778 2499 1806 2516 10
1832 2491 1879 2516 Per
1893 2490 1953 2516 istos
1975 2498 2041 2524 quae
2054 2488 2180 2520 volebat,
2200 2487 2229 2513 in
2249 2493 2345 2512 nauem
2356 2483 2424 2510 elam

1381 2525 1539 2560 imponenda
1548 2525 1666 2557 ‚occulte
1686 2524 1847 2559 exportanda
1867 2525 1984 2552 curabat.
2022 2526 2058 2550 Ex
2071 2524 2170 2559 oppido
2184 2521 2258 2549 Idem
2265 2522 2342 2546 Verr.
2356 2525 2426 2553 472

1491 2562 1521 2588 Et
1537 2561 1613 2587 Verr.
1627 2567 1649 2592 5,
1687 2579 1693 2586 .
1732 2580 1738 2586 .
1775 2561 1812 2586 Ex
1834 2561 1971 2594 prouincia
1990 2560 2084 2585 secum.
2157 2559 2193 2584 Ex
2208 2557 2284 2583 Italia
2298 2554 2439 2582 Hieroso-.

1382 2597 1480 2628 lymam
1501 2604 1594 2622 aurum
1618 2595 1760 2630 quotannis
1783 2596 1919 2629 exportari
1945 2595 2026 2621 solere
2058 2595 2114 2620 Cic.
2130 2601 2179 2628 pro
2193 2592 2277 2619 Flacc.
2295 2594 2331 2625 67
2349 2593 2433 2619 c.-28-‘

1382 2632 1499 2659 Calathis
1516 2637 1653 2664 exportant
1672 2632 1745 2665 quod
1766 2631 1879 2656 mulsere
1903 2631 1976 2664 Virg.
1992 2631 2089 2663 Georg.
2103 2638 2126 2661 3,
2141 2636 2203 2662 402.
2274 2627 2351 2653 Tum
2369 2633 2440 2652 tor-u

1382 2676 1447 2702 pora
1473 2667 1530 2693 luce
1556 2672 1689 2692 carentum
1713 2669 1853 2699 eitportant
1874 2665 1950 2691 tetus
1972 2665 2045 2692 Idem
2061 2665 2159 2698 Georg.
2173 2672 2202 2696 4,
2214 2665 2267 2696 236.
2286 2661 2317 2688 de
2330 2661 2445 2697 apibuxa

1382 2704 1556 2730 Frumentum
1575 2701 1604 2727 in
1627 2701 1697 2727 fame
1723 2702 1777 2727 Cic.
1793 2709 1841 2736 pro
1854 2700 1937 2727 Flacc.
1953 2708 1989 2736 17.
2060 2701 2140 2726 Serua
2159 2699 2203 2726 has
2216 2697 2308 2728 aedes,
2331 2706 2364 2723 ne
2378 2695 2430 2731 qui

1382 2748 1474 2765 manus
1495 2737 1614 2764 attulerit
1636 2736 1736 2762 steriles
1757 2737 1828 2762 intro
1843 2736 1874 2763 ad
1896 2746 1957 2767 nos,
1978 2736 2100 2771 grauidas
2115 2736 2185 2761 foras
2200 2739 2322 2769 exportet
2343 2732 2430 2759 Plaut-

1382 2774 1469 2801 Truc.
1485 2782 1503 2799 1.
1519 2781 1540 2805 2,
1553 2782 1581 2805 4.
1652 2772 1808 2806 Exportauit
1819 2772 1945 2803 Syracusis
1958 2780 2078 2806 magnam
2097 2771 2153 2797 vim
2167 2770 2255 2796 mellis
2279 2769 2334 2796 Cic.
2347 2769 2431 2794 Verr.-

1384 2818 1410 2840 2,
1429 2811 1482 2842 ¹76.
1564 2807 1761 2841 Exportandum
1785 2808 1815 2833 in
1837 2807 1943 2834 vltimas
1968 2814 2050 2834 terras
2075 2811 2228 2842 portentum
2258 2804 2331 2831 Idem
2348 2804 2432 2830 Verr..
2445 2838 2447 2841 ι

1385 2852 1405 2876 1,
1419 2852 1455 2875 40
1477 2852 1498 2868 c.
1514 2850 1547 2874 ις.
2434 2846 2448 2870 ¹e*

1420 2885 1436 2904 E
1446 2886 1464 2904 x
1474 2884 1516 2903 Po
1526 2884 1543 2903 R
1553 2883 1574 2903 T
1584 2884 1604 2903 A
1615 2884 1701 2910 Tio,
1720 2879 1787 2904 anis.
1814 2879 1833 2905 f.
1869 2877 2029 2912 [ἐκκόμισις]
2066 2879 2120 2904 Cic.
2134 2875 2187 2903 off.
2207 2884 2229 2907 ε,
2244 2883 2269 2907 ¹3
2288 2884 2309 2900 c.
2322 2883 2335 2906 3
2370 2870 2449 2906 Iam&¹

1383 2921 1449 2939 vero
1461 2918 1486 2938 et
1499 2921 1589 2938 earum
1603 2921 1691 2939 rerum
1701 2934 1708 2945 ,
1717 2915 1813 2948 quibus
1828 2914 2029 2945 abundaremus,
2037 2911 2203 2946 exportati0,
2215 2918 2240 2936 et
2253 2919 2354 2943 earum,
2367 2910 2445 2945 qui-„³
2456 2912 2457 2923 ¹

1384 2948 1432 2974 bus
1450 2957 1601 2982 egeremus,
1623 2949 1757 2980 inueetio,
1779 2956 1848 2976 terte
1865 2950 1936 2976 nulla
1953 2950 2021 2974 ess‘et.
2059 2949 2100 2974 sic
2115 2947 2193 2972 Verr.
2214 2955 2239 2978 2,
2254 2951 2303 2975 185.
2375 2947 2425 2972 Pro
2439 2951 2443 2978 ζ

1385 2985 1475 3010 Einio.
1513 2984 1569 3009 Sen.
1585 2983 1617 3009 de
1632 2985 1735 3020 Tranq.
1752 2986 1828 3011 Vitae
1841 2995 1862 3010 c.
1878 2993 1899 3010 11
1918 2985 1992 3016 Quae
2008 2982 2136 3016 dignitas,
2152 2983 2224 3007 cuius
2239 2990 2293 3007 non
2309 2986 2426 3015 praetex-

1384 3024 1437 3045 tam
1446 3026 1487 3051 ,et
1497 3019 1621 3052 augurale
1636 3026 1660 3045 et
1673 3020 1727 3047 loca
1743 3020 1851 3054 patricia
1865 3020 2025 3045 comitentur
2037 3024 2062 3044 et
2076 3017 2162 3044 sordes
2170 3024 2195 3043 et
2209 3018 2368 3051 exportatio,
2379 3023 2426 3043 etc.

1420 3060 1704 3086 EXPOR'I'ATOR,
1726 3057 1788 3082 oris.
1808 3065 1843 3082 m.
1883 3053 2038 3086 ICt.inDig.
2424 3072 2441 3082 ..

1421 3097 1437 3117 Ε
1451 3096 1467 3116 x
1478 3098 1493 3116 r
1503 3097 1521 3116 o
1531 3096 1548 3115 R
1558 3096 1607 3116 TA
1617 3096 1686 3116 ‘rvs
1696 3110 1702 3121 ‚
1722 3100 1752 3123 a,
1771 3100 1825 3117 um.
1852 3090 1945 3117 Partic.
1982 3088 2073 3114 lustin.
2087 3096 2117 3115 u.
2134 3097 2167 3121 ις,
2181 3096 2192 3120 3
2224 3088 2319 3115 Darius
2338 3088 2438 3115 clauso:
2456 3087 2457 3090 ’

1384 3125 1509 3152 vehiculo
1524 3130 1684 3159 exportatus.
1723 3127 1791 3152 Suet.
1807 3127 1908 3152 Domit.
1924 3134 1945 3151 c.
1958 3131 1986 3158 17
2013 3123 2134 3150 Cadauer
2155 3124 2211 3149 eius
2223 3123 2359 3158 Sandapila
2379 3131 2426 3158 per

1386 3162 1544 3196 vespillones
1559 3167 1732 3195 exportatum.
1769 3162 1863 3188 Seruus
1876 3168 1944 3187 trans
1956 3167 2027 3185 mare
2041 3166 2191 3194 exportatus
2205 3159 2321 3194 Obsequ.
2334 3168 2357 3185 c.
2369 3167 2427 3193 104.

1425 3203 1468 3224 nx
1478 3204 1491 3222 P
1501 3202 1607 3226 osco,
1632 3197 1754 3230 poposci,
1778 3200 1831 3223 ere.
1869 3195 2002 3230 [ἓξαιτέω]
2040 3196 2147 3221 Multum
2178 3201 2202 3221 er
2227 3204 2280 3221 cum
2303 3191 2447 3227 instantias

1379 3231 1433 3267 siue
1454 3232 1539 3259 obnixe
1556 3232 1659 3267 poscere.
1698 3232 1757 3258 Liu.
1775 3241 1856 3264 3o,12
1886 3233 1976 3264 ltaque
1994 3239 2076 3264 quum
2095 3230 2176 3256 modo
2193 3229 2312 3256 dextram
2327 3230 2426 3264 ample·
2457 3247 2458 3259 2

1388 3313 1447 3339 que,
1461 3310 1505 3330 etc.
1576 3302 1788 3329 Misericordiam
1807 3301 1949 3336 implorare
1964 3307 1988 3326 et
2004 3303 2141 3335 exposcere
2155 3301 2210 3328 cic.
2224 3310 2273 3335 pro
2286 3301 2379 3327 Milon.
2393 3308 2459 3335 93

1388 3349 1410 3366 c.
1426 3348 1464 3372 34.
1536 3339 1620 3372 Opem
1634 3339 1703 3364 votis
1721 3337 1801 3364 Ouid.
1815 3339 1878 3363 Met.
1893 3345 1918 3368 9,
1934 3344 1988 3368 545.
2060 3338 2151 3363 Pacem
2170 3336 2290 3371 precibus
2310 3341 2336 3362 et
2354 3336 2425 3363 votis

1388 3375 1449 3401 Liu.
1464 3384 1484 3407 1,
1501 3377 1536 3401 16.
1573 3373 1646 3407 Virg.
1663 3375 1725 3399 Aen.
1740 3383 1762 3405 3,
1776 3376 1818 3399 261
1844 3372 1889 3398 Sed
1906 3373 1975 3397 votis
1988 3372 2160 3407 precibusque
2181 3371 2274 3398 iubent
2285 3373 2425 3406 exposcere

1388 3411 1488 3436 Pacem.
1559 3409 1719 3443 Supplicium
1736 3408 1811 3434 saetis
1833 3407 1907 3433 Catul
1932 3410 1973 3438 62,
1988 3416 2044 3440 203.
2116 3408 2226 3434 Veniam
2247 3407 2347 3433 irarum
2369 3416 2425 3433 cae·
2452 3416 2453 3421 ¹

1389 3445 1508 3477 lestium,
1530 3445 1661 3479 finemque
1675 3444 1738 3479 pesti
1753 3443 1891 3477 exposcunt
1907 3443 1964 3468 Liu.
1979 3452 2002 3475 3,
2014 3451 2032 3477 7
2045 3449 2110 3470 extr.
2181 3442 2330 3469 vieini-iam
2344 3452 2358 3469 a
2373 3441 2441 3470 diis.

1387 3481 1460 3506 Caes.
1476 3481 1503 3505 B.
1518 3481 1548 3505 C.
1564 3489 1587 3512 2,
1604 3487 1624 3512 ς.
1697 3479 1756 3505 Liu.
1770 3486 1796 3511 7,
1809 3487 1844 3510 40
1883 3478 1961 3511 Qiod
1983 3478 2045 3505 deos
2067 3477 2227 3505 immortales
2245 3478 2314 3505 inter
2327 3486 2426 3505 nuncu-
2440 3489 2443 3494 ⁷
2458 3499 2459 3504 .

1388 3514 1470 3549 panda
1492 3522 1554 3540 vota
1576 3514 1733 3548 expoposci,
1752 3513 1807 3539 eius
1827 3522 1869 3539 me
1888 3522 2039 3548 compotem
2059 3515 2115 3540 voti
2133 3523 2181 3540 vos
2201 3513 2287 3539 facere
2308 3514 2424 3548 potestis.
2458 3511 2459 3520 ³

1387 3552 1447 3577 Liu.
1462 3555 1498 3582 38,
1513 3557 1537 3581 31
1559 3550 1613 3582 Qii
1628 3550 1683 3574 eius
1697 3549 1735 3574 rei
1751 3548 1870 3574 auftores
1884 3548 2025 3584 affinesque
2039 3550 2117 3575 essent
2152 3563 2196 3569 —-
2231 3548 2271 3574 Ad
2283 3550 2424 3583 exposcen-
2458 3576 2459 3581 ¹

1388 3586 1436 3612 dos
1450 3595 1492 3612 eos
1507 3584 1640 3618 extemplo
1655 3584 1746 3618 Legati
1761 3584 1981 3611 Lacedaemonem
2000 3584 2064 3611 miin
2080 3586 2143 3610 sunt.
2180 3584 2218 3610 De
2231 3584 2310 3610 eodem
2324 3595 2350 3611 re
2364 3594 2385 3611 c.
2398 3592 2424 3617 33
2435 3592 2443 3611 ἱ

1388 3623 1499 3656 Legatos
1519 3620 1612 3646 deinde
1631 3619 1699 3645 misit
1719 3619 1748 3645 ad
1769 3619 1942 3653 deposcendos
1961 3621 2082 3647 aridiores
2097 3618 2268 3648 defectionis.
2286 3620 2439 3646 ciuitatem.

1389 3658 1417 3683 in
1432 3666 1493 3691 pace
1507 3656 1638 3684 futuram,
1657 3654 1673 3680 si
1690 3654 1715 3680 id
1731 3655 1856 3685 fecissent,
1872 3656 2009 3690 pollicens.
2047 3656 2115 3689 Nep.
2131 3662 2152 3685 2,
2164 3659 2187 3685 8,
2202 3662 2213 3685 ς
2235 3655 2304 3681 Nam
2318 3664 2376 3681 cum
2390 3655 2423 3681 ab

1390 3691 1591 3719 Atheniensibus
1607 3696 1632 3715 et
1644 3689 1855 3716 Lacedaemoniis
1873 3692 2058 3725 exposceretur
2071 3688 2188 3724 publice,
2208 3691 2350 3724 supplicem
2370 3698 2424 3716 non

1389 3726 1517 3763 prodidit.
1572 3725 1644 3752 Idem
1662 3733 1698 3757 23,
1713 3733 1739 3759 7,
1752 3728 1767 3751 6
1794 3727 1849 3753 Hos
1863 3726 1995 3753 Hannibal
2017 3727 2056 3752 sui
2070 3725 2224 3758 exposcendi
2239 3727 2327 3760 gratia·
2337 3726 2424 3752 missos
2462 3729 2479 3762 J

1386 3769 1468 3790 ratuS.

1962 3797 2115 3823 Vehementer
2128 3802 2244 3831 tauquam
2258 3799 2296 3822 im
2303 3796 2375 3831 finem
2383 3801 2424 3831 po-

299 3835 407 3861 aborem
418 3854 425 3865 ,
442 3832 519 3859 fidem
535 3832 603 3858 suam
619 3832 677 3864 Pop.
693 3832 766 3857 Rom,
787 3839 932 3866 promtam,
951 3833 1144 3867 expositamque
1164 3834 1323 3868 praebuerit.
1346 3852 1363 3855 -
1389 3840 1448 3859 tere.
1484 3831 1539 3857 Cic.
1555 3840 1603 3864 pro
1616 3831 1689 3856 Rosc.
1703 3834 1778 3858 Com.
1793 3842 1823 3865 50
1836 3843 1856 3859 c.
1873 3841 1900 3866 17
1930 3832 1981 3858 vix
2000 3830 2102 3857 medius
2116 3830 2193 3857 fidius
2212 3838 2284 3864 tum,
2296 3833 2394 3863 Fanni,
2408 3839 2432 3866 ζὴ

288 3871 363 3897 Licet
378 3870 416 3896 ire
429 3876 453 3894 et
467 3868 553 3894 retii-e
573 3875 619 3901 per
633 3866 777 3900 expositum
791 3867 872 3893 limen
893 3868 953 3894 Stat.
968 3869 1032 3895 Silu-
1047 3878 1067 3900 1,
1083 3877 1107 3900 2,
1122 3877 1161 3901 34.
1181 3873 1199 3896 1'.
1221 3870 1324 3904 adaper.

286 3912 347 3932 tum.
384 3907 423 3931 Sir
438 3903 564 3938 Expositis
577 3902 739 3936 voluptatem
753 3902 813 3928 dare
828 3903 958 3935 Qiinsiil.
975 3913 1012 3936 ιο,
1028 3913 1050 3936 ς,
1066 3913 1098 3930 11.
1119 3908 1137 3930 1'.
1160 3905 1323 3931 communitam

286 3948 310 3967 et
324 3951 348 3967 co
362 3940 425 3976 quod
439 3941 510 3966 obuia
523 3938 583 3974 firm
593 3945 679 3972 parum
694 3937 814 3963 iucundis.
885 3938 979 3964 Lucan.
995 3947 1016 3971 5,
1031 3948 1072 3966 102
1099 3940 1248 3974 Expositum
1262 3949 1323 3965 cun.

287 3976 353 4009 ctis,
372 3975 494 4010 nullique
511 3978 636 4010 negatum
673 3972 790 4002 Numen.

863 3972 929 4001 Ptin.
941 3974 1019 4009 Epist.
1034 3983 1056 4008 1,
1070 3984 1098 4002 10
1127 3976 1220 4004 Amari
1238 3975 1273 4004 ab
1289 3983 1323 4002 eo
1332 3979 1377 4007 105
1386 3973 1539 4002 Armeniam
1552 3980 1663 4002 vacuam
1675 3973 1735 4001 fieri
1752 3973 1933 4009 expostulabat
1945 3973 2019 4000 Idem
2032 3973 2099 3998 Ann.
2114 3980 2146 4005 15,
2160 3980 2198 4007 17,
2212 3980 2234 4004 3.

1389 3867 1573 3898 Ballione,aut
1586 3866 1676 3900 aliquo
1690 3868 1746 3893 eius
1760 3868 1848 3900 simili,
1865 3868 1914 3894 hoc
1931 3865 2092 3901 expostulare
2110 3867 2219 3899 audeas,
2238 3873 2263 3893 et
2283 3868 2424 3900 impetrare
2440 3879 2441 3882 ¹

1389 3903 1478 3937 posses.
1536 3901 1614 3927 Plaut.
1632 3903 1695 3928 Pers.
1710 3915 1737 3936 4,
1752 3913 1774 3936 3,
1793 3913 1817 3934 ες
1848 3903 1994 3929 Benedictis
2017 3901 2151 3927 benel'acia
2171 3911 2245 3928 aures
2265 3911 2337 3928 meae
2351 3900 2424 3928 auxi-

1388 3938 1454 3964 lium
1474 3937 1643 3972 expostulant.
1716 3940 1750 3965 Vt
1772 3939 1894 3965 decedant
1917 3937 2063 3971 expostulat
2095 3937 2186 3962 Tacit.
2208 3938 2275 3964 Anu.
2296 3946 2331 3969 12,
2348 3939 2391 3970 4⁶-
2405 3943 2423 3967 3.

2306 3973 2361 4000 Cic.
2376 3979 2422 4005 pro

2339 4007 2422 4034 Plane.
