2479 4225
269 142 359 178 ³003
663 121 680 162 l
767 120 817 162 ht
903 117 931 159 Ρ

304 224 314 242 ι
324 223 347 241 M
360 221 375 241 ι’
384 221 400 241 Ε
410 219 422 241 s
431 219 447 241 c
457 217 477 240 o
488 231 496 245 ,
515 212 568 239 ere.
586 211 624 238 est
640 213 652 245 (
659 210 759 238 auflore
771 207 863 238 Festo)
883 206 914 232 In
928 203 1023 231 laetam
1038 203 1151 239 segetem
1159 223 1169 236 ,
1183 201 1305 238 pascendi

272 251 355 286 gratia
367 250 520 276 immittere.

308 290 585 316 ιΜιἘΤιΒιως,
621 282 677 310 vid.
713 282 977 307 IMPATIBILIS.
1280 307 1286 317 ἱ

306 328 314 346 1
326 326 427 346 MPET
437 320 449 345 i
459 325 479 346 G
489 326 509 346 0
519 339 527 352 ,
553 319 613 345 i'nis.
637 326 694 353 quac
713 315 786 342 Festo
805 314 878 338 etiam
913 317 1006 337 IMPE
1016 314 1039 337 Τ
1052 316 1089 337 1x
1099 329 1107 342 ,
1133 309 1153 336 f.
1195 309 1307 342 [λειχην,

267 353 346 388 ἅλωος
364 355 444 381 Gloss'.
458 355 514 381 Lat.
528 355 593 387 Gr.]
630 351 742 379 Foedatio
761 350 839 379 cutis,
847 346 951 383 serpens
967 356 1020 372 cum
1033 348 1155 381 pruritu,
1169 352 1242 379 quam
1261 346 1309 371 alii
1330 349 1344 377 ς
1372 348 1495 383 impetus,
1509 358 1569 376 ora:
1600 349 1687 374 Omne
1709 347 1787 374 feres.
1805 347 1830 374 h.
1844 355 1865 373 e.
1885 347 1912 373 Si
1932 345 1994 382 quid
2012 349 2091 380 cupis.
2110 359 2111 362 ι
2162 348 2231 375 Suet.
2255 350 2320 382 Aug.
2338 357 2359 375 c.
2372 357 2408 383 42
2440 344 2442 352 ’

262 390 482 427 sczzhiemficcam,
495 390 618 426 asperam,
632 394 654 413 et
664 387 845 420 prominentem
864 381 1023 419 intelligunt.-
1043 382 1100 408 Alii
1118 380 1226 407 morbum
1237 379 1308 414 fimi-

267 428 313 453 lem
328 426 423 462 scabiei
437 425 592 462 squamqfiaem
610 427 742 481 σονῆιιιᾳαε
761 415 963 458 dehonestatum.
998 416 1039 444 Ab
1052 417 1153 450 Impetu
1167 424 1254 441 nomen
1267 415 1309 441 de-

268 460 376 488 duflum.
413 461 440 487 Si
448 470 514 487 vero
522 460 618 486 vitium
631 465 645 481 e
668 454 757 490 ‚quod
769 453 880 480 duc1tab
894 458 992 488 impete
999 460 1097 479 nomen
1110 451 1241 478 Sammon.
1251 452 1307 477 160.

268 497 334 523 Plin.
350 505 386 528 23,
401 504 417 531 7
442 496 560 522 Hiberna
578 490 713 526 caprificus
730 490 760 516 in
771 494 846 516 aceto
857 489 932 516 coos
943 493 970 516 et
987 488 1065 519 trita,
1077 486 1245 522 impetigines
1257 486 1308 513 tol-

269 532 311 558 lit.
347 532 419 558 Idem
434 540 466 557 22
487 539 508 556 c.
527 528 573 555 vlt.
594 535 634 556 20,
654 534 679 558 9.
700 531 723 552 et
743 533 782 558 25,
800 532 825 560 7·
857 525 916 552 Vid·
930 524 1049 551 Scrib0n·
1064 531 1126 556 249·
1198 522 1308 562 serp-ens
1326 534 1357 553 10
1374 531 1416 552 tus
1429 527 1534 561 ingens,
1553 531 1571 554 i.
1592 527 1658 553 orbis
1672 527 1712 552 ille
1731 534 1819 562 magno
1839 528 1930 559 impetu
1946 527 2113 559 circumagens
2126 523 2427 562 [θ.1]ἰ’(ιί.,[ὶιιτιίηΙΜῃῚῚ

267 567 386 594 molliter
399 565 523 599 impetigo
536 561 643 590 Firmic.
657 563 680 592 6,
693 570 728 594 3¹·
780 560 850 587 Cels.
864 568 885 594 ς,
898 565 936 593 28,
951 567 979 595 17
1004 561 1127 593 Qiatuor
1145 566 1241 592 genera
1259 565 1309 584 im-

267 603 391 638 petiginis
411 600 541 636 describit,
559 606 619 632 quae
637 597 737 631 Leptae
754 596 885 633 generibus
904 598 1046 627 conuenire,
1059 593 1171 629 affirmat
1186 594 1310 620 Gorraeus

267 638 372 673 Definit.
386 636 452 662 Med.
466 643 523 660 voce
539 634 626 667 λέπρα.

306 682 313 698 1
324 681 347 699 M
358 680 372 698 P
380 678 395 697 Ε
404 677 424 696 Τ
432 677 441 695 1
451 675 472 696 G
481 677 490 696 1
499 676 521 695 N
532 669 571 696 68
582 674 603 694 V
614 675 638 698 s,
656 676 681 700 a,
702 676 756 693 um.
775 665 836 693 Adi.
856 667 909 701 Qi
921 668 1065 707 impetigine
1077 665 1183 693 laborat.
1207 665 1268 700 le.
1280 665 1310 691 in

268 710 285 735 1.
300 705 458 740 Pomponius
473 705 505 731 D.
519 703 551 730 de
563 703 651 731 Aedil.
664 701 902 729 edi&.Trebacius
916 707 962 733 a1t,
975 702 1192 737 impetiginosum
1202 700 1311 727 morbo·
1333 704 1441 740 15fimm
1459 704 1608 732 retraffaun
1627 703 1752 737 Dauifius.
1789 704 1831 730 Ita
1850 711 1899 727 non
1916 702 2001 727 molem
2021 701 2088 727 modo
2108 708 2131 728 et
2152 703 2362 738 magnitudinem,
2368 696 2408 737 fi..
2438 691 2442 729 i

267 745 322 771 sum
337 750 389 767 non
403 740 465 766 esse:
489 740 507 766 fi
522 748 554 766 eo
568 738 706 770 membro,
719 737 768 764 vbi
778 738 907 772 impetigo
921 737 974 770 est,
988 747 1071 772 aeque
1085 737 1157 764 redte
1171 742 1270 763 vtatur.

302 781 535 808 lMPETIGOSVS,
552 784 580 807 a,
599 784 653 801 um.
674 773 736 800 Adi.
772 773 852 800 Gloss.
866 774 925 799 Vet.
946 773 1089 808 λιχηνωτός,
1103 773 1288 807 Impetigosus.

301 818 366 838 IMP
378 810 469 843 sivo,
492 812 549 843 fui,
570 814 655 842 itum,
682 811 736 835 ere.
774 806 943 844 [πρασέοίλλω
963 809 1042 835 Glofl‘.
1060 810 1116 835 Lat.
1130 809 1198 842 Gn]
1232 809 1308 834 Inua-

265 849 340 877 dere,
355 846 466 873 adoriri.
502 846 579 881 Apul.
594 845 691 880 Iurgiis
705 853 748 871 me
760 843 860 879 oppido
873 843 1011 878 impetens.
1052 846 1139 871 Varro
1153 844 1184 870 de
1199 844 1230 870 R.
1242 844 1272 870 R.
1285 852 1308 875 3,

262 885 293 910 16
311 884 403 916 Itaque
417 882 571 916 impetentes
584 890 599 908 a
613 882 638 907 se
650 880 761 907 eiiciunt
778 879 870 912 fucOS,
884 880 955 915 quod
967 879 1005 910 hi,
1018 886 1065 906 etc.
1101 879 1175 916 Cous.
1190 879 1272 906 Solin.
1286 887 1308 905 c.
1318 891 1354 911 20
1373 883 1460 909 omnis
1479 884 1592 918 Impetus
1610 883 1639 910 in
1659 890 1786 908 mammas
1805 881 1971 906 conuertitur
1986 879 2033 905 ille
2053 879 2184 906 alimenti.
2239 880 2338 906 Ennius
2352 879 2429 920 apud-5„

262 925 301 952 55.
357 917 482 944 Flammis
496 923 521 943 et
534 916 634 951 sagittis
647 916 777 951 impetens
790 915 895 950 Cupido
910 915 967 941 Sen.
980 915 1089 949 Hippol.
1102 923 1161 950 275.

301 960 343 979 1M
352 960 368 979 P
377 960 392 979 E
402 960 423 979 T
435 958 455 978 v
467 960 513 979 ΒΑ
523 960 545 979 Ν
554 960 585 985 s,
608 952 684 979 antis.
709 951 770 978 Adi.
808 951 876 978 Idem
886 950 946 987 fere
962 951 1027 986 quod
1038 951 1174 978 Petulans:
1196 956 1227 977 vt
1244 953 1308 976 enim

260 988 306 1017 boc
319 998 334 1015 a
348 988 461 1015 Petendo
481 987 530 1023 est,
542 990 612 1015 velut
631 987 765 1018 Pcmlcus,
778 989 815 1014 ita
833 986 897 1014 illud
907 986 937 1013 ab
949 987 1061 1021 Impeeo.
1120 987 1245 1013 Martian.
1259 986 1309 1012 Ca-

260 1024 323 1060 pell.
337 1029 350 1055 8
364 1034 388 1059 p.
404 1032 446 1059 271
466 1025 501 1051 Vt
515 1031 600 1065 'quam
619 1024 707 1058 plures
727 1023 792 1049 alios
808 1023 929 1050 connisos
948 1021 1075 1049 cohibere
1094 1022 1177 1049 risum
1191 1022 1241 1049 hoe
1254 1030 1308 1048 ma-

260 1068 334 1087 xtme
353 1059 535 1094 1mpetulant1s
551 1059 736 1095 proruptionis
749 1058 882 1090 sonitum,
900 1057 1026 1092 effufiquc
1040 1057 1162 1085 cachinni
1172 1058 1308 1085 licentiam
1326 1068 1359 1096 25

293 1101 442 1122 ouocarint.

259 1105 479 1158 PrIMPli'TVS
492 1150 501 1164 ,
528 1129 567 1157 fis.
600 1140 637 1157 m.
679 1129 819 1162 [εἰσβολῆ,
838 1128 948 1163 ἔμξολῆ,
967 1127 1046 1164 ὅρμῆ,
1066 1129 1147 1164 φοραὶ,
1166 1128 1308 1164 καταφορὴ

257 1166 346 1203 ῥύμη]
384 1165 481 1200 quasto
499 1167 539 1192 vel
556 1165 654 1201 accqfflo
667 1175 721 1192 cum
740 1166 861 1197 tumultu,
873 1171 939 1191 certe
952 1173 1008 1191 cum
1020 1164 1179 1192 vehementia.
1216 1165 1307 1191 Aurei.

261 1203 334 1229 Vic't.
354 1202 386 1228 de
398 1202 470 1228 Viris
483 1201 578 1228 Illustr.
599 1210 621 1228 c.
636 1210 660 1228 11
694 1202 786 1234 Qum
809 1200 978 1235 Tarquinios
1000 1201 1030 1227 in
1051 1199 1147 1228 vrbem
1169 1200 1307 1228 restituere

259 1278 316 1299 tota
334 1278 437 1303 mente,
453 1272 581 1307 omnique
594 1272 687 1299 Animi
704 1272 806 1307 impetu
825 1272 855 1299 in
874 1273 967 1306 Remp.
989 1271 1134 1299 incumbas.
1214 1271 1307 1298 Animi

257 1308 373 1342 impetus
386 1313 411 1334 et
423 1308 545 1334 voluntas
558 1307 614 1334 Cic.
628 1307 660 1334 de
673 1308 748 1335 Orat.
760 1316 784 1341 3,
798 1315 836 1342 55.
907 1308 999 1334 Animi
1014 1316 1068 1334 non
1087 1307 1174 1334 refilus
1193 1307 1306 1342 impetus

258 1343 295 1370 est
309 1343 396 1370 libido
410 1343 483 1370 Idem
496 1342 529 1370 de
541 1344 646 1370 Inuent.
661 1352 686 1375 2,
701 1345 758 1377 164.
829 1344 974 1370 Armorum
992 1343 1105 1378 impetus
1123 1349 1203 1378 atque
1219 1343 1308 1370 incur-

257 1379 296 1406 fio
311 1379 348 1405 Id.
365 1388 414 1413 pro
427 1379 530 1406 Caecin.
543 1388 590 1414 44.
657 1379 754 1406 Famae
771 1379 886 1414 impetus
904 1379 996 1406 Tacit.
1010 1380 1072 1413 Agr.
1092 1388 1131 1411 39.
1201 1378 1307 1405 Libidi-

258 1424 323 1442 num
342 1415 398 1441 Cic.
412 1414 445 1441 de
459 1415 516 1441 Fin.
532 1423 552 1448 ι,
567 1424 614 1448 44.
685 1415 774 1442 Celsus
787 1424 812 1447 2,
824 1421 893 1451 7pr.
919 1415 988 1441 Ante
1006 1415 1109 1442 febrem
1128 1415 1146 1442 fi
1160 1423 1192 1441 ex
1211 1415 1305 1441 somno
1324 1427 1354 1454 33

257 1450 332 1477 oculi
351 1450 478 1485 caligant,
500 1450 598 1485 aliquis
618 1450 733 1485 impetus
749 1451 863 1478 Pituitae
881 1450 973 1478 timeri
992 1451 1083 1484 potest.
1164 1451 1306 1478 Vitiorum

258 1486 372 1520 impetus
392 1486 512 1513 Scribon.
526 1495 570 1519 99.
641 1486 708 1513 Plin.
723 1486 801 1521 Epist.
822 1495 845 1520 2,
864 1495 887 1513 11
917 1487 1079 1513 Adnotatum
1091 1485 1127 1512 est
1139 1486 1305 1520 experimen-

257 1522 309 1554 tis,
330 1521 402 1556 qnod
418 1522 496 1548 fauor
515 1528 540 1549 et
560 1521 744 1549 misericordia
755 1531 827 1549 acres
845 1527 871 1548 et
889 1521 1058 1549 vehementes
1077 1522 1178 1556 primos
1192 1523 1306 1556 impetus

256 1557 366 1589 habent,
385 1558 521 1591 paullatim
535 1557 647 1584 consilio
659 1564 685 1585 et
698 1558 803 1585 ratione
817 1557 888 1592 quasi
902 1557 1024 1585 restinRa
1035 1558 1180 1584 confidunt.
1238 1559 1306 1585 Acer

259 1593 365 1620 Lucret.
378 1595 403 1623 6,
418 1601 472 1627 127.
544 1593 680 1627 Auspicati
699 1593 813 1627 impetus
831 1595 898 1620 Hor.
913 1595 1002 1620 Carm.
1022 1602 1046 1626 3,
1059 1596 1084 1625 6,
1098 1602 1134 1620 10.
1206 1594 1306 1620 Caecus
1314 1604 1353 1631 40

247 1628 361 1659 ›animi‚
385 1628 438 1653 vid.
465 1634 538 1655 CAE
550 1634 567 1654 c
580 1634 632 1654 vs.
704 1629 822 1656 Effrenus
841 1630 899 1656 Sen.
915 1630 1006 1663 Agam.
1023 1638 1057 1656 12.
1128 1629 1256 1656 Furentes
1276 1638 1305 1656 ac

258 1663 374 1690 violenti
401 1663 456 1689 Cic.
471 1663 504 1689 de
517 1663 610 1696 Arusp.
625 1664 699 1697 Resp.
712 1667 748 1697 46
769 1673 791 1690 c.
804 1673 846 1690 22.
937 1665 1075 1692 Naturalis
1099 1664 1232 1699 Qlintffil.
1248 1674 1269 1697 1,
1283 1673 1304 1697 3.

259 1698 421 1733 Repentinus
439 1698 494 1724 Cic.
509 1707 558 1732 pro
571 1699 660 1724 Domo
676 1707 707 1730 ¹3·
778 1699 874 1725 Saeuus
885 1700 953 1726 Hor.
968 1702 1055 1726 Carm.
1069 1709 1092 1732 3,
1109 1709 1130 1732 1,
1139 1706 1178 1731 28.
1249 1701 1306 1727 Sce-

257 1734 357 1760 leratus
370 1732 476 1760 delendi
490 1733 599 1767 imperii
614 1734 670 1760 Cic.
686 1741 736 1768 pro
749 1733 821 1760 Cael.
836 1741 875 1767 14.
946 1735 1087 1760 Violentus
1101 1736 1159 1762 Sen.
1171 1735 1264 1763 Theb.
1279 1744 1305 1762 2.

259 1803 361 1830 Abnuit
374 1803 447 1829 locus
460 1804 606 1837 impetum,
625 1804 679 1829 vid.
701 1809 827 1830 ABNVO.
899 1803 1058 1830 Abstrahere
1070 1803 1104 1830 ab
1118 1804 1235 1838 impetu,
1250 1804 1306 1830 vid.

258 1844 442 1867 ABSTRAHO.
512 1839 610 1871 Agere:
634 1845 677 1868 vt,
690 1839 756 1864 Eunt
776 1838 840 1872 equi
858 1847 910 1872 qua
930 1840 1045 1872 impetus
1064 1839 1125 1865 illos
1143 1839 1198 1873 egit
1222 1838 1304 1866 Ouid.

258 1875 324 1902 Met.
337 1882 362 1906 2,
376 1881 433 1905 203.
504 1872 676 1906 Amplificare
696 1873 827 1906 impetum
844 1878 871 1898 et
884 1874 1015 1906 quandam
1030 1875 1239 1900 commotionem
1250 1874 1306 1900 ani-

258 1910 299 1937 mi
316 1908 537 1942 affeffionemque
556 1908 630 1934 suam
651 1906 742 1937 verbis
763 1912 789 1932 et
811 1907 948 1932 sententiis
977 1908 1034 1934 Cic.
1053 1908 1085 1933 de
1106 1909 1209 1934 Inuent.
1228 1917 1251 1940 2,
1267 1917 1304 1939 19.

259 1981 372 2015 impetus
387 1979 506 2006 Scribon.
521 1982 575 2005 160.
647 1979 760 2005 CoErcet
779 1977 892 2011 impetus
911 1977 1030 2004 vlcerum
1049 1977 1107 2003 calx
1128 1977 1194 2003 Plin.
1209 1979 1249 2009 36,
1263 1986 1306 2011 24.

258 2016 396 2050 Colligare
415 2015 545 2049 impetum
562 2014 690 2046 furentis,
710 2012 763 2039 vid.
782 2019 932 2039 COLLlGO.
1004 2013 1061 2039 Cic.
1076 2011 1108 2039 de
1122 2013 1214 2047 Arnsp.
1227 2013 1304 2047 Resp.

259 2061 270 2079 1
291 2053 405 2079 Omnem
415 2051 546 2084 impetum
556 2049 723 2084 gladiatoris,
736 2048 919 2082 ferociamque
933 2048 1086 2082 Compreffi.
1158 2048 1305 2075 Continere

259 2087 389 2123 impetum
402 2086 521 2113 militum
539 2085 600 2112 Liu.
615 2093 642 2119 7,
655 2092 693 2118 37.
712 2083 766 2110 vid.
785 2089 965 2110 CONTINEO.
1037 2083 1209 2110 Contundere
1224 2083 1307 2117 impe-

260 2164 446 2186 CONVERTO.
519 2156 662 2191 Deprecari
677 2153 824 2182 horribiles
836 2154 950 2188 impetus
966 2152 1081 2180 hostium
1094 2152 1151 2179 Cic.
1164 2162 1214 2186 pro
1228 2153 1247 2178 F
1250 2158 1305 2179 ont.

260 2197 300 2220 26.
372 2193 486 2220 Diruere
503 2192 605 2227 aliquid
627 2191 700 2218 vasto
719 2191 820 2225 impetu
839 2190 908 2215 Hor.
921 2189 1009 2215 Carm.
1032 2197 1059 2221 4,
1074 2197 1114 2221 14,
1128 2196 1168 2220 30.
1239 2187 1305 2214 Plin.

261 2238 305 2261 22,
319 2236 346 2262 25
364 2228 460 2256 Farina
474 2236 506 2253 ex
520 2227 622 2254 hordeo
635 2232 660 2253 et
674 2226 754 2253 cruda
767 2231 793 2251 et
812 2224 936 2256 decofflt,
955 2224 1125 2251 collectiones
1138 2223 1306 2258 impetusque

262 2264 385 2292 Discutit.
424 2263 520 2290 Tradit
532 2263 679 2289 Hermolaus
693 2263 809 2296 Impetus
825 2259 912 2287 Plinio
930 2262 1032 2292 vocari,
1052 2268 1112 2299 quas
1127 2259 1308 2295 Inflammatio-

260 2336 364 2363 Primus
379 2335 473 2362 Caesar
492 2343 553 2361 cum
568 2332 708 2368 praetoriis
728 2331 885 2359 cohortibus
904 2336 980 2365 capto
999 2330 1070 2357 vallo
1084 2330 1163 2357 Dedit
1178 2331 1308 2364 impetum

261 2371 292 2398 in
305 2370 388 2397 filuas.
452 2371 521 2397 Dare
536 2370 664 2404 impetum
673 2389 681 2401 ,
693 2367 802 2394 Adoriri
809 2387 817 2399 ‚
830 2366 945 2403 Aggrcdi
953 2377 960 2391 .-
988 2366 1047 2393 Liu.
1062 2375 1088 2398 2,
1102 2375 1129 2399 19
1150 2367 1180 2392 Et
1197 2366 1230 2392 ad
1244 2365 1307 2392 alte-

261 2416 324 2435 rum
339 2414 422 2433 cornu
436 2405 565 2432 Aebutius
579 2404 706 2439 Magister
719 2403 841 2438 equitum
860 2404 889 2429 in
901 2401 1045 2429 Odlauium
1060 2401 1212 2428 Mamilium
1224 2402 1307 2435 impe-

261 2447 319 2469 tum
328 2441 452 2468 Dederat.
494 2441 564 2467 Dare
577 2440 722 2474 impetum,
735 2446 784 2478 pro
796 2439 916 2465 incitare.
952 2437 1062 2472 Qlinc'i.
1076 2446 1113 2469 10,
1127 2446 1138 2469 3
1158 2436 1238 2470 Qiod
1252 2445 1308 2463 nou

262 2515 297 2540 At
316 2512 444 2539 Germani
466 2511 588 2539 celeriter
607 2519 639 2538 ex
659 2508 849 2537 consuetudine
869 2509 929 2541 sua,
948 2508 1074 2544 phalange
1093 2508 1172 2539 fa6hr,
1192 2508 1307 2541 impetus

262 2548 439 2583 gladiatorum
458 2547 630 2582 Exceperunt.
707 2546 811 2572 Exuere
833 2544 904 2571 feros
926 2544 1041 2578 impetus
1072 2545 1129 2571 Seu.
1147 2543 1260 2576 Thyest.
1280 2551 1306 2569 2.

263 2585 321 2611 Cic.
335 2593 384 2618 pro
396 2584 471 2610 Rosc.
485 2584 574 2610 Amer.
589 2591 618 2610 21
645 2582 701 2609 Vos
721 2586 810 2608 autem
828 2580 944 2606 maxime
957 2580 1058 2607 debetis
1073 2581 1101 2606 in
1118 2588 1163 2606 eos
1178 2580 1309 2613 impetum

264 2621 371 2651 Facere,
384 2619 431 2654 qui
451 2624 596 2645 merentur.
632 2617 700 2645 Add.
721 2617 794 2643 Caes.
808 2615 837 2642 B.
852 2616 885 2642 G.
909 2625 929 2648 1,
944 2624 984 2649 25.
1062 2616 1157 2642 Facere
1178 2615 1309 2649 impetum

265 2700 311 2718 nas
322 2690 434 2716 alicuius
448 2690 504 2716 Cic.
519 2691 597 2716 Verr.
611 2697 621 2715 1
636 2698 658 2715 c.
672 2690 713 2721 36.
786 2687 861 2713 Idem
874 2688 949 2714 Verr.
963 2696 990 2720 4,
1005 2692 1049 2720 148
1076 2686 1222 2713 Admonitu
1242 2686 1311 2719 ipso-

264 2734 327 2754 rum
339 2725 559 2757 Syracusanorum
578 2724 708 2759 impetum
721 2722 750 2749 in
769 2730 811 2749 eas
829 2722 929 2748 tabulas
944 2723 1038 2754 Facio,
1058 2722 1086 2748 in
1100 2722 1197 2757 quibus
1213 2720 1311 2755 fingula

266 2761 410 2796 perscripta
441 2766 523 2786 erant.
595 2760 691 2786 Facere
723 2758 829 2784 inanem
859 2758 990 2792 impetum
1022 2758 1078 2784 Cic.
1099 2766 1147 2792 pro
1159 2758 1248 2783 Domo
1266 2759 1310 2791 64.

265 2797 399 2824 Feruntur
411 2796 487 2822 omni
504 2796 605 2830 impetu
617 2795 650 2820 ad
663 2793 827 2827 voluptatem
845 2792 939 2820 beluae
959 2793 1032 2820 Idem
1040 2792 1092 2820 Off.
1109 2802 1129 2826 1,
1144 2800 1195 2826 105.
1250 2793 1311 2819 Fer-

266 2873 341 2903 petus
354 2868 382 2893 in
395 2873 452 2893 tuas
465 2867 584 2893 fortunas
595 2866 659 2892 nolo
673 2864 729 2891 Cic.
743 2865 814 2891 Fam.
830 2873 857 2897 4,
869 2872 896 2899 7.
966 2864 1097 2899 Frangere
1116 2866 1245 2899 impetum
1265 2864 1313 2890 ali-

268 2903 343 2930 cuius
357 2902 432 2929 Idem
439 2903 511 2928 Fam.
528 2910 549 2934 1,
562 2909 584 2933 ς.
638 2900 714 2926 Furit
728 2900 839 2934 impetus
847 2900 945 2927 Aetnae
959 2900 1063 2927 Lucret.
1078 2909 1102 2933 2,
1118 2908 1171 2933 593.
1227 2900 1313 2934 Quin-

267 2939 325 2966 ἂίΙ.
339 2947 365 2971 2,
380 2947 403 2970 13
423 2938 536 2965 Cursum
549 2936 655 2963 Habent
673 2935 801 2970 quaedam
821 2941 846 2962 et
867 2936 1004 2971 impetum.
1075 2935 1205 2963 Difficiles
1226 2935 1313 2962 aditus

268 2975 381 3008 impetus
394 2974 481 3000 omnis
496 2972 584 2999 Habet
609 2971 691 2998 Ouid.
707 2971 782 2997 Rem.
795 2971 854 2997 Am.
869 2980 923 3004 ηρ.
995 2971 1101 2998 Habent
1120 2974 1179 2998 suos
1198 2971 1312 3005 impetus

267 3055 293 3078 2,
306 3054 357 3078 312.
426 3043 584 3071 Incumbere
597 3043 699 3077 impetu
720 3042 749 3068 in
766 3042 870 3076 aliquid
890 3042 927 3070 Id.
941 3043 1012 3069 Fam.
1030 3052 1067 3076 10,
1081 3051 1102 3076 5.
1171 3044 1314 3070 Incurrere

269 3090 347 3108 caeco
368 3080 469 3115 impetu
487 3081 516 3107 in
533 3079 650 3114 aliquem
676 3078 731 3105 Cic.
750 3077 782 3104 de
797 3078 853 3104 Fin.
873 3086 893 3109 ι,
912 3087 959 3112 44.
1030 3079 1155 3106 Inhibere
1181 3079 1313 3113 impetum

270 3117 330 3143 Scn.
342 3116 414 3143 Med.
428 3124 482 3149 4¹3·
552 3115 644 3142 Tacit.
659 3113 747 3149 Agric.
761 3122 783 3139 c.
798 3122 828 3146 39
847 3113 937 3140 Donec
951 3113 1064 3147 impetus
1079 3115 1179 3146 famae,
1192 3121 1218 3141 et
1234 3114 1313 3141 fauor

269 3152 399 3179 exercitus
419 3151 617 3185 Languesceret.
688 3148 786 3176 Lenire
807 3149 920 3183 impetus
938 3155 1054 3175 recentes
1075 3150 1218 3177 vulnerum
1246 3149 1314 3177 Plin.

271 3230 345 3257 petus
355 3223 429 3250 Stat.
443 3222 536 3250 Theb.
554 3231 592 3254 10,
605 3231 665 3255 704.
738 3220 874 3247 Minuitur
887 3220 999 3254 impetus
1019 3220 1150 3247 vitiorum
1175 3221 1256 3247 Scrib.
1270 3230 1315 3254 99.

271 3257 381 3285 Mollire
396 3260 541 3293 impetum,
562 3257 614 3283 vid.
634 3262 777 3284 MOLLIO.
849 3256 957 3282 Moneri
968 3256 1093 3290 vertique
1108 3256 1236 3290 impetum
1250 3257 1316 3284 caeli

270 3293 425 3321 admirabili
444 3303 504 3320 cum
525 3293 659 3319 celeritate
670 3293 793 3318 videmus
818 3292 873 3319 Cic.
891 3291 923 3318 de
937 3291 973 3318 N.
988 3292 1020 3318 D.
1035 3300 1062 3323 2,
1075 3299 1118 3325 97.
1189 3292 1316 3326 Opprimi

271 3329 417 3356 violentiae
437 3330 538 3363 impetu
565 3328 639 3355 Idem
647 3329 741 3362 Anteq.
755 3328 806 3354 iret
819 3328 847 3354 in
861 3327 924 3353 exil.
944 3335 978 3359 13.
1049 3326 1194 3354 Percellere
1213 3328 1316 3361 impetu

273 3404 330 3425 tum
359 3401 415 3426 Cic.
437 3409 486 3435 pro
506 3401 626 3426 Muraen.
664 3419 671 3426 .
709 3419 716 3426 .
751 3418 759 3425 .
830 3399 908 3432 Rapit
928 3398 1040 3432 impetus
1059 3397 1123 3425 illuc
1141 3397 1249 3424 Thesea
1265 3407 1319 3424 ma-

275 3435 429 3467 gnanimum
442 3436 503 3462 Stat.
515 3435 607 3462 Theb.
622 3444 658 3466 12,
669 3442 733 3470 794.
804 3433 949 3460 Refle&ere
970 3435 1099 3468 impetum
1125 3433 1181 3460 Cic.
1197 3433 1229 3459 de
1243 3435 1319 3460 Orat.

277 3477 301 3499 2,
317 3477 368 3499 312.
436 3471 567 3505 Refugere
581 3471 725 3505 impetum,
740 3469 807 3502 tela,
822 3474 848 3495 et
862 3470 995 3496 incursum
1009 3470 1163 3505 aliquorum
1178 3468 1252 3496 Idem
1269 3478 1319 3503 pro

277 3503 383 3530 Caecin.
397 3513 439 3532 22.
510 3507 665 3541 Reprimere
682 3506 829 3540 impetum,
849 3505 1028 3539 ardoremque
1048 3505 1208 3540 restinguere
1231 3504 1271 3531 Id.
1290 3505 1318 3531 in

277 3574 380 3614 animos
399 3579 423 3600 et
444 3574 553 3613 impetus
573 3578 684 3604 alicuius
711 3577 785 3603 Idem
797 3576 859 3603 Diu.
873 3577 950 3602 Verr.
968 3584 1005 3608 33.
1075 3575 1186 3603 Sedatur
1206 3576 1319 3610 impetus

277 3616 409 3648 vitiorum
424 3609 542 3638 Scubon.
555 3621 597 3644 99.
670 3613 746 3639 Sum:
766 3618 804 3644 vt,
818 3611 879 3638 Fuit
893 3611 1007 3645 impetus
1023 3611 1066 3638 illi
1083 3611 1112 3638 in
1124 3611 1227 3638 medios
1240 3621 1318 3645 rogos

279 3645 320 3672 ire
339 3642 419 3671 Ouid.
434 3645 498 3685 Met.
515 3654 547 3684 ιι,
561 3655 609 3679 333.
678 3649 786 3674 Sumere
807 3647 935 3682 impetum
954 3647 1069 3680 repetito
1083 3647 1168 3681 spatio
1186 3647 1317 3680 Quinffil.

280 3689 319 3712 ιο,
333 3689 355 3711 3,
368 3682 393 3706 6·
464 3679 594 3707 bustmere
607 3683 734 3716 impetum
749 3682 817 3709 Cels.
830 3692 855 3715 2,
870 3690 903 3714 ις.
939 3683 1011 3708 Caes.
1024 3683 1053 3708 B.
1066 3683 1098 3708 G.
1112 3690 1132 3714 1,
1146 3690 1190 3715 24.
1250 3683 1317 3710 Plin.

279 3715 359 3749 Epist,
382 3724 399 3746 ι,
420 3719 433 3744 8
460 3714 604 3749 Tantoque
623 3717 783 3745 laudabilior
797 3718 978 3745 munificentia
991 3717 1079 3744 nostra
1094 3717 1236 3745 videbatur
1248 3718 1319 3751 fore,
1328 3729 1376 3748 100
1386 3721 1446 3747 Aul.
1460 3729 1488 3753 4,
1503 3727 1530 3754 7,
1531 3720 1559 3779 Ε6
1570 3717 1617 3778 ΓΕ(
1637 3716 1705 3742 istud
1725 3717 1829 3780 (Οὓῆῗο
1842 3726 1856 3744 ἃ
1875 3718 1958 3744 fratre
1970 3725 2014 3744 ¹¹¹⁰
2031 3714 2216 3749 impetfflffese·
2251 3712 2326 3749 C⁰⁷¹f·
2341 3711 2422 3739 Stich.

1386 3765 1408 3790 1,
1419 3765 1444 3787 2,
1456 3764 1496 3787 23.
1554 3762 1567 3779 a
1581 3771 1597 3791 ·.
1607 3760 1631 3783 2,
1644 3760 1666 3783 3⁷
1680 3760 1715 3784 53·
1783 3761 1810 3779 ¹·
1824 3761 1851 3786 4,
1864 3762 1888 3785 3,
1900 3761 1922 3785 3·

279 3751 351 3785 quod
365 3750 398 3789 ad
411 3750 486 3776 illam
497 3758 551 3776 non
571 3750 671 3784 impetu
684 3753 814 3787 quodam,
832 3754 874 3780 sed
894 3753 1004 3780 consilio
1016 3752 1212 3780 Trahebamur.
1233 3757 1251 3781 i.
1271 3764 1320 3781 non

278 3786 456 3825 inconjzalcrate
469 3791 492 3825 et
499 3784 553 3819 fine
566 3789 670 3812 ratione.
739 3789 786 3815 Vti
798 3789 834 3815 im
856 3795 899 3816 ctu
911 3789 994 3823 magis
1007 3788 1122 3824 quodam
1134 3789 1232 3821 animi,
1241 3798 1320 3824 quam

279 3822 442 3855 cogitatione
458 3821 513 3848 C1c.
526 3821 580 3847 Att.
594 3829 626 3852 ιι,
639 3828 660 3853 5.
825 3798 876 3860 4¹3
915 3825 1056 3860 Obseruan.
1092 3825 1209 3858 Impetus
1223 3827 1250 3851 in
1264 3834 1320 3851 ora-

278 3860 361 3888 tione,
377 3863 425 3892 pro
444 3857 477 3883 Vi
497 3863 520 3883 et
540 3858 692 3882 contentione
710 3864 739 3882 ac
753 3858 911 3886 vehementia.
958 3860 1014 3887 Cic.
1028 3859 1058 3886 in
1071 3860 1143 3886 Orat.
1159 3868 1206 3893 229
1234 3860 1320 3887 Aliter

281 3892 309 3917 in
332 3900 362 3917 ea
386 3900 432 3917 nec
450 3891 564 3926 impetus
585 3891 670 3923 vllus,
689 3899 736 3916 nec
757 3892 797 3917 vis
816 3895 863 3920 esse
883 3895 964 3928 possit.
1020 3896 1051 3922 Et
1065 3903 1113 3930 pro
1128 3895 1217 3924 Deiot.
1230 3903 1243 3928 5
1277 3895 1318 3922 Ad
1329 3903 1374 3929 105
1382 3894 1431 3930 est:
1441 3894 1490 3932 sed
1501 3895 1577 3930 etqui
1593 3896 1726 3929 impetrare
1731 3891 1830 3929 potest,
1842 3891 1932 3921 afflue.
1965 3891 2027 3918 Liu.
2040 3898 2078 3925 25,
2092 3899 2126 3924 29
2150 3889 2249 3917 Omnia
2262 3889 2424 3923 etimpetra-
2458 3909 2459 3913 ,

278 3935 384 3954 omnem
398 3927 528 3962 impetum
540 3926 648 3954 dicendi
660 3926 907 3964 contentionemque
919 3930 1031 3959 leuiora.
1103 3930 1218 3958 Dicendi
1234 3930 1318 3967 impe-

1372 809 1406 843 est
1424 812 1491 846 apud
1502 812 1655 839 Lucretium
1665 831 1672 844 ,
1691 820 1716 837 υ.
1729 820 1755 847 g.
1775 811 1891 843 Impetus
1906 809 2004 834 Aetnae
2019 817 2045 840 2,
2065 816 2118 840 593.
2171 809 2212 836 sic
2220 809 2323 844 pulchre
2341 817 2363 842 5,
2376 813 2414 842 813
2422 825 2439 849 «κη

1371 990 1468 1051 ἔξυρες.
1502 990 1568 1017 Gell.
1584 999 1623 1024 19,
1636 998 1654 1026 7
1682 991 1781 1024 Magno
1800 988 1907 1022 impete.
1963 986 2008 1013 Sil.
2023 995 2058 1018 13,
2073 992 2120 1019 248
2150 988 2292 1014 Procursus
2311 987 2430 1028 impetetk
2470 1015 2471 1018 ,

1395 1031 1476 1052 ucret.
1496 1033 1520 1059 5,
1540 1035 1581 1060 911

1372 1169 1487 1203 Impete,
1509 1168 1534 1197 h.
1548 1179 1568 1197 e.
1585 1172 1614 1196 vi
1631 1178 1661 1196 ac
1678 1170 1746 1195 mole.
1818 1169 1888 1195 Plur.
1909 1167 2014 1193 Lucret.
2030 1175 2050 1198 1,
2064 1175 2111 1199 293
2148 1164 2306 1200 Qatnlibet
2319 1164 2349 1191 in
2360 1163 2426 1200 par-²·

482 1237 487 1241 ‚
550 1237 556 1242 ,
718 1237 722 1241 ,
882 1238 887 1241 q
1040 1236 1046 1241 ,
1371 1209 1426 1231 tem
1439 1203 1550 1232 trudunt
1561 1214 1602 1232 res
1615 1210 1674 1232 ante
1687 1209 1822 1240 ruuntque
1857 1202 2004 1237 Impetibus
2019 1201 2126 1228 crebris.
2164 1201 2211 1229 Sed
2228 1201 2294 1227 nihil
2305 1198 2423 1235 impediti

260 1243 387 1268 tentaret,
407 1242 433 1263 et
447 1245 535 1271 Pl'lmO
549 1242 649 1271 lmpeffl
667 1236 818 1263 Ianiculum
831 1237 944 1271 ceplsset·
1015 1237 1071 1263 Cle·
1086 1237 1158 1263 Fam·
1174 1245 1212 1269 ¹0,
1227 1244 1240 1269 5
1269 1237 1307 1262 Vt
1325 1247 1359 1272 30
1371 1249 1417 1276 quo
1436 1243 1519 1267 minus
1529 1240 1567 1275 fit
1582 1241 1612 1268 ab
1625 1242 1750 1275 Impetus.
1822 1238 1889 1266 Idem
1898 1239 1984 1265 Genit.
1999 1238 2068 1274 Sing.
2083 1240 2110 1270 6,
2123 1239 2172 1270 326
2196 1238 2298 1271 capere
2311 1236 2424 1270 impetis,

1371 1275 1487 1302 anetum.
1543 1277 1639 1312 Magno
1653 1277 1750 1310 impete
1764 1275 1922 1302 comburens
1941 1274 2046 1300 flamma
2064 1273 2169 1300 Lucret.
2189 1275 2215 1305 6,
2231 1281 2280 1306 ¹52-
2334 1271 2421 1309 Reetq
2437 1294 2439 1297 .

1372 1312 1471 1346 impete
1486 1312 1628 1347 perfringit
1639 1311 1740 1339 nubem
1757 1311 1799 1338 vis
1817 1310 1893 1337 venti
1912 1309 1986 1336 Idem
2002 1311 2029 1341 6,
2044 1313 2094 1344 137.
2160 1308 2242 1336 Vasto
2254 1308 2352 1342 impete
2366 1307 2419 1336 fet-2

1371 1352 1415 1374 tur
1429 1347 1510 1374 Ouid.
1525 1348 1588 1374 Met.
1602 1357 1626 1381 3,
1638 1355 1682 1383 79.
1703 1346 1776 1382 Corzf.
1791 1351 1815 1381 8,
1827 1353 1881 1379 359.
1901 1351 1925 1371 et
1937 1345 1983 1371 Sil.
1998 1353 2023 1377 2,
2035 1353 2094 1379 243.
2417 1350 2440 1378 ᾳ·

1369 1460 1420 1481 tur.
1458 1454 1523 1526 PJljn.
1536 1462 1572 1488 35,
1585 1462 1614 1481 10
1637 1453 1801 1488 Impetuosus
1813 1452 1927 1478 animus.
1963 1450 2092 1478 Harduin.
2106 1459 2188 1478 tamen
2217 1460 2259 1477 aec
2271 1449 2346 1477 verba
2359 1448 2430 1486 spiam

1367 1492 1409 1518 ria
1428 1498 1469 1516 cen
1484 1496 1516 1517 et.

1371 1560 1517 1588 contendit.

1370 1637 1509 1667 petratum.
1538 1629 1622 1658 Refte.
1638 1629 1678 1664 Est
1692 1632 1795 1657 enimin
1813 1628 1980 1665 auspiciorum
1996 1636 2019 1656 et
2039 1634 2150 1655 extorum
2171 1630 2266 1654 ratione
2280 1625 2419 1660 impetrire

1370 1668 1505 1704 καλλιερὲν
1513 1666 1539 1703 s.
1557 1669 1642 1699 litare,
1656 1665 1720 1702 quod
1739 1666 1806 1692 nihil
1821 1665 1891 1692 aliud
1907 1664 1955 1699 est,
1975 1674 2046 1700 quam
2066 1667 2197 1699 impetrare
2210 1660 2324 1698 faustum
2344 1669 2421 1695 augu-

1370 1707 1447 1730 rium.
1490 1705 1533 1730 Ita
1546 1702 1690 1736 fulguritus
1698 1721 1705 1733 ,
1720 1702 1814 1728 artitus
1829 1704 1941 1727 nouimus
1950 1708 1998 1736 pro
2012 1700 2157 1734 fulguratus
2165 1717 2172 1729 ,
2186 1703 2293 1736 artatus.
2337 1694 2424 1722 Plaut.
2436 1694 2443 1719 l

287 1770 292 1774 1
317 1769 322 1773 ,
1371 1739 1441 1765 Alin.
1452 1747 1477 1769 2,
1490 1747 1510 1769 1,
1524 1747 1548 1764 11
1573 1739 1740 1772 Auguratum
1753 1737 1804 1768 est,
1817 1736 1985 1771 impetritum
2004 1736 2056 1768 est,
2070 1734 2179 1770 quaeuis
2196 1732 2340 1759 admittunt
2352 1739 2407 1757 aue
2437 1732 2442 1749 s

258 1768 373 1795 V¹U¹du⁵
405 1770 472 1795 Hor·
486 1770 574 1795 Carm-
594 1777 623 1802 4,
641 1779 671 1803 4,
685 1778 721 1795 10·
907 1765 928 1805 ff
947 1777 963 1795 2
1005 1769 1139 1796 Verborum
1161 1769 1305 1804 formulae:
1320 1777 1355 1803 45
1370 1774 1429 1799 Val.
1444 1774 1514 1799 Max.
1529 1781 1549 1804 1,
1562 1781 1580 1802 1,
1595 1781 1605 1798 1
1643 1773 1730 1798 Prisco
1757 1772 1839 1798 etiam
1862 1772 1984 1798 instituto
2007 1771 2086 1798 rebus
2107 1769 2208 1796 diuinis
2228 1776 2309 1802 opera
2333 1765 2443 1796 datur*

1370 1816 1454 1841 quum
1474 1807 1576 1840 aliquid
1595 1806 1833 1832 commendandum
1851 1807 1902 1837 est,
1915 1807 2082 1840 precatione:
2113 1813 2195 1839 quum
2219 1800 2410 1836 exposcendum

1371 1848 1452 1869 voto:
1472 1850 1555 1876 quum
1570 1841 1739 1874 soluendum,
1751 1841 1942 1874 gratulatione:
1966 1850 2048 1875 quum
2065 1839 2273 1874 inquirenlum,
2287 1838 2329 1864 vel
2344 1837 2407 1863 ext'

1371 1878 1415 1904 vel
1428 1877 1558 1908 sortibus,
1573 1877 1725 1910 impetrito:
1745 1885 1830 1911 quum
1849 1876 1972 1903 sollemni
1990 1877 2044 1902 ritu
2065 1874 2261 1910 peragendum,
2280 1872 2406 1900 sacrifici·

723 1943 727 1947 η
885 1941 890 1946 ,
1091 1942 1096 1947 .
1371 1914 1421 1937 Pro
1437 1912 1594 1945 Impetrito‚
1608 1913 1682 1946 vulgo
1695 1918 1810 1946 corrupte
1829 1912 1954 1946 legebatur
1974 1912 2123 1943 Impertite.
2179 1910 2235 1936 Cic.
2249 1911 2281 1935 de
2295 1909 2386 1935 Diuin.
2410 1926 2413 1932 ι

258 1946 326 1973 Plin.
346 1953 373 1977 9,
393 1953 424 1976 30
454 1944 486 1969 In
510 1943 668 1978 naufragos,
687 1947 857 1969 vrmantesue
882 1947 1013 1976 impetum
1032 1943 1119 1976 Caplt.
1191 1943 1305 1968 Cessauit
1320 1952 1353 1978 50
1373 1951 1400 1975 28
1415 1954 1437 1971 c.
1451 1948 1480 1971 16
1497 1945 1578 1971 Nihil
1592 1945 1648 1970 fere
1663 1945 1798 1979 quondam
1812 1945 1924 1971 maioris
1938 1945 1995 1975 rei,
2009 1944 2058 1970 nifi
2073 1945 2223 1978 auspicato,
2242 1953 2274 1971 ne
2294 1944 2413 1979 priuatii

1371 1979 1480 2015 quidem
1498 1980 1640 2014 gerebatur
1659 1995 1705 1999 —-
1724 1980 1795 2006 Nam
1814 1985 1844 2007 vt
1862 1988 1932 2006 nunc
1951 1980 2034 2012 extis,
2055 1988 2215 2014 quamquam
2235 1980 2263 2006 id
2276 1979 2362 2014 ipsum
2374 1979 2414 2006 al*

1372 2022 1471 2051 quanto
1487 2016 1573 2042 rarius
1588 2024 1668 2050 quam
1681 2015 1764 2048 olim,
1785 2015 1819 2041 fic
1836 2022 1894 2042 tum
1908 2015 2020 2048 auibus,
2040 2024 2149 2049 magnae
2166 2024 2209 2042 res
2228 2015 2363 2050 impetriri
2382 2015 2424 2042 [θ’

1371 2051 1468 2078 lebant.
1506 2052 1547 2079 Sic
1564 2050 1631 2077 reete
1649 2061 1713 2077 nunc
1725 2052 1818 2088 legitur
1831 2058 1880 2086 pro
1893 2051 2037 2085 Impertiri.
2109 2051 2183 2077 Idem
2201 2050 2235 2078 de
2247 2051 2339 2078 Diuin.
2358 2058 2419 2083 2.,3·
2433 2062 2442 2081 ,-

994 2117 1000 2123 ι
1372 2097 1394 2113 c.
1412 2095 1437 2119 15
1457 2087 1606 2113 Concedam
1625 2086 1676 2113 hoc
1696 2087 1782 2121 ipsum
1795 2086 1814 2113 fi
1829 2087 1886 2120 vis,
1901 2087 1946 2113 etfl
1967 2095 2088 2121 magnam
2106 2086 2237 2113 iaeturam
2249 2088 2338 2113 causae
2355 2087 2433 2123 fece-3

259 2128 317 2149 tum
331 2123 458 2154 alicuius,
477 2121 530 2148 vid.
552 2126 743 2148 CONTVNDO.
814 2118 979 2144 Conuertere
992 2125 1120 2151 impetum
1139 2119 1230 2150 suum,
1250 2117 1305 2143 vid.
1324 2127 1354 2153 55
1371 2131 1417 2152 ro,
1438 2121 1456 2147 s1
1469 2122 1551 2147 vllam
1564 2123 1614 2148 else
1626 2123 1841 2149 conuenientiam
1853 2129 1962 2149 naturae
1975 2132 2034 2149 cum
2047 2123 2115 2149 extis
2127 2124 2282 2149 concessero.
2325 2121 2374 2148 Sed
2386 2125 2434 2155 tas}

1370 2165 1431 2182 men
1444 2165 1477 2182 eo
1491 2157 1623 2188 concesso,
1644 2156 1690 2191 qui
1704 2158 1802 2188 euenit,
1815 2163 1845 2184 vt
1857 2159 1888 2189 is,
1902 2159 1951 2193 qui
1964 2158 2102 2193 impetrire
2116 2158 2197 2190 velit,
2218 2158 2424 2185 conuenientem·

1370 2191 1485 2231 hostiam
1505 2191 1585 2231 rebus
1605 2192 1658 2218 suis
1678 2193 1818 2219 immolet?
1842 2203 1888 2228 quo
1906 2196 1958 2220 loco
1975 2197 2049 2220 etiam
2063 2196 2193 2229 vulgatum
2206 2200 2260 2220 erat
2273 2193 2425 2228 Impertite,

1364 2227 1413 2264 fid
1427 2232 1566 2261 1mpetr1re
1578 2227 1672 2262 probat
1687 2226 1744 2262 pos}
1755 2229 1899 2255 Manutium
1907 2249 1915 2261 ,
1929 2229 2089 2261 Lambinum,
2103 2230 2251 2262 Gruterum,
2263 2230 2427 2262 Gronouiumffi‘

1371 2265 1446 2288 etiam
1459 2262 1548 2297 Daras.
1586 2263 1641 2288 Huc
1647 2261 1768 2297 spefflm
1780 2269 1803 2289 et
1819 2264 1937 2298 Auguria
1952 2264 2139 2298 impeti-atina,
2160 2264 2188 2290 de
2206 2265 2293 2300 quibus
2301 2264 2348 2301 sico
2360 2265 2427 2290 laema

261 2309 306 2326 nes
329 2307 352 2326 et
370 2298 523 2326 collectiones
542 2298 661 2329 dicimus,
676 2298 766 2324 Graeci
786 2296 955 2332 Phlegmonas.
1024 2295 1116 2322 Tac1t.
1139 2295 1205 2320 Ann-
1228 2303 1257 2326 2,
1273 2303 1308 2321 20
1327 2299 1362 2324 60
1372 2297 1448 2333 Conf.
1463 2297 1530 2323 Plin.
1544 2302 1582 2329 28,
1597 2306 1609 2323 2
1616 2304 1660 2333 pr,
1684 2298 1815 2325 Vi&in1as
1834 2299 1907 2325 caedi
1926 2299 1978 2325 fine
1999 2300 2167 2332 precatione,
2181 2309 2236 2326 non
2255 2299 2360 2326 videtur
2377 2307 2421 2326 re.

1372 2334 1460 2365 ferre,
1480 2341 1527 2359 nec
1542 2333 1612 2359 Deos
1634 2333 1686 2359 rite
1700 2333 1810 2360 consuli.
1865 2335 2001 2361 Praeterea
2020 2333 2072 2360 alia
2087 2334 2168 2360 verba
2188 2336 2248 2360 sunt
2266 2330 2420 2367 inipetritis,

1372 2368 1424 2395 alia
1445 2368 1617 2403 depulsoriis,
1637 2368 1689 2395 alia
1707 2369 1950 2396 commentationis.
2003 2369 2045 2395 Sic
2057 2369 2131 2396 MSS.
2152 2377 2234 2394 omnes
2248 2368 2316 2402 apud
2332 2369 2420 2396 Hard.

1372 2403 1503 2437 Salmafius
1536 2404 1632 2430 volebat
1644 2424 1652 2436 ,
1678 2405 1828 2439 Impetriti,
1851 2404 1999 2438 depulsorii
2011 2424 2020 2436 ,
2046 2403 2290 2430 commendationis.
2341 2404 2417 2440 Vulg.

1373 2438 1553 2473 impetrantis,
1568 2439 1733 2473 depulsoris,
1751 2439 1998 2467 conunendationis.
2062 2439 2135 2465 Seru.
2160 2437 2194 2464 ad
2218 2439 2282 2464 Aen.
2304 2447 2345 2471 12,
2365 2440 2426 2472 246,

261 2484 316 2505 tam
334 2485 437 2504 moram
454 2476 550 2509 faciet,
569 2484 649 2510 quam
669 2481 754 2501 nouos
771 2479 885 2507 impetus
899 2473 987 2499 Dabit.
1059 2474 1129 2500 Caes.
1144 2474 1172 2500 B.
1184 2473 1217 2498 G.
1238 2481 1257 2503 ι,
1277 2479 1309 2505 52
1325 2476 1356 2509 65
1371 2474 1545 2509 Monstroque
1563 2474 1676 2505 fefellit,
1702 2475 1827 2510 Namque
1848 2475 1898 2502 hoc
1918 2474 2060 2509 augurium
2077 2482 2124 2500 nec
2142 2473 2294 2500 oblatiuum
2308 2473 2358 2505 est,
2369 2482 2420 2501 nee

1372 2511 1583 2545 impetratiuum.
1604 2510 1669 2536 Dan.
1690 2510 1865 2544 impetritum.
1902 2511 1969 2537 Illud
1985 2516 2049 2537 certe
2066 2509 2164 2536 indicat
2181 2511 2308 2541 varietas,
2319 2514 2365 2543 pro
2383 2517 2422 2534 eo-

1373 2546 1426 2572 dem
1439 2546 1560 2578 habitum,
1573 2544 1662 2580 kffique
1676 2545 1843 2580 impetritum
1854 2546 1995 2579 augurium
2008 2544 2073 2580 quod
2079 2544 2195 2579 precibus
2207 2547 2340 2579 impetratu
2378 2541 2429 2576 esta

1374 2583 1431 2608 Huc
1438 2581 1510 2617 facit
1523 2583 1596 2607 etiam
1611 2581 1669 2607 Cic.
1682 2580 1713 2606 de
1727 2581 1789 2607 Diu.
1804 2590 1824 2612 1,
1838 2591 1849 2613 3
1875 2581 1998 2615 Cumque
2019 2588 2112 2614 magna
2126 2579 2166 2606 vis
2185 2579 2324 2606 videretur
2335 2587 2349 2605 e
2369 2587 2384 2605 e
2396 2579 2428 2604 e'

1374 2617 1403 2643 in
1416 2616 1588 2650 impetrandis
1602 2616 1820 2651 consulendisque
1837 2616 1932 2648 rebus,
1956 2622 1981 2642 et
1996 2616 2025 2642 in
2038 2615 2161 2642 monstris
2176 2614 2380 2650 interpretandis
2392 2623 2422 2641 a

264 2655 295 2683 in
317 2663 393 2689 agros
413 2654 587 2681 inimicorum
606 2653 669 2680 Liu.
683 2661 703 2683 1,
713 2659 734 2685 5.
805 2652 901 2678 Facere
919 2652 1048 2686 impetum
1062 2652 1089 2678 in
1103 2651 1172 2678 bona
1186 2656 1212 2676 et
1225 2650 1311 2676 fortu-
1324 2658 1361 2686 70
1376 2651 1549 2688 procurandis
1561 2652 1590 2678 in
1604 2650 1773 2686 haruspicum
1785 2651 1940 2686 disciplina,
1953 2658 2000 2678 etc.

1368 2723 1435 2760 ficat
1450 2724 1572 2754 Exorare,
1588 2723 1629 2749 vel
1642 2732 1781 2758 quacunque
1794 2724 1845 2749 alia
1857 2725 1954 2750 ratione
1967 2724 1997 2750 ab
2011 2724 2089 2750 altero
2102 2723 2217 2750 obtinere.
2254 2722 2335 2749 Plaut.
2348 2722 2403 2755 Cap

1376 2769 1398 2791 1,
1410 2768 1434 2789 2,
1451 2766 1479 2793 17
1517 2757 1598 2792 Qiod
1618 2758 1726 2792 quidem
1738 2767 1787 2792 ego
1807 2758 1887 2785 nimis
1907 2769 1986 2794 quam
1999 2759 2078 2793 cupio
2098 2765 2127 2785 vt
2146 2759 2278 2793 impetret.
2349 2756 2405 2789 Ide1
2426 2780 2428 2782 ,

1378 2794 1462 2821 Calin.
1478 2803 1500 2826 2,
1516 2803 1538 2826 3,
1552 2801 1577 2827 51
1606 2793 1680 2828 Qid
1700 2794 1718 2821 fi
1732 2802 1781 2829 ego
1796 2794 1913 2830 impetro
1925 2802 2004 2830 atque
2017 2803 2101 2822 exoro
2118 2803 2133 2820 a
2147 2795 2257 2825 villico,
2279 2793 2353 2819 causa
2367 2801 2403 2818 m·
2426 2795 2428 2799 '

265 2837 311 2859 vet
324 2832 438 2866 impetus
450 2830 540 2857 morbi
552 2829 700 2856 articularis
720 2828 784 2855 Plin.
797 2837 823 2860 31
840 2837 861 2857 c.
875 2829 924 2855 vlt.
997 2829 1068 2855 Fieri
1085 2829 1247 2863 praedonum
1263 2828 1311 2854 im-
1330 2834 1363 2863 75
1378 2837 1407 2857 vt
1421 2839 1479 2856 eam
1494 2829 1537 2856 illi
1551 2831 1703 2863 permittat?
1774 2831 1806 2857 Et
1820 2831 1895 2866 Capt.
1909 2839 1932 2863 3,
1946 2840 1971 2863 2,
1986 2840 2017 2865 14
2046 2832 2081 2857 Vt
2095 2830 2167 2865 quod
2181 2839 2224 2856 me
2236 2828 2362 2858 orauisti‚
2375 2828 2414 2853 im
2429 2853 2433 2860 ,

1377 2871 1471 2901 petres.
1543 2866 1612 2892 Ter.
1626 2865 1708 2892 Andr.
1727 2874 1752 2897 2,
1770 2875 1794 2899 5,
1807 2875 1830 2893 11
1867 2868 1940 2894 Facis
1961 2872 1990 2893 vt
2010 2872 2036 2893 te
2056 2866 2144 2897 decet,
2165 2864 2329 2900 quumffistuc
2350 2861 2441 2903 quod

1378 2901 1499 2936 postulo,
1518 2900 1633 2935 impetro
1646 2910 1705 2928 eum
1718 2903 1811 2935 gratia.
1883 2903 1940 2929 Cic.
1953 2903 2025 2929 Fam.
2039 2909 2074 2934 13,
2086 2910 2118 2933 30
2149 2902 2260 2930 Omnia,
2269 2906 2336 2932 quae
2349 2888 2447 2935 potui-'J

1377 2938 1406 2964 in
1421 2937 1468 2963 hac
1489 2937 1590 2963 summa
1609 2942 1653 2964 tua
1668 2939 1751 2972 gratia
1767 2947 1796 2964 ac
1812 2939 1931 2973 potentia
1944 2947 1959 2965 a
1971 2944 1997 2965 te
2011 2938 2171 2971 impetrare,
2189 2936 2207 2962 si
2224 2935 2369 2970 petiissem,
2385 2933 2445 2973 vl-‹'⁴

856 3007 861 3011 ,
1379 2978 1422 3000 tro
1435 2979 1461 2999 te
1473 2971 1505 2998 ad
1518 2981 1559 2998 me
1575 2972 1693 2999 detulisse
1704 2973 1819 3008 putabo,
1836 2973 1854 3000 fi
1868 2973 1934 3000 hanc
1946 2983 2004 3000 rem
2018 2973 2205 3007 impetrauero.
2279 2968 2433 2998 Minusho-<

266 3010 394 3037 animalia
407 3008 524 3036 Cic.Off.
538 3017 565 3040 2,
579 3017 598 3034 1.
669 3006 808 3041 Impellere
820 3015 970 3033 animorum
985 3008 1097 3042 impetus
1110 3008 1184 3034 Idem
1196 3007 1228 3033 de
1237 3008 1312 3034 Orat.
1332 3009 1365 3035 80
1378 3008 1449 3035 neste
1468 3008 1611 3041 impetrare
1635 3009 1692 3036 Cic.
1707 3010 1760 3036 Att.
1775 3016 1800 3044 7,
1816 3012 1853 3035 16.
1941 3009 2028 3036 Facile
2049 3008 2082 3034 ab
2093 3015 2146 3034 vno
2165 3005 2197 3032 de
2210 3005 2265 3032 alio
2281 3006 2433 3039 impetrare:

1379 3044 1453 3071 Idem
1468 3045 1522 3070 Att.
1538 3051 1574 3076 15,
1587 3049 1609 3074 8.
1680 3045 1824 3079 Impetrare
1836 3044 1869 3071 ab
1882 3044 1992 3079 aliquo,
2011 3050 2040 3071 vt
2055 3050 2148 3070 verum
2168 3042 2217 3068 esse
2236 3040 2361 3068 concedat
2383 3039 2436 3068 Id.:
2477 3063 2479 3072 Α

1381 3079 1460 3108 Acad.
1476 3088 1504 3112 4,
1541 3099 1548 3105 .
1587 3098 1594 3105 .
1664 3081 1745 3107 Plaut.
1759 3081 1836 3107 Curc.
1853 3089 1874 3113 1,
1891 3089 1911 3113 1,
1923 3083 1954 3113 65
1988 3080 2083 3113 Neque
2101 3076 2248 3112 quidquam
2262 3085 2331 3112 queo
2345 3075 2444 3113 aequis,
2478 3081 2479 3086 ¹

1380 3116 1499 3151 bonique
1517 3114 1550 3141 ab
1566 3123 1598 3140 eo
1611 3115 1762 3150 impetrare.
1797 3115 1948 3143 Add.Ve11.
1967 3124 1994 3147 2,
2014 3120 2063 3146 125,
2084 3121 2103 3139 1.
2170 3113 2318 3140 Ciuitatem
2331 3111 2364 3138 ab
2377 3110 2443 3138 ali-«2

1381 3161 1436 3187 quo
1461 3151 1517 3178 Cic.
1534 3151 1606 3176 Fam.
1623 3159 1656 3183 13,
1675 3159 1714 3187 37.
1784 3152 1972 3186 Exceptionem
1990 3149 2023 3175 ab
2042 3147 2134 3182 aliquo
2154 3148 2228 3175 Idem
2242 3147 2322 3175 Acad.
2335 3155 2363 3181 4,
2380 3152 2431 3181 97.'
2459 3174 2460 3177 ,

270 3196 315 3220 ²22
328 3196 370 3214 22·
443 3188 483 3214 Di!
497 3187 608 3220 spatium
620 3191 780 3220 tenuemque
792 3194 909 3211 moram:
927 3184 995 3210 male
1012 3184 1104 3211 cun&a
1119 3185 1252 3212 Ministrat
1264 3186 1315 3213 im·
1333 3185 1364 3216 85
1380 3189 1473 3215 Pacem
1493 3187 1561 3213 Hor.
1569 3186 1647 3220 Epist.
1662 3195 1684 3219 ρ,
1698 3196 1718 3219 ι,
1731 3194 1782 3222 137.
1838 3187 1963 3221 Quietem
1977 3183 2072 3210 studiis
2085 3184 2218 3218 Quinctil.
2231 3184 2258 3210 in
2271 3191 2392 3218 prooem.
2402 3190 2430 3210 ιω
2459 3200 2460 3203 =

1381 3224 1496 3251 Salutem
1516 3221 1636 3257 precibus
1657 3223 1712 3248 Cic.
1729 3223 1801 3250 Brut.
1818 3225 1854 3249 16.
1944 3219 2009 3246 Plin.
2023 3219 2100 3253 Epist.
2122 3225 2162 3252 318
2189 3218 2319 3252 Quamuis
2338 3218 2424 3252 suspe-
2440 3223 2443 3225 ’

1382 3259 1438 3286 &us
1451 3259 1479 3285 in
1500 3257 1670 3292 praeteritum
1692 3258 1788 3288 fuerit,
1809 3256 1913 3284 veniam
1933 3264 1964 3282 ex
1985 3255 2150 3290 poenitentia
2169 3254 2302 3289 impetret.
2373 3254 2426 3280 Ve-
2459 3270 2460 3279 ι

1382 3296 1455 3322 niam
1469 3293 1545 3320 exilii
1559 3293 1680 3327 impetrat
1704 3293 1795 3320 Tacit.
1810 3294 1877 3319 Ann.
1896 3299 1931 3323 12,
1951 3296 1974 3321 8.
2043 3291 2156 3317 Veniam
2169 3290 2287 3316 metendi
2301 3289 2366 3316 Plin.
2385 3297 2424 3320 12,

1386 3340 1423 3364 19.
1492 3329 1559 3356 Ter.
1574 3328 1647 3355 Adel.
1660 3337 1682 3361 3,
1693 3338 1722 3362 4,
1736 3337 1774 3362 44
1804 3326 1882 3361 Quod
1902 3336 1951 3352 vos
1967 3327 2008 3352 ius
2027 3326 2117 3361 cogit,
2141 3325 2168 3352 id
2188 3325 2326 3352 voluntate
2340 3325 2426 3358 impe·
2458 3343 2460 3349 .

272 3364 407 3398 aliquem,
425 3371 451 3391 et
466 3365 570 3392 irruere
590 3364 619 3390 in
633 3373 694 3390 eum
717 3363 756 3390 Id.
769 3371 817 3397 pro
831 3364 919 3389 Domo
934 3364 989 3389 106.
1060 3362 1214 3396 Propulsare
1236 3363 1319 3397 impe·
1339 3372 1376 3397 90
1385 3370 1444 3393 (ret.
1515 3365 1569 3392 Cic.
1583 3364 1634 3390 Att.
1649 3373 1675 3396 9,
1692 3371 1716 3397 ις
1727 3371 1768 3399 pr.
1808 3364 1833 3389 Si
1852 3361 1920 3388 mihi
1933 3362 2039 3388 veniam
2058 3370 2137 3396 quam
2152 3369 2214 3395 peto
2226 3361 2345 3390 dederit,
2364 3364 2424 3386 vtar
2437 3389 2444 3394 .

1384 3402 1457 3428 illius
1470 3400 1637 3429 conditione;
1658 3399 1694 3425 fin
1708 3400 1810 3430 minus,
1824 3397 1974 3431 impetrabo
1992 3397 2096 3431 aliquid
2110 3406 2125 3423 a
2138 3405 2180 3422 me
2194 3397 2259 3430 ipso.
2332 3393 2424 3428 Pqffiu.
2459 3402 2460 3407 ¹

1384 3437 1441 3463 Val.
1458 3437 1529 3463 Max.
1543 3443 1568 3469 4,
1580 3443 1603 3467 3,
1616 3441 1633 3468 7
1658 3437 1680 3461 A
1694 3434 1774 3461 seruis
1786 3433 1832 3459 vix
1847 3434 1983 3467 impetrari
1996 3433 2094 3467 potest,
2114 3440 2147 3458 ne
2161 3441 2219 3458 eam
2232 3430 2425 3466 supellectilem
2444 3430 2449 3433 '

1383 3472 1526 3500 fastidiant.
1552 3473 1570 3497 i.
1594 3470 1647 3496 Hoc
1665 3480 1714 3496 non
1729 3468 1827 3510 poffimt
1846 3469 1939 3495 domini
1956 3479 1972 3495 a
1984 3469 2068 3504 struis
2085 3471 2225 3502 impetrare.
2282 3464 2423 3501 Per-ficere.
2459 3483 2460 3487 ,

1384 3509 1465 3535 Plaut.
1479 3509 1556 3534 Poen.
1570 3512 1591 3538 5,
1606 3515 1626 3536 2,
1641 3514 1670 3538 ¹4
1686 3507 1804 3538 Incipere
1817 3505 1901 3530 multo
1916 3504 1952 3531 est
1966 3513 2045 3539 quam
2060 3504 2203 3537 impetrare
2216 3501 2330 3528 facilius.
2363 3499 2424 3526 Vid.

278 3538 350 3564 Brut·
365 3546 391 3572 7·
459 3541 619 3568 Rcsedernnt
633 3542 746 3576 impetus
758 3540 877 3567 Marcelli
901 3540 956 3567 Cic.
970 3541 1041 3567 Fam.
1055 3547 1079 3574 8,
1092 3549 1116 3567 2.
1178 3540 1319 3567 Retardare
1333 3546 1366 3573 95
1388 3544 1492 3571 Taubm.
1527 3542 1595 3569 Ter.
1609 3541 1673 3567 Hec.
1688 3549 1708 3573 ς,
1722 3549 1740 3572 ι,
1755 3548 1766 3571 3
1794 3539 1943 3566 Videndum
1957 3540 2047 3569 cst,ne
2055 3539 2142 3565 minus
2156 3543 2265 3572 propter
2278 3537 2343 3563 iram
2356 3536 2424 3562 hanc
2459 3542 2460 3549 ¹

1384 3580 1540 3613 impetrem,
1565 3584 1643 3620 qnam
1664 3576 1770 3610 possem.
1812 3576 1860 3602 Vbi
1878 3576 1972 3602 Donat.
1999 3576 2156 3609 Impetrem,
2171 3572 2315 3607 perficiam.
2342 3570 2423 3598 Gloff.
2458 3574 2460 3584 ⁴

1383 3617 1542 3649 Impetrare,
1559 3610 1651 3637 ανύσαι.
1689 3610 1819 3637 Ammian.
1850 3631 1857 3637 .
1886 3631 1893 3638 .
1925 3631 1931 3637 .
1961 3609 2040 3638 Nihil
2057 3610 2199 3643 impetrato
2218 3608 2288 3634 intra
2306 3607 2424 3633 moenia.

1382 3650 1457 3686 Conf.
1474 3652 1524 3676 Iac.
1537 3649 1600 3674 Dur.
1614 3646 1697 3681 Cafill.
1716 3647 1777 3673 Var.
1792 3657 1812 3674 ι.

1384 3826 1452 3853 Hor.
1465 3826 1553 3852 Carm.
1566 3833 1595 3856 4,
1609 3831 1633 3852 2,
1645 3831 1685 3855 43.
1721 3823 1793 3859 Conf.
1807 3823 1876 3849 Vell.
1889 3832 1914 3855 2,
1928 3825 1968 3854 68,
1980 3830 2006 3848 2.

1755 114 1773 155 Ι
1861 113 1912 155 ht
2001 114 2029 155 P
2085 144 2109 156 -
2307 131 2403 174 1004
2450 160 2473 172 ,.

1370 211 1413 234 tus
1430 206 1559 240 Qtine'til.
1574 214 1594 238 3,
1606 209 1629 235 8.
1698 204 1773 232 Idem
1787 213 1808 238 1,
1821 212 1832 230 1
1860 204 1976 238 Ideoque
1993 203 2070 231 laude
2084 204 2191 238 crescit,
2204 209 2230 232 et
2249 205 2351 241 impetu
2362 215 2405 236 ιιι.

1371 248 1464 277 gealt,
1483 249 1508 269 et
1521 241 1622 276 aliquid
1642 249 1767 275 magnum
1786 248 1863 274 agere
1884 239 1986 274 gaudet.
2006 239 2034 265 de
2044 244 2140 275 pueris.
2211 243 2243 268 Et
2256 250 2281 274 2,
2297 250 2320 268 11
2357 245 2406 279 Igi-
2445 266 2447 270 .

1371 283 1417 304 tur
1439 284 1465 305 et
1486 279 1587 313 impetu
1612 276 1699 303 dicere
1718 277 1760 308 sc,
1784 281 1810 302 et
1828 275 1932 302 viribus
1953 275 1993 302 vti
2013 275 2172 308 gloriantur.
2243 277 2307 303 Plin.
2327 286 2365 311 14,
2377 288 2406 308 22
2448 303 2449 306 ,

1372 313 1478 340 Tribus
1490 314 1591 348 congiis
1612 312 1697 346 epotis
1716 321 1770 338 vno
1785 311 1894 346 impetu.
1966 310 2047 337 Ouid.
2061 311 2126 337 Fast.
2138 319 2161 344 5,
2176 319 2220 345 523
2240 312 2265 339 Si
2282 312 2346 347 quid
2356 314 2406 344 fert
2424 313 2425 318 ¹

1372 384 1503 418 Impetum
1517 386 1541 411 se
1555 384 1646 419 cepisse
1660 383 1751 410 scribit
1770 381 1988 409 frumentationes
2001 380 2118 416 publicas
2131 381 2161 408 in
2180 390 2336 418 perpetuum
2349 383 2408 414 abo÷
2442 387 2444 401 z

1373 419 1455 452 lendi,
1474 420 1547 455 quod
1560 429 1649 447 earum
1663 418 1760 445 fiducia
1772 417 1874 444 cultura
1887 426 2010 451 agrorum
2023 417 2135 443 cessarat.
2188 418 2280 445 Tacit.
2294 420 2362 445 Ann.
2376 427 2411 454 15¹4
2432 430 2435 435 ⁴

1375 462 1408 488 50
1434 456 1464 482 Et
1477 456 1567 491 cepisse
1586 456 1715 490 impetum
1728 453 1837 481 Subrius
1853 452 1958 480 Flauius
1977 452 2127 485 ferebatur,
2142 453 2170 479 in
2189 454 2262 480 scena
2277 460 2420 484 canentem·

1375 490 1513 518 Neronem
1532 490 1712 527 aggrediendi.
1783 489 1889 515 Lucrct.
1902 496 1924 522 5,
1937 496 1983 514 201
2012 489 2150 522 Quantum
2163 489 2229 515 caeli
2250 489 2314 523 tegit
2332 490 2409 525 impe.

1376 568 1465 589 ΡΕΤΕ.
1501 563 1542 590 Sic
1554 562 1588 589 ad
1599 569 1688 589 motum
1701 561 1768 588 illum
1777 561 1839 587 caeli
1851 560 1959 595 reseram
1973 560 2117 586 Accianum
2128 559 2192 586 illud
2203 560 2270 595 apud
2281 561 2337 587 Cic.
2351 561 2434 601 Dim-'³

1375 605 1397 629 1,
1411 606 1449 630 44
1462 607 1484 624 c.
1498 607 1531 625 22.
1551 599 1619 625 Cum
1634 598 1687 624 iam
1702 596 1788 632 quieti
1801 604 1895 630 corpus
1907 594 2041 621 ιιοὲἱυιιιο
2055 595 2155 630 impetu
2168 595 2238 621 dedi.
2275 598 2328 622 Nec
2340 597 2449 634 alitem„⁴

1375 631 1409 658 de
1422 634 1484 660 Nat.
1498 634 1578 661 Deor.
1593 643 1613 665 2,
1627 641 1660 668 97
1673 642 1694 659 c.
1708 638 1736 665 38
1768 633 1835 659 Cum
1850 636 1937 657 autem
1955 630 2083 664 impetum
2103 631 2170 657 caeli
2189 630 2343 658 admirabili
2355 631 2421 661 cuni'
2460 639 2463 641 ’

1374 669 1508 696 celeritate
1525 669 1629 696 moueri
1655 669 1777 702 vertique
1795 666 1948 697 videamus,
1974 668 2017 691 vbi
2032 666 2089 692 bene
2101 666 2186 702 fecit,
2205 666 2269 702 quod
2283 667 2383 694 ambitu
2408 664 2410 667 ’

1372 747 1484 767 conatum
1496 747 1520 768 et
1538 744 1590 767 vim
1600 739 1702 766 nocendi
1721 738 1824 775 respicit
1843 738 1900 764 Cic.
1913 737 1996 763 Tusc.
2012 746 2034 769 2,
2049 746 2082 763 20
2094 746 2116 763 c.
2131 742 2144 767 8
2163 747 2192 763 ex
2203 738 2330 773 Sophocle,
2350 732 2411 766 No'*
2433 740 2437 773 ⁴.
2452 732 2453 742 ¹

1373 775 1521 803 biformato
1533 776 1633 811 impetu
1647 776 1794 802 Centaurus
1807 773 1875 799 i6’ms
1893 773 2001 806 corpori
2015 772 2116 799 inflixit
2128 781 2196 799 meo.
2256 774 2405 809 Frequens-1¹⁷
2426 780 2439 802 ,¹

1373 846 1444 873 Sicut
1455 856 1523 874 nunc
1534 848 1633 875 femina
1647 855 1783 882 quaeque,
1803 845 1871 871 Cum
1886 844 2003 878 peperit,
2020 843 2091 869 dulci
2107 844 2225 878 repletur
2242 844 2323 877 laete,
2343 845 2450 887 quod?

1373 917 1493 945 Macrob.
1507 919 1558 946 Sat.
1571 921 1596 951 6,
1610 928 1619 945 1
1649 918 1762 945 Labitur
1774 915 1852 942 vuola
1865 916 1951 942 carina
1960 935 1969 948 ,
1981 915 2054 941 volat
2067 915 2143 949 super
2155 915 2269 950 impetus
2282 915 2373 943 vndas.
2411 921 2430 951 χῖ·

1409 961 1418 979 1
1429 960 1452 979 M
1461 960 1474 980 r
1485 952 1502 981 13⁰
1510 961 1531 981 Τ
1540 962 1566 982 Ε.
1603 952 1717 989 [ἐφόδῳ]
1752 953 1901 983 Ablatiuus,
1909 957 1958 987 pro
1975 952 2068 986 Impetu
2076 970 2085 983 ,
2099 951 2129 977 ab
2142 955 2246 987 antiquo
2255 953 2430 986 Nominatiuojt·
2458 956 2459 959 ’

1526 1063 1579 1089 Aut
1593 1061 1733 1089 hominem
1747 1065 1821 1088 tanto
1835 1058 2018 1086 membrorum
2032 1058 2080 1085 effe
2092 1058 2191 1093 impete
2203 1064 2307 1092 natum,

1528 1098 1618 1126 Trans
1633 1098 1717 1124 maria
1731 1097 1782 1123 alta
1797 1096 1892 1131 pedum
1906 1095 1976 1121 nisus
1989 1100 2018 1121 vt
2030 1103 2129 1129 ponere
2142 1095 2223 1129 posset

1529 1134 1559 1160 Et
1570 1133 1692 1161 manibus
1706 1138 1793 1160 totum
1809 1132 1910 1158 circum
1923 1131 1948 1157 se
1961 1136 2065 1157 vertere
2078 1130 2188 1160 caelum.
2416 1137 2421 1151 ν

1406 1390 1449 1410 ιΜ
1458 1390 1498 1410 PE
1507 1390 1529 1410 Τ
1538 1384 1573 1410 ἐι
1583 1389 1604 1409 ν
1616 1391 1629 1410 s
1638 1403 1646 1416 ‚
1665 1392 1696 1415 a,
1712 1391 1767 1408 um.
1793 1382 1854 1408 Adi.
1893 1381 1972 1407 Glors.
1985 1381 2041 1406 Lat.
2055 1381 2148 1407 Graec.
2162 1378 2323 1414 Impeteius,
2336 1376 2427 1406 evam.-

1407 1426 1417 1445 1
1426 1426 1451 1445 Μ
1460 1426 1474 1445 1³
1483 1425 1500 1445 E
1509 1426 1529 1445 T
1539 1426 1560 1445 v
1569 1419 1589 1446 6
1598 1426 1611 1445 s
1619 1426 1639 1446 v
1649 1426 1662 1445 s
1670 1439 1679 1451 ‚
1696 1426 1722 1450 a,
1740 1426 1795 1443 um.
1814 1416 1874 1443 Adi.
1911 1413 2060 1451 [ροᾶιώδης]
2098 1417 2149 1451 Qu·
2162 1424 2201 1442 ma
2221 1424 2250 1441 no
2264 1417 2354 1449 impetu
2360 1413 2426 1450 fae-²«v

1406 1533 1417 1551 1
1427 1532 1451 1552 M
1462 1531 1476 1551 r
1487 1532 1504 1552 E
1513 1531 1535 1551 Τ
1544 1531 1566 1551 ν
1575 1531 1594 1551 0
1603 1530 1615 1550 s
1624 1531 1651 1551 E.
1686 1522 1754 1550 Adu.
1794 1522 1893 1550 Messal.
1913 1521 1997 1549 Coru.
2016 1521 2058 1548 Pr.
2078 1519 2120 1548 Ad
2145 1520 2252 1548 moenia
2273 1519 2420 1555 impetuose

1407 1601 1631 1627 1MPETR10,
1649 1603 1666 1621 a
1684 1603 1730 1630 quo
1749 1594 1822 1621 Part.
1843 1594 2130 1625 lMPE'rRiTVM,
2149 1589 2419 1627 explicatFestusIm-

1411 2695 1421 2713 1
1429 2695 1454 2714 Μ
1463 2695 1479 2714 P
1489 2687 1506 2714 Ε
1514 2694 1535 2714 Τ
1547 2693 1565 2713 R
1577 2692 1597 2713 ο
1607 2707 1615 2720 ,
1643 2691 1695 2714 are.
1732 2687 1890 2722 [τυγχάνω]
1928 2688 1964 2713 Ex
1976 2687 2006 2714 In
2019 2693 2043 2714 et
2056 2688 2135 2715 Patro
2154 2685 2307 2723 compositum
2314 2696 2325 2716 ‚·
2347 2685 2414 2722 ligni

1419 3693 1428 3712 1
1438 3692 1463 3712 M
1473 3692 1487 3711 P
1496 3691 1513 3711 E
1524 3689 1546 3709 Τ
1557 3689 1576 3708 R
1585 3688 1607 3708 Α
1616 3688 1628 3708 s
1638 3688 1650 3706 s
1660 3688 1676 3707 Ε
1686 3688 1703 3707 R
1712 3688 1728 3708 E
1737 3701 1745 3713 ‚
1759 3688 1806 3716 pro
1821 3682 2013 3717 impetraturum
2026 3678 2069 3714 effi
2082 3685 2177 3705 veteres
2190 3677 2315 3704 dixerunt.
2325 3688 2327 3693 ι
2339 3673 2424 3703 Plaut.

1420 3798 1431 3817 1
1441 3797 1465 3816 Μ
1473 3795 1512 3817 PE
1520 3795 1541 3814 T
1550 3794 1569 3814 R
1577 3794 1597 3813 Α
1606 3793 1655 3813 'I'v
1664 3794 1676 3814 s
1686 3807 1694 3820 ,
1720 3796 1733 3813 a
1741 3808 1750 3820 ,
1772 3797 1826 3814 um.
1858 3784 1950 3814 Partic.
1990 3785 2100 3812 Reditus
2127 3785 2282 3819 impetratus
2311 3781 2424 3817 Augusti
2440 3791 2441 3794 ¹
2460 3778 2461 3781 ’

1420 3868 1430 3886 1
1439 3867 1464 3887 Μ
1472 3867 1487 3886 1³
1496 3865 1513 3884 Ε
1522 3865 1543 3885 Τ
1551 3864 1571 3884 R
1580 3865 1602 3884 Α
1611 3864 1627 3884 Β
1637 3856 1673 3884 ἴι.
1684 3865 1715 3885 18
1724 3878 1732 3891 ,
1753 3868 1776 3885 e.
1801 3859 1862 3885 Adi.
1897 3857 1970 3893 Quod
1974 3856 2057 3890 facile
2071 3857 2201 3891 impetrari
2213 3860 2236 3880 et
2248 3853 2355 3880 obtineri
2366 3857 2424 3888 pot·
2467 3847 2469 3850 ⁵

2356 3922 2421 3949 bilia
2458 3915 2459 3959 l
