2479 4225
318 216 372 252 5¹¹
697 197 958 238 Exo

321 291 360 318 vel
366 290 466 324 placare
476 286 618 324 personam,
633 286 733 314 orando.
783 285 863 311 Plaut.
877 281 964 308 Pseud.
978 290 998 314 1,
1013 290 1033 314 1,
1045 289 1082 322 74
1106 281 1241 323 Pumiceos
1255 280 1345 323 oculus

320 325 422 356 habeo,
442 331 496 351 non
509 332 579 357 queo
591 323 723 349 lacrimam
738 327 852 346 exorare.
884 320 902 343 ί.
924 319 982 343 Non
1005 317 1094 351 possum
1115 319 1240 343 lacrimam
1264 318 1348 342 elicere

322 370 351 386 cx
365 361 450 385 aculis.
487 359 555 385 Ter.
578 359 657 385 Andr.
681 364 704 388 ς,
726 364 745 386 3,
758 362 794 385 30.
895 351 968 378 Idem
980 353 1074 379 Heaut.
1091 361 1111 385 ς,
1125 360 1146 385 5,
1160 359 1173 384 5
1192 351 1230 378 Da
1241 352 1348 377 veniam

323 394 452 427 Chreme,
470 393 522 420 sine
540 400 566 420 te
592 400 705 419 exorem.
728 392 746 415 i.
767 385 923 422 Perfitadeam
951 387 1014 419 tibi,
1034 395 1057 414 et
1088 386 1149 413 illud
1177 396 1193 412 a
1223 393 1246 412 te
1273 390 1348 421 impe-

322 437 394 456 trem.
463 429 530 455 Add.
547 428 617 454 Idem
634 427 696 451 Eun.
712 431 731 455 1,
743 431 768 453 2,
783 429 832 454 105.
903 422 959 449 Cic.
975 422 1084 457 Philipp.
1099 428 1121 453 8,
1137 430 1164 454 19
1183 422 1249 447 Ante
1263 421 1347 447 deter-

323 473 381 492 rere
394 471 427 494 te,
450 473 482 490 ne
497 462 626 498 popularis
639 460 712 488 esses,
729 464 783 482 non
796 462 959 491 poteramus:
982 464 1010 484 vt
1024 467 1091 484 nunc
1105 457 1134 484 lis
1150 456 1291 491 popularis,
1305 465 1346 482 ex-

324 508 400 527 orare
414 508 468 525 non
481 499 615 533 possumus.
683 491 798 517 Pseudo·
808 492 864 518 Cic.
878 493 972 520 oetan.
996 494 1044 520 Ille
1064 502 1093 519 ea
1107 499 1193 519 tamen
1213 491 1346 523 exorabat,

325 544 391 570 quae
410 533 514 560 volebat
531 530 632 557 auferre
647 537 652 552 :
680 532 708 552 tu
729 532 875 562 extorques.
945 528 1001 555 Cic.
1015 529 1093 555 Attic.
1110 537 1143 560 ις,
1158 530 1175 553 6
1207 528 1299 553 Brutus
1320 532 1346 553 et

325 569 420 598 Cassius
441 569 537 594 vtinam
556 571 634 597 quam
648 561 725 588 facile
744 570 758 587 a
773 567 798 588 te
819 562 851 589 de
871 572 912 590 me
926 563 1066 597 impetrare
1080 564 1194 598 possunt,
1213 562 1248 588 ita
1263 567 1347 596 perte

325 610 480 633 exorentur,
498 609 529 626 ne
542 597 613 632 quod
633 596 741 623 calidius
758 596 848 624 ineant
861 598 1007 625 consilium.
1075 598 1148 626 Idem
1167 606 1214 632 pro
1229 598 1346 624 Muraen-

325 644 354 667 61
375 639 432 665 Viri
445 645 496 662 non
510 635 571 663 esse,
589 641 672 666 neque
685 632 805 665 exorari,
826 641 913 668 neque
927 634 1032 668 placari.
1103 634 1182 660 Plaut.
1197 634 1270 667 Capt.
1287 641 1314 663 2,
1329 641 1347 663 1,

328 684 356 709 ¹7
377 675 460 699 Vnum
480 677 588 695 exorare
607 676 654 693 vos
673 666 748 693 finite
765 676 824 694 110⁵.
892 669 964 696 Idem
975 670 1056 696 Trin.
1070 678 1095 701 2,
1109 678 1131 701 2,
1144 678 1182 702 44
1210 669 1259 695 Res
1272 676 1349 702 quae·

325 711 381 737 dam
394 707 442 736 est,
461 712 537 738 quam
551 703 614 729 volo
627 711 676 736 ego
695 711 737 728 me
756 702 800 729 abs
815 708 840 730 te
858 710 988 731 exorare.v
1079 705 1146 732 Ter.
1160 703 1268 738 Adelph.
1283 712 1309 736 4,
1323 712 1350 735 4,

325 753 349 773 21
367 740 517 770 Exorassem,
536 744 563 764 vt
577 746 633 764 cani
647 737 778 764 ducerem.
850 739 906 765 Cic.
918 739 949 765 de
961 741 1040 774 Legg.
1057 748 1076 771 1,
1113 760 1119 766 .
1157 760 1162 765 .
1198 740 1349 768 Exoremus,

323 785 350 805 vt
364 776 441 802 sileat.
512 775 541 799 Et
554 773 585 799 de
597 774 671 799 Orat.
687 780 707 805 1,
721 782 757 805 133
784 773 899 800 Nuncte
912 774 963 800 iam
982 784 1120 802 exoremus
1140 776 1236 801 necesse
1249 774 1300 805 est,
1321 778 1349 800 vt

320 812 396 839 nobis
409 808 529 844 explices.
599 807 685 834 Facile
699 809 804 835 exorari
825 809 880 835 Cic.
897 818 945 843 pro
959 810 1046 836 Deiot.
1059 819 1075 843 9
1096 820 1117 837 c.
1131 819 1152 843 3.
1212 811 1272 836 Stat.
1286 808 1348 835 Silu.

321 856 343 880 ς,
357 855 378 878 3,
392 854 444 879 274
465 845 519 870 Cur
531 842 599 869 nihil
613 849 712 875 exoret,
726 844 839 878 genitor,
859 844 953 877 Chelys
966 852 1009 872 aut
1023 852 1066 872 tua
1079 847 1183 872 manes?
1208 846 1259 871 Aut
1273 845 1348 870 mea?

318 886 337 908 ι’,
357 881 420 907 nihil
440 889 455 905 a
475 878 584 905 manibus
605 881 726 913 impetret.
796 879 879 906 Ouid.
894 882 984 907 Amor.
1005 889 1025 913 3,
1043 890 1075 912 ιι,
1095 890 1126 914 43
1153 881 1228 907 Fadia
1248 885 1349 906 merent

320 916 425 946 odium,
445 914 533 940 Facies
547 920 636 939 exorat
649 921 774 940 amorem.
845 916 933 941 Vnum
948 917 1043 950 quaeso
1059 916 1129 943 diem
1150 916 1211 942 deos
1231 916 1349 941 silentum

318 960 409 978 exores
423 950 484 976 Stat.
498 948 670 975 Genethliaco
684 949 797 980 Lucani,
817 950 835 975 s.
850 950 914 976 Silu.
928 959 952 982 2,
969 958 994 985 7,
1008 960 1056 977 121.
1127 952 1195 978 Deos
1209 952 1282 985 saepe
1294 959 1346 976 ma-
1362 956 1396 975 20

319 995 382 1021 gnos
402 990 510 1012 exorant
528 984 643 1010 carmine
662 984 741 1011 Ouid.
755 985 841 1011 Trist.
853 993 884 1017 2,
897 994 938 1012 22.
1010 987 1100 1013 Pacem
1120 986 1211 1013 diuum
1230 995 1348 1018 exorare,

317 1024 336 1049 i.
348 1025 479 1056 impetrare
494 1019 589 1053 Virgil.
603 1020 666 1045 Aen.
681 1028 704 1052 3,
719 1028 777 1054 370.
848 1021 962 1047 Puellam
982 1022 1061 1048 Ouid.
1077 1022 1108 1048 de
1122 1023 1184 1049 Arte
1197 1023 1255 1048 Am.
1271 1031 1288 1052 1,
1309 1029 1348 1056 37.

319 1057 384 1084 Plin.
399 1054 475 1090 Epist.
491 1062 515 1087 2,
530 1063 552 1087 ς,
564 1057 580 1080 6
607 1055 686 1088 Q¹0d
701 1061 786 1082 tamen
804 1055 821 1082 si
835 1056 893 1090 quis
906 1056 1049 1089 exstiterit,
1070 1058 1116 1092 qui
1132 1064 1219 1092 putet,
1236 1067 1282 1083 nos
1296 1057 1349 1082 lau-

318 1093 371 1120 tius
395 1091 495 1122 fecisse,
516 1098 595 1124 quam
617 1089 721 1116 ordinis
741 1091 863 1117 seueritas
882 1092 983 1126 exigat,
1005 1092 1082 1119 huius
1102 1097 1147 1125 (vt
1166 1094 1202 1119 ita
1218 1093 1348 1124 dixerim)

317 1127 470 1155 Tristitiam
485 1133 592 1152 exorare
606 1125 738 1152 debebunt
751 1126 869 1161 reliquae
881 1127 994 1154 aetionis
1008 1134 1106 1162 partes,
1131 1132 1149 1155 i.
1167 1131 1273 1164 reliquae
1291 1136 1349 1163 par·
1363 1132 1395 1157 25

318 1170 354 1189 tes
366 1162 481 1189 inducent
494 1170 559 1192 eum,
579 1167 607 1186 vt
622 1160 715 1195 desinat
728 1160 770 1194 effi
786 1165 823 1187 ita
836 1163 944 1189 Seuerus.
1017 1164 1127 1190 Veniam
1141 1164 1192 1190 fine
1205 1173 1311 1190 exorem
1326 1170 1350 1189 te

318 1198 388 1230 illis,
409 1199 426 1223 i.
440 1206 490 1222 mea
502 1198 588 1232 gratia
599 1196 630 1222 da
643 1196 695 1222 illis
711 1199 807 1223 veniam
819 1197 900 1224 Plaut.
916 1197 1037 1225 Bacchid.
1053 1207 1117 1232 3,.2‚
1132 1205 1169 1229 82.
1223 1199 1349 1225 Laudatur

320 1234 391 1260 Idem
407 1231 464 1258 Mil.
478 1241 506 1263 4,
521 1233 546 1263 6,
562 1239 584 1263 13
611 1232 710 1258 Veneri
732 1232 774 1266 pol
792 1231 878 1259 habeo
898 1234 1022 1268 gratiam,
1043 1236 1204 1269 eandemque
1224 1243 1305 1261 exoro
1324 1240 1349 1260 et

319 1268 431 1303 quaeso,
448 1273 476 1293 vt
490 1267 545 1292 eius
559 1266 626 1293 mihi
641 1266 670 1293 sit
685 1268 775 1302 copia,
796 1276 874 1302 quem
888 1277 964 1302 amo,
984 1271 1116 1305 quemque
1133 1270 1255 1304 expetisso
1269 1280 1274 1295 :
1302 1270 1348 1296 Ex-

317 1313 382 1333 oro,
404 1306 420 1329 i.
449 1302 598 1328 vehementer
616 1312 666 1328 oro.
717 1303 763 1330 Sed
779 1301 845 1329 refle
863 1304 962 1337 editur,
980 1311 1006 1331 et
1020 1314 1077 1332 oro.
1158 1305 1302 1339 Tranquil.
1322 1305 1349 1330 in
1362 1309 1393 1332 30

316 1339 385 1365 Tib.
405 1347 426 1364 c.
441 1345 464 1363 11
488 1335 578 1364 Officii
596 1338 643 1364 esse
657 1337 741 1370 duxit,
760 1347 869 1366 exorare
884 1339 953 1366 filiae
966 1347 1082 1375 patrem,
1101 1344 1119 1367 i.
1131 1348 1227 1376 patrem
1240 1349 1349 1372 exorare,

312 1381 342 1401 vt
353 1373 427 1409 filiae
442 1372 586 1409 ignosceret.

351 1415 367 1435 Ε
376 1416 395 1435 Χ
405 1415 423 1434 0
433 1415 451 1434 R
460 1415 481 1434 Α
492 1414 513 1433 Ν
523 1414 542 1434 D
552 1416 570 1434 V
581 1415 610 1440 s,
630 1417 660 1439 a,
684 1417 738 1435 um.
774 1409 866 1436 Partic.
902 1410 981 1437 Ouid.
995 1409 1073 1445 Epist.
1093 1419 1129 1443 21,
1150 1416 1189 1440 128
1214 1409 1349 1437 Exoranda

315 1444 382 1478 tibi,
401 1452 454 1469 non
469 1443 593 1477 capienda
607 1443 656 1470 fui.
726 1444 794 1471 Ter.
808 1444 889 1471 Andr.
903 1454 922 1477 1,
937 1455 956 1478 1,
970 1455 1017 1480 ¹40
1037 1446 1122 1472 Restat
1138 1447 1262 1472 Chremes
1272 1466 1280 1478 ,
1301 1446 1348 1480 qui

315 1479 384 1506 mihi
396 1479 540 1505 exorandus
553 1478 604 1510 est,
629 1481 647 1504 i.
662 1478 813 1506 inducendus
824 1481 886 1506 mihi
902 1479 948 1513 esi,
967 1488 994 1507 vt
1003 1481 1108 1516 facim,
1125 1482 1189 1516 quod
1197 1481 1300 1516 postulo.

354 1522 371 1541 E
383 1523 400 1541 x
410 1516 515 1541 GRAN
527 1521 556 1546 S,
580 1514 655 1540 antis.
691 1514 784 1541 Partic.
819 1514 981 1549 [αἰτέμενος]
1017 1517 1095 1543 Tura
1114 1518 1249 1543 exorantia
1270 1517 1348 1542 diuos

315 1550 397 1577 Ouid.
409 1549 494 1576 Trist.
509 1558 531 1582 3,
549 1558 582 1582 ι3,
601 1557 638 1581 23.
1109 1563 1113 1567 -

354 1591 561 1612 exORATvs
572 1603 579 1616 ‚
595 1593 625 1616 a,
645 1592 699 1610 um.
734 1584 815 1612 Aliud
833 1586 926 1612 Par-tic.
962 1586 1017 1613 Cic.
1038 1595 1087 1620 pro
1107 1587 1210 1613 Cluent.
1225 1590 1258 1619 69
1284 1596 1305 1613 c.
1321 1594 1347 1620 ες

317 1620 375 1647 Post
390 1626 525 1650 exoratuS‚
544 1619 623 1645 initio
639 1628 804 1654 permagnam
823 1623 957 1655 pecuniam
976 1623 1103 1656 poposcit.
1175 1623 1239 1649 Plin.
1255 1623 1347 1656 Paneg.

317 1664 339 1681 c.
353 1662 374 1687 ς,
389 1662 398 1680 ι
419 1655 527 1680 Exorata
540 1654 617 1680 terris
633 1655 749 1681 numina.
806 1658 835 1682 Et
849 1663 896 1689 28,
911 1666 923 1683 2
946 1658 1057 1691 Populus
1077 1667 1131 1684 non
1150 1665 1284 1688 exorat11S‚
1304 1657 1347 1684 scd
1359 1668 1396 1692 40

317 1689 448 1723 obligatus
466 1688 570 1715 receffit.
641 1688 756 1723 Propert.
775 1699 802 1723 4,
818 1700 859 1723 12,
875 1701 903 1724 14
931 1694 1020 1725 Qium
1041 1694 1117 1719 semel
1136 1694 1250 1720 infernas
1270 1694 1348 1719 intra-

317 1731 378 1752 runt
390 1725 483 1750 funera
497 1723 580 1758 leges,
616 1723 679 1749 Non
695 1731 803 1750 exorato
817 1726 881 1752 stant
898 1727 1030 1753 adamante
1045 1729 1119 1760 viae,
1146 1733 1164 1753 i.
1178 1738 1226 1753 nrm
1239 1727 1271 1760 est
1285 1729 1347 1754 redi-

316 1767 357 1785 tus
375 1760 408 1786 ad
421 1762 506 1786 vitam.
576 1758 657 1785 Ouid.
671 1760 734 1785 Met.
748 1767 773 1794 7,
787 1767 829 1792 391
864 1775 908 1781 —-
943 1762 1005 1788 dum
1022 1763 1101 1789 verba
1121 1765 1251 1796 precantia
1271 1763 1348 1793 dixit,

316 1794 379 1820 Non
393 1795 506 1820 exoratis
525 1794 638 1819 animam
653 1793 740 1820 finiuit
760 1796 788 1821 in
801 1795 870 1822 aris!
939 1797 993 1823 Dea
1016 1798 1073 1822 suut
1087 1797 1237 1828 auxiliaris,
1258 1806 1346 1830 opem-

316 1838 368 1862 que
387 1829 498 1854 Exorata
516 1829 576 1853 fero
595 1828 674 1854 Ouid.
687 1830 749 1856 Met.
765 1838 791 1862 9,
808 1833 864 1862 698.
934 1831 1030 1858 Tibul.
1044 1842 1071 1865 4,
1086 1839 1111 1865 7,
1126 1840 1136 1863 3
1156 1832 1265 1857 Exorata
1284 1832 1347 1857 meis
1363 1833 1397 1859 45

315 1864 392 1890 illum
405 1862 534 1894 Cytherea
547 1863 678 1901 camoenis
713 1865 808 1890 Attulit
821 1866 848 1890 in
861 1865 994 1898 nostrum,
1015 1867 1185 1900 deposuitque
1201 1868 1291 1893 linum.

349 1905 366 1925 E
376 1904 448 1925 XOR
458 1905 478 1923 Λ
488 1903 526 1923 ΤΙ
536 1902 571 1927 Ο,
592 1900 658 1922 ὂηιε.
693 1897 712 1922 f.
749 1899 824 1931 Vulg.
835 1900 914 1925 Sirac.
929 1903 966 1931 16,
981 1909 1001 1926 11
1018 1902 1109 1926 Potens
1122 1902 1251 1926 exoratio.
1286 1901 1346 1926 Ful-

315 1940 384 1969 gent.
399 1932 477 1967 Epist.
494 1931 526 1957 ad
538 1932 647 1957 Venant.
674 1931 730 1964 Ipse
747 1932 782 1957 est
800 1934 919 1958 exoratio
938 1942 986 1966 pro
1006 1936 1115 1967 peccatis
1133 1935 1236 1959 nostris.
1272 1934 1345 1968 Cons.

315 1969 428 1996 Declam.
442 1967 558 1994 Tribun.
573 1967 638 1992 Mar.
659 1974 718 2000 quae
731 1966 861 1999 Quinffil.
880 1967 1014 1999 tribuitur,
1034 1977 1054 1993 c.
1070 1975 1092 1997 8-
1129 1970 1263 1993 Burmann.
1277 1976 1304 2002 p.
1320 1975 1348 1997 ει

314 2004 387 2038 Quid
407 2002 584 2030 nocenuffimo
602 2000 748 2036 parricidae
767 2002 884 2028 manium
903 2001 1006 2036 prodest
1027 2003 1147 2029 exoratio
1169 2009 1344 2037 paternorum.
1363 2008 1395 2032 50

312 2041 355 2068 sic
367 2038 432 2066 reae
446 2038 561 2065 Obrecht.
887 2041 889 2044 ·

349 2082 365 2101 Ε
374 2081 418 2101 xo
428 2081 446 2100 R
455 2081 475 2099 A
485 2081 506 2100 T
517 2079 536 2099 ο
546 2080 579 2104 R,
598 2072 662 2098 oris.
681 2081 717 2098 m.
752 2072 820 2099 Ter.
834 2072 898 2098 Hec.
912 2072 978 2107 prol.
994 2081 1022 2099 10
1041 2073 1140 2106 Sinite,
1155 2079 1277 2100 exorator
1290 2072 1345 2100 sun.

313 2110 429 2138 Tertull.
443 2109 474 2135 de
486 2109 573 2135 Pudic.
588 2117 609 2134 c.
625 2116 650 2140 9.

1363 604 1392 622 lo

1366 778 1391 804 ¹5

1364 1490 1392 1516 35

350 2152 392 2173 1-:x
401 2152 419 2172 ο
429 2152 447 2171 R
456 2152 476 2171 Α
485 2151 533 2171 TR
542 2151 551 2170 1
560 2151 594 2175 x,
605 2143 669 2169 jcis.
707 2143 726 2169 f.
763 2143 875 2170 Saluian.
888 2151 902 2175 3
921 2152 944 2177 p.
958 2148 999 2176 89.

349 2179 542 2207 EXORABii
554 2186 601 2211 is,
621 2187 643 2205 c.
680 2178 739 2204 Adi.
776 2176 904 2212 [αἰδεςός]
939 2180 990 2214 Qi
1008 2181 1108 2205 exorari
1120 2177 1215 2214 potesl,
1233 2186 1255 2205 et
1268 2188 1283 2205 a
1301 2188 1345 2214 quo
1363 2183 1390 2208 55

307 2215 390 2253 facile
403 2216 550 2248 obtinemus,
570 2214 634 2249 quod
643 2217 757 2248 petimus.
794 2214 849 2240 Cic.
866 2214 993 2248 QFratr.
1010 2223 1035 2244 1,
1049 2223 1076 2247 32
1102 2215 1172 2241 Nam
1192 2214 1209 2240 si
1225 2215 1345 2248 implaca—

314 2252 381 2279 biles
395 2250 544 2277 iracundiae
558 2249 615 2282 sint,
629 2251 727 2275 summa
741 2249 777 2275 est
790 2249 917 2276 acerbitas
932 2260 937 2275 :
959 2249 995 2275 sin
1009 2257 1097 2276 autem
1110 2249 1266 2282 exorabiles,
1279 2251 1345 2276 sum-

315 2296 358 2313 ma
379 2286 488 2312 leuitas2
524 2294 590 2320 quae
610 2291 696 2311 tamen
719 2288 766 2316 (vt
783 2285 811 2310 in
829 2285 922 2316 malis)
943 2285 1080 2312 acerbitati
1099 2286 1277 2320 anteponenda
1300 2285 1343 2311 est.

314 2323 402 2350 Minus
418 2320 579 2348 exorabilem
593 2320 708 2354 aliquem
724 2320 846 2353 experiri.
918 2321 972 2346 Cic.
988 2322 1039 2346 Att.
1057 2331 1074 2353 !‚
1091 2330 1102 2353 3
1122 2328 1185 2348 extr.
1241 2323 1271 2347 In
1284 2321 1344 2351 suis,

314 2367 393 2392 quam
408 2358 435 2383 in
447 2357 539 2383 alienis
551 2355 714 2383 exorabilior
726 2355 832 2382 iniuriis
844 2356 900 2381 Sen.
915 2355 946 2381 de
960 2356 1040 2382 Clem.
1056 2365 1081 2388 2,
1095 2365 1136 2382 20.
1206 2357 1250 2382 Sil.
1266 2364 1287 2389 ς,
1303 2365 1343 2387 132
1353 2358 1387 2382 60

313 2393 443 2420 Postrema
460 2391 564 2427 aptabat
579 2391 657 2418 Nulli
674 2391 815 2417 exorabilis
830 2399 910 2417 arma.
966 2392 1028 2417 Non
1043 2392 1183 2418 exorabilis
1198 2401 1262 2418 aum
1276 2393 1342 2417 Hor.

312 2427 391 2462 Epist.
405 2436 430 2460 2,
445 2436 469 2459 2,
482 2435 537 2462 179.
608 2427 725 2460 Propert.
740 2435 761 2458 2,
775 2434 815 2458 3ο,
828 2434 849 2452 ιι
875 2427 905 2453 Et
923 2427 975 2453 iam
989 2427 1006 2453 fi
1020 2436 1121 2461 pecces,
1142 2429 1210 2453 Deus
1225 2427 1343 2453 exorabi-

313 2463 346 2489 lis
361 2463 407 2489 ille
420 2463 464 2489 est.
513 2461 580 2488 Add.
595 2462 674 2487 Ouid.
689 2462 752 2487 Met.
767 2470 787 2492 2,
802 2463 859 2495 546.
930 2462 1036 2488 Numen
1056 2463 1116 2489 Stat.
1129 2463 1192 2488 Silu.
1208 2470 1230 2494 ς,
1250 2471 1269 2494 ι,
1288 2464 1343 2495 164.

313 2499 368 2525 Cic.
384 2508 431 2532 pro
445 2499 533 2525 Domo
547 2498 590 2523 sua
603 2504 636 2530 45
667 2497 768 2523 Deinde
782 2496 923 2524 exorabilis
936 2498 1048 2532 Populus
1061 2498 1146 2525 facilis
1160 2498 1281 2531 suffragio
1296 2506 1344 2531 pro

313 2534 403 2560 salute.
470 2531 560 2560 AHiue
573 2543 580 2557 :
605 2534 718 2559 Carmen
737 2532 888 2564 exorabile,
909 2534 981 2568 Quod
997 2542 1097 2560 exorare
1111 2532 1190 2569 potest
1207 2533 1304 2569 aliquid
1322 2539 1345 2559 ct
1359 2531 1389 2561 63

313 2572 450 2603 impetrare.
504 2568 593 2594 Valer.
608 2567 689 2594 Flacc.
704 2576 724 2600 1,
738 2573 783 2602 782

608 2602 656 2622 -—-‘
688 2603 838 2638 Stygiasque
857 2603 978 2637 supremo

508 2635 631 2662 Obsecrat
651 2637 710 2670 igne
728 2639 836 2671 domos,
854 2639 961 2665 iamiam
975 2638 1110 2671 exorabile
1130 2644 1202 2666 retro

507 2671 620 2696 Carmen
638 2679 724 2709 agens.

349 2713 367 2732 Ε
377 2714 395 2733 Χ
405 2712 425 2732 o
436 2713 454 2732 R
463 2712 484 2731 A
494 2711 510 2731 Β
522 2711 540 2730 ν
552 2711 595 2730 LV
605 2711 627 2730 Μ
642 2723 650 2736 ,
682 2713 700 2730 ι.
736 2714 761 2731 n.
802 2708 978 2741 Argumentum
987 2728 994 2740 ,
1021 2718 1065 2743 quo
1085 2718 1220 2735 exoramus.
1262 2709 1344 2735 Plaut.
1354 2714 1390 2741 70

315 2741 401 2768 Truc.
414 2750 434 2773 1,
447 2749 465 2771 1,
479 2742 496 2766 6
515 2741 654 2774 Qiotquot
666 2746 789 2766 exoretur
802 2741 957 2768 exorabulis.
1029 2744 1105 2777 Apul.
1121 2744 1222 2771 Florid.
1234 2753 1252 2777 4
1272 2753 1296 2778 p.
1312 2747 1342 2776 36

316 2776 417 2803 Cuncta
434 2775 575 2802 exorabula
593 2775 764 2801 iudicantium
778 2774 855 2800 facile
868 2777 1015 2808 perdidicit.

350 2816 546 2842 Exoxsvs,
581 2810 634 2836 vid.
655 2815 874 2836 ExORDIOR.

351 2852 594 2877 ExORTlvvs,
620 2851 816 2877 Ex‹)R'rvs‚
851 2844 903 2871 vid.
929 2851 1116 2871 EXORtOR.

350 2889 367 2909 E
376 2889 393 2908 x
403 2888 422 2908 O
432 2888 450 2908 R
459 2888 472 2907 S
481 2900 488 2911 ,
513 2881 552 2906 vel
570 2887 586 2906 E
595 2889 613 2907 Χ
622 2889 634 2906 s
644 2888 662 2907 O
673 2887 690 2906 R
699 2888 711 2906 S
720 2898 726 2910 ‚
746 2880 833 2906 ortis.-
857 2889 927 2906 omn.
943 2889 998 2914 gen.
1034 2879 1170 2914 [ἄκληρος]
1209 2881 1341 2915 Noirpar-
1359 2885 1391 2912 'b'

314 2919 407 2952 ticepr,
427 2919 468 2951 qui
493 2915 582 2941 nullam
599 2918 693 2950 accepit
712 2916 751 2941 vel
757 2915 843 2950 sperat
857 2923 967 2951 partem,
986 2915 1015 2941 ab
1036 2925 1076 2948 eo,
1096 2915 1159 2949 quod
1178 2915 1246 2941 sorte
1266 2919 1343 2942 inter—

313 2956 424 2978 veniente
437 2951 615 2981 diieidermtzaer,
634 2959 693 2986 quae
705 2957 761 2976 ante
768 2951 875 2986 fuerant
887 2955 1028 2977 communia.
1076 2951 1133 2976 Liu.
1149 2959 1187 2983 23,
1202 2959 1229 2976 ιο
1256 2952 1341 2976 Vnum

314 2988 362 3014 esse
380 2988 508 3013 exsortem
520 2986 629 3012 Punicae
649 2985 796 3018 amicitiae,
817 2986 982 3020 foederisque
1003 2987 1086 3012 secum
1100 2985 1180 3018 radii,
1203 2989 1221 3012 i.
1241 2989 1283 3020 qui
1295 2996 1342 3012 non

314 3021 349 3056 est
367 3025 495 3057 particeps
513 3025 644 3048 amicitiae.
715 3021 787 3047 Idem
806 3030 847 3053 22,
866 3030 903 3054 44
929 3022 959 3047 Se
982 3022 1068 3047 omnis
1081 3021 1180 3055 Culpae
1203 3023 1342 3053 exsortem,

314 3058 401 3084 omnis
414 3065 500 3083 tamen
514 3063 621 3083 euentus
634 3057 786 3091 participem
800 3057 858 3083 fore
872 3056 976 3083 diceret.
1047 3057 1110 3082 Plin.
1126 3065 1147 3089 ς,
1164 3062 1176 3087 8
1202 3058 1341 3083 Garaman-
1352 3061 1383 3085 80

312 3099 351 3120 tes
365 3092 598 3119 Matrimoniorum
611 3093 722 3118 exsortes
732 3112 740 3124 ‚
761 3090 845 3126 paffim
858 3101 917 3118 cum
931 3092 1035 3118 feminis
1049 3093 1160 3125 degunt,
1183 3095 1201 3118 i.
1221 3103 1268 3119 non
1284 3103 1339 3119 con-

312 3129 437 3154 trahentes
451 3131 639 3154 matrimonium.
710 3127 798 3153 Dulcis
811 3127 880 3153 vitae
893 3128 977 3153 exsors
990 3128 1061 3161 Virg.
1071 3129 1134 3153 Aen.
1145 3131 1236 3161 6‚428.
1273 3130 1340 3155 Hor.

314 3163 343 3190 in
356 3164 417 3190 Arte
431 3164 502 3189 Poet.
515 3170 560 3194 303
580 3163 683 3197 Fungar
694 3162 752 3189 vice
765 3162 846 3195 cotis,
866 3168 970 3189 acutum
1005 3163 1139 3195 Reddere,
1159 3173 1224 3197 quae
1239 3165 1339 3190 ferrum

313 3198 397 3230 valet,
417 3199 502 3225 exsors
515 3198 568 3232 ipsa
582 3197 699 3230 secandi,
722 3201 741 3224 i.
754 3199 828 3231 Qtae
846 3206 899 3224 non
917 3196 996 3224 habet
1014 3208 1107 3224 munus
1127 3204 1152 3224 et
1169 3198 1286 3226 officium
1302 3200 1334 3226 se·

313 3234 387 3260 candi
404 3243 418 3260 a
433 3239 524 3260 natura
539 3233 677 3260 tributum.
714 3233 809 3260 Acron.
881 3234 1017 3259 Honorem
1038 3235 1165 3259 exsortem
1184 3234 1295 3267 ducere,
1321 3239 1338 3261 1'.
1357 3236 1385 3265 85

314 3269 373 3296 Sine
387 3271 470 3297 sorte:
496 3267 596 3303 ὅίκληρον
615 3269 689 3302 Virg.
706 3270 768 3295 Aen.
783 3276 803 3302 ς,
817 3276 870 3301 534.
907 3268 1020 3295 Seruius.
1092 3269 1164 3294 Idem
1180 3271 1243 3297 Aen.
1258 3276 1286 3303 8,
1299 3279 1341 3303 532

466 3305 566 3330 Dantur
579 3304 641 3338 equi
653 3304 784 3336 Teucris,
799 3303 941 3336 Tyrrhena
961 3303 1107 3338 petentibus
1127 3313 1204 3335 arua;

466 3339 572 3365 Ducunt
589 3340 717 3366 exsortem
731 3341 845 3371 Aeneae,
864 3348 942 3374 quem
963 3339 1036 3365 fulua
1053 3338 1137 3364 leonis

465 3374 541 3400 Pellis
560 3374 618 3400 obit
634 3381 736 3406 totum,
756 3375 918 3408 praefulgens
938 3374 1068 3409 vnguibus
1086 3373 1180 3400 aureis.

313 3411 331 3433 i.
350 3415 420 3434 extra
429 3409 520 3444 fhrtem
529 3429 535 3440 ,
556 3413 598 3445 qui
607 3407 827 3445 praeslantiffimus
840 3410 903 3444 effi’t.
941 3412 1006 3436 Nam
1018 3413 1083 3435 inter
1094 3410 1203 3445 aequales
1215 3408 1243 3434 de
1255 3417 1340 3444 aequa·
1352 3417 1387 3441 90

314 3443 376 3469 tibus
383 3443 440 3477 sors
454 3444 561 3471 decernit
575 3445 715 3478 ordinarie,
733 3444 780 3479 nifi
794 3446 835 3472 vbi
846 3445 927 3472 ludere
934 3447 1024 3480 placet.

355 3484 370 3502 E
383 3485 582 3512 >tona-wil,
613 3482 652 3507 vel
678 3487 927 3512 cxson'rivxn,
954 3481 972 3506 i.
1009 3489 1034 3506 n.
1071 3478 1214 3514 [ἐκληρῐα]
1262 3478 1337 3513 Apul.

317 3511 348 3536 de
361 3512 417 3551 Deo
431 3513 526 3540 Socrat.
552 3516 652 3543 Incerta
669 3516 804 3542 vacatione
821 3524 867 3542 ceu
881 3516 994 3550 quodam
1009 3515 1124 3541 exsortio
1138 3516 1252 3548 punitur.
1279 3514 1336 3540 t'nl.

316 3546 423 3585 Salmas.⁴
437 3550 462 3572 in
480 3549 559 3575 Solin.
583 3560 606 3584 p.
626 3558 679 3584 89¹·
736 3551 782 3578 Sed
801 3552 904 3577 Elmenh.
924 3560 947 3585 p.
966 3559 1005 3583 30,
1027 3559 1051 3583 15
1081 3551 1179 3577 Incerta
1199 3551 1337 3584 vagatione

317 3595 361 3600 —
385 3581 466 3607 exilio
485 3582 512 3608 de
525 3583 602 3610 laruis
611 3605 618 3616 ‚
636 3590 663 3611 in
677 3596 736 3621 quas
748 3593 857 3613 mutatur
869 3589 964 3612 animus
977 3586 1103 3612 humanus.

352 3622 368 3640 E
379 3623 395 3641 x
405 3623 423 3642 o
433 3624 445 3642 s
454 3635 461 3646 ,
490 3620 519 3642 it.
538 3625 552 3643 E
562 3626 578 3644 x
589 3625 608 3644 o
619 3628 630 3646 s
640 3628 652 3647 s
663 3628 670 3646 1
681 3629 693 3647 s
703 3641 710 3653 ,
730 3622 759 3647 is.
784 3621 842 3648 Adi.
868 3620 981 3655 [drocas]
1017 3622 1067 3656 Qu
1078 3619 1110 3653 est
1117 3620 1171 3653 stne
1183 3619 1235 3653 offi‘.
1256 3620 1337 3646 Plaut.

316 3650 387 3676 Men·
402 3658 422 3682 ἰ,
436 3660 457 3682 ²,
472 3659 513 3683 ¹05
533 3653 650 3685 Faciam,
669 3657 740 3689 quod
756 3657 845 3689 iubes,
863 3657 973 3683 securim
986 3658 1085 3690 capiam
1099 3657 1249 3689 ancipitem,
1262 3664 1339 3690 atque

317 3683 384 3711 hunc
397 3694 445 3718 ego
459 3686 543 3712 senem
557 3689 665 3714 exossem
679 3691 793 3718 reddam.
828 3694 871 3719 At.
891 3698 914 3718 et
930 3693 1033 3718 Gronau.
1054 3691 1186 3717 Exoll‘abo.
1234 3692 1337 3718 Lucret-

318 3728 339 3752 3,
354 3728 398 3752 721
418 3721 502 3754 Atque
517 3722 582 3747 vnde
594 3723 752 3752 animantum
766 3728 840 3761 copia
856 3733 925 3753 tanta
963 3727 1027 3753 Exos
1042 3734 1067 3752 et
1081 3727 1212 3760 exsanguis
1225 3728 1339 3754 tumidos

317 3755 469 3795 pertinenia
489 3758 580 3782 artus?
624 3757 744 3796 Necnon
763 3761 798 3786 est
811 3763 882 3795 agnis
900 3761 1051 3788 cessantibus
1071 3770 1132 3787 exos
1152 3762 1248 3788 hirudo
1270 3764 1338 3789 Sam-
1346 3771 1393 3789 100

317 3798 414 3816 momc.
431 3793 491 3825 677.
562 3791 728 3819 Saltationem
748 3804 870 3822 eneruam
889 3804 965 3832 atque
985 3798 1094 3824 exossem
1114 3797 1189 3831 Apul.
1205 3799 1265 3824 Met.
1280 3808 1289 3825 1
1313 3808 1338 3833 p.

318 3834 374 3859 104,
388 3834 409 3857 3.
462 3825 509 3852 Sed
526 3826 711 3866 Elmenhorfliur
731 3831 790 3864 legit
804 3831 932 3866 Exoffam,
957 3843 981 3859 υ.
1005 3832 1126 3859 Emendat.
1143 3840 1168 3867 p.
1184 3843 1231 3866 ¹25·
1278 3835 1339 3860 Item

316 3860 394 3900 Apol.
415 3869 438 3895 p.
451 3868 510 3892 300,
523 3869 547 3891 ι3
565 3860 593 3900 de
603 3864 685 3896 pisce,
704 3863 770 3889 Cum
790 3864 819 3890 lit
837 3873 934 3893 caetera
953 3868 1048 3894 exollis.
1103 3869 1130 3893 Et
1144 3868 1204 3894 ibid.
1222 3878 1245 3902 p.
1259 3877 1308 3900 322,
1329 3877 1339 3894 ι

316 3895 389 3922 Olim
424 3911 470 3915 —-
505 3904 650 3936 morigerus
662 3916 671 3929 ,
702 3907 762 3924 mox
785 3900 815 3926 in
837 3900 971 3929 iuuentute
991 3903 1109 3930 saltandis
1132 3903 1227 3930 sabulis
1249 3903 1336 3930 exossis

316 3931 391 3966 plane
409 3936 434 3957 et
448 3939 559 3958 eneruis.

1350 3593 1382 3619 95

1347 3942 1391 3970 105

1797 172 2056 238 Exi)

1443 291 1459 311 Ε
1471 291 1490 312 Χ
1503 291 1522 311 o
1533 292 1611 317 sso,
1635 289 1686 311 are.
1721 282 1904 319 [ἕξοςεὶζομαι]
1941 285 2043 320 Proprie
2060 286 2155 311 culinae
2174 290 2198 310 et
2216 282 2309 310 macelli
2327 283 2432 318 verbum,
2464 307 2468 317 ,

1408 319 1493 353 offibus
1506 321 1616 347 liberare.
1669 318 1800 346 Columel.
1815 327 1849 350 12,
1862 328 1896 350 ς3,
1911 327 1920 345 1
1953 320 2028 346 Suem
2049 335 2093 339 —
2116 319 2242 346 sitientem
2262 327 2321 345 cum
2335 319 2433 346 occide·
2464 334 2466 339 ·

1408 355 1461 386 ris,
1479 355 1544 381 bene
1557 356 1687 381 exossato:
1714 364 1774 380 nam
1788 362 1818 380 ea
1837 362 1877 379 res
1897 354 1982 380 minus
2004 355 2124 381 vitiosam
2144 361 2169 380 et
2188 355 2269 389 magis
2289 353 2435 388 durabilem

1410 390 1532 416 salsuram
1544 391 1615 417 facit.
1663 392 1748 416 Vtitur
1761 391 1889 424 aliquoties
1903 390 2007 424 Apicius
2016 409 2024 422 ‚
2050 399 2074 416 υ.
2088 399 2112 425 g.
2134 398 2156 422 ς,
2169 398 2187 423 4
2205 390 2322 416 Exossare
2336 389 2434 423 pullum

1410 432 1424 449 a
1438 424 1552 458 petitore.
1601 427 1682 452 Etiam
1703 425 1831 451 Exossare.
1840 424 1919 458 pisces
1939 425 2001 450 dicit
2015 434 2042 458 4,
2056 434 2080 451 2.
2114 428 2143 450 it.
2159 432 2185 459 7,
2199 434 2225 457 4.
2298 425 2350 459 1pr
2368 424 2434 451 Ter.
2462 443 2466 450 .

1408 459 1521 493 Adelph.
1535 469 1556 492 3,
1570 469 1592 492 3,
1607 469 1639 494 24
1659 462 1793 494 Congrum
1807 459 1883 485 istum
1900 459 2041 486 maximum
2050 461 2082 494 ,in
2096 469 2162 494 aqua
2173 459 2250 486 sinito
2262 458 2352 486 ludere
2366 459 2439 493 pau}-

1410 494 1509 528 lisper:
1536 495 1582 521 vbi
1601 504 1649 529 ego
1669 504 1783 527 venero,
1804 493 1975 520 exossabitur:
2002 495 2064 530 quod
2078 495 2206 529 Purgandi
2227 495 2441 530 verbo-421terpre-⁴

1408 535 1480 556 tatur
1494 530 1618 556 Donatus.
1655 533 1722 557 Hinc
1735 534 1813 557 minae
1826 530 1947 562 Comicae,
1970 532 1999 561 v.}
2011 539 2035 566 g.
2057 531 2134 557 Plaut.
2151 530 2245 564 Amph.
2260 539 2279 561 ι,
2293 538 2312 562 ι,
2326 531 2367 562 ι63

1561 565 1705 592 Exossatum
1718 575 1746 592 os
1762 565 1809 591 else
1822 572 1935 599 opor1et,
1955 573 2032 599 quem
2045 566 2126 599 probe
2140 566 2296 601 percusseris.

1565 606 1587 625 s.
1602 600 1701 627 Mirum
1712 602 1740 627 ni
1755 601 1797 627 hic
1810 609 1851 626 me
1864 600 1934 634 quasi
1947 609 2097 627 muraenam
2109 602 2221 628 exossare
2235 600 2332 634 cogitat

1564 635 1641 660 Vltro
1655 636 1727 668 istic,
1745 637 1791 671 qui
1807 637 1900 662 exossat
1915 635 2044 661 homines.

1410 668 1477 696 Add.
1491 668 1529 695 Id.
1544 669 1707 697 Menaechm.
1721 679 1743 703 ς,
1754 680 1779 703 2,
1793 675 1846 697 106.
1882 678 1904 697 et
1919 670 2005 696 Pseud.
2022 679 2040 701 1,
2053 679 2076 702 3,
2090 676 2143 704 148.
2423 694 2428 702 ,

1446 712 1463 730 E
1472 713 1490 731 Χ
1500 711 1539 732 os
1548 712 1560 730 s
1570 707 1592 731 Ᾱ
1600 711 1621 730 Τ
1631 711 1650 730 V
1661 713 1673 731 s
1682 725 1689 737 ‚
1708 715 1732 737 a,
1753 716 1805 733 um.
1842 706 1933 733 Partic.
1970 706 2164 740 [ἕξωςεισμένος]
2200 705 2318 732 Gallinae
2334 705 2437 731 Petron.

1411 749 1432 768 c.
1453 742 1491 771 65.
1562 740 1703 774 Apuleius,
1729 741 1913 775 Exsquamatus
1932 747 2009 775 atque
2028 741 2151 767 exossatus
2170 741 2244 775 piscis
2267 742 2311 767 vix
2330 740 2455 774 palpitat-

1410 775 1529 808 amplius.
1570 778 1608 801 At
1623 776 1688 801 nihil
1701 778 1749 802 tale
1769 775 1871 809 aliendit
1888 777 1964 803 Index
1979 775 2083 803 Floridi.
2154 776 2255 802 Lucrct.
2270 785 2297 808 4,
2313 778 2376 809 1264
2395 775 2440 801 At-

1410 819 1462 845 que
1475 811 1587 836 exossato
1601 811 1652 837 ciet
1670 811 1744 837 omni
1758 811 1862 845 pectore
1877 812 1969 838 fluctus
1978 831 1987 844 ,
2013 814 2029 837 i.
2042 810 2141 846 peflore
2159 815 2196 837 ita
2213 812 2302 847 inflexo
2320 818 2343 837 et
2355 814 2440 836 incur-

1410 853 1482 875 vato,
1503 853 1531 871 vt
1550 845 1635 880 offibus
1651 855 1733 872 carere
1751 847 1873 873 videatur.
1928 848 1968 874 Sic
1982 848 2092 872 Lambin.
2107 846 2203 872 Creech.
2223 848 2329 872 Hauerc.
2383 846 2457 882 Alit‘r

1409 883 1494 916 legunt
1513 882 1660 907 Exossatim.
1731 882 1800 915 Ager
1817 883 1941 911 exossatus
1960 881 2044 908 Persso
2064 884 2096 914 62,
2115 889 2146 915 51
2177 880 2209 914 est
2224 882 2299 908 Probe
2319 881 2399 907 culeus
2416 883 2456 907 εεὲ

1410 916 1532 951 lapidibus
1541 924 1675 952 purgatus.
1716 917 1773 943 Via.
1788 917 1823 942 ibi
1836 918 1934 953 Casaub.
1951 925 1978 952 p.
1990 927 2040 951 501·
2416 912 2429 921 Α
2443 930 2452 946 «τ

1451 957 1467 977 E
1478 958 1523 978 xo
1533 959 1545 978 s
1555 958 1567 977 S
1577 959 1627 978 AT
1637 960 1644 978 1
1655 959 1678 978 M
1687 970 1693 982 ,
1718 953 1809 988 legitur
1825 955 1851 978 in
1864 954 1986 979 nonnullis
2000 951 2073 979 Codd.
2087 951 2269 986 apuerucret.
2281 959 2310 984 4,
2322 952 2383 985 1264
2410 952 2450 984 vtf

1410 986 1478 1012 mado
1490 986 1592 1013 difflari.
1629 987 1701 1023 Cons.
1715 987 1802 1013 Barth.
1818 987 1884 1014 Adu.
1896 996 1932 1020 35,
1948 997 1978 1022 14
1999 997 2022 1022 p.
2039 990 2100 1014 1611.
2392 1012 2394 1014 ,
2435 1003 2447 1023 4

1446 1027 1463 1048 Ε
1471 1029 1490 1048 Χ
1500 1029 1518 1048 0
1527 1030 1538 1048 s
1550 1030 1562 1048 s
1573 1030 1593 1048 A
1602 1029 1623 1049 T
1633 1030 1642 1048 1
1652 1030 1671 1049 o
1681 1042 1688 1054 ‚
1714 1023 1781 1049 onis.
1816 1023 1835 1049 f.
1871 1023 1947 1058 Apud
1960 1024 2080 1057 Apicium
2095 1020 2136 1055 effi
2149 1021 2251 1049 dicitur.
2439 1034 2446 1060 '.

1446 1057 1639 1090 ExoscxiLOR,
1654 1058 1700 1084 firi.
1720 1059 1785 1093 Dep.
1804 1058 1971 1091 [καταφιλέω]
1996 1058 2061 1084 Idem
2079 1057 2144 1093 quod
2158 1056 2228 1083 valde
2241 1055 2355 1092 osculari.
2374 1054 2444 1082 Pliu:

1413 1091 1489 1126 Epist.
1504 1101 1527 1124 9,
1541 1102 1573 1125 13,
1590 1101 1613 1119 21
1639 1093 1702 1119 Non
1720 1094 1777 1120 fere
1795 1095 1933 1128 quisquam
1951 1093 1978 1119 in
1992 1094 2085 1120 Senatu
2095 1090 2167 1125 suit,
2183 1092 2229 1127 qui
2248 1100 2302 1118 non
2316 1099 2358 1127 me
2371 1099 2448 1118 com·.

1413 1127 1583 1161 ple&eretur,
1601 1129 1801 1160 exoscularetur,
1820 1130 1990 1163 certatimque
2004 1129 2078 1155 laude
2092 1128 2243 1155 cumularet.
2296 1128 2328 1152 Ee
2340 1134 2361 1159 ς,
2373 1133 2411 1160 17,
2422 1126 2451 1160 4?

1412 1163 1525 1188 Multum
1539 1173 1567 1189 ac
1582 1163 1627 1189 diu
1640 1165 1800 1191 exosculatus
1813 1165 2000 1190 adolescentem
2036 1179 2081 1183 -—
2116 1162 2236 1190 laudibus
2249 1161 2369 1194 incitam,
2384 1170 2442 1196 per-

1412 1206 1500 1259 gerep,
1520 1208 1572 1233 qua
1587 1200 1717 1233 coepisset.
1790 1201 1894 1228 Sueton.
1908 1200 2010 1226 Neron.
2027 1208 2048 1225 c.
2062 1204 2092 1229 28
2113 1200 2227 1234 Sporum
2241 1197 2385 1224 identidem
2398 1204 2441 1222 ex·

1411 1235 1472 1260 oscu
1485 1242 1536 1260 ans.
2418 1256 2424 1259 .

1448 1276 1465 1296 Ε
1477 1276 1494 1294 Χ
1507 1276 1525 1296 o
1535 1277 1547 1296 s
1557 1276 1572 1296 c
1581 1277 1601 1295 v
1610 1277 1626 1296 L
1635 1277 1656 1296 A
1665 1278 1685 1297 T
1695 1277 1714 1296 v
1724 1277 1736 1296 s
1745 1289 1752 1301 ‚
1770 1279 1794 1302 a,
1815 1279 1868 1297 um.
1903 1270 1996 1296 Partic.
2033 1269 2101 1296 Gell.
2117 1277 2146 1300 2,
2160 1270 2193 1295 26
2213 1266 2366 1298 Scientiam‚
2385 1274 2442 1292 ver-

1411 1303 1559 1339 borumque
1571 1305 1626 1331 eius
1640 1305 1794 1339 elegantiam
1806 1306 1969 1332 ‘exosculatus
1979 1325 1986 1337 ,
2005 1306 2029 1332 h.
2043 1315 2062 1331 e.
2083 1304 2168 1330 blande
2181 1302 2327 1339 approbans,
2399 1302 2442 1328 Pa-

1412 1340 1486 1374 pillas
1501 1341 1662 1366 exosculatus
1678 1342 1784 1367 Sueton.
1799 1341 1900 1367 Neron.
1920 1350 1940 1366 c.
1955 1350 1966 1372 3
1988 1362 1993 1368 .
2065 1341 2167 1366 Petron.
2188 1349 2208 1364 c.
2222 1347 2249 1371 91
2276 1337 2442 1364 Exosculatus
2464 1354 2466 1361 .

1411 1375 1499 1409 peetus
1513 1376 1639 1409 sapientia
1654 1376 1767 1410 plenum.
1962 1350 1985 1413 q
2004 1384 2016 1401 2
2054 1375 2146 1409 Paffiue
2165 1374 2228 1400 idem
2248 1383 2277 1399 ac
2296 1373 2383 1410 Oscula
2400 1382 2442 1398 ex·
2465 1378 2470 1394 ἒ

1410 1418 1501 1446 ceptus.
1535 1412 1667 1437 Ammian.
1681 1420 1722 1441 22,
1739 1419 1756 1445 7
1781 1411 1962 1438 Exosculatum
1977 1412 2171 1445 susceptumque
2185 1416 2338 1436 reuerenter
2356 1409 2442 1437 secutu'
2464 1444 2467 1446 q

1411 1446 1522 1474 induxit.
1627 1448 1706 1472 Manu
1719 1447 1774 1472 eius
1789 1447 1935 1472 exosculata
1947 1446 2021 1481 Apul.
2040 1448 2103 1473 Met.
2117 1455 2135 1478 4
2157 1454 2180 1480 p.
2197 1453 2250 1477 154,
2262 1449 2285 1473 8.
2356 1443 2440 1470 Vesti-
2464 1455 2468 1464 ν

1410 1482 1460 1516 giis
1476 1482 1545 1507 Deae
1559 1481 1712 1507 exosculatis
1729 1480 1800 1506 Id.11
1824 1490 1847 1514 p.
1864 1484 1920 1513 265.
2380 1513 2386 1518 .
2441 1475 2451 1504 i
2468 1508 2470 1514 Ι

1447 1524 1462 1542 Ε
1473 1525 1491 1543 Χ
1500 1524 1518 1543 O
1527 1524 1539 1543 s
1548 1523 1564 1542 c
1573 1524 1592 1542 v
1604 1523 1618 1541 ι.
1628 1524 1649 1542 A
1660 1523 1681 1542 'r
1691 1523 1699 1541 1
1709 1522 1727 1540 Ο
1737 1534 1744 1547 ,
1766 1515 1834 1541 onis.
1870 1516 1888 1541 f.
1922 1516 2124 1549 [καταφίλησις]
2159 1515 2224 1540 Plin.
2238 1522 2276 1545 10,
2290 1521 2318 1539 12.
2341 1513 2440 1541 Aristo-

1410 1552 1473 1578 tcles
1490 1558 1571 1584 vnegat
1592 1560 1646 1576 non
1664 1550 1778 1577 Hercule
1800 1551 1896 1584 magis,
1916 1560 1994 1585 quam
2013 1551 2041 1576 in
2057 1552 2174 1584 Aegypto
2193 1549 2258 1575 ibim
2275 1559 2280 1574 :
2306 1548 2349 1575 sed
2366 1549 2440 1577 illam

1410 1587 1646 1616 exosculationem‚
1667 1594 1733 1620 quae
1746 1586 1819 1620 saepe
1832 1586 1966 1619 cernitur,
1981 1586 2085 1621 qualem
2098 1586 2126 1612 in
2140 1584 2268 1611 columbis
2281 1585 2336 1610 esse.
2371 1583 2438 1612 Add.

1410 1621 1477 1648 ibid.
1494 1631 1515 1648 c.
1530 1631 1541 1653 3
1565 1641 1571 1647 .

1448 1664 1464 1684 Ε
1478 1665 1496 1684 x
1511 1658 1530 1683 ὁ
1544 1631 1561 1683 ἕ
1571 1663 1591 1682 ν
1606 1664 1618 1683 s
1633 1676 1639 1687 ,
1669 1664 1697 1687 a,
1729 1664 1783 1682 um.
1819 1654 1879 1682 Adi.
1915 1658 1926 1688 [
1939 1655 2091 1691 μισέμενος]
2145 1653 2236 1682 Αέὶῐαε
2255 1652 2361 1685 dicitur,
2387 1654 2437 1688 Qu·

1411 1692 1466 1719 odio
1484 1693 1563 1719 habet.
1598 1691 1694 1726 Virgil.
1710 1692 1772 1717 Aen.
1788 1699 1810 1724 ς,
1824 1694 1873 1726 687
1895 1692 2013 1726 Iuppiter
2028 1691 2208 1726 omnipotens,
2226 1689 2244 1716 fi
2263 1688 2379 1714 nondum
2395 1688 2439 1713 'ex-

1411 1729 1470 1754 osus
1488 1728 1520 1754 ad
1538 1736 1619 1753 vnum
1657 1727 1809 1759 Troianos,
1834 1728 1851 1753 fi
1871 1728 1935 1762 quid
1953 1728 2047 1762 pietas,
2072 1734 2118 1753 ete.
2195 1725 2232 1752 Id.
2246 1725 2308 1750 Aen.
2331 1731 2372 1755 ιε,
2391 1727 2440 1752 818.

1411 1762 1504 1788 Hostes
1517 1763 1610 1787 exosus
1624 1762 1685 1787 Stat.
1701 1762 1792 1787 Theb.
1806 1771 1832 1793 9,
1845 1770 1884 1795 75.
1956 1764 2056 1789 Patrios
2076 1771 2161 1788 mores
2175 1761 2266 1787 exosus
2285 1768 2311 1785 es
2331 1759 2403 1785 Curt.
2417 1762 2444 1790 8‚‘

1411 1803 1437 1829 7,
1451 1804 1483 1821 12.
1550 1796 1665 1828 Templa
1686 1798 1762 1822 exosa
1779 1797 1869 1822 oculos
1884 1798 1989 1829 viriles,
2015 1799 2115 1832 Templa
2128 1799 2196 1823 Bona
2210 1796 2266 1822 deae
2278 1793 2359 1821 Ouid.
2375 1792 2432 1819 Fast

1411 1839 1434 1863 ς,
1448 1839 1494 1863 153.
1564 1831 1660 1856 Exosus
1676 1839 1737 1864 opes
1757 1831 1818 1856 Stat.
1833 1831 1897 1857 Silu.
1912 1840 1937 1863 2,
1953 1841 1972 1866 1,
1989 1834 2044 1864 164.
2240 1828 2260 1866 fl
2287 1837 2302 1854 2
2338 1826 2431 1862 Paffiue

1404 1873 1454 1901 pro
1469 1865 1567 1900 Odiofh.
1604 1865 1704 1891 Gellius
1718 1873 1743 1897 2,
1758 1872 1782 1894 18
1801 1866 1863 1891 Eius
1878 1866 1990 1900 Epidteti
2004 1867 2084 1892 etiam
2103 1866 2134 1892 de
2148 1867 2172 1892 se
2185 1865 2274 1898 scripti
2285 1862 2339 1889 duo
2352 1864 2454 1905 versus·⁴

1409 1901 1546 1926 feruntur:
1572 1909 1602 1925 ex
1617 1900 1713 1933 quibus
1726 1900 1835 1926 latenter
1850 1902 1995 1936 intelligas,
2012 1911 2064 1927 non
2078 1910 2168 1927 omnes
2186 1901 2267 1926 modo
2285 1898 2337 1924 diis
2349 1898 2446 1925 exosofl·

1410 1935 1466 1959 esse.
1537 1935 1644 1968 Eutrop.
1657 1942 1684 1967 7,
1698 1943 1732 1967 24
1745 1935 1800 1960 -Ob
1820 1936 1915 1962 scelera
1934 1936 2061 1962 vniuerfis
2081 1937 2181 1962 exosus.
2229 1933 2303 1969 Conf.
2321 1933 2439 1960 Macrob.

1409 1969 1511 1994 Saturn.
1525 1976 1544 1999 1,
1558 1977 1589 1994 ιι.
1644 1969 1773 1994 Ammian.
1788 1974 1823 1999 ιε,
1845 1978 1866 2000 3.

1449 2009 1466 2029 Ε
1478 2010 1495 2028 Χ
1506 2010 1524 2029 0
1534 2010 1546 2028 S
1556 2009 1603 2028 ΤΚ
1614 2010 1632 2028 Α
1643 2023 1651 2035 ,
1677 2011 1715 2029 ae.
1752 2003 1772 2028 f.
1808 2003 1929 2030 Machina
1948 2002 1980 2037 cst
1999 2006 2094 2041 lignea,
2114 2013 2160 2040 qua
2173 2013 2232 2039 quae
2249 2006 2276 2030 in
2284 2003 2359 2040 scena
2371 2007 2438 2036 intus

1408 2044 1529 2074 geruntur
1542 2045 1563 2063 ct
1573 2038 1657 2073 fiunt,
1674 2038 1811 2073 versatione
1819 2046 1933 2065 rotarum
1942 2038 2126 2075 spel-‘tatoribus
2137 2038 2308 2072 ostenduntur,
2328 2049 2386 2075 quae
2400 2049 2437 2066 ea-

1409 2075 1460 2099 dem
1474 2073 1600 2099 dicebatur
1613 2073 1767 2106 ἒγκύκλημοι.
1810 2074 1865 2100 th.
1881 2074 1965 2100 Pollux
1978 2086 2009 2110 4,
2023 2085 2066 2110 127
2086 2082 2110 2101 et
2127 2084 2180 2109 129.
2234 2076 2301 2101 Hinc
2318 2076 2360 2101 lux
2379 2075 2435 2101 Cic.
2465 2076 2471 2105 l

1410 2109 1442 2135 de
1457 2109 1576 2135 Prouinc.
1592 2110 1668 2135 Cons.
1684 2118 1712 2142 14
1729 2119 1750 2135 c.
1764 2111 1781 2135 6
1798 2110 1888 2144 Itaque
1902 2110 1948 2136 ille
1961 2111 2042 2143 alter,
2063 2117 2108 2137 aut
2123 2111 2177 2145 ipse
2190 2110 2225 2136 est
2238 2110 2318 2137 homo
2334 2109 2442 2142 doEtus,
2476 2108 2479 2118 ¹

1410 2150 1434 2170 ct
1448 2153 1461 2170 a
1477 2145 1527 2170 suis
1542 2145 1648 2171 Graecis
1662 2145 1780 2171 subtilius
1796 2145 1929 2178 eruditus,
1948 2146 2103 2181 quibuscum
2117 2147 2169 2173 iam
2184 2146 2211 2172 in
2225 2146 2325 2172 exostra
2339 2145 2436 2174 hellua-

1409 2187 1466 2211 tur,
1482 2187 1556 2206 antea
1569 2180 1625 2214 post
1639 2179 1761 2215 siparium
1773 2181 1879 2207 solebat.
1935 2183 1976 2209 Sic
1989 2185 2051 2208 enim
2066 2192 2094 2208 ex
2109 2182 2282 2217 manuscriptis
2297 2183 2358 2217 legit
2373 2181 2436 2211 Tur-

1407 2215 1480 2241 nebus
1493 2215 1598 2251 Aduers.
1614 2225 1655 2246 ρο,
1673 2226 1689 2250 9
1716 2226 1764 2242 non
1782 2217 1936 2249 Orchestra,
1955 2224 1983 2243 vt
1989 2217 2027 2252 fit
2040 2218 2143 2253 sensus,
2165 2220 2215 2252 Qi
2232 2224 2289 2243 ante
2306 2218 2372 2242 velut
2385 2223 2440 2352 εξ

2375 180 2433 246 51‘2

1407 2249 1566 2283 histrionibus
1591 2259 1613 2277 et
1632 2254 1713 2277 mimis
1733 2255 1760 2278 in
1770 2252 1845 2287 scena
1866 2251 1921 2286 post
1932 2252 2054 2287 siparium
2074 2260 2096 2278 et
2115 2254 2194 2278 velum
2208 2252 2302 2287 solitus
2316 2258 2370 2277 erat
2389 2251 2405 2277 h

1406 2288 1473 2312 Iuari
1480 2305 1488 2317 ,
1508 2286 1536 2311 id
1548 2290 1597 2312 iam
1606 2288 1735 2322 propalam
1747 2290 1773 2313 in
1786 2287 1885 2313 exostra
1900 2289 2090 2322 remotajipario
2097 2287 2220 2322 faciebat.
2264 2287 2362 2321 Recepit
2373 2287 2405 2313 ha
2437 2306 2440 2312 .
2459 2306 2461 2311 ,

1405 2320 1462 2348 Ιεέῗ.
1479 2323 1576 2347 Gruter.
1592 2330 1614 2347 et
1628 2321 1785 2357 posteriores:
1855 2324 1949 2348 Nomen
1966 2323 2037 2349 habet
2053 2323 2083 2348 ab
2101 2322 2209 2354 ἐξωθεῖν,
2226 2320 2355 2354 expellere,
2373 2324 2417 2357 Quo
2462 2350 2470 2358 υ

1406 2357 1452 2383 hac
1464 2358 1643 2384 machinatione
1655 2358 1738 2393 subito
1749 2358 1934 2392 protruduntur
1951 2360 1978 2383 in
1996 2359 2087 2390 lucem,
2106 2366 2166 2392 quae
2183 2359 2251 2381 intus
2264 2358 2432 2392 parata-fient.

1407 2394 1487 2418 Etiam
1504 2396 1529 2418 in
1544 2403 1570 2419 re
1583 2395 1690 2419 militari
1703 2393 1772 2428 vsum
1784 2393 1851 2418 illius
1859 2392 1952 2427 fuiſje,
1971 2393 2037 2419 docet
2050 2394 2140 2426 Veget.
2154 2401 2189 2424 4,
2202 2398 2230 2416 21
2253 2390 2354 2417 Exostra
2366 2390 2430 2417 dici-

1407 2434 1449 2454 tur
1462 2436 1541 2462 pons,
1561 2437 1640 2463 quem
1655 2429 1770 2463 superius
1784 2428 1966 2462 exposuimus,
1985 2429 2031 2463 qui
2044 2428 2076 2454 de
2092 2428 2159 2453 turri
2173 2427 2201 2452 in
2214 2433 2317 2451 murum
2328 2431 2428 2460 repente
2462 2427 2463 2433 ¹

1405 2463 1579 2497 protruditur.
1634 2465 1743 2500 Respicit
1760 2464 1794 2489 ad
1810 2474 1831 2489 c.
1845 2473 1872 2497 17
1901 2464 1942 2489 vbi
1961 2463 1988 2489 de
2006 2467 2075 2489 turri
2092 2462 2269 2493 ambulatoria,
2287 2460 2363 2486 Circa
2378 2469 2431 2488 me-

1406 2498 1475 2524 diam
1489 2507 1587 2532 partem
1601 2500 1694 2533 accipit
1707 2506 1829 2533 pontem,
1847 2498 1945 2525 faflum
1966 2498 1997 2525 de
2017 2498 2117 2525 duabus
2133 2497 2265 2527 trabibus,
2282 2496 2431 2530 septumque

1406 2533 1438 2559 de
1453 2534 1568 2565 vimine,
1589 2543 1666 2568 quem
1691 2534 1778 2560 subito
1798 2534 1927 2567 prolatum
1949 2534 2018 2560 inter
2041 2534 2138 2560 turrim
2160 2540 2320 2566 murumque
2343 2529 2434 2557 consti-

1406 2574 1500 2601 tuunt,
1519 2575 1544 2595 et
1565 2578 1611 2603 per
1632 2578 1692 2595 eum
1708 2568 1876 2604 *egredientes
1899 2569 1931 2595 de
1949 2569 2068 2595 machina
2088 2568 2229 2595 bellatores
2253 2568 2282 2593 in
2301 2567 2440 2598 ciuitatem-

1406 2605 1554 2636 transeunt,
1573 2611 1598 2630 et
1611 2606 1736 2639 occupant
1748 2613 1846 2630 muros.

1443 2646 1562 2665 exoa-1
1573 2645 1589 2665 c
1602 2646 1658 2670 vs,
1677 2648 1701 2672 a,
1719 2649 1773 2665 um.
1811 2639 1870 2665 Adi.
1906 2638 2049 2673 [ἓξωτικός]
2085 2639 2247 2674 Peregrinus,
2262 2636 2440 2670 aduenticiu's,

1406 2676 1488 2709 inquit
1502 2674 1606 2700 Nonius
1621 2683 1644 2707 2,
1657 2683 1710 2707 303.
1736 2674 1864 2709 laudatque
1878 2673 1960 2699 Plaut.
1974 2674 2050 2700 Most.
2065 2682 2089 2704 1,
2104 2682 2128 2705 1,
2143 2682 2173 2706 41
2195 2673 2259 2709 Non
2272 2681 2361 2699 omncs
2380 2672 2444 2707 posq.

1408 2711 1466 2736 sunt
1484 2709 1557 2735 olere
1577 2716 1708 2743 vnguenta
1727 2709 1836 2736 exotica.
1879 2708 1917 2735 Id.
1938 2709 2010 2735 Non.
2027 2717 2065 2740 14,
2079 2717 2103 2735 21
2128 2710 2304 2743 Peregrinum.
2315 2708 2392 2739 dicit,
2412 2704 2453 2885 εἷ

1405 2745 1492 2780 adfert
1504 2754 1532 2771 ex
1545 2745 1628 2771 Plauti
1642 2745 1715 2779 Epid.
1728 2754 1754 2777 2,
1768 2754 1789 2775 2,
1803 2750 1835 2778 48
1846 2744 1991 2774 ‚Basilicum
2005 2751 2049 2771 aut
2065 2745 2205 2770 exoticum.
2247 2743 2436 2771 Aduentieium

1400 2780 1504 2815 pulchre
1520 2782 1625 2806 Nonius.
1662 2782 1702 2808 Sic
1716 2783 1778 2806 enim
1791 2781 1845 2807 Cic.
1860 2780 1890 2806 de
1904 2780 1976 2806 Orat.
1990 2788 2013 2812 3,
2028 2788 2066 2812 135
2086 2789 2107 2805 c.
2122 2788 2148 2812 33
2169 2778 2241 2814 Quid
2253 2779 2324 2805 enim
2336 2780 2373 2806 M.
2387 2780 2425 2806 Ca
2438 2784 2440 2787 ’

1407 2815 1463 2840 toni
1479 2821 1580 2849 praeter
1594 2815 1658 2842 hanc
1670 2815 1844 2850 politissimam
1857 2815 2003 2841 doctrinam
2012 2835 2020 2848 ‚
2038 2816 2235 2842 transmarinam
2250 2821 2327 2849 atque
2340 2813 2450 2849 aduena!

1405 2849 1494 2875 ticiani
1513 2849 1615 2875 defuit?
1709 2851 1835 2882 Plin.13‚3
1856 2852 1963 2876 Certum
1976 2850 2012 2876 est
2025 2852 2050 2877 P.
2060 2851 2200 2877 Lucinium
2213 2851 2335 2880 Crassum,
2355 2849 2383 2875 L.
2392 2851 2440 2876 Iu..

1406 2885 1472 2910 lium
1486 2885 1619 2910 Caesarem
1634 2886 1759 2915 Censores
1775 2886 1879 2912 edixisse
1889 2906 1896 2918 ,
1913 2895 1946 2911 ne
1960 2884 2018 2920 quis
2033 2886 2158 2913 venderet
2177 2891 2305 2918 vnguenta
2318 2885 2450 2917 exoticas?

1405 2919 1437 2945 sic
1455 2920 1525 2945 enim
1543 2920 1716 2954 appellauere.
1787 2922 1894 2948 Exotica
1912 2922 2021 2947 Graecia
2040 2921 2120 2947 Plaut.
2135 2920 2203 2945 Men.
2219 2927 2242 2949 2,
2263 2928 2281 2951 1,
2295 2928 2325 2946 11.
2367 2922 2434 2956 Quia
2458 2934 2459 2937 =

1405 2953 1438 2987 ψ
1451 2958 1523 2979 etiam
1539 2957 1641 2986 Italica,
1661 2965 1720 2991 quac
1734 2957 1830 2993 Magna
1843 2956 1874 2989 est
1885 2956 2013 2992 appellata.
2083 2956 2143 2981 Iure
2162 2955 2266 2981 exotico
2285 2955 2380 2989 perfusi
2394 2956 2434 2991 pi-

1405 2990 1456 3016 sces
1477 2990 1551 3023 Apul.
1567 2991 1628 3017 Met.
1643 3000 1670 3016 10
1694 3001 1717 3026 p.
1733 2995 1797 3026 246,
1816 2998 1854 3022 28·
1923 2991 1996 3017 Idem
2009 2991 2072 3017 Met.
2089 3000 2095 3015 1
2116 2997 2157 3024 pr.
2191 2991 2221 3016 Et
2240 2999 2314 3023 ecce,
2332 2992 2432 3026 praefa-

1404 3034 1464 3051 mur
1477 3026 1596 3057 veniam,
1616 3026 1632 3051 si
1645 3027 1709 3060 quid
1723 3028 1821 3054 exotici
1835 3034 1912 3061 atque
1923 3025 2031 3052 forensis
2050 3025 2176 3051 sermonis
2190 3026 2263 3052 rudis
2275 3026 2378 3053 locutor
2391 3026 2433 3053 of·
2446 3046 2448 3049 ·

1403 3059 1522 3087 fendero.
1594 3061 1704 3088 Puluere
1720 3064 1823 3089 exotico
1842 3063 1929 3088 dentes
1949 3061 2093 3087 emaculare
2111 3061 2185 3095 Apul.
2201 3061 2276 3096 Apol.
2296 3071 2321 3096 p.
2336 3067 2391 3097 278,
2403 3071 2433 3096 4<

1402 3096 1490 3122 Sidera
1513 3095 1615 3122 exotica
1639 3097 1721 3130 sparsa
1741 3098 1830 3124 Sidon.
1852 3099 1898 3132 Ep.
1919 3097 1950 3123 ad
1970 3098 2081 3123 Carmen
2100 3104 2135 3124 22.
2171 3100 2188 3122 ι’.
2208 3104 2279 3124 extra
2290 3097 2432 3130 Zodiarum-

1400 3132 1499 3158 Vinum
1517 3131 1583 3157 Gell.
1599 3140 1631 3164 13,
1648 3140 1669 3164 ς.

1437 3174 1453 3193 ιε
1463 3175 1480 3194 x
1490 3175 1508 3193 o
1518 3172 1538 3192 T
1548 3174 1564 3194 E
1573 3174 1591 3193 R
1603 3175 1610 3193 1
1620 3174 1635 3194 c
1646 3175 1665 3193 v
1675 3173 1703 3199 ς,
1721 3176 1745 3199 a,
1764 3176 1816 3194 um.
1852 3166 1912 3193 Adi.
1948 3166 2018 3193 Mere
2031 3167 2156 3198 Graecum,
2170 3166 2318 3200 ἓξωτρουιδς,
2333 3166 2441 3201 ΛνιζΙὶα-,

1402 3204 1487 3229 telicae
1504 3202 1648 3238 diJ‘ciplinae
1664 3203 1818 3236 vocabulum,
1837 3203 1865 3229 de
1881 3211 1925 3237 quo
1943 3203 2019 3228 locum
2032 3202 2151 3236 classicum
2167 3195 2249 3229 Gellii
2267 3211 2311 3235 20,
2326 3211 2339 3236 ς
2363 3203 2431 3239 dedi}

1403 3248 1456 3264 mus
1475 3241 1501 3263 in
1521 3245 1542 3264 A
1553 3243 1570 3264 c
1582 3244 1626 3263 Ro
1636 3245 1685 3264 AT
1696 3245 1704 3263 1
1714 3244 1731 3264 c
1742 3246 1761 3264 v
1772 3244 1794 3264 s.
1865 3237 1920 3263 Cic.
1935 3236 1966 3262 de
1982 3237 2038 3263 Fin.
2052 3246 2073 3270 ς,
2089 3246 2115 3263 12
2133 3247 2154 3264 c.
2169 3245 2181 3270 ς
2207 3237 2235 3264 de
2248 3239 2431 3274 Peripateticis,

1405 3274 1443 3300 De
1457 3274 1558 3299 summo
1577 3272 1664 3304 bono,
1678 3274 1741 3307 quia
1760 3273 1809 3299 dua
1828 3281 1920 3306 genera
1938 3271 2066 3298 librorum
2085 3273 2155 3304 sunt,
2175 3283 2254 3299 vnum
2269 3273 2432 3308 populariter

1404 3309 1542 3343 scriptum,
1571 3308 1640 3342 quod
1666 3308 1796 3342 ἕξωτερικδν
1819 3306 1995 3342 appellabant,
2024 3309 2133 3334 alterum
2154 3309 2285 3339 limatius,
2310 3309 2381 3343 quod
2400 3310 2430 3336 in

1403 3343 1601 3370 commentariis
1616 3344 1780 3377 reliquerunt
1795 3354 1801 3373 ;
1824 3352 1875 3368 non
1890 3343 1988 3377 semper
2003 3343 2071 3370 idem
2089 3344 2174 3370 dicere
2194 3345 2324 3372 videntur.
2362 3346 2429 3371 Haec

1404 3388 1450 3404 non
1464 3382 1500 3404 ita
1512 3388 1571 3405 vera
1583 3377 1640 3411 ests,
1661 3386 1689 3404 vt
1706 3388 1754 3404 non
1768 3378 1896 3404 exoterica
1906 3378 2037 3414 scripserit
2050 3389 2139 3415 quoque
2151 3378 2293 3412 Aristoteles
2305 3389 2315 3408 ‚·
2341 3387 2429 3406 totam·
2449 3401 2453 3406 .

1402 3422 1446 3447 que
1459 3414 1597 3446 diuistonem
1610 3413 1644 3439 ad
1654 3421 1820 3449 argumentum
1831 3416 1954 3447 pertinere
1965 3418 2048 3448 potius
2057 3434 2065 3447 ,
2083 3424 2094 3440 e
2108 3415 2179 3441 Gellii
2198 3416 2215 3441 l.
2229 3424 2249 3441 c.
2270 3414 2333 3450 disti
2339 3413 2419 3450 potest
2444 3422 2446 3426 ’

1402 3450 1468 3482 Quin
1485 3449 1534 3482 ipse
1554 3449 1608 3475 Cic.
1623 3450 1675 3474 Att.
1690 3460 1717 3482 4,
1733 3451 1761 3474 16
1785 3449 1918 3482 Qioniam
1939 3450 1965 3475 in
1979 3449 2084 3484 lingulis
2104 3450 2179 3477 libris
2196 3456 2256 3476 vtor
2274 3451 2428 3484 Prooemiis,

1401 3490 1429 3509 vt
1442 3483 1593 3510 Aristoteles
1605 3484 1632 3509 in
1646 3484 1695 3515 iis,
1715 3493 1780 3518 quos
1794 3483 1927 3519 ἓξωτιμκὲς
1946 3491 2033 3518 vocat,
2052 3493 2097 3512 etc.

1787 3556 1812 3586 E
1914 3557 1939 3588 X
2042 3557 2064 3589 P

1438 3624 1535 3652 EXPE
1544 3625 1574 3651 D.
1595 3625 1616 3650 A
1626 3625 1647 3649 V
1658 3624 1688 3650 G.
1714 3624 1849 3659 Expeditio
1870 3626 1984 3660 Augusti.
2055 3623 2126 3653 EXP
2133 3627 2160 3652 F.
2184 3626 2269 3653 VRB.
2296 3628 2331 3653 Ex
2354 3628 2425 3654 Prae·
2440 3631 2464 3643 ·“·

1402 3659 1473 3686 Γςὲἱο
1490 3660 1575 3686 Vrbis.
1648 3660 1665 3685 E
1675 3660 1695 3685 X
1703 3661 1718 3685 P
1728 3660 1747 3685 L
1755 3661 1786 3686 O.
1812 3662 1832 3686 L
1840 3663 1857 3687 E
1866 3663 1896 3688 G.
1921 3664 1941 3689 V
1949 3663 1968 3688 1.
1995 3663 2037 3688 VI
2046 3664 2067 3689 C
2075 3663 2133 3689 TO
2141 3661 2171 3687 R.
2208 3662 2363 3696 Explorator
2377 3663 2423 3689 Le-

1403 3695 1489 3729 gionis
1508 3696 1596 3721 Sextae
1615 3694 1747 3720 victricis.
2025 3723 2030 3729 ι

1439 3737 1560 3757 eximi
1572 3736 1653 3759 ιιεο,
1673 3733 1729 3759 ere;
1756 3731 1794 3755 vs!
1810 3737 1825 3756 r
1837 3737 1852 3755 x
1866 3737 2002 3758 PALLES
2014 3737 2078 3762 co,
2097 3731 2148 3757 ere.
2176 3730 2335 3768 [ἐξωχριοίω]

1402 3765 1479 3791 lidum
1495 3765 1551 3798 effe,
1563 3764 1694 3799 siue-fieri.
1731 3764 1809 3790 Plaut.
1823 3767 1898 3792 Cure.
1913 3776 1935 3798 2,
1951 3775 1972 3798 3,
1987 3775 2016 3798 32.
2035 3766 2114 3795 Vide,
2132 3772 2160 3791 vt
2173 3768 2306 3800 expalluit.
2359 3767 2431 3798 Ptin..

1403 3799 1479 3834 Epist.
1490 3808 1535 3831 ιη’,
1550 3809 1573 3831 ι3
1593 3800 1722 3833 Expalluit
1734 3800 1894 3834 notabiliter,
1913 3801 2031 3835 quamuis
2043 3800 2137 3834 palleat
2149 3802 2254 3836 semper.
2309 3800 2425 3828 Au&.ad

1402 3835 1518 3867 Her.2‚8
1533 3843 1575 3867 ας
1595 3836 1733 3861 Accusator
1747 3836 1821 3866 dicct,
1829 3837 2004 3863 aduersarium
2023 3850 2067 3854 ——
2087 3836 2424 3871 crubuitlc‚expallmslc,ti-

1402 3869 1506 3896 tubasse.
1543 3870 1654 3903 Fulgore
1668 3872 1724 3897 auri
1739 3872 1820 3906 magis
1836 3869 2092 3906 expalluitCatul.6c,
2102 3879 2155 3897 100.
2180 3872 2424 3906 Stat-Theb.11‚327

1401 3905 1430 3930 Et
1442 3905 1495 3938 ipse
1507 3912 1576 3931 metu
1589 3905 1769 3940 famulumque
1782 3907 1907 3941 expalluit
1922 3907 2007 3933 omnis
2020 3912 2115 3931 coetus.
2141 3907 2288 3940 Famulfim,
2296 3912 2313 3934 i.
2320 3909 2424 3933 Famula-

1401 3949 1464 3966 rum.
1493 3940 1605 3967 Horruit
1614 3941 1707 3968 infelix
1721 3948 1829 3976 totoque
1840 3942 1964 3976 expalluit
1976 3949 2021 3968 ore
2032 3940 2112 3967 Ouid.
2121 3943 2283 3976 Met.6‚602.
2319 3942 2423 3969 Viribu-

2325 3977 2421 4004 absum-

2369 3712 2434 3759 Pal-²
2474 3746 2475 3749 ¹
