2479 4225
19 0 124 85 ww·
137 0 142 5 ¹

74 28 91 39 Λ,

25 65 36 78 ⁷!
66 49 74 68 '=

33 90 43 101 v!
53 102 57 107 -

44 132 50 140 .

32 176 41 215 Ῐ
81 187 161 238 ···.[[2“5

69 324 72 327 ·
86 311 214 346 ιζῐηίιιβε,
229 315 283 338 inae
301 312 390 338 natiter
405 312 485 338 Plaut.
500 311 590 338 Aulul.
601 319 627 342 2,
641 318 664 343 ς,
674 318 695 342 5.

5 442 8 449 .
56 413 59 423 '
75 427 138 446 ‘non
151 417 194 444 abs
208 426 235 444 re
255 417 312 444 Cic.
327 419 363 451 Q
376 419 459 445 Fratr.
473 427 495 451 3,
511 423 532 448 8.

48 480 50 483 .
90 462 140 490 pro
152 453 227 479 Rose.
241 453 329 480 Anicr.
342 456 392 485 116.-

88 277 145 306 Ci‘c.
159 276 187 304 in
200 267 278 304 Catil.
291 283 310 308 1,
325 281 353 310 17
368 274 470 302 Iniuria
483 275 615 311 suspectus
629 273 734 301 ciuibus
747 271 808 304 suis.
862 269 966 297 Iniuria
983 268 1132 305 dispertire,

797 306 900 336 Iniuria
916 312 960 332 tua
973 305 1072 331 fastum
1089 306 1133 338 est,

585 345 651 373 Non
668 344 768 371 iniuria
786 342 838 370 tibi
857 340 925 368 illud
941 341 1051 373 accidit,
1074 343 1131 367 Non

686 380 744 407 Nec
760 378 872 408 iniuria,
894 379 912 402 i.
928 375 1037 409 nonfine
1051 378 1133 412 causa,

620 417 680 443 Hoc
698 415 790 442 horret
803 413 888 444 Milo,
908 421 955 437 nec
975 411 1074 438 iniuria
1092 413 1130 438 ld.

87 349 137 377 Per
151 355 174 374 te
189 347 262 374 Idem
299 347 361 373 *ruc.
377 355 397 379 r,
410 356 437 379 2,
450 349 491 373 66.

87 386 217 411 immerita
230 382 286 409 Cic.
300 381 332 407 de
344 382 407 408 Nat.
422 384 502 409 Dcor.
517 390 539 414 3,
552 387 592 415 89.

127 495 137 514 1
147 494 168 514 N
179 494 294 515 1VR10
305 495 323 515 R
333 508 342 521 ‚
362 489 421 525 ari.
447 488 512 522 Dep.
548 488 637 514 Scnec.
649 486 682 513 dc
696 485 784 513 Const.
798 485 854 517 Sap.
873 490 919 514 c.9
939 484 1024 509 Omne
1039 483 1133 510 fortui-

88 529 148 558 Ιειιιιι
165 524 233 550 circa
247 533 294 550 nos
307 524 400 556 saeuit,
420 529 446 551 et
459 523 612 550 iniuriatur.
682 521 741 548 Plus
757 518 929 547 victoriatum
942 518 988 550 est,
1002 527 1080 553 quani
1094 519 1134 545 in-

18 572 35 599 .‘
52 575 53 579 =
85 559 221 592 jiuriatuni
234 559 352 586 Tertull.
367 559 426 586 adu.
441 559 532 586 Gnost.
553 567 575 585 c.
590 560 615 584 6.

38 655 40 658 ,
83 666 132 699 [Sic
144 666 250 692 Seruius
264 665 298 692 ad
310 667 374 692 Aen.
388 674 414 700 9,
431 673 486 700 107.

42 840 43 843 ¹
86 840 142 906 'pol‘
151 843 200 896 eli}
211 843 352 873 omnibus,
370 844 498 869 iniurium
511 841 557 869 est.

76 887 79 889 ’
103 886 192 906 arios.

54 1270 67 1277 ''
86 1266 347 1302 Cic.,deLegg.i‚40
366 1276 427 1301 c.i4

84 1302 181 1337 pitudo
201 1304 315 1330 deterret
334 1303 367 1329 ab
387 1302 517 1329 iniuriosa
536 1302 739 1336 facinorosaque
760 1301 829 1332 vita,
854 1309 932 1326 nenio
955 1300 990 1326 cst
1010 1300 1132 1326 iniustus.
1145 1312 1178 1336 30

45 1666 48 1671 ’
81 1667 110 1690 2,
123 1667 150 1691 9,
162 1666 186 1683 2.

58 2682 60 2684 ’
77 2648 282 2715 ἔξιῖὶὲΊΞιιοιίάἰε
295 2680 363 2713 lugo
376 2677 459 2705 boum
471 2677 541 2703 colla
555 2673 728 2703 deteruntur?
753 2679 772 2702 i.
790 2677 876 2709 iniquo
889 2680 911 2699 et
925 2675 1008 2709 graui.

838 2709 963 2736 Nouerca
981 2708 1057 2742 Virg.
1071 2707 1124 2732 Ecl.
1135 2719 1171 2747 70
1190 2710 1351 2744 construitur.

46 2962 51 2972 ¹
77 2965 141 2992 Fins
153 2973 163 2990 1
182 2973 203 2990 c.
220 2965 256 2989 16.

32 3771 38 3810 l
83 3775 177 3807 na'tum
193 3780 229 3805 est
243 3779 367 3805 omnibus
380 3776 408 3802 id
420 3775 519 3801 vitium
531 3776 600 3801 Ter.
613 3778 678 3805 Hec.
692 3788 720 3811 4,
735 3789 755 3812 1,
770 3785 809 3809 28,

124 602 137 621 ι
149 601 333 627 NiVRivs,
354 604 378 627 a,
399 603 454 621 uui.
490 594 550 621 Adi.
585 592 719 628 [ὑέζριςὴς]
754 590 862 617 Nomen
875 588 911 615 est
925 589 1065 621 comicum,
1080 598 1134 624 quo
1156 606 1185 624 10
1201 596 1241 617 tus
1260 590 1335 616 affixa
1353 596 1431 625 atque
1449 590 1524 617 insita
1538 591 1582 617 cst.

90 631 172 657 ctiam
185 637 303 658 oratores
317 636 441 663 vtuntur,
466 629 484 657 i.
498 639 520 656 e.
541 629 589 663 qui
603 629 680 655 audet
697 626 799 662 aliquid
818 631 909 651 contra
925 624 1045 651 ordinem
1059 626 1133 652 iuris.

539 665 606 692 Ter.
619 665 714 690 Heaut.
725 671 750 696 2,
764 671 784 694 3,
798 669 832 696 79
859 660 952 686 Multis
966 660 1050 687 modis
1064 661 1133 687 iniu-

774 697 848 723 Ideni
861 695 943 722 Andr.
957 697 978 728 2,
990 705 1012 728 3,
1027 706 1036 728 3
1062 697 1133 730 Ipsus

83 701 149 729 *rius
164 700 285 735 Clitipho
305 701 341 727 est
352 704 365 728 ἐ’
387 708 473 736 neque
492 700 558 727 ferri
576 699 644 735 potis
658 698 702 725 est.
911 731 915 735 Ι

875 731 1007 758 Iniurium
1027 732 1082 758 est:
1114 734 1132 758 i.

91 737 141 763 fibi
160 737 208 763 effe
222 737 336 763 iniurius
352 737 476 764 videatur
490 747 495 762 :
521 744 607 770 neque
620 733 647 760 id
663 733 772 760 iniuria.

86 772 230 807 Iniquum,
256 778 282 798 et
301 773 356 798 vim
373 771 505 799 Aduerbii
519 770 613 803 habet,
633 772 718 805 inquit
730 770 856 795 Donatus.
888 766 945 793 Vitl.
960 767 1040 794 Plaut.
1054 768 1131 794 Cure.
1154 781 1180 808 ¹3
1198 777 1226 801 4,
1239 778 1256 801 4
1277 778 1297 794 c.
1313 777 1337 794 z.

90 816 113 840 1,
128 816 149 840 1,
164 810 202 840 ὂς.
237 811 269 834 it.
289 808 377 834 Aulul.
392 819 420 841 4,
434 815 461 842 7,
474 815 510 840 19.
595 806 664 832 Ter.
680 806 744 831 Hec.
760 813 785 836 i,
800 812 826 836 i,
843 811 873 836 ¹4
898 802 1005 828 Tamen
1025 803 1134 829 eandem

593 848 617 869 8.
639 840 769 867 iniurium
781 839 817 865 est
833 843 920 865 autem
937 838 1025 864 vlcisci
1041 838 1134 864 aduer-

288 880 344 905 Cic.
358 878 410 905 Off.
424 886 452 910 3,
465 883 496 911 89
520 886 542 903 c.
562 886 587 909 23
619 877 647 903 Si
661 876 776 909 tabulam
791 874 822 901 de
836 874 975 908 naufragio
988 873 1080 900 stultus
1094 883 1134 901 ar-

85 914 224 955 ripuerit,
250 913 454 949 extorquebitne
467 922 532 947 ,eain
550 912 665 948 sapiens,
688 911 706 938 fi
721 910 860 946 potuerit?
892 909 977 944 Negat
992 920 997 935 :
1023 910 1085 944 quia
1104 909 1134 936 fit

87 958 231 977 iniurium.

82 988 85 989 ⁷
126 991 301 1013 [Νινκῐε.
338 984 407 1011 Adu.
439 990 489 1020 pro
503 983 632 1019 Iniuriosi.
668 982 787 1009 Naeuius
799 981 934 1014 Lycurgo:
959 979 1079 1007 Oderunt
1092 979 1132 1006 dii

88 1019 222 1048 homines.
265 1020 398 1047 Iniuriose
410 1028 509 1054 egone,
526 1019 618 1046 anille
635 1017 867 1047 iniuriefacimus.
909 1016 1015 1042 Nonius
1032 1025 1057 1048 2,
1072 1023 1131 1049 429.

87 1057 187 1092 Superi.
206 1055 375 1083 Iniuriiffime
391 1056 523 1082 Ammian.
538 1055 568 1082 16
586 1064 611 1089 p.
626 1056 677 1088 156.

125 1099 135 1117 1
146 1099 166 1118 N
178 1099 187 1117 1
197 1098 244 1117 VR
255 1098 263 1116 1
275 1098 293 1118 o
303 1099 315 1118 s
325 1098 344 1116 v
354 1098 381 1122 s,
408 1100 439 1124 a,
466 1100 521 1117 um.
557 1090 617 1116 Adi.
655 1086 810 1123 [ὁζριςικᾶς,
829 1084 943 1122 ὑέῗριτὴρ]
980 1087 1031 1121 Qci
1049 1086 1132 1122 infert

1159 424 1174 450 ς
1202 420 1262 439 ntra
1271 412 1365 449 fastus
1383 414 1430 447 esi,
1451 421 1515 440 certe
1528 423 1588 454 quae
1606 419 1633 441 in
1642 415 1790 456 parentibus
1804 418 1877 442 etiam
1885 416 1954 451 sitit.

1187 1086 1269 1127 sticor
1282 1087 1430 1123 scriptores.

1601 182 1907 228 [NN

2163 194 2247 231 1126

1198 276 1331 307 parantur,
1351 277 1380 312 γι
1394 277 1604 307 anteponantur,
1620 280 1687 307 quae
1699 278 1806 308 propter
1824 275 1848 301 se
1864 277 2007 311 expetenda
2021 279 2095 312 sunt,
2116 280 2150 308 iis
2177 290 2244 317 quae

1198 312 1308 342 propter
1324 307 1395 334 aliud
1411 318 1416 334 ε
1443 314 1468 334 ct
1483 315 1510 336 vt
1523 309 1611 335 inuata
1624 314 1703 343 atquc
1719 308 1808 341 insita,
1830 312 1941 338 assumtis
1956 320 1981 338 ct
1996 301 2171 342 aduenticiis':
2204 318 2244 343 in-

1200 350 1273 376 tegra
1286 343 1478 369 contaminatis.
1572 344 1671 370 Eodem
1686 344 1770 371 innati
1784 343 1858 377 solo,
1880 347 1950 380 quod
1971 349 2091 377 incolunt
2110 352 2201 379 lustin.
2219 361 2232 379 ε

1203 380 1229 409 6,
1245 387 1272 411 4.
1297 381 1316 404 i.
1336 378 1494 412 οὲυτόχθονες.
1565 379 1669 406 Innatus
1685 379 1779 406 dicitur
1796 378 1879 406 hoino
1892 381 1971 407 alicui
1986 385 2042 416 rei,
2061 386 2105 411 Ad
2117 396 2188 421 qnam
2200 373 2244 414 „aff

1438 450 1442 454 .
1739 451 1743 455 Ι
2009 421 2094 446 Scncc.
2113 425 2144 447 de
2163 424 2242 449 Cous.

1202 449 1235 488 ad
1249 449 1338 489 Polyb.
1352 458 1379 476 zi
1404 449 1506 475 Sciebas
1519 459 1638 476 animuin
1652 459 1708 477 cius
1726 449 1882 477 liberalibus
1895 450 2057 487 disciplinis,
2076 457 2173 490 quibus
2187 468 2241 484 nnn

1202 490 1346 510 innutritus
1360 485 1395 510 est
1409 490 1526 517 tantum,
1546 486 1587 511 sed
1600 486 1681 512 etiam
1701 487 1821 519 innatus,
1840 485 1874 512 fic
1887 487 1935 512 ess'e
1953 487 2099 517 fundatum.
2185 496 2242 520 cic,

1201 521 1277 560 Verr.
1291 528 1312 552 ς,
1327 529 1368 553 139
1388 529 1410 546 c.
1424 529 1450 552 53
1472 520 1530 546 Reli
1552 530 1583 547 ua
1596 521 1632 547 cst
1648 531 1677 548 ea
1691 523 1763 548 causa
1778 522 1898 554 Iudices,
1918 531 1985 557 quae
1999 520 2051 549 non
2064 526 2115 551 iani
2130 535 2243 562 recepta,

1201 555 1243 581 sed
1259 562 1365 581 innata:
1402 563 1487 590 neque
1505 556 1536 582 dc
1549 562 1590 582 ata
1607 557 1639 584 ad
1658 566 1715 588 mc,
1735 557 1777 583 sed
1798 557 1826 583 iu
1841 558 1928 584 anima
1948 559 2075 593 sensuque
2090 570 2149 588 ineo
2169 565 2242 597 peni-

1219 626 1223 630 .
1273 627 1277 631 ,
1654 593 1726 619 Ideni
1742 594 1851 626 Vcrr.4
1870 603 1892 619 c.
1904 598 1938 626 48
1955 600 1998 628 pr.
2033 596 2092 621 Hoc
2117 611 2159 617 -η
2181 600 2241 633 ipsis

1199 626 1292 666 Siculis
1306 633 1358 653 tam
1371 626 1519 661 persuasiun
1532 627 1578 659 cst,
1592 633 1621 653 vt
1634 628 1728 654 animis
1741 637 1833 654 corum
1848 628 1953 655 insitum
1969 633 2048 664 atque
2060 630 2178 658 innatum
2192 636 2241 662 effe

1199 662 1328 702 videatur.
1423 663 1529 688 Innatus
1545 662 1573 688 in
1588 662 1665 689 nobis
1683 672 1757 690 amor
1770 663 1931 698 cognitionis
1949 670 1975 691 et
1990 665 2112 692 scientiae
2133 668 2188 694 Cic.
2209 671 2241 697 de

1199 698 1256 723 Fin.
1272 706 1294 731 ς,
1306 706 1346 730 34.
1414 699 1498 723 Amor
1513 697 1627 724 habendi
1647 699 1741 731 Virgil.
1757 700 1852 733 (θροις.
1867 708 1898 732 4,
1912 707 1966 734 177.
2061 701 2242 736 Cupiditatem

1198 733 1322 759 scientiae
1337 734 1467 767 quandam
1482 733 1599 764 inlitam,
1619 733 1662 760 vel
1678 734 1765 768 potius
1781 734 1896 761 innatam
1918 735 2044 763 habemus
2065 738 2120 764 Cic.
2135 738 2167 765 de
2183 740 2242 766 Fin.

1445 768 1561 795 Dulcedo
1574 778 1662 795 rerum
1681 770 1758 795 nobis
1780 769 1867 796 innata
1881 770 1917 796 est
1938 771 1995 798 Scri.
2010 773 2052 807 Ep.
2066 781 2092 806 9.
2164 775 2244 810 Lapis

1197 804 1307 831 renibus
1320 805 1431 830 innatus'
1443 804 1564 831 Scribon.
1581 812 1633 837 145.
1705 804 1805 831 Libido
1823 805 1904 832 Ouid.
1921 807 1984 832 Met.
2000 810 2033 840 6,
2051 813 2108 841 458.
2180 811 2243 837 Pro-

1198 839 1265 866 bitas
1284 839 1396 874 gratuita
1411 839 1515 865 homini
1529 840 1632 871 innata,
1652 849 1706 866 nou
1719 841 1832 867 inuitata
1844 841 2023 875 voluptatibus
2037 845 2091 870 Cic.
2106 844 2138 871 de
2150 846 2231 874 Fin.2

1199 883 1257 914 99.δ
1314 875 1484 901 Inuatiss'unus
1504 876 1576 902 Baiil.
1595 876 1724 911 Groning.
1745 875 1776 902 de
1797 877 1870 903 Orat.
1885 886 1912 909 7,
1931 882 1954 905 8.
2027 879 2135 907 Robora
2152 867 2244 909 innata:

1198 909 1308 944 rupibus
1329 910 1409 936 Ouid.
1425 911 1503 945 Epist.
1517 919 1544 945 7,
1558 919 1593 943 35.
1789 909 1810 947 fl
1833 921 1846 937 2
1882 912 1988 940 Innatus
2007 915 2073 949 apud
2088 916 2244 949 Christianos

1148 946 1331 985 20scriptonse5
1350 947 1399 971 atio
1414 946 1487 982 finsu
1507 947 1658 982 vfictpatur,
1671 946 1711 985 fij.
1725 952 1775 982 pro
1790 949 1848 974 Non
1860 954 1942 975 natus.
1979 949 2165 978 Tertullianus
2181 953 2242 980 adu.

1198 981 1375 1007 Valentinian.
1398 991 1417 1007 c.
1432 990 1455 1014 ις
1478 982 1589 1008 Materia
1607 990 1686 1016 quam
1701 988 1817 1008 innatam
1830 983 1934 1009 volunt.

1195 1019 1249 1051 246
1274 1017 1374 1042 Natum
1387 1017 1481 1043 scimus
1496 1017 1529 1043 ab
1542 1018 1642 1043 innato.

1216 1071 1220 1077 ,
1234 1058 1275 1078 1Ν
1289 1059 1309 1077 Ν
1323 1059 1344 1078 A
1354 1059 1391 1078 SC
1402 1059 1410 1077 1
1421 1053 1481 1078 BI'L
1492 1059 1538 1083 IS,
1561 1061 1586 1078 e.
1622 1051 1683 1077 Adi.
1719 1052 1770 1086 Qu*
1785 1052 1855 1092 nasci:
1872 1063 1920 1079 non
1929 1054 2030 1114 1forest,
2046 1057 2114 1091 apud
2127 1059 2195 1085 Eccle
2207 1068 2242 1086 1⁴1-

1472 1087 1529 1114 Vid.
1550 1087 1668 1114 Tertull.
1690 1085 1722 1112 de
1742 1089 1894 1122 Praescript.
1913 1097 1927 1114 a
1946 1092 2013 1117 uers.
2033 1091 2130 1128 haeret.
2157 1103 2179 1121 c.
2199 1097 2241 1127 46.

2007 986 2127 1013 Prudent.
2143 989 2242 1023 Apoth.

86 1127 219 1153 iniuriam.
254 1126 311 1153 Cic.
324 1125 377 1153 Off:
391 1135 412 1161 i,
424 1135 462 1160 44
482 1136 504 1153 e.
515 1134 545 1158 14
567 1125 686 1151 Primum
699 1132 729 1150 ιη
743 1132 775 1149 eo
789 1129 904 1157 peccant,
922 1123 993 1157 quod
1008 1121 1130 1149 iniuriosi
1145 1132 1177 1158 ις
1195 1124 1327 1149 Maximus
1341 1123 1457 1150 Taurin.
1470 1123 1498 1149 in
1512 1123 1606 1157 Expos.
1620 1121 1749 1154 symboli.

82 1161 148 1194 'finit
161 1158 191 1188 in¹
202 1161 345 1196 proximos.
402 1162 472 1189 letus
485 1161 630 1187 iniuriosus
639 1180 647 1192 ‚
666 1162 789 1186 Damnum
804 1158 916 1193 inferenx
932 1165 954 1184 et
960 1159 1114 1194 periculosus
1123 1168 1130 1182 .-

86 1197 155 1224 Plin.
170 1205 208 1231 17,
222 1205 257 1230 24
275 1197 329 1223 Aut
342 1197 525 1224 circuinfoffor
536 1196 669 1223 iniurioso
683 1194 738 1221 ictu
751 1193 913 1220 verberauit.
984 1194 1044 1220 Vita
1061 1193 1130 1219 iuiu-

83 1233 157 1261 riosa
171 1232 387 1267 nemorosaque,
408 1234 483 1259 Plena
489 1231 622 1268 sceleribus
635 1237 659 1257 et
671 1230 863 1265 iniquitatibus,
882 1235 962 1264 nempe
976 1231 1034 1255 aliis
1046 1232 1130 1255 noxia.

446 1267 526 1300 Qiod
538 1266 556 1293 {i
569 1274 664 1301 poena,
675 1265 692 1292 fi
706 1271 791 1291 metus
803 1265 935 1299 supplicii,
943 1274 996 1290 non
1011 1265 1064 1298 ipsa
1077 1270 1131 1290 tur·

85 1339 167 1365 Venti
181 1339 248 1365 Hor.
256 1339 337 1373 Epod.
347 1348 380 1371 17,
393 1347 434 1371 34.
450 1332 460 1344 x
484 1339 515 1364 In
529 1338 614 1364 socios
623 1346 689 1364 vcro
704 1337 771 1372 ipsos
786 1337 944 1362 iniuriosum
958 1342 984 1362 et
997 1342 1131 1361 contume-

86 1373 186 1400 liosum
199 1375 235 1401 cst
247 1375 362 1409 Cic.pro
369 1373 531 1400 Cormssaib.
539 1382 583 1405 24.
654 1372 818 1399 Iniuriosum
831 1372 866 1398 est
881 1378 955 1405 rapto
968 1371 1061 1397 viuere
1072 1372 1129 1398 Scn.

81 1409 201 1448 ‚Epistqi
218 1409 305 1445 odfin.
400 1409 513 1444 Compar.
549 1409 607 1435 Sen.
621 1410 751 1435 Controu.
766 1417 787 1439 2,
802 1416 829 1434 12
849 1407 947 1434 Nescio
961 1416 993 1433 an
1008 1407 1130 1433 aduersus

83 1451 187 1480 patrem
207 1444 362 1471 iniuriossor
375 1443 423 1474 fis,
442 1444 515 1479 quod
532 1444 663 1470 abstulisti
677 1444 721 1470 illi
740 1443 874 1476 heredem,
895 1452 928 1469 an
941 1443 1013 1477 quod
1026 1442 1129 1468 dedisti.

81 1482 178 1516 Sapen.
194 1480 301 1507 Adrian.
316 1481 381 1515 Imp.
395 1479 461 1515 apud
472 1480 577 1514 Vopisc.
591 1480 619 1506 in
631 1480 732 1506 Saturn.
750 1488 772 1504 c.
787 1483 800 1508 8
821 1478 849 1504 dc
863 1480 1021 1514 Aegypm's,
1040 1479 1130 1504 Genus
1148 1491 1176 1517 35

79 1515 223 1544 hominum
238 1514 472 1548 seditiofiffimum,
487 1515 669 1547 vanissimum,
686 1514 920 1541 iniuriofiffimuni.

118 1559 128 1578 1
139 1557 179 1578 Ni
190 1558 210 1578 V
219 1558 256 1578 RI
266 1558 285 1578 ο
294 1558 306 1577 s
315 1558 341 1577 E.
376 1551 444 1576 Adu.
481 1549 642 1586 [ὗέριςικῶς]
677 1550 734 1576 Cic.
747 1550 780 1576 ad
793 1550 865 1576 Brut.
880 1559 903 1581 13
925 1549 980 1582 Qii
993 1549 1010 1575 fi
1026 1548 1129 1583 eripue-

76 1587 120 1620 ‘rit
133 1587 158 1613 se
174 1586 252 1613 nobis
272 1585 362 1620 (quod
375 1585 459 1612 velim
474 1592 574 1612 temere
591 1591 670 1620 atque
683 1586 815 1612 iniuriose
832 1584 864 1610 de
877 1585 927 1611 illo
948 1585 1068 1619 suspicati
1082 1584 1130 1610 lint

78 1622 224 1654 homines)
244 1630 295 1648 oro
307 1627 396 1656 atque,
416 1628 461 1647 etc.
498 1621 566 1650 Adai.
582 1620 658 1647 Idem
669 1620 701 1647 ad
714 1623 752 1655 Q
763 1621 846 1647 Fratr.
860 1629 880 1652 1,
893 1629 913 1652 i,
926 1628 951 1654 7.
988 1621 1045 1646 Val.
1059 1621 1129 1646 Max.

81 1693 205 1720 stratibus
218 1692 282 1719 licet
295 1691 398 1727 aliquid
411 1692 542 1719 iniuriose
554 1693 649 1719 facere.
727 1692 839 1727 Compar.
859 1692 915 1718 Cic.
930 1700 978 1725 pro
994 1692 1023 1717 L.
1035 1691 1129 1717 Manil.

81 1737 106 1756 ιι
126 1737 148 1755 c.
162 1736 175 1761 ς
197 1728 312 1754 Maiores
326 1728 406 1754 vestri
425 1729 498 1762 saepe
510 1727 703 1755 mercatoribus
724 1736 754 1754 ac
768 1726 995 1753 nauiculatoribus
1014 1723 1130 1752 iniufio-

80 1764 132 1792 sius
145 1764 261 1790 tractatis
277 1763 346 1790 bella
361 1764 496 1797 gesserunt.
590 1764 686 1799 Superl.
723 1762 860 1797 Augustin.
873 1762 1011 1797 oetogint.
1022 1761 1129 1796 Quacst.

80 1805 113 1830 82
137 1798 332 1826 Iniuriofiffime
345 1799 503 1833 cogitantur.

117 1841 127 1860 1
138 1841 160 1860 N
170 1841 179 1859 1
191 1841 211 1859 V
220 1841 240 1860 R
250 1841 270 1859 V
280 1841 293 1861 s
319 1843 352 1859 an
371 1834 488 1860 dixerunt
510 1836 625 1868 antiqui,
644 1839 674 1858 vt
687 1832 810 1859 Periurus
824 1833 834 1858 ἓ
869 1831 951 1857 Plaut.
959 1831 1028 1856 Pers.
1041 1839 1065 1861 3,
1078 1837 1128 1862 3‚4
1141 1845 1176 1871 45

47 1882 54 1885 e
77 1871 146 1896 inter
157 1872 269 1895 conuicia
282 1870 364 1894 lenoni
377 1867 448 1894 dista
461 1867 494 1901 ist
508 1869 597 1894 iniure
610 1871 638 1892 in
651 1867 762 1893 omnibur
771 1866 846 1892 MSS.
883 1864 1042 1901 significabit
1054 1865 1130 1890 homi-

79 1913 133 1930 mm
146 1904 278 1930 iniurium
291 1906 319 1929 in
331 1904 410 1934 alios,
426 1904 467 1929 vel
478 1906 574 1938 quicum
591 1902 659 1928 nulla
674 1900 711 1936 gs}
723 1901 835 1936 fhcietas
853 1903 918 1927 iuris
928 1919 936 1932 ‚
954 1909 1009 1926 cum
1026 1899 1078 1935 'Pfi'
1090 1898 1129 1933 fit

766 1939 771 1947 .

69 1939 127 1974 fine
143 1942 204 1967 iure.

116 1981 127 2000 Ι
137 1982 159 2000 Ν
168 1981 178 2000 1
187 1981 208 2001 v
217 1981 229 2001 s
239 1981 252 2001 s
261 1980 281 1999 V
291 1981 304 2000 s
312 1993 320 2004 ,
337 1972 376 1999 fis.
396 1982 432 1999 m.
460 1971 532 2004 [ἄνευ
545 1972 588 2002 τῆς
599 1971 767 2010 προστάξεως]
786 1970 846 2006 fere
859 1970 1013 1997 inAbIatiuo
1025 1969 1129 2003 vfiaerpa-

77 2016 137 2037 tur:
164 2016 207 2040 vt,
226 2009 323 2035 Ininffu
338 2016 398 2035 meo
412 2008 453 2033 vel
465 2014 526 2033 tuo:
551 2010 570 2032 i.
589 2013 612 2033 te
625 2016 673 2032 non
680 2009 856 2041 praectpiente.

80 2054 102 2078 1,
111 2048 127 2072 '1
152 2045 224 2071 Itane
237 2044 342 2071 tandem
356 2051 467 2070 vxoreiu
482 2042 558 2068 duxit
566 2041 684 2076 Antipho
696 2041 792 2067 iniussu
804 2037 882 2065 meo?
918 2040 975 2066 Cic.
984 2038 1016 2064 de
1023 2037 1125 2064 Senect.

132 2081 264 2116 Vetatque
276 2079 435 2112 Pythagoras
448 2077 543 2104 iniussu
556 2076 736 2110 Imperatoris,
749 2075 777 2101 id
792 2075 827 2101 est
841 2075 901 2107 Dei,
916 2075 948 2100 de
961 2074 1088 2108 praefidio
1102 2079 1128 2100 et

1137 2027 1148 2042 2

62 2115 64 2118 ’
77 2088 190 2142 {itione
203 2116 274 2142 vitae
291 2114 426 2141 decedere.
462 2113 536 2149 Conf.
551 2112 588 2141 Id.
597 2113 680 2139 Tusc.
695 2120 705 2138 i
726 2120 799 2143 c.30.‚
831 2110 891 2137 Liu.
902 2119 924 2142 2,
939 2119 963 2136 12
981 2109 1127 2136 Consulum

78 2151 174 2178 iniussu
190 2157 215 2178 et
229 2151 328 2185 ignaris
341 2149 476 2177 omnibus.

115 2193 317 2217 1Nivssvs‚
338 2195 362 2218 a,
379 2195 434 2212 um.
472 2183 532 2211 Adi.

235 2222 368 2249 Omnibus
387 2221 437 2247 hoc
455 2220 554 2246 vitium
573 2217 794 2246 eft-cantoribus,
813 2216 884 2241 inter
900 2214 999 2239 amicos

234 2258 270 2284 Vt
288 2265 422 2291 nunquam
444 2254 570 2281 inducant
590 2252 708 2279 animum
726 2257 830 2277 cantare
847 2248 950 2282 rogati,

234 2292 322 2319 Iniuffi
339 2299 474 2325 nunquam
494 2288 613 2315 desistant
627 2298 633 2313 τ
725 2286 752 2313 h.
766 2295 786 2311 e.
811 2283 916 2319 Qando
938 2292 986 2310 non
999 2282 1126 2314 iubentur,

77 2337 154 2365 mque
171 2334 302 2365 rogantur.
399 2325 493 2351 Iniuffa
517 2324 650 2349 virescunt
673 2321 808 2356 gramina,
833 2322 853 2345 i.
864 2318 920 2353 stne
941 2320 1008 2344 cultu
1029 2318 1125 2352 Virgil.

78 2366 177 2397 Georg.
192 2374 208 2394 i,
223 2370 258 2395 35.
298 2361 337 2387 Id:
351 2360 402 2387 Ecl.
416 2362 442 2393 6,
456 2367 473 2392 9
498 2359 563 2385 Non
576 2358 670 2385 iniuffa
682 2365 757 2383 cano.

75 2400 169 2427 iniuffa
181 2396 318 2425 discedunt
336 2396 395 2422 Scn.
409 2396 455 2430 Ep.
469 2403 501 2420 ιι.

113 2429 160 2461 IN
178 2441 189 2460 1
202 2441 224 2460 v
237 2441 251 2459 s
266 2439 287 2458 T
302 2439 323 2459 v
338 2439 351 2457 s
367 2451 375 2463 ‚
407 2439 436 2461 a,
463 2438 517 2455 um.
553 2427 658 2454 Adiecit.
695 2424 808 2461 [3531qu
824 2424 942 2461 οἷλιτρᾶς]
979 2425 1050 2452 Iusto
1069 2433 1125 2450 con-

74 2473 192 2498 trarium.
229 2468 299 2494 Ter.
313 2465 425 2500 Adelph.
438 2473 457 2494 i,
471 2473 492 2495 2,
505 2468 530 2493 18
555 2464 674 2490 Homine
689 2462 815 2497 imperito
829 2470 963 2495 uunquam
978 2460 1126 2494 quidquam

76 2506 210 2533 iniustius.
266 2501 393 2532 iniustus,
412 2500 459 2535 qui
472 2499 565 2525 iustam
577 2498 788 2533 magnitudinem
801 2497 917 2523 excedit:
937 2496 1014 2529 Virg.
1026 2496 1123 2528 Georg.

76 2551 107 2574 3,
127 2547 176 2574 347
208 2537 309 2564 Iniuste
332 2536 379 2562 sub
397 2536 464 2562 fasce
483 2535 556 2561 viam
573 2534 636 2561 dum
655 2535 760 2568 carpit:
794 2532 909 2559 Seruius.

74 2581 258 2610 interpretatur
271 2572 382 2599 Iniustas
395 2571 551 2597 inimicitias
569 2571 626 2597 Cic.
639 2579 687 2604 pro
700 2570 797 2603 Milon.
827 2587 834 2594 .
871 2588 879 2594 .
917 2587 923 2593 .
955 2573 1005 2602 per
1017 2566 1124 2600 Magnas

76 2611 243 2639 inimicitias,
264 2616 266 2619 ·
314 2609 399 2633 Amor
417 2606 498 2633 Ouid.
513 2606 579 2633 Fast.
593 2615 619 2640 2,
632 2613 694 2640 779.
764 2603 882 2630 Auribus
896 2602 972 2637 loqui
988 2602 1027 2628 Id.
1041 2601 1121 2635 Epist.

257 2643 361 2670 Bellum
378 2641 459 2669 Ouid.
472 2642 536 2668 Met.
551 2650 579 2675 ς,
598 2650 654 2667 210.
725 2639 858 2674 Quinctil.
872 2638 943 2665 Decl.
957 2647 981 2670 13
1009 2638 1065 2663 Cur
1080 2637 1124 2697 Iin-

1095 2680 1124 2697 us

78 2716 161 2744 Ouid.
175 2715 263 2742 Trist.
278 2722 301 2747 ς,
316 2724 353 2744 io,
367 2722 408 2747 43.
477 2713 532 2739 Lex
554 2711 696 2743 Tibu11.·1‚
710 2718 734 2744 ς,
747 2715 784 2743 58.

227 2751 301 2777 Onus
314 2750 451 2783 imponere
468 2748 525 2775 Cic.
539 2748 568 2774 in
580 2748 654 2774 Orat.
669 2753 705 2778 35.
775 2745 843 2776 Pax)
868 2743 922 2770 vid.
946 2750 1019 2769 PAX.
1076 2743 1126 2768 Re-

610 2780 763 2808 ⁴⁴Sententia
774 2781 812 2808 Id.
825 2780 888 2806 Met.
902 2788 923 2805 ii
932 2800 940 2812 ,
956 2787 1006 2810 172.
1075 2779 1126 2804 Vir

789 2817 855 2844 Non
868 2814 1062 2842 iniustissimuni
1077 2812 1125 2839 du-

76 2761 245 2822 {hiieniebat
262 2785 343 2812 Ouid.
356 2785 421 2811 Met.
434 2792 460 2817 ς,
475 2791 533 2818 277·

77 2822 212 2849 maleficus
225 2819 250 2848 et
262 2821 372 2847 iniustus
387 2819 444 2846 Cic.
456 2819 538 2847 Tusc.
551 2825 573 2852 5,
586 2825 618 2853 57
639 2827 660 2844 c.
673 2825 717 2844 20.

35 2870 39 2875 ¹
78 2859 138 2884 citis
154 2857 255 2885 Aruob.
271 2865 287 2883 2
307 2866 332 2891 p.
348 2863 383 2889 5¹·
745 2880 747 2883 .

116 2901 126 2919 1
137 2901 159 2920 N
172 2900 209 2920 ιν
223 2898 290 2920 sTE
300 2901 313 2918 .·
344 2890 413 2918 Adu.
449 2887 571 2925 [diluas]
607 2890 702 2924 Inique.
738 2887 821 2913 Plaut.
835 2885 925 2913 Pseud.
940 2893 964 2916 2,
978 2894 999 2916 2,
1015 2890 1040 2914 18
1057 2885 1124 2911 Non
1139 2895 1172 2924 75

77 2929 145 2956 soles
158 2929 286 2963 respicere
301 2936 343 2958 te,
363 2935 446 2961 quum
465 2926 534 2952 dicas
552 2924 649 2951 iniuste
670 2924 766 2950 alteri?
826 2922 925 2948 Iniuste
939 2921 1008 2947 fac'ta
1022 2921 1078 2947 Cic.
1093 2920 1124 2946 de

329 2962 403 2989 Idem
417 2962 449 2988 de
463 2961 520 2988 F‘m.
535 2969 560 2994 2,
591 2980 598 2986 .
635 2980 642 2986 .
679 2960 766 2992 Qiam
780 2958 863 2984 multa
876 2966 942 2984 vero
956 2957 1052 2983 iniuste
1067 2955 1125 2982 fieri

77 3001 195 3035 possunt,
216 3007 299 3034 quae,
318 3005 363 3024 etc.
436 2998 531 3033 Superl.
555 2996 688 3031 Sail.1ug.
709 3004 730 3021 c.
746 3001 773 3027 85
784 2994 832 3031 fich
837 2993 888 3029 fin.
960 2992 1126 3019 Iniustissiine

77 3035 273 3069 Tertull.adu.
283 3035 364 3061 Marc.
379 3043 402 3066 4,
413 3040 430 3067 7
451 3039 516 3060 extr.

116 3076 382 3101 1N1VST1T1A,
399 3077 437 3096 ae.

78 3115 100 3139 4
118 3106 178 3132 Tot
191 3114 231 3131 res
244 3111 351 3139 repente
365 3101 590 3135 circmnnailant,
600 3102 670 3129 vnde
682 3102 783 3136 emergi
801 3110 856 3127 non
868 3100 966 3135 potest,
986 3109 1026 3125 vis
1035 3117 1043 3129 ‚
1065 3108 1124 3133 ege-

80 3142 146 3172 stas,
162 3141 306 3171 iniustitia,
329 3140 461 3169 solitudo,
481 3139 601 3165 infamia:
671 3137 746 3164 Idem
760 3137 855 3163 Heaut.
870 3146 888 3167 i,
905 3145 925 3168 ι,
939 3141 969 3166 82.
993 3136 1058 3161 Eum
1072 3144 1122 3168 ego

80 3177 149 3203 eieci
163 3175 225 3201 hinc
237 3176 362 3202 miserum
376 3175 506 3201 iniustitia
519 3183 586 3200 inea.
657 3173 712 3200 Cic.
726 3172 778 3200 Off.
795 3181 816 3205 i,
830 3181 859 3205 41
877 3181 898 3198 c.
913 3180 937 3203 13
960 3171 1062 3197 Totius
1084 3171 1123 3196 in-

23 3205 33 3230 i*
79 3211 197 3238 iustitiae
212 3210 283 3236 nulla
296 3211 433 3245 capitalior
446 3210 496 3241 est,
514 3218 593 3244 quam
612 3217 722 3241 eorum,
741 3208 790 3244 qui
810 3217 870 3235 cum
884 3207 1002 3234 maxime
1016 3206 1123 3239 falliuit,

41 3259 43 3263 ¹
81 3248 111 3275 id
124 3251 219 3281 agunt,
238 3251 268 3272 vt
281 3246 336 3273 viri
349 3247 414 3273 boni
428 3247 476 3273 else
490 3246 639 3273 videantur.
1142 3249 1171 3278 83

327 3307 341 3338 I
391 3309 423 3340 N
471 3309 496 3340 L
578 3306 642 3339 vid.
722 3305 736 3337 I
783 3305 809 3337 L
857 3305 883 3337 L
926 3315 932 3323 ··

74 3348 80 3353 ’
119 3362 130 3381 1
143 3357 352 3381 N1.iC1‘1·A'r
364 3359 424 3386 oR,
444 3355 508 3381 oris.
543 3363 580 3380 m.
616 3352 682 3379 Fest.
702 3354 721 3378 i.
733 3358 817 3378 emtor.

119 3399 130 3417 1
140 3397 162 3416 N
173 3397 189 3416 1,
200 3395 219 3415 o
231 3394 248 3415 c
260 3394 280 3413 A
289 3394 305 3413 B
314 3393 324 3412 1
334 3393 391 3414 Lis
415 3389 470 3417 filia
479 3410 489 3423 ,
515 3390 579 3416 cassa
598 3388 659 3415 dote
673 3387 754 3415 Plaut.
767 3386 855 3414 Aulul.
869 3395 895 3419 2,
907 3394 931 3418 2,
946 3394 984 3413 ιο.
1019 3392 1043 3413 et
1056 3395 1085 3413 ex
1098 3395 1124 3414 eo

36 3413 37 3416 .
81 3427 171 3454 Varro
189 3425 220 3451 L.
232 3424 263 3450 L.
278 3431 308 3456 4,
321 3430 347 3448 2.
394 3443 396 3445 .
1133 3433 1169 3458 90

471 3463 491 3499 Ι(
583 3462 614 3494 N
709 3461 741 3494 N

119 3535 365 3562 JNNAmLIS,
401 3535 588 3564 INNANs,
623 3530 832 3558 vid.1NNO.

120 3576 130 3594 1
142 3574 164 3594 N
176 3573 255 3593 NAR
264 3572 312 3592 RA
322 3571 337 3591 Β
347 3573 356 3591 1
365 3572 381 3590 L
391 3570 400 3589 1
409 3572 438 3598 s,
459 3573 483 3590 e.
520 3566 580 3592 Adi.
614 3566 825 3593 Innarrabilibus
843 3565 922 3593 noe’te
936 3563 1033 3599 dieque
1051 3564 1122 3590 sonis

22 3580 60 3611 x*
82 3603 201 3631 Laecam.
215 3601 247 3627 de
260 3600 405 3631 Phoenice,
424 3609 451 3625 v.
466 3609 500 3634 54
522 3610 551 3626 ex
564 3602 619 3628 MS.
638 3601 703 3636 Vcff.
1138 3605 1171 3632 95

124 3646 134 3664 1
146 3646 167 3665 N
180 3644 202 3663 N
215 3644 256 3664 As
266 3643 282 3663 c
292 3643 354 3667 GR,
378 3639 453 3661 natus
471 3635 542 3667 sum,
566 3637 626 3663 asci.
661 3638 824 3672 [ἐγγίνημαι]
861 3636 939 3663 Simul
950 3635 1028 3670 nasci.
1066 3635 1122 3661 Cic.

29 3672 59 3703 Ἥ
83 3674 136 3701 Off.
153 3683 173 3706 i,
187 3675 223 3705 64
246 3672 293 3711 ¹Sed
309 3670 374 3697 illud
390 3669 513 3710 odiosum
527 3670 573 3702 est,
591 3673 663 3706 quod
676 3674 704 3699 in
718 3673 764 3699 hac
778 3672 892 3699 elatione
906 3676 931 3697 et
943 3670 1125 3704 magnitudine

31 3713 53 3739 .'
84 3710 185 3741 animi,
204 3708 331 3734 facillime
345 3711 489 3740 pertinacia
507 3710 533 3731 et
546 3706 628 3733 nimia
645 3708 773 3743 cupiditas
792 3708 952 3742 principatus
972 3706 1123 3741 innascitur.

85 3745 154 3772 Ter.
168 3744 247 3771 Andr.
262 3752 290 3776 4,
303 3751 322 3774 ι,
337 3750 347 3767 1
368 3742 459 3767 Tanta
473 3740 598 3766 vecordia
611 3743 698 3770 innata
711 3745 836 3778 cuiquam
855 3750 885 3769 vt
898 3742 959 3773 fiet,
976 3748 1021 3767 etc.
1083 3742 1125 3767 In-

85 3824 119 3848 99
143 3817 261 3841 Innatam
276 3814 324 3839 ess'c
337 3812 442 3839 homini
455 3810 624 3845 probitatem.
689 3813 760 3841 Filix
780 3814 880 3842 „vl-enda
900 3812 1044 3839 innascitur
1057 3812 1126 3846 agris

85 3851 154 3877 Hor.
167 3851 250 3877 Serui.
265 3859 284 3882 i,
298 3858 320 3881 3,
336 3856 376 3882 37.

122 3892 197 3911 iNN
209 3891 311 3911 ATvs
324 3906 332 3918 ,
352 3893 382 3915 a,
401 3891 456 3908 um.
492 3881 584 3908 Partic.
618 3881 674 3907 Cic.
694 3880 726 3907 de
744 3883 839 3911 Natur.
855 3885 975 3915 Deor.1‚
993 3891 1031 3916 44
1059 3891 1080 3908 c.
1098 3888 1127 3916 17

67 3922 71 3927 ‘
84 3919 202 3954 intelligi
220 3920 317 3946 necesse
332 3919 368 3945 est
377 3938 383 3947 ,
404 3918 451 3943 csse
465 3917 549 3949 Deos,
568 3916 696 3951 quoniam
709 3916 794 3944 insitas
806 3920 916 3946 illorum
929 3919 972 3945 vel
987 3925 1073 3952 potius
1087 3918 1127 3942 in-

588 3951 665 3979 Idem
676 3951 778 3986 Topic.
789 3955 824 3986 69
843 3955 932 3990 Specie
949 3961 1038 3981 autem
1057 3961 1126 3980 com·
1136 3965 1183 3993 105
1193 3962 1241 3989 ¹79
1263 3963 1286 3980 c.
1299 3958 1342 3987 48.

84 3961 157 3999 natas
170 3949 335 3990 cognitiones
349 3953 484 3981 habemus.

256 1657 384 1692 leianus
399 1657 427 1682 in
440 1657 457 1682 l.
471 1665 518 1683 nec
532 1656 726 1691 magistratibus
746 1657 778 1682 D.
792 1656 823 1682 de
836 1656 945 1682 iniuriis
955 1675 963 1688 ,
979 1656 1036 1682 Nec
1049 1656 1129 1689 inagi-
1139 1672 1176 1697 40

902 2006 972 2030 Ter.
986 2004 1092 2030 Phorm.
1107 2012 1128 2034 2,
1140 2016 1169 2035 '¹0

570 2182 760 2218 [οἶκρόςοικτος]
796 2180 891 2206 Horat.
904 2180 987 2205 Sei-m.
1001 2187 1021 2211 1,
1040 2187 1064 2210 3,
1079 2187 1091 2204 ι
1144 2193 1174 2219 5.

965 2532 1008 2558 Ita
1027 2531 1122 2556 Ascon.
1137 2538 1170 2571 65

473 3068 493 3094 f.
531 3064 653 3100 [οἷδικίοι]
688 3067 825 3101 [niquitas.
861 3065 930 3092 Ter.
945 3063 1054 3104 Adelph.
1066 3073 1086 3095 ς,
1099 3072 1123 3094 2,
1138 3069 1171 3096 80

1231 1165 1241 1183 1
1256 1165 1275 1183 N
1289 1167 1309 1196 N
1319 1157 1341 1184 Ᾰ
1349 1166 1370 1185 Τ
1379 1166 1397 1185 o
1406 1179 1414 1190 ,
1434 1162 1487 1185 are.
1525 1157 1693 1191 [ἒννήχομαι]
1729 1157 1774 1183 Ad
1778 1157 1884 1193 simplex
1892 1159 1965 1186 Nato
1979 1161 2096 1197 adiungat
2108 1166 2160 1189 vim
2170 1164 2242 1200 suam

1196 1195 1354 1229 Praepolnio.
1392 1194 1522 1221 Columcl.
1537 1203 1577 1226 12,
1593 1202 1612 1226 4
1635 1193 1689 1219 Vbi
1707 1202 1760 1219 non
1778 1194 1912 1228 innatent,
1930 1195 1973 1221 sed
1997 1188 2099 1231 senip'cr
2113 1198 2161 1224 {int
2181 1200 2241 1227 iure

1195 1230 1337 1256 submersa.
1373 1229 1438 1255 Plin.
1453 1235 1476 1262 8,
1490 1239 1535 1263 40.
1608 1229 1730 1255 innatare
1745 1229 1774 1255 in
1788 1229 1901 1256 fluuium
1915 1230 1981 1257 Plin.
1995 1237 2017 1262 8,
2026 1241 2072 1265 40.
2119 1250 2120 1253 =
2144 1235 2200 1261 Cic.
2209 1235 2241 1262 de

1196 1265 1259 1292 Nat.
1275 1266 1355 1292 Deor.
1370 1273 1391 1295 2,
1404 1273 1445 1296 ¹23
1466 1275 1486 1293 c.
1500 1271 1532 1300 78
1553 1266 1645 1298 Itaque
1657 1273 1738 1298 quum
1751 1265 1871 1299 pisciculi
1884 1267 1960 1300 parui
1979 1267 2007 1293 in
2026 1268 2152 1295 concham
2166 1269 2243 1296 hian-

1196 1306 1250 1327 tem
1264 1300 1452 1327 innatauerint.
1525 1301 1621 1334 Virgil.
1638 1300 1735 1333 Georg.
1748 1309 1772 1330 2,
1786 1309 1830 1333 451
1856 1301 1969 1328 Necnon
1988 1309 2014 1329 et
2035 1309 2179 1331 torrentem
2194 1315 2242 1333 vn-

1195 1334 1255 1362 dam
1269 1336 1336 1362 leuis
1352 1337 1452 1362 innatat
1464 1336 1545 1362 alnus.
1618 1335 1736 1361 Fluniini
1756 1336 1821 1362 Plin.
1837 1341 1858 1367 8,
1877 1345 1915 1369 23.
1985 1338 2058 1365 Idem
2073 1345 2107 1372 18,
2120 1348 2147 1373 35
2165 1342 2242 1369 Inna-

1195 1378 1251 1398 tans
1269 1372 1343 1406 aquis
1362 1371 1461 1405 pluma.
1517 1371 1556 1398 Sal
1571 1370 1691 1397 fontibus
1706 1370 1865 1405 quibusdam
1882 1372 1982 1399 innatat
2000 1374 2065 1400 Plin.
2078 1384 2112 1408 31,
2122 1385 2143 1408 7.
2198 1378 2243 1404 In-

1195 1413 1265 1434 natat
1280 1412 1365 1434 terrae
1379 1407 1475 1433 fluuius
1491 1406 1564 1433 Idem
1583 1414 1606 1439 ς,
1620 1415 1643 1439 9.
1715 1407 1791 1432 Vnda
1807 1407 1890 1433 dulcis
1902 1408 1973 1434 freto
1990 1409 2091 1437 innatat
2109 1412 2191 1438 Ouid.
2205 1422 2241 1440 ex

1195 1444 1269 1469 Pont.
1282 1452 1310 1476 4,
1325 1452 1362 1474 10,
1376 1446 1415 1475 63.
1511 1442 1624 1469 Laetuca
1643 1441 1743 1468 innatat
1758 1442 1891 1469 stomacho
1912 1444 2005 1471 Horat.
2020 1446 2101 1472 Sei-in.
2115 1455 2142 1478 2,
2153 1456 2182 1480 4,
2201 1455 2242 1481 59.

1194 1480 1342 1505 Innatantes
1356 1477 1520 1504 membranas
1534 1478 1656 1512 impresso
1670 1477 1767 1514 pollice
1779 1477 1910 1504 abducere
1923 1479 2041 1507 Scribon.
2056 1488 2089 1516 37
2108 1482 2140 1508 de
2155 1483 2243 1517 palpe-

1195 1514 1259 1541 bris.
1330 1515 1393 1540 Olei
1411 1514 1493 1540 modo
1509 1514 1609 1540 innatat
1628 1512 1694 1539 I'lin.
1710 1521 1743 1544 ιε,
1758 1522 1795 1543 25.
1851 1515 1920 1540 Hinc
1933 1515 2052 1542 dicuntur
2068 1526 2096 1543 ca
2111 1518 2232 1546 innatare
2250 1537 2253 1540 -

1194 1559 1254 1585 quac
1266 1548 1415 1585 manifesta,
1435 1549 1566 1585 conspicua
1575 1569 1583 1582 ,
1601 1555 1624 1575 et
1636 1551 1664 1574 in
1671 1549 1803 1584 fitperficic
1816 1549 1884 1583 quast
1890 1550 1961 1585 fimt.
1998 1552 2129 1578 Columel.
2142 1563 2170 1586 4,
2186 1563 2212 1587 1,
2225 1539 2245 1590 ’Ξ

1195 1586 1361 1619 Repastinata
1377 1584 1473 1610 hunius
1508 1601 1553 1604 —-
1589 1584 1745 1610 condensata
1764 1584 1889 1617 subsidit,
1909 1594 1938 1611 ac
1955 1587 2029 1613 velut
2043 1588 2190 1615 innatantes
2201 1598 2244 1616 ra-

1195 1621 1265 1647 dices
1282 1621 1381 1647 vitium
1396 1621 1500 1646 summo
1514 1620 1571 1646 solo
1585 1619 1713 1646 destituit.
1821 1620 1952 1652 Quinctil.
1969 1629 1996 1655 7,
2012 1630 2030 1652 i,
2043 1630 2072 1655 45
2104 1624 2167 1656 Illi,
2183 1626 2242 1658 qui-

1195 1657 1245 1683 bus
1280 1672 1325 1676 —
1361 1664 1422 1682 cura
1440 1656 1468 1682 in
1488 1656 1613 1690 proximo
1632 1655 1684 1686 est,
1706 1654 1769 1680 haec
1782 1655 1857 1681 velut
1869 1656 2015 1682 innatantia
2029 1656 2175 1690 videbunt,
2193 1660 2243 1685 ἔπι-

1194 1691 1350 1726 πολοίζοντοι,
1371 1701 1431 1727 quas
1440 1691 1523 1727 facile
1535 1694 1563 1716 in
1575 1691 1657 1717 oculos
1669 1693 1817 1721 incurrunt,
1837 1699 1886 1715 non
1905 1690 2013 1726 demersa
2031 1695 2058 1717 in
2075 1699 2148 1727 puteo
2162 1695 2244 1721 Hera-

1193 1729 1258 1754 cliti.
1315 1728 1357 1753 Ita
1375 1735 1413 1758 10,
1426 1734 1451 1760 7,
1466 1731 1493 1755 28
1519 1727 1641 1752 Innatans
1659 1724 1805 1750 verborum
1823 1724 1946 1750 facilitas.

1230 1769 1240 1787 1
1252 1769 1311 1821 ιῖΝ
1324 1767 1404 1788 ATV
1414 1768 1433 1786 R
1443 1767 1465 1786 Α
1475 1767 1491 1786 L
1501 1768 1510 1786 1
1521 1767 1534 1786 s
1544 1780 1553 1792 ‚
1576 1769 1600 1786 e.
1637 1759 1698 1785 Adi.
1739 1758 1781 1784 Ad
1800 1759 1960 1786 innaturales
1979 1761 2087 1788 transire
2106 1765 2244 1799 amplexus

1193 1797 1262 1823 Saris
1285 1815 1291 1821 .
1306 1804 1332 1828 1,
1349 1804 1376 1827 4.

1192 1866 1210 1892 P
1232 1837 1278 1891 1dN
1292 1836 1314 1854 N
1327 1830 1458 1856 Av‘iGo
1471 1847 1479 1859 ‚
1501 1832 1555 1855 are.
1591 1827 1723 1855 Scelerum
1749 1829 1875 1857 fluffibus
1901 1830 2056 1865 innauigare
2076 1833 2194 1862 Scriban.
2213 1836 2245 1864 in

1212 1874 1242 1891 ro
1264 1873 1317 1899 1g0.

1230 1908 1239 1926 1
1250 1908 1272 1926 N
1283 1907 1305 1926 N
1314 1907 1336 1927 A
1345 1899 1415 1926 viG
1426 1906 1448 1925 A
1459 1905 1482 1925 Ν
1494 1906 1525 1937 s,
1546 1899 1622 1926 antis.
1657 1898 1751 1925 Partic.
1787 1899 1858 1926 Mela
1874 1908 1898 1932 2,
1913 1908 1922 1926 1
1948 1901 2058 1929 Sinistro
2072 1903 2154 1932 latere
2168 1906 2242 1934 inna-

1193 1936 1342 1971 vigantiuin
1362 1935 1485 1969 appetita.

1231 1978 1240 1996 1
1251 1977 1274 1996 N
1284 1978 1306 1996 N
1317 1977 1338 1996 A
1349 1977 1369 1995 v
1380 1977 1388 1994 1
1398 1975 1418 1994 G
1429 1977 1450 1994 A
1459 1975 1474 1995 Β
1483 1970 1493 1994 '1'
1502 1975 1518 1994 L
1528 1976 1537 1994 1
1547 1975 1575 1999 s,
1606 1977 1629 1994 e.
1665 1968 1768 1995 Adiect.
1805 1968 1966 2006 [ἐέηλευςος]
2007 1973 2119 2000 Fluuius
2138 1975 2244 2003 innaui-

1193 2005 1305 2040 gabilis,
1337 2005 1384 2030 Vbi
1402 2007 1459 2039 quis
1478 2006 1600 2038 nauigare
1620 2012 1668 2029 non
1683 2003 1771 2039 potest.
1844 2006 1906 2032 Liu.
1925 2015 1953 2039 ς,
1973 2016 2003 2039 13
2034 2009 2142 2043 Insignis
2160 2020 2244 2039 annus

1194 2041 1282 2067 hieme
1301 2039 1434 2074 gelidarac
1454 2039 1546 2065 niuosa
1566 2039 1635 2071 fuit,
1659 2040 1742 2072 adeo,
1763 2044 1792 2066 vt
1811 2040 1871 2067 viae
1889 2042 2009 2075 clausae,
2035 2044 2149 2071 Tiberis
2168 2046 2244 2075 inna-

1192 2076 1318 2110 vigabilis
1337 2074 1431 2101 fucrit.

1228 2119 1238 2138 1
1249 2119 1270 2137 N
1281 2116 1355 2137 NEC
1366 2117 1439 2150 T.02.
1464 2110 1526 2140 xui,
1552 2106 1632 2140 xuni,
1661 2110 1713 2135 ere.
1748 2110 1859 2144 [ἒνείρω]
1902 2110 2025 2146 Nestum,
2052 2118 2225 2145 cz'reumliaare

1191 2147 1317 2182 colligare.
1364 2144 1461 2178 Virgil.
1477 2146 1540 2170 Aen.
1555 2150 1577 2175 8,
1591 2145 1638 2169 661
1668 2144 1744 2170 Tuin
1767 2145 1848 2172 lae'tca
1869 2148 1937 2174 colla
1971 2149 2045 2176 Auro
2059 2139 2242 2180 innectussniuf

1192 2181 1290 2207 Palmas
1305 2179 1446 2206 amborum
1466 2179 1588 2205 innexuit
1601 2179 1681 2205 armis
1695 2180 1802 2214 paribus
1817 2181 1888 2207 Idem
1904 2184 1968 2210 Aen.
1983 2192 2005 2216 ς,
2023 2193 2075 2218 425.
2131 2174 2242 2216 Brachia·

1192 2216 1264 2242 collo
1283 2216 1344 2241 Stat.
1359 2214 1452 2255 Theb.
1466 2223 1484 2247 4
1510 2214 1543 2239 ad
1557 2214 1607 2248 fin.
1714 2216 1871 2243 Ceruicibus
1892 2218 1993 2245 ιιιῃοθιι
2013 2220 2105 2247 Tacit.
2125 2223 2194 2250 Hist.
2211 2233 2230 2258 4

1192 2253 1238 2284 46,
1252 2261 1273 2283 7.
1345 2250 1422 2277 Colla
1437 2249 1572 2276 inncCtens
1586 2249 1715 2277 ambobus
1730 2251 1833 2278 lacertis
1851 2253 1933 2279 Ouid.
1941 2255 2005 2280 Met.
2022 2263 2054 2287 ii,
2069 2265 2127 2289 240.
2177 2245 2244 2286 Fau:

1192 2295 1233 2312 ces
1251 2287 1348 2321 laqueo
1365 2286 1404 2312 Id.
1418 2287 1483 2312 Met.
1498 2294 1536 2317 ιο,
1551 2291 1600 2317 378.
1674 2285 1767 2313 P-edcui
1786 2287 1901 2313 vinculis
1918 2289 2015 2316 innexa
2028 2291 2150 2319 columba
2164 2295 2242 2329 virg,

1191 2323 1256 2348 Aen.
1271 2331 1292 2354 ς,
1306 2330 1354 2354 511.
1426 2321 1566 2354 Tempora
1579 2321 1655 2347 serti·
1668 2321 1806 2348 innectunt
1822 2323 1903 2348 Ouid.
1912 2324 1998 2351 Trist.
2013 2335 2035 2358 5,
2049 2335 2070 2358 3,
2081 2333 2103 2358 8.
2160 2330 2242 2357 fraus

812 2356 884 2382 Haec
899 2355 992 2380 inlUssfl
1004 2354 1127 2385 veniunt>
1147 2363 1180 2387 60
1191 2358 1287 2384 innexa
1301 2356 1392 2384 clienti
1406 2358 1483 2390 Virg.
1497 2358 1561 2383 Aen.
1575 2357 1601 2388 6,
1616 2358 1675 2388 609.
1690 2363 1693 2366 ’
1729 2358 1853 2383 Morandi
1868 2360 1954 2386 causas
1969 2361 2073 2388 innecte
2085 2362 2159 2390 Idem
2174 2366 2240 2393 Aen,

1192 2403 1222 2426 4,
1235 2402 1269 2433 5¹·
1343 2394 1433 2432 Mqras
1454 2391 1590 2431 iunceiere
1610 2391 1673 2417 Stat.
1686 2391 1778 2418 Theb.
1792 2401 1815 2425 ς,
1835 2401 1894 2428 743.
1967 2396 2057 2424 Tacit.
2071 2399 2139 2426 Anu.
2156 2403 2173 2427 6
2207 2404 2241 2434 36

1193 2431 1265 2462 Qua
1278 2429 1418 2459 Hyrcanis,
1439 2427 1641 2460 Carmaniisque
1655 2427 1703 2453 Per
1716 2426 1869 2455 affinitatem
1885 2431 1996 2458 innexus
2009 2440 2073 2459 erat.
2180 2420 2188 2434 7

1225 2470 1267 2489 ΙΝ
1279 2471 1299 2488 N
1311 2470 1384 2489 ERV
1394 2469 1402 2487 1
1413 2469 1443 2494 s,
1463 2472 1488 2488 e.
1525 2461 1586 2488 Adi.
1623 2463 1744 2489 Inueruis
1757 2465 1861 2490 animus
1874 2465 1964 2492 Sidon.
1978 2468 2023 2501 Ep.
2038 2477 2057 2499 i,
2074 2471 2099 2495 6.
2115 2473 2134 2496 i.
2150 2473 2241 2504 mollis,

1186 2499 1284 2526 viribus
1299 2496 1444 2531 destitutus,
1464 2504 1493 2523 vt
1511 2498 1625 2524 eneruis.

1225 2541 1270 2560 iN
1284 2541 1304 2559 Ν
1318 2540 1435 2574 Ε-Χνς,
1460 2532 1498 2559 us.
1536 2541 1571 2559 m.
1608 2533 1686 2567 Apul.
1700 2534 1764 2561 Met.
1784 2543 1800 2560 2
1826 2544 1853 2570 p.
1874 2543 1911 2569 [ις
1935 2538 2037 2565 Innexu
2059 2542 2239 2574 gei-inanitatis

1188 2578 1241 2597 vna
1257 2569 1412 2596 coaluimus.

1225 2611 1235 2630 1
1246 2611 1268 2630 N
1278 2609 1300 2629 N
1312 2611 1321 2630 1
1332 2611 1350 2630 D
1360 2611 1370 2629 1
1381 2611 1415 2630 ΡΙ
1425 2609 1441 2630 C
1451 2610 1487 2636 o,
1506 2607 1559 2638 are.
1595 2603 1781 2631 Iunidificatur
1799 2605 1864 2633 nido
1884 2607 1949 2642 lapis
1970 2609 2062 2636 a'e'titcs
2081 2610 2147 2638 Plin.
2162 2621 2190 2639 io
2218 2622 2228 2629 ¹·

1188 2641 1223 2667 al.
1238 2639 1431 2666 inaedificatur.
1479 2639 1537 2665 Vid.
1553 2640 1655 2675 Salmas.
1669 2640 1702 2665 ad
1714 2640 1797 2667 Solin.
1816 2651 1841 2676 p.
1856 2648 1908 2677 178.
2191 2632 2200 2645 '
2215 2632 2237 2646 ³·

1227 2683 1236 2702 1
1248 2682 1271 2702 N
1284 2682 1306 2701 N
1318 2677 1330 2702 i
1340 2682 1361 2701 T
1373 2681 1392 2701 0
1403 2682 1422 2701 R
1431 2694 1439 2705 ,
1457 2675 1498 2701 iti.
1535 2673 1629 2715 [ifsld‘w
1638 2695 1645 2707 ,
1662 2674 1788 2715 ἐπερείδω]
1825 2677 1963 2710 Inhaerere,
1977 2681 2120 2708 incumbere.
2161 2684 2238 2710 Varie

1192 2747 1197 2752 -
1240 2748 1245 2752 Ι
1409 2712 1526 2751 Doti-mog
1556 2710 1689 2750 Qiinfiil.
1703 2714 1727 2743 6,
1740 2721 1751 2738 2
1777 2714 1875 2739 Omnia
1894 2724 1970 2742 curae
1988 2718 2139 2752 tutelaeque
2158 2720 2237 2746 vuius

1189 2756 1291 2774 innixa.
1358 2746 1455 2774 Baculo
1470 2752 1585 2772 innitens
1598 2746 1680 2777 Ouid.
1689 2747 1754 2773 Met.
1766 2756 1804 2780 14,
1816 2752 1870 2781 655.
1941 2751 2041 2779 Cubico
2054 2753 2146 2781 innixa
2159 2755 2237 2781 vig-ff,

1191 2783 1255 2809 Aen.
1271 2794 1298 2817 4,
1313 2785 1374 2816 690.
1443 2782 1541 2808 Arator
1555 2782 1660 2815 innixus
1675 2782 1755 2810 stiuae
1774 2784 1856 2810 Ouid.
1870 2786 1935 2813 Met.
1950 2792 1973 2819 8,
1986 2793 2039 2818 218.
2128 2776 2237 2817 Frafiiave

1190 2818 1317 2845 innititur
1331 2818 1415 2844 hastae
1429 2818 1489 2844 Stat.
1502 2817 1594 2844 Theb.
1611 2826 1644 2847 12,
1661 2826 1719 2852 144.
1813 2820 1904 2847 Tacit.
1919 2823 1986 2848 Ami.
2001 2832 2029 2855 3,
2049 2832 2079 2855 30
2089 2844 2097 2856 ‚
2111 2826 2128 2851 6
2152 2825 2239 2860 Igitur

1190 2854 1322 2881 incolumi
1334 2855 1485 2880 Mecaenate
1505 2854 1659 2888 proximus,
1681 2863 1743 2880 mox
1758 2856 1927 2890 praecipuus,
1947 2859 1989 2884 cui
2004 2859 2104 2886 Secreta
2126 2861 2239 2895 impera-

1190 2896 1281 2917 torum
1300 2890 1485 2916 inniterentur.
1578 2889 1696 2916 Ablatz'uo
1711 2901 1719 2915 :
1754 2891 1809 2917 Cic.
1823 2892 1902 2918 Acad.
1919 2902 1952 2926 4,
1973 2899 2004 2926 89
2040 2909 2085 2914 -
2119 2897 2238 2923 Intendit

1191 2926 1302 2952 crinitus
1315 2925 1412 2960 Apollo
1449 2925 1545 2951 Arcum
1560 2931 1681 2951 auratum
1697 2925 1758 2952 luna
1771 2926 1887 2954 innixus.
1917 2938 1945 2955 cx
1958 2931 2041 2956 Poeta.
2112 2931 2183 2958 Salus
2196 2932 2237 2958 in-

1191 2961 1346 2987 columitate
1364 2961 1420 2986 eius
1436 2961 1561 2987 inuititur
1573 2961 1663 2987 Tacit.
1679 2961 1746 2988 Ann.
1760 2970 1793 2993 ις,
1805 2965 1848 2994 60,
1861 2973 1888 2996 4.
1960 2965 2019 2991 Liu.
2033 2975 2061 2999 4,
2076 2974 2103 2998 19
2129 2967 2160 2993 Et
2181 2967 2238 3002 ipsa

1190 2996 1265 3037 has-ta·
1277 2997 1383 3023 innixus
1399 2997 1424 3022 se
1439 2997 1468 3022 in
1481 2996 1557 3030 pedes
1571 2996 1679 3030 excipit.
1751 2999 1807 3024 Hac
1827 3005 1882 3025 arte
1899 2999 2006 3027 innixus
2019 3002 2146 3028 Hercules
2164 3012 2238 3030 arces

1190 3038 1279 3067 tetigit
1295 3033 1382 3067 igneas
1401 3033 1495 3058 Horat.
1510 3032 1597 3072 Carni.
1610 3040 1632 3064 3,
1653 3042 1672 3063 3,
1691 3041 1728 3059 10.
1798 3035 1919 3061 Humero
1939 3035 2029 3062 dextro
2050 3037 2156 3063 innixus
2174 3040 2237 3065 Pro-

1191 3075 1257 3102 pert.
1273 3077 1292 3108 ι,
1306 3077 1344 3098 20,
1359 3076 1405 3100 44.
1496 3068 1552 3094 Cic.
1575 3067 1606 3094 de
1622 3069 1713 3102 Arusp.
1728 3068 1803 3102 Resp.
1816 3072 1851 3095 66
1874 3079 1895 3096 c.
1908 3078 1942 3105 27
1969 3072 2072 3105 Etenim
2094 3073 2140 3098 vix
2160 3073 2236 3106 haee,

1191 3103 1209 3129 fi
1223 3104 1340 3138 vndique
1353 3103 1507 3135 fulciamus,
1529 3103 1581 3129 iani
1600 3103 1744 3135 labefacta,
1767 3104 1812 3129 vix
1832 3105 1941 3139 inquam
1958 3106 2048 3132 innixa
2065 3106 2093 3133 iii
2113 3109 2235 3138 omnium

1189 3139 1309 3166 nostrum
1322 3139 1440 3166 humeris
1452 3138 1641 3165 cohaerebunt.
1711 3139 1820 3165 Innixus
1833 3140 1861 3165 in
1875 3141 1989 3175 aliquem
2002 3142 2068 3168 Plin.
2083 3150 2109 3177 7,
2121 3151 2156 3175 53.

1226 3181 1236 3200 1
1249 3182 1271 3201 N
1284 3181 1308 3201 Ν
1318 3182 1355 3207 O,
1379 3179 1430 3201 are.
1466 3175 1569 3209 [ἒννὲω]
1611 3176 1644 3201 Vt
1658 3175 1768 3207 innato,
1786 3184 1810 3200 υ.
1826 3185 1850 3201 υ.
1888 3176 1945 3202 Cic.
1960 3177 1991 3203 de
2006 3178 2100 3204 Natur.
2117 3179 2196 3205 Deor.
2211 3188 2236 3213 2,

1189 3219 1237 3251 ¹00.
1271 3212 1346 3244 Quot
1365 3219 1481 3244 genera,
1502 3219 1634 3245 quamque
1653 3210 1766 3243 disparia
1784 3211 1880 3244 partim
1905 3211 2112 3245 submersarum,
2136 3214 2235 3248 partim

1190 3246 1353 3272 fluitantium
1368 3251 1394 3272 et
1406 3246 1555 3272 innantium
1569 3246 1715 3271 beluarum.
1785 3246 1845 3272 Liu.
1865 3256 1899 3278 ει,
1912 3251 1947 3274 26
1971 3248 2065 3279 Nihil,
2085 3248 2234 3276 dummodo

1189 3281 1283 3309 innare
1295 3291 1378 3316 aquae
1393 3288 1418 3307 et
1431 3290 1524 3315 capere
1537 3290 1618 3307 onera
1629 3281 1744 3314 possent,
1761 3287 1888 3309 curantes.
1960 3284 2069 3310 Fluuios
2082 3285 2173 3312 innare
2192 3294 2234 3312 ra-

1188 3326 1264 3354 paces
1277 3318 1373 3352 Virgil.
1388 3318 1485 3350 Georg.
1502 3326 1526 3348 3,
1546 3324 1601 3348 ¹42·
1689 3315 1775 3342 Classis
1792 3317 1866 3344 innat
1883 3327 1956 3345 mare
1976 3319 2034 3349 Seu.
2048 3320 2160 3352 Thyest.
2180 3321 2234 3353 [3.

1188 3356 1234 3372 —'
1269 3354 1340 3380 Mari
1359 3354 1427 3379 Tac.
1440 3353 1507 3378 Anu.
1521 3360 1539 3383 ι,
1560 3359 1604 3385 70.

1226 3396 1236 3414 i
1247 3395 1270 3414 N
1283 3395 1306 3414 N
1317 3396 1339 3415 A
1348 3396 1369 3414 Ν
1379 3396 1407 3420 s,
1428 3388 1503 3413 antis.
1540 3388 1606 3413 Part.
1643 3386 1755 3421 [ἐπέων]
1791 3389 1858 3415 Hor.
1871 3389 1961 3416 Carin.
1974 3398 1997 3422 Β,
2012 3397 2050 3424 [7,
2060 3397 2077 3425 7
2097 3391 2128 3418 Et
2141 3392 2234 3419 innan-

1189 3429 1243 3452 tem
1256 3425 1372 3451 Maricae
1406 3422 1544 3449 Litoribus
1559 3422 1669 3448 tenuiss'e
1683 3423 1779 3448 Lirim.

1226 3466 1236 3485 1
1248 3466 1271 3485 N
1282 3461 1421 3486 NAB'i'LI
1432 3465 1444 3484 s
1457 3479 1465 3491 ‚
1495 3467 1517 3483 e.
1556 3457 1617 3483 Adi.
1658 3457 1705 3483 Vbi
1724 3460 1797 3490 uari,
1820 3462 1921 3491 natat-i,
1943 3463 2062 3496 nauigari
2079 3471 2126 3488 non
2143 3460 2233 3498 potest.

1189 3494 1271 3522 Ouid.
1283 3496 1348 3522 Met.
1363 3503 1383 3526 ι,
1398 3496 1426 3520 16
1450 3493 1491 3519 Sic
1506 3499 1561 3519 erat
1581 3492 1710 3519 instabilis
1727 3493 1818 3524 tellus,
1838 3494 1966 3521 innabilis
1979 3495 2056 3523 vnda.
2112 3499 2144 3524 Et
2158 3498 2235 3533 Virg.

1189 3531 1255 3557 Aen.
1269 3532 1295 3563 6,
1311 3535 1353 3562 438
1377 3528 1519 3563 Tristique
1531 3528 1603 3562 palus
1619 3527 1744 3554 innabilis
1759 3528 1836 3555 vnda.
1891 3531 1932 3557 Sic
1945 3534 2019 3558 etiam
2032 3532 2106 3560 MSS.
2125 3534 2234 3569 quidam.

1187 3566 1295 3593 Seruius
1317 3568 1409 3600 aliique
1427 3564 1589 3594 Inamabilis.

1225 3609 1235 3627 1
1245 3608 1268 3627 N
1281 3608 1303 3627 N
1314 3608 1333 3628 o
1343 3607 1375 3627 BI
1385 3608 1401 3626 L
1410 3607 1419 3625 1
1429 3607 1480 3626 TA
1492 3606 1514 3626 ‘r
1526 3607 1546 3625 v
1556 3607 1568 3626 s
1579 3619 1588 3631 ‚
1607 3608 1636 3631 a,
1662 3609 1716 3625 um.
1753 3599 1814 3625 Adi.
1851 3601 1927 3634 Qiae
1947 3601 2107 3630 nobilitatos
2122 3605 2234 3631 maritos

1189 3635 1353 3668 habuerant,
1375 3645 1408 3662 iie
1427 3635 1612 3661 innobilitatae
1633 3640 1797 3661 remanerent
1815 3636 1950 3670 Lamprid.
1967 3638 2074 3673 Heliog.
2096 3649 2117 3666 c.
2131 3648 2159 3666 Δ.
2194 3641 2233 3666 De

1189 3673 1314 3707 consulari
1322 3673 1453 3708 speciatim
1471 3671 1596 3707 dignitate
1609 3669 1692 3704 sermo
1705 3668 1746 3702 est.
2140 3666 2145 3672 ”

1227 3714 1236 3733 ι
1248 3714 1270 3733 Ν
1282 3714 1305 3738 Ν
1317 3708 1336 3735 ὁ
1346 3714 1362 3733 c
1372 3714 1388 3733 E
1397 3713 1419 3732 Ν
1430 3714 1442 3732 s
1452 3727 1460 3740 ‚
1487 3707 1563 3732 entis.
1600 3705 1659 3731 Adi.
1698 3705 1809 3738 [33:0ss
1829 3704 1936 3742 ἄκακος]

1973 3709 2027 3737 Cic.
2041 3709 2151 3735 Tuscul.
2165 3716 2189 3740 ς,
2201 3716 2233 3741 4ι

1190 3743 1319 3769 Innocens
1333 3743 1431 3769 dicitur
1451 3750 1506 3767 non
1526 3741 1573 3775 qui
1586 3740 1681 3766 leuiter
1694 3747 1782 3773 nocet,
1808 3741 1850 3767 sed
1865 3743 1910 3777 qui
1924 3743 1992 3770 nihil
2008 3751 2091 3771 nocet.

2163 3744 2233 3769 Ter.

914 3778 969 3803 Cic.
984 3776 1015 3803 de
1030 3777 1087 3803 Fiu.
1102 3785 1125 3807 2,
1135 3789 1182 3807 100
1192 3777 1303 3812 Adelph.
1314 3780 1343 3811 ἰ,
1358 3787 1379 3809 1,
1396 3786 1404 3803 i
1429 3776 1546 3803 Obsecro
1562 3775 1699 3810 populares
1712 3777 1780 3802 ferte
1794 3777 1891 3804 misero
1911 3785 1990 3814 atque
2004 3778 2138 3805 innocenti
2157 3778 2233 3804 auxi-

1191 3813 1268 3839 lium.
1364 3813 1419 3838 Cic.
1435 3821 1483 3846 pro
1496 3812 1570 3837 Rosc-
1585 3813 1671 3837 Amer—
1688 3814 1717 3840 56
1740 3813 1868 3839 Innocens
1887 3814 1904 3840 fi
1920 3815 2047 3840 accusatus
2060 3813 2108 3844 fit,
2128 3813 2232 3839 absolui

1192 3848 1292 3882 potest:
1315 3857 1410 3874 nocens
1425 3847 1472 3873 nifi
1490 3847 1619 3872 accusatus
1633 3846 1732 3879 fuerit,
1745 3848 1915 3876 condemnari
1927 3858 1979 3875 non
1992 3848 2082 3881 potest.
2153 3850 2232 3874 Inno-

1192 3891 1268 3914 cens,
1286 3883 1403 3917 integer,
1418 3883 1557 3916 religiosus
1575 3882 1619 3908 vir
1638 3881 1712 3908 Idem
1728 3884 1805 3910 Verr.
1819 3894 1852 3917 4,
1872 3892 1898 3918 7.
1967 3884 2040 3908 Pater
2059 3882 2233 3909 innocentissi-

1192 3927 1250 3945 mus
1265 3918 1320 3944 Cic.
1334 3920 1410 3946 Verr.
1426 3927 1444 3950 4
1463 3927 1484 3942 c.
1498 3926 1532 3949 33.
1604 3917 1653 3944 Vir
1667 3917 1752 3944 bonus
1769 3925 1795 3945 et
1808 3920 1933 3945 innocens
1947 3917 2019 3943 Idem
2033 3917 2065 3943 de
2078 3918 2232 3946 Clar.Oi·at.

1413 3952 1514 4014 Mul-{er
1533 3953 1628 3980 Horat.
1641 3953 1728 3981 Carm.
1743 3962 1767 3986 3,
1783 3963 1826 3988 24,
1841 3959 1876 3985 18.
1946 3953 2040 3979 Seruus
2059 3952 2232 3981 innocentiffi-

1422 3995 1440 4023 7
1515 3996 1533 4015 2.
2174 3996 2233 4016 mus
