2479 4225
746 227 764 252 θ

52 302 121 334 quae
128 301 180 320 non
192 294 251 319 sane
264 293 409 327 probantur
424 294 452 320 in
464 293 569 328 vulgus:
589 300 614 321 et
629 295 656 321 in
669 304 699 322 ea
714 295 749 321 est
765 294 878 326 haeresi,
897 303 963 328 quae
976 296 1080 321 nullum

5 361 9 367 ²
51 331 166 364 sequitur
177 328 270 368 florem
285 330 422 355 orationis.
459 330 583 356 Haereses
595 330 674 357 <licere
684 331 741 358 licet
750 331 863 356 Habitus
876 330 1041 361 animorum,
1055 337 1079 356 et

6 371 9 380 “
51 365 165 393 instituta
176 363 359 403 Philosophiae
380 366 448 391 circa
466 365 647 398 disciplinam,
668 372 697 392 ut
716 365 744 391 dc
763 365 834 392 Sedu
854 365 960 390 Seruius
974 368 1000 391 in
1014 367 1078 392 Aen.

51 409 90 434 ιο,
103 406 157 433 107.
192 399 309 439 Cic.Att.
326 408 364 433 ¹4⁷
380 408 404 433 1,·
424 401 462 426 De
477 399 573 426 haereti
582 401 733 432 Vestorina,
753 407 778 427 et
791 400 821 426 de
830 399 988 426 Pherionum
1004 410 1079 427 more

50 434 189 463 Puteolano
202 433 280 460 rtfifl'e
291 444 333 461 me
346 436 406 462 satis
415 456 423 468 ‚
443 435 511 462 nihil
526 436 561 461 est
574 437 671 462 necess‘e
682 435 832 464 rescribere.
875 435 947 461 Idem
961 437 1030 462 Fam.
1047 445 1079 469 ις,

52 473 81 498 16
97 469 338 505 Postulabimusque
351 480 382 497 ex
397 480 448 505 qua
462 471 558 497 haere-li
575 471 602 497 vi
619 470 771 497 hominibus
785 471 890 496 armatis
909 470 1024 497 deiectus
1039 473 1078 505 lis,

49 506 78 533 in
89 504 301 572 eafmlregiituare.
373 507 429 540 Qi
441 506 601 541 Pythagorae
619 506 734 534 haerelin
746 505 853 532 suerunt
874 506 954 532 secuti
972 508 1077 534 Viti-uu.

47 549 108 576 prae
122 559 129 566 .
158 559 164 565 .
199 560 205 566 .

20 614 23 638 ἰ
47 620 69 638 e.
84 618 117 643 ις.
152 610 241 637 Sidon.
254 612 332 646 Epist.
347 615 373 644 6,
386 621 418 639 ιε.
432 618 456 639 ct
467 620 494 646 7,
507 614 532 638 6.
569 612 646 638 Vinc.
660 610 745 638 Lirin.
759 610 910 638 Monitorio
929 621 948 645 i,
961 621 994 646 34
1005 620 1028 640 et
1039 622 1076 647 35.

3 674 6 678 ,
19 654 23 670 ε
36 645 115 674 ·Salu.
128 645 160 672 de
172 646 240 673 Gub.
255 647 273 673 l.
287 655 309 679 5.

17 699 22 719 .
81 688 284 709 HAERETlc
295 689 316 707 v
327 691 355 715 s,
376 692 408 715 a,
427 691 481 710 um.
518 682 614 708 Arator
624 680 653 707 in
664 680 722 708 Aet.
737 689 759 709 c.
772 689 809 714 ¹9·

19 728 45 747 ·,
80 723 130 742 HA
141 723 319 745 rnrmcr.
356 718 424 745 Adu.
464 717 575 744 Hieron.
614 735 621 742 .

12 800 21 819 t.
45 784 78 812 de
90 787 200 821 Ingratis
215 796 235 813 c.
250 797 266 820 9
278 796 318 824 pr.
343 789 430 815 Sidon.
444 787 522 821 Epist.
536 794 562 821 7,
574 789 599 812 6.

78 828 275 856 ΗΑΕειΤο,
297 828 349 852 are.
389 824 641 852 Vid.uA1;REo.

430 886 463 917 H
559 887 585 916 A
683 885 713 916 G
756 907 759 909 -

81 934 105 956 Η
113 935 134 957 A
144 936 165 957 G
174 936 184 957 1
194 938 214 958 ο
223 938 245 958 G
253 939 271 958 R
280 937 301 958 A
310 939 325 959 1>
335 939 354 959 Η
363 938 383 958 ν
391 939 404 958 s
412 951 421 964 ,
439 931 552 966 scriptor
557 930 640 967 fizeer.
664 931 777 957 Hieron.
787 928 864 964 Epist.
881 937 901 962 ι,
916 938 949 957 12.

80 972 102 991 H
109 972 130 992 A
139 972 159 993 G
170 974 180 992 1
189 973 208 994 0
217 974 237 994 G
247 974 266 994 R
274 975 296 993 A
305 975 319 994 Ρ
328 974 348 993 Η
357 975 378 994 A
385 986 392 998 ‚
406 975 491 994 orum.
508 975 533 992 n.
568 968 668 1003 Scripta
677 966 754 1002 Jizcra
760 984 769 997 ,
777 963 833 1000 post
840 966 926 1001 Legem
941 972 964 992 et
970 967 1074 1002 Prophe—

41 1005 92 1026 tas.
133 1001 192 1028 Vid.
211 1003 323 1039 Hieron.
337 1002 414 1037 Epist.
431 1005 477 1028 106
489 1009 512 1028 et
527 1011 578 1028 110.

79 1042 130 1061 HA
141 1042 200 1064 HA.
236 1038 271 1071 [οἱ
289 1038 326 1071 οἱ]
362 1037 513 1064 InterieH'io.
549 1039 606 1065 Sen.
622 1036 683 1063 Nat.
697 1035 800 1069 Qiaest.
809 1044 837 1068 4,
849 1044 871 1067 13
898 1037 938 1063 Ha
954 1037 985 1063 ha
1000 1038 1074 1065 iubes

40 1114 80 1132 7110
99 1107 241 1143 vulgatum,
253 1116 270 1135 a
275 1108 305 1145 fi’
318 1112 439 1135 contemni
452 1115 527 1145 negat
540 1109 669 1135 Gruterus.

420 1170 453 1201 H
547 1169 576 1200 A
670 1168 695 1199 L

76 1219 201 1247 HALA,
234 1214 288 1242 vid.
324 1222 474 1244 AHALA.

0 1255 1 1262 ¹
44 1259 54 1265 —1
77 1252 342 1283 HALAGORAs‚
360 1250 426 1286 quast
444 1248 491 1276 δὶλς
509 1249 613 1284 olympiis,
633 1255 664 1275 vt
681 1247 760 1276 edidit
773 1249 850 1276 Gron.
869 1251 933 1286 quod
947 1250 1013 1288 signi
1032 1259 1073 1279 cat

14 1336 18 1340 -
38 1315 119 1344 &ione
131 1318 243 1352 conflat,
261 1331 304 1348 nec
316 1321 345 1348 de
355 1321 547 1358 significatione.

49 1359 275 1395 ·=H⁴.⁴LCY9N’
300 1363 522 1396 ⁶³.A¹.⁴CY⁰N.’
546 1356 614 1382 onis.
644 1364 666 1382 c.
701 1354 848 1390 [Ἃλκύων]
882 1358 970 1390 Ceyx,
989 1361 1072 1394 inquit

74 1418 76 1420 v
103 1396 159 1420 111⁵,
184 1389 254 1416 filius
275 1391 409 1424 Luciferi,
434 1390 528 1418 habuit
545 1400 658 1418 vxorem
676 1391 854 1423 Halcyonern:
881 1401 897 1418 a
916 1402 967 1427 qua
989 1403 1071 1428 quum

64 1421 66 1424 ’
88 1422 204 1458 hibitus,
219 1426 274 1452 isset
285 1426 318 1453 ad
330 1427 516 1454 consulendum
529 1426 680 1461 Apollinem
695 1427 726 1452 de
745 1427 810 1453 statu
827 1428 918 1461 regni,
933 1430 1071 1464 naufragio

0 1470 16 1600 ξ
39 1466 157 1531 ἐξὶιίῆιιίτ
170 1496 199 1522 in
212 1497 327 1532 Pelagus.
363 1498 451 1524 Postea
465 1497 634 1524 miseratione
645 1496 772 1523 Thetidis
793 1503 818 1524 et
831 1499 951 1525 Luciferi
964 1509 1073 1527 conuer-

37 1529 57 1558 fi
67 1531 125 1558 sunt
137 1531 216 1559 ambo
235 1533 264 1559 in
277 1541 338 1559 aues
350 1533 480 1564 marinas,
502 1541 567 1567 quae
580 1532 728 1563 Halcyones
740 1539 876 1560 vocantur.
913 1534 978 1561 Sane
991 1536 1071 1562 scien-

0 1578 1 1583 *
36 1565 99 1595 dum
111 1567 148 1594 est
155 1587 164 1599 ,
173 1568 246 1602 quod
261 1576 343 1602 quum
355 1567 386 1593 de
401 1567 513 1594 muliere
525 1567 655 1599 dicimus,
675 1566 738 1593 haec
756 1575 777 1594 Η
786 1575 809 1595 A
817 1576 833 1595 1.
842 1576 859 1595 c
868 1576 886 1595 Υ
895 1567 915 1595 ὀ
924 1577 944 1595 Ν
957 1577 974 1596 Ε
1000 1571 1072 1604 facit,

0 1595 22 1644 i:
35 1610 119 1637 quum
142 1602 174 1629 de
190 1602 300 1634 auibus,
319 1602 362 1629 hic
381 1608 406 1629 et
422 1601 485 1629 haee
503 1603 639 1634 Halcyon,
658 1602 688 1628 hi
707 1608 732 1628 et
749 1602 797 1629 hae
818 1603 971 1636 Halcyc‘mes.
1006 1607 1071 1633 Istae

33 1644 122 1664 autem
136 1646 196 1664 aues
209 1637 286 1664 nidos
300 1637 400 1663 faciunt
418 1638 446 1664 in
460 1638 542 1669 mari,
555 1638 643 1664 media
655 1637 757 1663 hieme:
780 1638 876 1673 quibus
891 1639 982 1667 diebus
1002 1648 1072 1669 tanta
1079 1652 1116 1676 40

33 1673 70 1699 est
89 1672 281 1706 tranquillitas,
297 1679 326 1698 vt
345 1673 413 1699 nihil
430 1673 533 1707 penitus
553 1673 582 1699 in
595 1673 662 1699 mari
681 1672 753 1707 poffit
765 1674 881 1700 moueri.
915 1676 978 1702 Inde
991 1677 1072 1704 etiam

33 1708 90 1735 dies
104 1707 168 1742 ipsi,
190 1708 337 1739 Halcyonia
355 1708 534 1735 nominantur.
570 1709 639 1734 Haec
657 1708 763 1734 Seruius
781 1718 902 1736 enarrans
921 1711 984 1737 illud
997 1713 1072 1747 Virg.

4 1753 19 1778 =‚'
34 1744 132 1777 Georg.
149 1752 166 1773 1,
180 1751 229 1775 399
250 1743 313 1769 Non
324 1744 442 1778 tepidum
456 1744 488 1770 ad
509 1743 591 1770 solem
611 1752 708 1777 pennas
727 1743 756 1769 in
775 1743 855 1771 litore
871 1745 989 1778 pandunt
1024 1748 1071 1772 Di-

15 1795 17 1798 ·
33 1777 118 1803 leelae
136 1777 253 1803 Thetidi
268 1777 415 1810 halcyones.
451 1780 536 1805 Burni.
552 1779 689 1810 Alcyones.
724 1779 849 1804 Caeterum
865 1779 1072 1815 copiififfimefa-

30 1812 111 1838 hulam
123 1818 225 1837 enarrat
244 1813 324 1838 Ouid.
338 1814 402 1838 Met.
415 1821 455 1844 11,
466 1812 552 1847 410sq
572 1831 578 1837 .
615 1811 688 1846 Conf.
703 1811 776 1845 Virg.
790 1813 886 1846 Georg.
905 1821 927 1844 3,
940 1820 990 1844 338.

30 1849 42 1873 i
59 1850 112 1872 itur
130 1846 265 1877 Halcyon,
281 1849 360 1876 Auis,
373 1855 433 1881 quae
445 1853 469 1871 et
479 1848 541 1872 Alce
559 1855 571 1871 ο
585 1846 688 1871 dicitur.
719 1845 778 1871 Vid.
799 1852 845 1872 AL
855 1852 895 1872 (ΣΕ
905 1853 961 1875 ΒΟ.
996 1848 1070 1885 Cous.

30 1882 49 1908 P
59 1887 112 1908 aut.
127 1881 206 1907 Poen.
222 1889 242 1912 1,
257 1889 277 1912 1,
289 1889 341 1914 143.
377 1882 415 1907 De
426 1879 516 1914 bacfic
529 1881 595 1906 Plin.
611 1889 650 1911 10,
662 1888 691 1911 32
705 1880 723 1906 s.
736 1888 773 1914 47
797 1881 835 1907 Eo
851 1881 963 1916 (partus
981 1889 1070 1919 tempo-

29 1917 80 1952 re)
91 1916 205 1943 maxime
219 1915 329 1950 insignes
344 1915 400 1942 sunt
414 1915 572 1948 Halcyones.
608 1916 671 1942 Dies
689 1924 779 1941 earum
798 1922 900 1950 partus,
914 1917 997 1945 maria
1012 1919 1071 1953 qui-

31 1961 82 1988 que
95 1952 236 1986 nauigant,
248 1959 357 1978 nouere.
391 1952 448 1985 Ipsa
465 1951 522 1977 auis
541 1950 630 1985 paullo
648 1950 762 1984 amplior
781 1952 893 1984 passere,
907 1952 996 1979 colore
1011 1963 1069 1985 cya-

33 2023 102 2058 eollo
115 2022 209 2057 gracili
216 2023 250 2049 ‘ac
264 2031 384 2057 procero.
438 2021 559 2048 Alterum
574 2030 652 2055 genus
673 2029 763 2047 earum
782 2022 965 2055 magnitudine
977 2023 1069 2050 distin-

14 2076 17 2085 «
32 2059 121 2096 guitur
132 2065 158 2084 et
171 2063 256 2085 cantu.
293 2057 412 2084 Minores
431 2056 460 2083 in
479 2056 643 2083 arundinetis
655 2062 758 2082 canunt.
795 2057 958 2089 Halcyonem
976 2060 1069 2086 videre

34 2094 184 2125 rariffimum
197 2093 251 2126 est,
270 2102 318 2119 nec
339 2092 388 2119 nifi
401 2092 580 2128 Vergiliarum
597 2092 703 2124 occasu,
720 2097 746 2118 et
764 2092 832 2118 circa
850 2092 981 2126 Solstitia,
1004 2095 1069 2121 Bru-

2 2138 15 2153 -“
37 2126 151 2198 ffiue’
169 2138 237 2156 naue
250 2128 393 2163 aliquando
412 2128 616 2159 circumuolata,
636 2127 722 2153 statim
741 2127 770 2153 in
791 2127 902 2153 latebras
918 2127 1067 2155 abeuntem.

0 2213 7 2237 ς
69 2220 83 2233 ·.
94 2209 151 2233 eos,
169 2207 196 2227 et
207 2199 370 2235 nauigabili,
388 2199 476 2225 Siculo
490 2198 613 2224 maxime.
648 2198 696 2228 (In
708 2196 819 2231 reliquis
831 2197 949 2230 partibus
962 2198 997 2225 est
1010 2199 1068 2233 qui-

3 2254 6 2267 .
37 2210 92 2273 ξι
107 2236 199 2262 mitius
216 2236 337 2270 pelagus,
357 2234 473 2261 Siculum
492 2234 584 2267 vtique
602 2232 753 2259 traetabile:
775 2233 842 2258 Haec
859 2233 955 2269 inclusa
973 2237 1070 2261 omittit

0 2283 6 2306 2
18 2292 20 2303 .=
92 2271 173 2305 lqffizm
191 2280 220 2297 ex
239 2273 339 2306 ingenio
351 2269 495 2300 Harduin.)
514 2268 624 2295 Faciunt
644 2272 731 2293 autem
750 2268 847 2301 septem
866 2274 926 2294 ante
946 2268 1069 2297 brumam

18 2278 72 2336 εἷς
91 2316 120 2333 us
140 2306 233 2339 nidos,
252 2312 278 2332 et
292 2305 402 2332 totidem
422 2303 590 2339 sequentibus
609 2303 722 2343 pariunt.
759 2302 828 2330 Nidi
848 2311 937 2331 earum
956 2305 1069 2333 admira-

2 2346 20 2371 T·
31 2343 129 2371 tionem
141 2341 253 2375 habent,
265 2341 342 2382 'pilae
355 2340 438 2375 figura
452 2339 568 2375 paullum
582 2339 729 2372 eminenti,
748 2347 795 2366 ore
809 2348 936 2374 perquam
949 2341 1068 2377 angusto,
1075 2337 1111 2363 60

3 2379 168 2415 i‘grandium
181 2379 348 2413 spongiarum
362 2375 550 2408 fimilitudine,
570 2376 643 2401 ferro
658 2374 783 2400 intercidi
796 2384 850 2401 non
863 2383 978 2411 queunt,
997 2378 1067 2405 fran-

0 2427 10 2444 »ι
30 2421 179 2451 gunturque
198 2413 254 2440 iem
272 2412 379 2443 valido,
399 2417 428 2437 vt
440 2412 529 2445 spuma
548 2410 620 2437 arida
639 2410 728 2436 maris.
765 2410 823 2436 Nec
836 2409 905 2437 vnde
917 2413 1067 2448 confingan.

29 2456 72 2478 tur
85 2450 234 2477 inuenitur:
255 2453 346 2483 putant
359 2456 390 2472 ex
404 2446 483 2483 spinis
497 2446 635 2473 aculeatis:
655 2444 767 2479 piscibus
780 2446 852 2472 enim
861 2447 965 2475 viuunt.
1002 2449 1067 2475 Sub·

1 2486 91 2523 l'eunt
106 2492 131 2513 et
151 2486 179 2512 in
197 2493 295 2511 amnes.
320 2482 427 2509 Pariunt
446 2489 498 2508 oua
518 2482 608 2516 quina.
644 2480 774 2509 Haecine.
793 2481 862 2519 conf.
875 2482 982 2518 Aristot.
996 2483 1065 2519 Hest.

4 2524 7 2525 ⁷
26 2523 113 2552 Anim.
123 2531 149 2555 5,
162 2527 186 2551 8.
206 2526 230 2545 et
241 2520 340 2545 Aetion.
354 2527 375 2550 1,
388 2521 412 2544 6.
446 2517 511 2544 Plin.
524 2526 550 2550 2,
562 2519 608 2551 46.

64 2563 122 2584 ΗΑι
133 2561 288 2585 CYONEVS,
299 2562 323 2584 a,
337 2562 390 2580 um.
403 2551 464 2580 Adi.
485 2554 498 2587 [
505 2552 647 2587 ἁλκυόνος]
665 2551 794 2580 Laudatur
806 2553 939 2581 Columel.
955 2563 988 2587 11,
1001 2563 1026 2587 2,
1041 2564 1067 2582 21

28 2600 89 2621 vm
100 2590 206 2618 Calend.
216 2589 309 2616 Martii
321 2588 418 2623 sagitta
431 2588 583 2623 crepusculo
596 2588 690 2622 incipit
702 2588 771 2614 oriri
777 2589 882 2620 ‚variae
895 2591 1068 2624 tempestates,

26 2626 175 2660 Halcyonei
189 2625 245 2652 dies
257 2630 393 2651 vorantur.
428 2625 459 2650 in
473 2624 605 2651 Atlantico
618 2623 725 2658 quidem
738 2624 806 2650 mari
820 2625 921 2651 summa
938 2626 1066 2659 tranquil-

27 2664 88 2690 litas
101 2668 190 2689 notata
208 2661 253 2687 est.
288 2660 335 2687 Sed
346 2669 374 2686 ne
387 2660 573 2686 contradicatur
587 2660 684 2689 Plinio,
702 2661 844 2685 notauimus
862 2659 897 2686 ad
907 2660 933 2686 b.
946 2661 965 2686 1.
983 2660 1067 2692 verba,

64 2737 308 2761 HALCYONEV
320 2738 350 2763 s,
369 2739 387 2756 1.
409 2739 446 2756 m.
484 2731 578 2756 Nomen
594 2731 656 2755 viri.
691 2727 773 2755 Ouid.
787 2729 851 2755 Met.
870 2736 894 2762 ς,
913 2736 960 2763 135.

63 2774 253 2796 HALCYON
264 2773 356 2799 IVM,
373 2766 391 2793 i.
415 2774 442 2792 n.
479 2764 639 2799 [ἅλκυόνιον]
675 2764 755 2790 Genus
767 2763 952 2798 medicamenti,
971 2765 1066 2800 Spuma

29 2806 109 2832 maris
121 2803 216 2830 ditium
230 2802 437 2837 Pharmacopolis.
493 2800 558 2827 Plin.
571 2808 609 2832 32,
622 2805 635 2830 8
656 2800 699 2826 Fit
715 2805 741 2826 et
759 2799 788 2825 iu
806 2800 874 2827 mari
893 2800 1066 2834 halcyoneum

31 2840 202 2876 appellatum,
220 2847 252 2865 ex
266 2837 352 2869 nidis,
376 2843 404 2863 vt
417 2836 502 2871 aliqui
514 2836 675 2867 existimant,
688 2834 844 2867 halcyonum
858 2841 884 2863 et
895 2845 1016 2868 ceycum:
1037 2842 1067 2864 vt

31 2912 109 2943 maris
129 2910 261 2944 lanugine.
307 2908 403 2935 Deinde
425 2913 530 2943 quatuor
557 2909 609 2933 eius
630 2915 720 2943 genera
745 2913 856 2934 enarrat.
903 2908 977 2945 Conf,
998 2909 1068 2936 Cels.

31 2949 143 3010 9’,ιιιξςιλῗξ
152 2951 211 3013 ἑεὸ,
230 2979 291 3006 acis.
311 2985 362 3005 tam
386 2978 405 3004 f.
424 2986 495 3014 quam
515 2987 543 3005 n.
579 2976 699 3012 [pcoein'f]
727 2977 816 3013 Piscis,
829 2981 872 3013 qui
878 2978 935 3014 sola
947 2987 1011 3014 aqua
1024 2989 1069 3006 nu-

34 3037 36 3041 «
62 3021 70 3027 ’“
81 3028 120 3050 ur,
132 3018 193 3044 vilis
206 3016 234 3042 ob
246 3014 430 3051 fecunditatem
443 3020 466 3040 et
485 3013 676 3040 multitudinem.
712 3013 827 3040 Martial.
840 3022 874 3046 11,
886 3022 918 3048 27
943 3015 993 3042 Cui
1008 3024 1069 3050 por.

31 3095 117 3124 ⁸'sm-et.
186 3088 253 3114 Cato
272 3086 303 3113 de
316 3087 347 3112 R.
362 3086 393 3112 R.
406 3094 428 3112 c.
443 3091 471 3117 58
496 3084 523 3110 cle
537 3086 714 3120 pulmentariis
725 3083 843 3119 familiae
860 3086 976 3120 loquens,
1013 3086 1070 3113 Vbi

31 3124 106 3152 oleae
126 3124 244 3151 eomesae
265 3127 359 3154 erunt,
384 3121 504 3148 halecem
520 3126 546 3148 et
563 3126 667 3147 acetum
686 3119 756 3146 dato.
792 3122 830 3147 De
847 3121 893 3148 hoc
909 3130 997 3157 genere
1014 3122 1068 3149 vid.

31 3167 56 3188 A
66 3167 84 3186 L
96 3166 112 3186 E
123 3167 151 3186 Χ.

70 3201 92 3220 Η
101 3199 174 3223 ALE
183 3198 201 3220 C
211 3191 233 3220 ὕ
242 3200 259 3218 L
269 3199 291 3219 A
300 3213 309 3227 ‚
325 3201 363 3219 ae.
382 3192 402 3219 f.
427 3192 529 3219 Dimin.
566 3191 694 3226 [μαινῖον]
729 3190 806 3226 Apud
820 3191 951 3218 Columel.
966 3194 992 3223 6,
1005 3198 1030 3225 8,
1044 3201 1069 3220 2.

33 3235 58 3258 et
73 3228 214 3254 Haleculae
224 3228 340 3255 tabentes
352 3233 375 3260 8,
389 3235 427 3263 17,
441 3236 478 3254 12.
524 3226 660 3254 Hallecula
673 3226 763 3253 riualis
780 3226 818 3253 Id.
831 3232 854 3259 8,
869 3235 903 3260 ις,
918 3230 943 3255 6.

71 3268 150 3290 HAL
159 3263 258 3294 ESVS‚
270 3262 288 3288 i.
301 3271 337 3288 m.
353 3264 502 3299 faliscorum
514 3261 702 3298 conditor-fnit.
719 3261 799 3288 Ouid.
808 3263 900 3290 Amor.
913 3270 1008 3295 3,13,31
1022 3269 1068 3290 etc.

189 3297 288 3330 Argiua
304 3297 340 3323 est
360 3307 468 3333 pompae
488 3299 567 3325 facies
589 3299 782 3332 Agamemnone
804 3299 878 3325 caeso

231 3332 263 3357 Et
278 3331 368 3365 scelus,
385 3340 410 3360 et
427 3334 522 3368 patrias
542 3333 612 3368 fugit
631 3333 739 3359 Halesus
757 3342 828 3367 opes.

189 3369 297 3400 Iamque
313 3370 450 3406 pererratis
469 3370 597 3404 profugus
620 3375 742 3403 terraque
763 3369 882 3404 marique

232 3403 340 3428 Moenia
358 3403 432 3430 felici
450 3405 569 3432 condidit
588 3405 639 3431 alta
659 3413 748 3431 manu.

188 3437 239 3465 Ille
251 3438 318 3477 ‘suos
337 3436 427 3477 docuit
442 3441 553 3468 Iunonia
572 3441 641 3467 saera
658 3440 785 3470 Falisco„

0 3471 5 3507 s
231 3473 288 3499 Sint
307 3471 389 3512 mihi,
407 3473 454 3500 fint
473 3476 570 3510 populo
588 3477 689 3510 semper
705 3475 790 3502 amica
808 3476 864 3502 suo.

0 3510 9 3543 β
26 3511 154 3539 Meminit
176 3511 229 3535 eius
256 3514 279 3534 et
299 3508 373 3540 Vtrg.
396 3509 458 3535 Aen.
484 3519 527 3544 ιο,
550 3520 610 3544 422..

70 3553 92 3572 Η
100 3551 121 3572 Α
131 3552 148 3572 L
157 3545 176 3571 ἑ
185 3552 198 3571 s
209 3550 230 3569 V
239 3551 263 3575 s,
276 3543 294 3569 i.
308 3551 343 3569 m.
380 3542 515 3580 [”Λλησος]
554 3548 654 3573 Flauius
663 3553 687 3573 et
699 3556 768 3573 mons
776 3547 829 3572 'non
841 3546 911 3582 longe
926 3544 957 3572 ab
969 3544 1068 3578 Aetrza,

34 3581 78 3608 vbi
91 3580 238 3616 Profirpina
250 3578 330 3615 flores
349 3578 410 3613 legit
423 3588 474 3605 cum
488 3583 546 3607 aliis
564 3582 715 3618 virginibus.

35 3625 102 3653 quae
114 3615 213 3643 Sicanii
228 3615 306 3641 flores
326 3612 421 3647 legistis
433 3614 525 3641 Halefi.
559 3618 624 3644 Plin.
636 3625 659 3650 ς,
671 3626 714 3650 29.
753 3619 820 3643 Hinc

0 3669 8 3690 :¹
72 3658 94 3678 H
104 3658 150 3679 AL
159 3659 175 3678 E
184 3657 197 3676 S
207 3652 248 3677 iN
257 3657 277 3677 A
289 3670 296 3682 ‚
316 3658 353 3689 εις.
366 3648 391 3688 ’ΐ-
428 3649 526 3689 Siciliae
537 3654 641 3685 ciuitas,
660 3661 719 3688 quae
725 3651 764 3686 fic
775 3662 791 3679 a
803 3653 932 3680 Cicerone
948 3650 977 3677 in
989 3651 1068 3678 Verr.

0 3695 2 3702 ¹
34 3695 56 3720 3,
70 3696 98 3721 19
116 3686 266 3722 appellatur:
301 3684 405 3711 Siciliae
422 3690 555 3724 ciuitates,
574 3689 670 3722 inquit,
686 3689 786 3715 multae
799 3689 856 3715 stunt
869 3687 978 3717 ludices,
991 3695 1068 3713 orna-

4 3728 10 3734 *
33 3728 75 3750 tae
94 3728 172 3757 atque
190 3721 328 3752 honestae,
347 3728 378 3746 ex
398 3718 495 3759 qulbus
515 3727 543 3745 m
554 3721 644 3754 primis
661 3723 822 3751 numeranda
835 3724 871 3750 est
885 3723 977 3750 ciuitas
990 3722 1068 3748 Hale—

0 3847 6 3854 >
33 3793 258 3856 {leitil‘firiensixgiu
268 3834 287 3854 ο
298 3834 330 3859 Ν,
344 3827 412 3852 ὃηις.
431 3835 466 3852 m.
486 3824 666 3859 [Ἃλωίκμων]
692 3829 800 3861 Flauius,
806 3832 849 3865 qui
856 3829 1040 3856 Macedoniam
1054 3837 1069 3855 a

0 3850 15 3899 E}
34 3863 168 3891 Thessalia
182 3858 280 3890 diuidit
294 3863 365 3889 Caes.
374 3863 399 3888 B.
415 3863 445 3888 C.
459 3869 481 3893 3,
495 3863 532 3892 36.
569 3859 613 3886 Ad
627 3869 693 3895 quem
706 3862 847 3897 ducebant,
861 3874 928 3900 quae
943 3864 1069 3892 volebant

0 3903 13 3937 Γ
34 3899 143 3926 eandida
164 3899 247 3931 nasci,
267 3905 296 3926 υι
311 3898 392 3933 refert
412 3897 478 3923 Plin.
502 3904 536 3927 31,
559 3904 579 3921 2.
634 3895 755 3924 scribitur
774 3906 797 3925 et
815 3900 955 3928 Astacum„
976 3899 1067 3928 claud,

34 3933 65 3962 de
76 3935 105 3962 B.
117 3935 175 3962 Get.
188 3942 236 3970 179
258 3935 289 3962 Et
303 3932 399 3962 frustra
411 3931 534 3968 rapidum
547 3930 670 3958 damnant
682 3930 833 3961 Aliacmona
844 3935 915 3963 Beffi.

26 253 138 288 HParad.
168 257 235 284 Cato
251 258 490 293 autemperfeftus
512 261 587 291 (mea
601 258 742 292 sententia)
761 259 862 287 Stoicus
875 278 883 290 ‚
902 264 929 285 et
948 266 977 284 ea
993 260 1081 290 sentit,

42 1078 86 1097 me
99 1079 158 1098 cum
171 1071 414 1107 Luxuria'litigare.
451 1073 498 1101 Sed
510 1081 557 1099 non
569 1072 640 1099 habet
653 1071 715 1098 illud
727 1071 768 1097 Ha
780 1070 814 1098 ha
823 1072 928 1098 Gronou.
957 1074 996 1100 Ab
1004 1075 1075 1111 Eras-

1 1290 3 1304 :
39 1279 80 1308 Sal
94 1282 158 1309 fori.
194 1286 305 1313 Comaicii
321 1296 405 1313 nomen
423 1285 489 1321 apud
506 1285 585 1312 Plaut.
598 1286 676 1311 Poen.
689 1292 712 1318 ς,
726 1295 747 1316 5,
760 1294 801 1319 34.
837 1287 883 1314 Sed
900 1296 974 1323 neque
1011 1298 1022 1314 e
1041 1291 1071 1315 lc·
1086 1297 1117 1321 3ο

69 1455 126 1494 {stit-
161 1461 244 1487 Cuius
258 1470 361 1497 corpus,
376 1472 459 1497 quum
471 1462 503 1489 ad
516 1471 627 1489 vxorem
646 1462 761 1488 delatum
779 1462 878 1494 fuisset,
898 1464 943 1490 illa
963 1465 988 1490 se
1002 1474 1107 1501 prae-35

1028 1813 1068 1846 Est
1075 1816 1108 1842 45

31 1997 80 2022 neo
100 1996 132 2014 ex
149 1993 222 2022 parte
242 1986 359 2019 maiore,
377 1991 478 2013 tantum
494 1986 634 2020 purpureis
652 1990 678 2011 et
697 1985 813 2012 candidis
833 1986 948 2013 admistis
967 1990 1107 2022 pennis‚50

57 2192 61 2193 ⁷
83 2165 89 2172 “
110 2171 169 2192 cant
181 2165 290 2191 bruma:
314 2164 362 2198 qui
375 2164 448 2195 dies,
469 2168 697 2190 HALCYONIDES
718 2168 862 2192 vocantur,
881 2162 985 2196 placido
999 2164 1103 2196 mari55

27 2697 176 2730 Halcyonei
189 2696 245 2723 dies
258 2701 399 2735 vocantur,
417 2694 517 2730 gloffizm
536 2694 619 2720 videri
630 2693 836 2727 tranquillitatis.
1075 2696 1111 2724 70

33 3757 98 3784 lina:
135 3757 235 3784 nullam
249 3757 320 3783 enim
340 3754 478 3789 reperietis
491 3761 534 3780 aut
553 3754 645 3795 officiis
658 3758 821 3792 fideliorem,
841 3765 885 3786 aut
899 3758 983 3793 copiis
996 3757 1067 3784 locu·
1076 3767 1122 3784 100
1132 3754 1210 3783 δι’σκες
1222 3759 1249 3782 ίη
1262 3755 1445 3791 Gymnasiorum
1459 3751 1617 3783 instrumento
1630 3751 1767 3784 “O'limlglf·

1521 170 1565 209 H
1654 170 1692 210 A
1782 170 1817 212 L
2102 180 2183 225 870

1180 268 1200 288 H
1210 268 1231 288 A
1240 268 1273 288 L1
1283 267 1303 288 A
1313 267 1330 287 E
1340 258 1356 287 l}
1365 266 1387 286 Τ
1396 265 1417 285 V
1428 266 1441 286 S
1450 279 1458 292 ,
1478 260 1496 286 i.
1524 269 1560 286 m.
1596 257 1751 292 [αἴλιοιῖετος]
1793 259 1875 285 Genus
1898 263 2006 296 aquilae,
2022 262 2056 288 ad
2074 262 2174 289 uerbum

1143 297 1237 331 Aquila
1256 299 1360 322 marina.
1415 294 1551 330 Plibiilosam
1571 297 1687 330 originem
1705 295 1790 329 tangit
1809 294 1887 319 Ouid.
1902 297 1966 323 Met,
1985 300 2067 331 &146
2090 298 2131 323 vbi
2146 298 2174 323 il.—

1146 331 1327 366 thb‚gfflfuae
1336 337 1418 366 pati-r,
1433 331 1500 356 Nan·
1521 331 1573 356 iam
1586 329 1714 364 pendebat
1733 328 1760 354 in
1780 337 1854 354 auras
1867 330 1895 355 Et
1916 332 1996 358 modo
2017 333 2100 359 sadus
2118 341 2173 359 erat

1143 367 1224 393 fuluis
1238 367 1321 393 Halia«
1331 374 1386 392 etos
1400 365 1456 391 alis.
1493 366 1533 392 Sic
1546 368 1630 392 Burin.
1653 366 1695 391 Al.
1711 363 1850 396 Halyactus
1871 364 1898 389 in
1912 365 1966 391 alis.
2002 368 2106 394 Gran-ac
2118 370 2173 394 lnc-

1143 412 1184 428 ναι*
1195 404 1233 428 hi<
1247 404 1312 428 locus
1326 400 1368 434 iffi·
1390 410 1436 425 non
1450 401 1544 427 arbi-hat
1553 421 1560 432 ,
1576 410 1629 426 cum
1646 399 1692 460 iffi
1705 401 1793 425 Gracci
1810 408 1857 425 non
1870 400 2010 434 agnoscunt.
2046 403 2172 428 Caeterum

1144 438 1208 463 Plin.
1222 446 1259 469 ro,
1274 446 1284 469 3
1312 436 1462 463 Haliaeetus
1478 442 1577 461 tantum
1597 435 1651 469 imp
1663 443 1735 461 tunes
1754 434 1897 461 etiamnum
1912 435 1997 468 pullos
2011 437 2067 462 suos
2083 446 2171 471 percu>

1142 474 1225 502 tiens,
1244 473 1352 498 subinde
1368 472 1437 505 cogit
1452 471 1573 496 aduersos
1586 470 1683 497 intueri
1699 470 1759 496 solis
1773 469 1873 496 radios:
1908 475 1933 496 et
1945 469 1964 495 fi
1978 471 2173 499 conniuenteni.

1143 507 1389 541 humectantemquc
1401 506 1600 535 animaduertit,
1622 506 1773 539 praecipitat
1787 514 1801 530 c
1816 504 1889 536 nido,
1910 505 1982 532 velut
1995 505 2172 533 adulterinum

1144 551 1168 569 et
1183 543 1350 576 degenerem:
1389 541 1462 567 illum
1483 541 1555 566 cuius
1573 542 1639 566 acies
1660 540 1734 566 firma
1748 546 1837 566 contra
1856 540 1971 572 steterit,
1985 540 2083 566 educat.
2120 543 2170 567 lia—

81 581 356 609 HAERETles,
375 577 395 608 i,
413 586 449 604 ιιι.
468 576 603 604 Facundus
616 575 751 602 Hermian.
766 583 802 602 η.
827 575 946 603 Tertull.
959 577 990 603 de
1005 579 1077 612 Bapt.
1104 579 1231 605 ioliaecti
1250 579 1321 604 suum
1341 586 1422 611 genus
1442 586 1495 603 non
1515 576 1626 607 habent,
1647 576 1689 601 sed
1709 584 1740 602 ex
1760 576 1865 602 diuerso
1882 576 2030 610 aquilarum
2044 576 2115 602 coitu
2128 586 2170 602 uav

1140 615 1256 640 suuntur.
1291 614 1363 648 Cous.
1387 619 1489 638 levs.

1177 657 1197 675 Η
1208 657 1227 675 A
1241 656 1255 675 1,
1265 658 1272 675 ι
1283 656 1331 675 AR
1340 654 1361 674 T
1374 654 1392 673 v
1405 654 1427 674 S.
1451 649 1541 673 Nomen
1555 646 1634 673 vrbis.
1655 646 1734 672 Serab.
1749 655 1773 680 9.
1793 652 1817 672 et
1829 646 1890 673 Stat.
1905 645 1996 674 Theb.
2010 653 2035 682 7,
2048 654 2111 682 274.

1179 691 1199 710 u
1213 690 1351 713 Arion,
1385 682 1438 708 vid.
1476 687 1609 708 Aich.

1178 724 1485 748 HAL1CACA1³vs‚
1505 717 1523 743 i.
1543 726 1578 742 m.
1604 723 1627 742 et
1648 714 1957 748 ΗΛιιεΑειίΒνΜ,
1976 717 1994 743 i.
2013 726 2040 744 n.
2067 716 2167 750 [iamai.

81 758 414 788 HAERES1ARCHA,
431 762 471 780 ae.
497 762 532 778 m.
569 736 706 791 Auguftin.
727 752 772 787 Ep.
793 759 844 785 253.
879 752 967 787 Prosp.
987 753 1077 788 Aquit.
1107 765 1132 793 ¹5
1142 754 1233 789 κοιέος]
1275 754 1390 780 Hei-bam
1414 759 1524 784 vocant,
1550 760 1627 786 quam
1650 752 1696 778 alii
1717 751 1854 783 Solarium,
1874 751 1921 777 alii
1940 752 2100 785 strychnon,
2124 752 2173 779 alii

1141 790 1313 822 Velicariam,
1332 789 1402 823 quod
1417 789 1512 814 vesicae
1525 794 1551 814 et
1569 787 1674 813 calculis
1688 786 1823 813 medeatur
1836 787 1900 812 Plin.
1914 795 1953 818 ιι,
1966 796 1998 818 31,

1177 833 1196 852 Η
1209 833 1229 852 A
1238 833 1253 852 L
1265 833 1271 851 ι
1281 831 1297 851 c
1306 831 1325 850 A
1335 831 1352 850 R
1364 830 1434 850 NAs
1443 830 1454 849 s
1465 831 1484 848 v
1494 830 1506 850 s
1515 843 1523 855 ‚
1540 823 1559 848 i.
1580 823 1599 848 fi
1637 821 1744 855 [Ἃλικα
1758 821 1862 855 κισσός]
1898 822 1984 848 Cariae
2003 826 2110 856 ciuitas,
2124 825 2173 852 cla-

1138 872 1168 888 ra
1182 860 1304 887 Herodoto
1318 863 1379 891 ciue,
1393 865 1440 885 etc.
1482 858 1539 885 Vid.
1555 857 1644 893 Spanh.
1659 858 1685 883 dt*
1706 858 1729 883 V
1740 867 1755 883 u
1769 859 1844 884 Num.
1857 855 1912 890 diff
1923 867 1940 892 9
1953 864 1982 892 p.
1997 862 2047 885 626
2057 859 2099 895 sq.

1176 901 1592 925 HALICARNASSLNSIS,
1618 901 1640 918 e.
1677 894 1707 919 Et

1175 936 1550 961 HALlCARNASSEvs,
1571 937 1601 959 a,
1622 937 1676 954 um.
1711 927 1771 954 Adi.

1138 967 1170 993 de
1192 967 1283 993 Diuin.
1304 974 1329 998 2,
1349 974 1390 999 4²·

1175 1009 1250 1029 ΗΜ,
1262 1006 1543 1031 1CARNASSIVS,
1561 1007 1591 1031 a,
1610 1006 1665 1024 um.
1697 996 1759 1023 Adi.

1140 1036 1333 1064 Halicarnaffia.

1175 1076 1492 1102 HALMSASTRVM,
1527 1067 1582 1095 vid.
1619 1072 1894 1094 ALICASTRVM.

1175 1105 1509 1136 HA1,1EvT1coN‚i.
1528 1113 1555 1130 n.
1575 1110 1598 1130 et
1619 1100 1890 1134 uALnsvTiCA,
1906 1111 1992 1130 orum.
2012 1113 2038 1131 n.
2075 1105 2172 1139 [ἅλιον.

1137 1143 1214 1177 ταοὶ]
1253 1145 1377 1169 Dicuntur
1397 1143 1534 1171 Volumina,
1547 1143 1573 1165 in
1588 1139 1674 1174 quibus
1687 1135 1814 1164 trabium·
1833 1137 1861 1163 de
1877 1138 1994 1173 piscibus.
2032 1139 2095 1166 Plin.
2110 1149 2145 1172 32,
2159 1152 2173 1167 2

1136 1179 1208 1206 Mihi
1221 1178 1345 1206 videntur
1358 1178 1425 1203 mira
1439 1183 1463 1202 et
1483 1184 1549 1210 quae
1564 1174 1677 1200 Ouidius
1692 1172 1810 1207 prodidit
1822 1173 1933 1207 piscium
1950 1174 2073 1208 ingenia,
2094 1175 2122 1200 in
2141 1185 2174 1202 eo

1137 1215 1287 1246 volumine,
1299 1213 1370 1248 quod
1386 1211 1555 1238 Halieuticon
1569 1209 1730 1235 inscribitur.
1767 1208 1840 1234 Cuius
1852 1208 1921 1235 hodie
1934 1215 2015 1245 pauca
2023 1210 2174 1245 fragmenta

1136 1249 1242 1283 exstant.
1277 1249 1350 1284 Conj.
1368 1248 1472 1281 Vopisc.
1487 1245 1644 1272 Numerian.
1659 1252 1703 1279 pr.

1172 1293 1192 1312 Η
1202 1293 1248 1312 AL
1258 1293 1266 1311 1
1276 1289 1461 1315 EVTICVS‚
1487 1291 1517 1314 a,
1545 1290 1597 1307 um.
1634 1280 1753 1306 Boletare
1782 1278 1956 1306 halieuticum
1993 1279 2080 1306 Treb.
2106 1280 2172 1307 Poll.

1135 1321 1230 1348 Claud.
1250 1330 1271 1347 c.
1293 1328 1330 1355 17.

1171 1354 1459 1387 HA1.imvs,i.m.
1503 1352 1560 1380 Vid.
1590 1357 1749 1378 Ammvs.

1172 1399 1191 1419 Η
1202 1400 1222 1419 Α
1232 1399 1246 1418 L
1256 1400 1265 1418 1
1274 1398 1289 1418 1>
1299 1398 1318 1417 Η
1330 1397 1343 1416 L
1355 1397 1371 1417 ε
1381 1397 1399 1416 o
1409 1397 1422 1416 s
1431 1409 1439 1422 ‚
1458 1389 1476 1414 i.
1495 1388 1514 1414 f.
1551 1387 1634 1414 Arbor
1651 1385 1803 1423 glandifera.
1823 1384 1889 1411 Plin.
1902 1386 1940 1417 16,
1952 1386 1977 1411 6.

1172 1435 1193 1454 H
1203 1436 1222 1454 A
1233 1435 1264 1453 1.1
1275 1434 1289 1453 P
1300 1433 1316 1452 L
1328 1433 1344 1453 E
1354 1432 1372 1450 ν
1383 1433 1407 1452 Μ
1417 1432 1436 1452 o
1447 1431 1468 1450 N
1479 1443 1486 1455 ,
1506 1423 1574 1449 onis.
1595 1431 1630 1449 m.
1667 1423 1786 1448 Marinus
1800 1423 1898 1456 pulmo,
1917 1430 1993 1457 genus
2006 1419 2088 1457 piscis
2105 1421 2173 1457 apud

1135 1464 1201 1490 Plin.
1222 1471 1260 1495 32,
1285 1471 1316 1488 11.

1172 1505 1236 1526 ΗΑ]
1255 1503 1361 1527 ιτνς,
1382 1495 1419 1521 fis.
1436 1503 1471 1521 m.
1514 1493 1572 1520 Vid.
1593 1498 1715 1523 ΗΛιο,
1732 1500 1767 1518 as.

1170 1538 1345 1561 HALLvm
1358 1538 1378 1557 N
1393 1538 1453 1562 on,
1488 1529 1540 1555 vid.
1578 1532 1821 1555 ALLVCINOR.

1172 1574 1341 1599 HALLEx,
1377 1566 1429 1592 uid.
1467 1571 1607 1592 ALLEx.

1171 1612 1191 1631 Η
1202 1612 1221 1631 A
1232 1612 1247 1630 ι.
1258 1612 1271 1630 ι
1282 1610 1336 1633 vs,
1355 1602 1373 1628 i.
1394 1611 1428 1627 m.
1465 1600 1522 1632 Est,
1537 1607 1565 1626 vt
1579 1602 1616 1625 ait
1629 1597 1733 1628 Festus,
1747 1597 1837 1623 Pollex
1857 1595 1944 1630 pedis,
1958 1595 2079 1622 scandens
2096 1596 2172 1629 super

1135 1641 1304 1675 proximum,
1323 1637 1406 1663 dictus
1428 1645 1439 1662 a
1458 1634 1587 1661 Saliendo.
1625 1633 1695 1659 Nam
1716 1632 1830 1663 ἅλλομαι
1848 1631 1965 1669 Graece,
1986 1631 2078 1656 Latine
2096 1630 2172 1664 signi-

1135 1676 1194 1702 ficat
1218 1676 1298 1701 Salio.
1344 1672 1416 1707 Qiod
1438 1678 1511 1697 enam
1539 1669 1637 1696 Hallux
1653 1667 1773 1698 laudant,
1797 1665 1898 1692 videtur
1924 1665 1966 1698 effe
1992 1674 2008 1691 a
2027 1666 2179 1691 Becmanno-

1138 1711 1247 1771 Vlg'Afi
1255 1715 1329 1769 {mliii
1338 1714 1360 1766 Ξῖ
1369 1741 1419 1766 AG
1429 1747 1467 1771 A,
1487 1747 1525 1764 ae.
1544 1738 1563 1763 f.
1601 1737 1676 1761 Nitri
1687 1744 1770 1770 genus.
1806 1733 1872 1759 Plin.
1884 1741 1920 1765 31,
1934 1742 1970 1760 ιο,

1170 1786 1191 1804 Η
1201 1785 1221 1803 Α
1231 1785 1246 1803 ι,
1257 1784 1280 1802 Μ
1294 1784 1310 1801 γ
1322 1783 1341 1801 R
1354 1783 1359 1799 ι
1373 1781 1390 1800 1)
1402 1782 1409 1799 ι
1420 1781 1458 1804 A,
1478 1781 1565 1798 orum.
1586 1779 1612 1796 n.
1634 1771 1672 1796 Pl.
1699 1771 1802 1795 Plantae
1816 1771 1963 1794 maritimae.
1984 1769 2048 1796 Plin.
2063 1778 2101 1802 19,
2116 1775 2138 1800 8.

1169 1819 1189 1838 H
1198 1819 1219 1838 A
1228 1818 1244 1837 L
1252 1818 1275 1836 M
1287 1810 1312 1835 Y⁰
1321 1817 1339 1835 R
1349 1810 1368 1835 6
1377 1816 1394 1835 D
1403 1815 1419 1834 E
1428 1816 1440 1834 s
1449 1827 1456 1838 ‚
1470 1808 1501 1833 is.
1516 1816 1552 1833 m.
1572 1802 1753 1840 [ἑλμνρώδης]
1774 1804 1865 1839 Salsus.
1884 1804 2171 1839 ApudMaitial‚10,s3.

1132 1846 1180 1874 Sed
1199 1847 1337 1874 Scriuerius
1355 1845 1414 1880 legit
1425 1863 1432 1875 ‚
1449 1843 1628 1868 Hermerotcs.

1169 1888 1190 1908 Η
1199 1889 1221 1908 A
1232 1888 1247 1906 L
1257 1888 1276 1908 0
1288 1900 1296 1912 ‚
1320 1884 1372 1906 are.
1408 1880 1420 1913 [
1428 1877 1540 1911 amigo,
1567 1877 1671 1909 ἐκπνέω]
1707 1876 1821 1909 spirare,
1844 1875 1885 1899 vel
1915 1873 2021 1900 Odorem
2051 1878 2170 1902 emittere.

1131 1917 1207 1951 Virg.
1223 1918 1319 1949 Georg.
1334 1924 1361 1947 4,
1377 1923 1422 1945 ¹09
1451 1913 1568 1942 inuitent
1586 1912 1685 1937 croceis
1699 1909 1815 1936 halantes
1832 1908 1941 1936 floribus
1956 1909 2037 1936 horti.
2094 1911 2173 1937 Hala—

1132 1961 1160 1978 re
1173 1951 1282 1978 naribus
1295 1951 1400 1976 Lucret.
1416 1957 1440 1978 2,
1454 1953 1513 1982 847.
1551 1945 1631 1973 Ouid.
1645 1946 1709 1971 Met.
1724 1952 1749 1978 7,
1766 1949 1813 1977 815.

1168 1994 1188 2013 Η
1198 1994 1218 2012 Α
1227 1993 1242 2012 L
1251 1988 1273 2012 A
1283 1991 1334 2010 Tv
1343 1991 1355 2011 s
1364 2003 1371 2014 ‚
1392 1983 1430 2009 sis.
1451 1991 1486 2008 m.
1522 1983 1600 2008 Mart.
1610 1980 1708 2014 Capell.
1723 1989 1732 2006 1
1749 1989 1773 2014 p.
1786 1989 1804 2013 4
1824 1979 1922 2006 Halatu
1933 1980 2001 2014 pasci
2015 1980 2169 2016 fouerique.

1131 2022 1205 2049 Idem
1220 2030 1236 2047 2.
1253 2030 1278 2054 p.
1291 2022 1327 2053 46
1348 2018 1469 2046 Arabicis
1490 2017 1582 2043 laetari
1597 2015 1736 2042 halatibus.

1167 2063 1238 2083 ΗΑι
1255 2055 1268 2082 ἴ
1278 2061 1345 2087 To,
1369 2058 1421 2080 are.
1458 2053 1618 2085 [ἕκπνῐμαι]
1659 2054 1727 2085 Saepe
1752 2049 1875 2085 spiritum
1903 2053 2021 2077 emittere.

1131 2092 1249 2119 Sublime
1265 2091 1317 2116 iter
1330 2088 1555 2124 quadrupedantes
1569 2088 1700 2112 flammam
1715 2084 1862 2112 halitantes.

1167 2134 1218 2153 HA
1228 2133 1244 2151 L
1255 2124 1266 2151 ἴ
1277 2131 1299 2151 Τ
1308 2131 1350 2150 vs
1360 2143 1368 2155 ‚
1387 2123 1424 2149 sis.
1446 2132 1480 2148 m.
1517 2121 1640 2155 [inmari]
1679 2121 1794 2155 Spiritus.
1820 2120 1887 2146 Plin.
1901 2128 1926 2152 9,
1938 2127 1956 2155 7
1975 2121 2006 2147 In
2019 2129 2097 2156 aquas
2110 2122 2171 2156 qui-

1133 2162 1193 2188 dem
1205 2166 1345 2195 penetrare.
1353 2159 1463 2184 vitalem
1479 2156 1546 2183 hunc
1567 2156 1680 2183 halitum
1694 2156 1753 2190 quis
1766 2156 1896 2183 miretur?
1967 2156 2112 2183 Flammeus
2127 2157 2172 2183 ha-

1131 2197 1194 2223 litus
1215 2195 1295 2226 Euri,
1316 2194 1368 2220 vid.
1389 2194 1535 2220 Flammeus
1556 2196 1584 2218 in
1604 2199 1751 2218 FLAMMA.
1822 2191 1916 2217 Effiare
1936 2198 2085 2218 extremum
2106 2191 2172 2219 hali-

1132 2237 1189 2258 tum
1204 2231 1261 2258 Cic.
1275 2230 1356 2257 Tusc.
1374 2237 1396 2261 2,
1411 2237 1443 2255 22
1462 2238 1483 2254 c.
1498 2238 1514 2261 9
1535 2230 1570 2254 Ex
1589 2227 1690 2263 quodam
1706 2229 1790 2253 Po'c'ta.
1861 2225 1991 2252 Columel.
2005 2235 2028 2259 2,
2048 2235 2060 2259 ς
2087 2228 2174 2253 Disie-

1131 2267 1204 2294 ἃυιιι
1218 2265 1314 2293 deinde
1329 2265 1448 2300 protinus
1462 2264 1552 2290 fimum
1570 2263 1668 2290 inarari
1686 2269 1712 2289 et
1731 2262 1813 2288 obrui
1827 2262 1967 2292 conuenit,
1987 2270 2019 2287 ne
2032 2262 2094 2289 solis
2108 2263 2172 2290 hali-

1131 2309 1161 2331 tu
1180 2303 1249 2330 vires
1269 2301 1379 2329 amittat.
1398 2301 1421 2327 h.
1441 2310 1460 2326 ε.
1487 2302 1582 2335 l'apore
1591 2299 1657 2334 solis
1674 2305 1698 2324 et
1716 2300 1804 2324 calore.
1878 2296 1982 2324 Halitus
2002 2303 2103 2330 terra-e,
2122 2306 2172 2333 pro

1136 2340 1242 2376 Vapom,
1256 2341 1297 2374 qui
1306 2346 1352 2373 per
1365 2344 1445 2363 terrae
1458 2338 1560 2361 rimulas
1567 2333 1666 2370 surJiim
1683 2332 1808 2369 ascendit:
1842 2331 1909 2359 Plin.
1923 2341 1956 2364 11,
1970 2341 1997 2358 12
2017 2333 2108 2360 Obuio
2122 2340 2170 2360 ter-

1131 2384 1176 2402 rae
1190 2374 1273 2401 halitu
1286 2374 1407 2400 infectus.
1444 2372 1529 2404 Niger
1541 2369 1623 2397 Ouid.
1638 2369 1702 2395 Met.
1716 2377 1739 2401 3,
1753 2375 1792 2403 75.
1863 2368 1992 2394 Faucibus
2009 2368 2103 2396 exudat
2114 2378 2172 2404 gra-

1129 2412 1171 2438 vis
1185 2411 1252 2437 Pers.
1265 2418 1287 2442 3,
1301 2414 1342 2441 89.
1413 2408 1517 2434 Noxius
1536 2412 1621 2433 terrac
1642 2404 1772 2438 Qinffil.
1786 2412 1812 2439 7,
1824 2412 1844 2435 3.

1166 2452 1283 2475 HALO,
1303 2444 1370 2470 onis.
1392 2443 1411 2469 f.
1447 2441 1547 2476 [ἅλως]
1584 2441 1623 2468 Ab
1640 2441 1771 2472 Aristotele
1789 2449 1814 2465 in
1836 2440 1955 2465 Asieteoris
1974 2438 2082 2471 dicitur,
2102 2449 2171 2475 quem

2029 2476 2086 2501 Sen.
2107 2476 2169 2501 Nat.

1809 927 1882 959 Sylax
1899 928 2103 956 Halicarnasseus
2117 930 2173 957 Cic.

1796 997 1872 1024 Idem.
1903 998 1971 1033 Nep.
1986 1007 2011 1031 2,
2023 1008 2045 1032 1,
2057 1008 2070 1026 2
2096 1000 2172 1027 Ciuis

2061 2050 2171 2085 Ennius,

1129 2480 1209 2515 nostri
1227 2480 1295 2507 modo
1313 2480 1454 2510 Cin-culum,
1479 2478 1547 2503 mido
1567 2477 1684 2502 Coronam
1705 2479 1773 2502 circa
1791 2478 1872 2500 lunam
1890 2475 1984 2500 dicunt.

1079 2517 1111 2549 65
1131 2517 1237 2551 Qaest.
1254 2526 1272 2549 ι,
1288 2524 1314 2542 12
1351 2515 1429 2540 Hunc
1444 2513 1538 2539 Graeci
1557 2512 1617 2539 halo
1633 2517 1744 2542 vocant,
1764 2518 1841 2544 quam
1866 2518 1913 2535 nos
1939 2509 2026 2535 dicere
2045 2518 2170 2537 coronam

1130 2552 1255 2588 aptissime
1273 2552 1411 2586 possumus.
1745 2564 1749 2567 J

1166 2595 1187 2614 H
1197 2595 1242 2614 AL
1253 2594 1288 2617 O,
1308 2587 1376 2612 onis.
1404 2595 1439 2612 m.
1477 2583 1547 2610 Male
1566 2582 1668 2609 sobrius
1683 2580 1779 2607 Festus.
1815 2580 1908 2605 Elucus
1922 2578 2044 2613 fignificat
2058 2579 2171 2613 Langui-

1132 2623 1194 2649 dum
1206 2628 1231 2648 et
1245 2622 1444 2648 semisomnum:
1464 2619 1520 2649 vel,
1535 2624 1563 2645 vt
1582 2618 1630 2644 alii
1647 2616 1756 2648 volunt,
1770 2614 1976 2641 Allucinatorem
1997 2621 2022 2640 et
2041 2624 2171 2650 nugarum

1131 2663 1290 2684 amatorem:
1312 2656 1364 2682 siue
1379 2656 1524 2687 Halonem,
1539 2654 1566 2680 id
1581 2653 1616 2679 est
1631 2652 1750 2679 hesterno
1764 2651 1830 2677 vino
1850 2650 2021 2685 languentem.

1165 2699 1215 2719 HA
1227 2698 1242 2717 L
1255 2698 1273 2718 O
1286 2699 1306 2718 N
1319 2692 1404 2718 Esos
1419 2711 1427 2723 ,
1450 2691 1468 2717 i.
1496 2690 1515 2716 f.
1546 2689 1631 2715 Insula
1655 2687 1691 2713 est
1711 2687 1791 2720 Aegei
1810 2686 1889 2712 maris
1909 2695 1991 2720 prope
2013 2685 2170 2718 Thraciam,

1131 2737 1209 2763 quam
1230 2726 1375 2761 aliquando
1394 2725 1519 2753 omnibus
1542 2724 1590 2759 qui
1610 2732 1694 2751 mares
1717 2728 1807 2754 erant,
1821 2721 1913 2754 caesis,
1933 2727 2033 2748 tantum
2055 2721 2170 2748 feminae

1129 2763 1238 2790 tenuisse
1251 2762 1391 2794 dicuntur,
1410 2765 1492 2796 inquit
1508 2761 1578 2787 Mela
1592 2768 1618 2791 2,
1632 2766 1660 2794 7.

1166 2805 1187 2825 Η
1198 2806 1217 2825 A
1228 2806 1243 2824 L
1254 2804 1274 2825 o
1285 2805 1330 2824 NE
1353 2797 1447 2824 Insula.
1489 2795 1546 2823 Vid.
1568 2800 1705 2822 ALONE.

1168 2841 1188 2861 Η
1199 2842 1219 2861 A
1230 2842 1245 2860 ι,
1254 2841 1273 2861 0
1285 2840 1299 2859 P
1312 2841 1363 2860 ΗΑ
1372 2841 1393 2859 N
1402 2840 1424 2859 Τ
1433 2839 1454 2859 A
1463 2852 1472 2864 ,
1492 2840 1530 2858 ae.
1555 2831 1575 2857 f.
1613 2828 1793 2865 [οἵλοφοίν-ι-ης]
1830 2826 1904 2861 Q¹id
1923 2827 2028 2854 bominis
2040 2825 2077 2860 fit
2090 2826 2169 2854 Halo.

22 2876 97 2909 aiii,
116 2885 130 2902 e
143 2873 266 2902 sordibus
279 2874 430 2908 spumarum
452 2870 672 2898 crassescentibus:
696 2870 743 2898 alii
763 2880 778 2897 e
799 2871 871 2905 limo¹
887 2872 930 2899 vel
954 2872 1067 2907 quadam
1080 2871 1111 2900 7⁵
1131 2869 1240 2904 phana,
1259 2869 1404 2911 disputandi
1419 2866 1562 2901 occafionem
1579 2865 1753 2905 suppcfittmcit
1781 2863 1861 2889 Plaut.
1876 2865 1952 2890 Cure.
1973 2872 2001 2896 4,
2014 2872 2033 2895 1,
2047 2872 2058 2889 2
2091 2864 2172 2890 Halo-

1131 2905 1253 2940 phantam
1267 2914 1299 2930 an
1312 2904 1501 2938 bycophantam
1516 2902 1584 2928 hunc
1597 2910 1678 2934 magis
1691 2900 1739 2926 effe
1753 2899 1853 2931 dicam,
1865 2899 1960 2925 nescio.
1999 2899 2069 2924 Non.
2083 2907 2108 2928 2,
2122 2900 2173 2931 396

1131 2941 1325 2975 Halophantatn
1345 2946 1389 2966 aut
1410 2938 1606 2972 sycophantam,
1631 2936 1771 2963 hominum
1791 2943 1871 2969 genus
1892 2942 2020 2969 nequam,
2042 2933 2114 2968 quod
2134 2933 2170 2960 ob

1133 2976 1228 3003 suenda
1247 2975 1381 3002 mendacia
1400 2974 1547 3000 miserrima
1566 2972 1686 2999 mercede
1706 2970 1869 2997 conducitur.
1905 2969 2000 2996 Deinde
2009 2972 2083 3003 ponit
2093 2970 2172 2995 Iocum

1133 3014 1234 3042 Plauti;
1253 3012 1355 3042 deinde,
1369 3011 1399 3036 Et
1412 3009 1478 3035 alius
1492 3008 1639 3035 nobilitatis
1654 3007 1780 3034 obscurae
1815 3021 1859 3025 —
1895 3004 2088 3038 Halophantam
2100 3013 2171 3030 men-

68 3051 193 3089 ''gaudens
205 3051 300 3078 ancilla
313 3049 447 3085 paropfide
461 3049 543 3076 rubra
578 3048 718 3079 Halecem,
734 3048 777 3074 sed
792 3057 871 3083 quam
887 3050 1007 3084 pretinus
1020 3051 1069 3078 illa
1081 3050 1114 3076 80
1132 3048 1223 3074 dacem
1239 3047 1313 3074 velit.
1351 3047 1417 3081 Qioe
1438 3049 1464 3070 in
1479 3044 1553 3071 Festo
1566 3043 1682 3072 hodierno
1701 3044 1721 3068 ie
1740 3048 1815 3067 untur
1828 3039 2007 3075 corrupuffima
2019 3039 2097 3074 sunt:
2117 3040 2170 3065 Ha-

1132 3084 1234 3118 lapanta
1251 3081 1376 3117 fignificat
1396 3080 1486 3107 omnia
1499 3080 1686 3110 mentientem,
1705 3086 1719 3103 a
1751 3085 1798 3107 eo,
1811 3075 1882 3109 quod
1896 3075 1966 3101 halet
1984 3074 2083 3100 onmia.
2107 3073 2170 3104 ἄλην

1132 3120 1204 3146 enim
1219 3118 1312 3145 Graeci
1331 3117 1373 3147 τήν
1391 3116 1500 3148 πλάνην,
1521 3115 1547 3142 id
1564 3115 1599 3141 est
1618 3115 1752 3141 fallentem
1765 3111 1903 3145 appellant.
1937 3108 2096 3135 Conirc‘lurat
2117 3119 2170 3136 eru-

1133 3156 1240 3182 ditorum
1259 3154 1380 3180 hominum
1392 3153 1455 3178 alias
1468 3154 1617 3178 omittimus:
1634 3148 1771 3185 probabilis
1786 3153 1887 3181 praeter
1899 3151 2008 3171 caeteras
2021 3145 2090 3171 nobis
2102 3145 2170 3170 vide-

1132 3191 1221 3222 batur,
1245 3196 1275 3216 vt
1287 3188 1470 3222 Halophantae
1490 3186 1552 3219 lint,
1568 3186 1647 3223 quise
1664 3184 1752 3211 babent
1766 3182 1799 3208 ad
1816 3179 1869 3206 ἕλοι
1883 3180 1959 3207 salem
1969 3200 1976 3212 ,
1992 3186 2021 3205 vt
2032 3180 2061 3215 fi
2080 3179 2170 3206 habent

1094 3227 1122 3256 85
1132 3225 1310 3260 Sycophantae
1324 3224 1357 3250 ad
1367 3225 1430 3250 σῦκα
1443 3224 1461 3249 s.
1477 3222 1553 3249 ficus:
1573 3225 1591 3248 i.
1609 3224 1652 3256 qui
1669 3218 1783 3254 defi-runt
1795 3217 1857 3243 alios
1863 3215 1934 3251 falso
1948 3215 1975 3241 de
1987 3218 2119 3250 importata
2131 3216 2170 3241 vei

1130 3268 1259 3297 exportato
1271 3267 1359 3286 contra
1372 3261 1393 3285 le
1412 3269 1450 3289 cs,
1469 3265 1492 3285 ct
1505 3256 1673 3293 portitoribus
1689 3252 1847 3290 defraudatis
1857 3251 1922 3287 sale.
1963 3250 2020 3277 Vici.
2034 3252 2124 3277 Dacer.
2138 3250 2172 3277 ad

1129 3295 1224 3331 Festum
1242 3306 1270 3323 ex
1282 3293 1384 3330 Ariflop
1404 3304 1456 3321 ane.
1663 3323 1666 3329 Ι
1993 3320 1998 3325 ι

1167 3339 1188 3359 H
1197 3340 1218 3359 A
1230 3340 1245 3359 L
1255 3338 1275 3358 O
1285 3339 1297 3358 S
1308 3338 1329 3358 A
1338 3337 1354 3357 C
1364 3337 1384 3356 Η
1394 3337 1415 3357 N
1425 3337 1493 3362 E,e5.
1507 3327 1526 3354 f.
1547 3324 1630 3361 [ἆλδς
1648 3321 1734 3358 ἄχνη]
1753 3324 1854 3359 Lanugo
1868 3324 1954 3348 maris.
1962 3321 2025 3347 Plin.
2035 3328 2057 3353 ς,
2067 3328 2093 3352 31
2102 3321 2120 3346 s.
2129 3323 2169 3353 36.

1166 3375 1187 3394 H
1197 3376 1218 3394 A
1228 3374 1236 3393 1
1253 3369 1273 3394 ὁ
1281 3374 1294 3392 S
1303 3375 1313 3393 1
1322 3374 1345 3398 s,
1359 3366 1389 3392 is.
1409 3366 1427 3391 f.
1448 3363 1554 3397 [ἅλωσις
1562 3383 1570 3395 ,
1589 3362 1637 3395 ιιις]
1658 3362 1746 3386 Latine
1757 3359 1844 3394 Captio
1856 3358 1897 3384 vel
1907 3359 2055 3396 expugnatio
2067 3356 2169 3382 dicitur.

1075 3410 1111 3437 90
1130 3404 1200 3431 Suet.
1215 3403 1243 3430 in
1253 3404 1356 3430 Neron.
1372 3411 1393 3428 c.
1407 3406 1433 3433 38
1455 3401 1512 3425 Hoc
1526 3397 1675 3424 incendium
1693 3404 1706 3421 e
1720 3401 1793 3420 turre
1809 3398 1981 3420 maecenattca
1995 3391 2170 3426 prospe-&ang

1132 3440 1267 3474 laetusque
1283 3439 1403 3464 flammae
1421 3433 1633 3470 pulchritudine,
1652 3430 1753 3459 halosin
1771 3429 1817 3456 Ilii
1836 3428 1998 3459 decantauit,
2018 3430 2037 3452 i.
2058 3430 2171 3453 carmina

1129 3476 1217 3511 quibus
1231 3476 1274 3502 Ilii
1292 3472 1413 3500 excidium
1433 3470 1618 3506 describeretur.
2038 3495 2053 3505 Η

1168 3517 1189 3537 H
1199 3518 1220 3537 Α
1230 3516 1246 3536 L
1255 3514 1275 3535 T
1286 3516 1301 3535 Ε
1310 3516 1328 3535 R
1337 3528 1345 3541 ,
1364 3508 1423 3533 aris.
1450 3515 1486 3532 m.
1524 3503 1644 3538 [οἶλτῆρ]
1682 3499 1757 3536 Qasr*
1769 3506 1795 3526 tu
1808 3498 1961 3525 saltatorem
1976 3497 2023 3529 (ab
2036 3499 2168 3530 αλλομαι)

1129 3548 1149 3572 i.
1172 3547 1255 3573 Saltus
1271 3544 1406 3570 adiutorem
1427 3542 1510 3573 dicas,
1523 3543 1592 3566 cuim
1616 3540 1725 3564 meminit
1738 3534 1853 3562 Martial.
1868 3542 1907 3566 14,
1921 3541 1956 3566 49
1974 3534 2083 3558 lemmate
2095 3539 2171 3567 prac—

760 3581 892 3608 Columel.
908 3590 945 3613 10,
958 3583 1007 3611 268
1036 3581 1066 3607 Et
1075 3588 1106 3614 95
1123 3581 1223 3617 scripto
1236 3580 1372 3610 Halteres,
1390 3577 1463 3610 Qiid
1478 3581 1587 3611 pereunt
1606 3574 1684 3600 stulto
1704 3572 1786 3597 fortes
1798 3569 1897 3596 haltere
1910 3568 2018 3595 lacerti?
2060 3568 2170 3594 Exercet

1131 3616 1226 3642 melius
1240 3617 1317 3642 vinea
1330 3615 1393 3640 foss'a
1406 3614 1488 3639 viros.
1524 3607 1752 3640 Attendereflatim
1767 3609 1836 3631 iuuat
1848 3604 1881 3630 ad
1892 3604 1952 3635 hoc,
1971 3603 2037 3638 quod
2049 3602 2171 3640 injrffio-

1132 3661 1161 3677 ne
1174 3654 1300 3677 vinearum
1314 3649 1419 3677 Colum.
1434 3657 1463 3681 4,
1476 3656 1512 3681 17,
1527 3652 1539 3676 8
1559 3645 1655 3672 iaElare
1668 3642 1777 3668 liberius
1792 3646 1817 3667 et
1830 3640 1914 3674 aptius
1927 3639 2045 3666 bidentes
2060 3649 2105 3675 quo
2117 3639 2170 3674 pos-

1124 3685 1179 3720 fint
1187 3685 1312 3722 foſjbrrs,
1329 3688 1415 3711 curari
1421 3685 1555 3718 praecipit.
1592 3681 1693 3714 Reliqua
1709 3677 1770 3712 Jiint
1788 3685 1816 3702 ex
1832 3677 1932 3702 Graecis
1944 3674 2073 3710 repetenda
2091 3675 2169 3700 breui-

1132 3728 1186 3753 ter,
1205 3731 1258 3748 cum
1273 3728 1325 3748 tota
1338 3729 1377 3746 res
1385 3722 1422 3753 Ji!
1437 3719 1564 3745 Graecula.
1600 3716 1664 3750 Ergo
1678 3714 1765 3739 Pollux
1779 3720 1817 3744 10,
1828 3713 1865 3745 64
1880 3710 2007 3745 ἆλτῖὶρας,
2026 3707 2169 3748 ‹pomis-,lat

1802 3745 1948 3779 Arzstoteles
1966 3746 1994 3771 de
2012 3744 2110 3770 animal.
2130 3751 2169 3767 in-

1132 3790 1192 3824 cestu
1207 3800 1228 3817 c.
1242 3800 1253 3823 3
1275 3792 1316 3817 vbi
1329 3791 1413 3822 docet,
1433 3787 1512 3823 renisu
1526 3785 1628 3822 quodam
1642 3792 1701 3819 opus
1713 3783 1755 3817 effe
1768 3781 1802 3809 od
1813 3788 1902 3809 motum
1914 3781 2070 3821 animalium,
2087 3776 2168 3809 addit,

1134 3821 1168 3853 diti
1189 3826 1231 3860 2¹43)
1250 3825 1272 3851 οἷ
1291 3825 1405 3852 πίννα-θοι
1424 3824 1544 3849 ἅλλοντκι
1562 3821 1640 3847 πλεῖον
1658 3821 1753 3852 ἔχοντες
1772 3816 1815 3844 τὲς
1833 3817 1957 3852 aih-ripas,
1980 3814 1992 3842 il
2012 3812 2048 3845 μ’)
2067 3813 2169 3845 ῗχῦντεΐ,

1132 3864 1332 3899 quinquertiones
1342 3863 1399 3895 plus
1407 3860 1520 3896 filiunt,
1538 3867 1592 3883 cum
1609 3855 1696 3883 hahent
1710 3856 1831 3885 halteret,
1850 3852 1951 3888 quamsi
1964 3858 2009 3874 non
2023 3847 2126 3877 babent,
2147 3852 2172 3871 et

1133 3900 1177 3933 qui
1188 3903 1307 3928 currunt,
1325 3898 1428 3922 celerius
1438 3900 1542 3920 currunt
1553 3890 1656 3919 faciatis
1670 3890 1791 3917 manibus.
1826 3889 1922 3922 Repetit
1935 3883 2014 3910 eadem
2027 3882 2107 3908 Probi.
2119 3891 2142 3915 5,
2156 3887 2171 3909 8

1081 3940 1126 3966 105
1134 3932 1177 3960 vbi
1194 3929 1291 3960 traciae
1301 3928 1478 3968 quaestionem,
1496 3938 1540 3956 cur
1552 3926 1694 3961 laboriofius
1706 3926 1744 3961 fit
1761 3924 1863 3955 brachia
1876 3918 1969 3948 iactare
1988 3926 2081 3949 vacua,
2100 3925 2171 3952 quam

1329 3966 1386 3999 5R
1424 3973 1438 3991 o
2119 3959 2172 3977 cum
