2479 4225
34 205 39 215 ι

12 3287 13 3290 ,
17 3280 33 3298 ι-

23 2017 26 2021 .
58 1981 183 2011 Non‘me
196 1986 329 2012 indicente
342 1986 405 2013 haec
419 1985 496 2012 fiunt.

32 2025 41 2029 “
59 2023 157 2046 omnino
169 2022 276 2048 Gronou.
297 2024 340 2057 qui
356 2029 407 2048 tum
420 2022 536 2056 analogia
553 2027 637 2046 tuetur
651 2021 715 2045 hanc
731 2023 851 2046 rationem

10 2956 16 2971 2
60 2941 141 2968 nibus
156 2942 229 2975 presli
249 2942 281 2968 ad
295 2947 385 2969 vetera
399 2941 499 2968 tributa
514 2941 647 2968 deficiunt.

9 3009 16 3031 2*
62 3018 154 3040 rentur
165 3013 234 3047 agri.
273 3013 328 3040 Vid.
341 3014 443 3049 Buleng.
457 3013 485 3039 de
504 3010 602 3049 VeHig.
619 3023 642 3039 c.
656 3019 693 3042 18.

17 3230 25 3251 ⁵
37 3251 39 3253 .

593 195 637 236 ts
721 193 761 235 Ι)

178 285 286 313 Sueton.
299 284 403 312 Neron.
427 294 449 312 c.
462 291 497 319 27
522 284 659 311 Indicebat
677 288 703 311 et
717 281 896 310 familiaribus
906 281 1024 315 Coenas,
1049 281 1074 308 h.
1089 292 1110 309 e.

303 321 366 347 Liu.
383 329 403 353 1,
416 329 448 353 50
473 319 641 354 Principibus
653 320 733 353 longe
751 318 784 345 ab
800 317 881 344 domo
896 317 1005 350 excitis,
1024 318 1110 352 ipsum

694 355 768 381 Caes.
782 353 845 381 Bell.
859 352 927 379 Gall.
942 354 969 385 6,
982 361 1014 385 43
1040 354 1109 380 Con.

915 387 992 413 Diem
1009 397 1109 423 pugnae

70 201 170 250 1069
246 214 247 221 ¹
489 196 506 236 Ι

65 285 127 314 tibi.

66 321 237 348 denmztiabat.

65 357 115 392 qui
131 356 282 384 Concilium
296 355 443 387 indixerat,
461 364 515 382 non
532 356 624 382 adess'e.

65 392 132 419 cilio
146 391 247 418 Galliae
260 392 349 426 primo
363 400 426 419 vere
440 391 651 424 (vt‘instituerat)
668 389 780 421 indicto,
797 395 842 415 etc.

66 427 128 456 Liu.
142 435 181 460 ιο,
195 436 231 459 ²7·
297 427 372 454 Idem
385 435 407 459 3,
420 434 433 460 5
454 433 519 453 extr.

64 497 189 525 virorum
208 499 407 534 mulierumque
426 497 505 525 turba
523 497 711 532 implebantur.
782 495 880 522 Forum
899 494 994 528 Virgil.
1009 496 1072 522 Aen.
1088 503 1109 529 ς,

65 538 113 568 758
139 533 183 559 vbi
195 533 247 560 vid.
261 534 334 561 Seru.
406 534 510 565 Funus,
530 534 636 560 Euocare
648 533 757 559 homines
765 536 812 565 per
841 538 966 556 raet-onem
979 530 1011 556 ad
1017 531 1108 568 fimus.

65 569 136 596 Suet.
152 569 225 596 Caes.
235 575 296 603 c.84
314 570 419 597 Funere
433 568 536 595 indicto
547 577 627 603 rogus
641 565 785 595 exstructus
798 573 812 591 e
838 584 844 592 .
886 565 942 591 Cic.
958 575 1005 599 pro
1021 568 1108 593 Domo

65 613 103 637 42
121 604 208 631 Video
221 605 292 632 enim
306 604 434 640 quosdam
447 603 599 631 clarisshnos
613 603 694 634 viros,
713 600 845 636 principes
859 600 985 633 ciuitatis,
1005 603 1108 637 aliquot
1123 607 1152 626 10

64 639 132 666 locis
151 639 287 671 indicasse,
311 647 337 668 te
357 649 417 667 cum
436 639 514 675 plebe
532 640 592 667 iure
605 646 684 674 agere
705 635 831 672 potuiffe:
857 636 905 670 qui
919 636 998 663 etiam
1018 638 1050 664 de
1066 647 1108 664 me

63 676 138 709 ipso,
159 684 240 710 quum
253 681 298 703 tua
311 675 451 711 rogatione
468 676 563 703 funere
583 675 678 701 elatam
696 672 896 707 Rempublicam
916 673 965 698 csse
982 672 1108 706 dicerent,

64 717 152 738 tamen
167 710 196 738 id
209 712 313 745 Funus,
330 711 375 738 etsi
395 711 522 738 miserum
539 716 618 745 atque
636 708 761 736 acerbum
782 707 882 739 fuisset,
903 707 962 734 iure
976 708 1108 736 indic‘hnn

64 747 114 772 ess'e
131 745 254 773 dicebant
272 757 279 772 :
315 746 388 781 quod
408 746 440 773 de
458 756 501 773 me
522 746 582 772 ciue
600 754 629 772 ac
648 744 680 771 de
700 743 846 778 Republica
866 742 933 769 bene
950 745 1047 771 merito
1068 751 1108 771 tu-

65 782 148 814 lisses}
167 782 297 808 funestum
312 783 391 809 funus
410 788 436 808 te
454 781 573 809 indixisse
587 780 759 815 Reipublicae
772 798 779 810 ‚
797 777 868 814 quod
888 779 966 805 saluis
985 781 1108 814 auspiciis
1123 780 1150 807 15

65 817 173 850 tulisses,
192 818 251 844 iure
265 818 341 852 egisse
354 817 484 845 dicebant.
526 817 574 844 Vbi
578 816 692 852 figurate
702 814 872 851 significatur,
893 815 999 841 Exilium
1013 816 1108 842 Cicero-

62 855 104 879 nis
115 851 245 888 funestum
259 861 282 880 et
299 855 400 880 exitiale
405 851 484 889 fuiffi'
495 853 666 887 Reipzcblicae,
681 850 728 887 sed
739 856 820 876 tamen
833 849 900 876 illam
914 851 997 886 Iegem,
1012 860 1061 887 qua
1072 854 1110 878 ir-

62 895 179 924 rogatum
199 887 246 922 sst,
260 889 376 925 formam
392 889 456 924 Iegis
471 887 586 921 habuiffi'·
655 887 778 914 Honores
797 884 894 919 virgil.
914 888 977 912 Aen.
995 895 1025 919 3,
1045 889 1107 921 264.

62 925 204 951 Honorem
217 925 322 959 templis
334 923 408 951 Idem
422 924 486 950 Aen.
502 932 529 956 1,
547 924 606 956 636.
698 920 804 948 Ieiunia
822 922 915 947 Horat.
937 923 1019 948 Serm.
1036 932 1066 954 2,
1084 931 1108 955 3,

63 968 119 992 291.

65 995 171 1022 flamma
183 1004 213 1022 ac
226 996 300 1022 ferro
313 995 402 1023 delere
413 995 573 1027 voluerunt,
593 1002 647 1020 non
662 992 820 1020 Inimicitias
840 992 940 1025 solum,
965 993 1008 1020 sed
1025 995 1106 1020 etiam

62 1030 164 1058 bellum
184 1030 367 1065 indixiatque
386 1030 476 1057 intuli.
581 1027 718 1064 Opposita:
754 1028 810 1054 Cic.
829 1028 905 1054 Verr.
927 1037 955 1061 5,
974 1034 1009 1059 181
1035 1039 1055 1055 c.
1076 1037 1106 1064 71

62 1067 169 1093 Etenim
182 1065 275 1093 tacitae
288 1065 371 1101 magis
390 1071 416 1093 et
427 1066 546 1092 occultae
561 1064 721 1091 Inimicitiae
735 1062 869 1090 timendae
886 1065 957 1097 sunt,
975 1074 1052 1099 quam
1068 1065 1106 1091 in-

63 1101 151 1128 dictae
164 1107 190 1128 et
202 1107 316 1136 apertae.
408 1101 544 1129 iustitium
558 1100 632 1127 Idem
643 1099 757 1134 Philipp.
768 1105 791 1132 5,
805 1106 830 1131 31
851 1109 873 1125 c.
887 1108 919 1125 12.
991 1101 1050 1127 Liu.
1068 1108 1106 1134 10,

64 1144 90 1163 21
110 1144 152 1177 pr.
179 1137 229 1163 His
249 1135 351 1163 nuntiis
369 1137 477 1164 Senatus
495 1135 670 1167 conterritus,
695 1134 829 1162 Iustitiuui
850 1135 950 1168 indici,
975 1136 1106 1162 delectum
1117 1139 1149 1165 25

62 1181 151 1198 omnis
170 1172 274 1206 generis
297 1172 439 1200 hominum
459 1171 557 1199 habere
579 1170 663 1202 iuslit,
692 1173 711 1197 i.
723 1173 835 1206 primam
859 1174 924 1197 iuris
948 1170 1106 1204 cfffztionem.

60 1206 130 1234 Ada'.
145 1207 206 1234 Liu.
219 1216 243 1240 3,
257 1215 292 1242 27
311 1214 376 1235 extr.
468 1208 550 1241 Leges
569 1207 686 1240 Propert.
700 1215 729 1240 4,
744 1214 770 1238 9,
783 1213 820 1239 55.
892 1207 947 1233 Cic.
962 1208 1038 1234 Verr.
1053 1216 1075 1240 3,
1096 1216 1107 1234 1

61 1241 161 1276 Legem
181 1244 253 1269 enim
276 1243 326 1270 tibi
349 1243 471 1270 indicunt
496 1242 680 1273 innocentiae,
705 1242 904 1274 continentiae,
924 1243 1106 1277 virtutumque

60 1277 193 1315 omnium,
207 1279 256 1314 qui
270 1279 303 1305 ab
318 1279 402 1306 altero
417 1279 548 1305 rationem
560 1278 632 1304 vitae
645 1278 793 1312 reposcunt.
859 1278 940 1307 Ouid.
949 1278 1013 1305 Fast.
1027 1287 1047 1312 1,
1058 1282 1106 1312 659

217 1315 295 1347 Ter,
314 1321 407 1349 quater
424 1313 517 1341 euolui
536 1313 663 1347 signantes
684 1318 805 1348 tempora
823 1313 921 1341 fastos:

259 1351 318 1377 Nec
336 1349 481 1376 sementina
505 1349 542 1375 est
564 1349 619 1375 vlla
645 1354 749 1384 reperta
768 1348 845 1376 dies:
1024 1362 1030 1370 ·

217 1385 295 1413 Tum
310 1385 379 1412 mihi
400 1384 495 1417 (sensit
512 1384 603 1417 enim)
623 1385 682 1411 Lux
701 1384 765 1412 haec
783 1383 927 1417 indicitur,
947 1384 1037 1419 inquit

258 1420 349 1461 Musa,
370 1427 417 1447 etc.
882 1421 925 1449 Sic
937 1420 1003 1448 Fast.
1017 1429 1046 1454 2,
1066 1424 1110 1453 528

216 1455 301 1483 euno
323 1456 449 1490 legitimis
467 1461 529 1483 tunc
548 1456 695 1483 fornacalia
714 1455 806 1483 verbis
860 1484 863 1489 Δ
945 1483 947 1485 ,

86 1524 93 1530 .
256 1492 391 1518 Maximus
412 1492 525 1523 indicit,
551 1501 599 1518 nec
617 1492 681 1518 stata
705 1493 775 1518 sacra
795 1491 869 1518 facit.

58 1525 117 1552 Cic.
131 1525 210 1553 Verr.
224 1535 247 1558 2,
262 1535 288 1560 33
313 1528 406 1554 Tanto
425 1528 544 1555 Mercatu
563 1528 693 1554 Praetoris
712 1526 830 1557 indicto,
851 1527 1019 1554 concurritur
1033 1526 1110 1553 vndi-

58 1569 112 1600 que
124 1561 157 1587 ad
172 1562 258 1596 ipsum
271 1563 416 1595 Syracusas.
523 1562 615 1589 Tacit.
630 1564 697 1589 Anu.
713 1570 748 1596 15,
761 1565 789 1589 61
814 1564 883 1597 Ergo
897 1563 1011 1599 regredi,
1030 1570 1056 1589 et
1069 1563 1109 1588 in-

58 1597 148 1636 dicere
160 1598 277 1624 Mortem
296 1599 414 1625 iubetur.
485 1598 551 1625 Plin.
567 1604 602 1631 18,
615 1607 627 1630 3
650 1599 765 1626 Cautum
778 1599 875 1634 quippe
889 1599 942 1634 est,
963 1608 996 1624 ne
1010 1598 1108 1624 bouem

59 1640 134 1666 prius
148 1641 227 1667 quam
240 1642 320 1660 ouem
334 1635 500 1666 nominaret,
517 1634 562 1668 qui
584 1634 713 1661 indiceret
727 1634 850 1660 Multam.
957 1634 1066 1668 Quin&
1082 1642 1109 1668 7,

59 1670 137 1706 5.(4)
155 1674 219 1694 extr.
249 1669 371 1703 Virginis
390 1669 477 1696 causas
494 1669 686 1703 abdicationis,
705 1670 871 1702 dementiae,
889 1669 958 1696 male
975 1670 1151 1698 uastatio-40

58 1710 119 1734 nis,
144 1703 272 1732 orbarum
293 1705 408 1739 Nuptias
428 1704 614 1733 indicentium.

60 1738 151 1764 Bencf.
166 1747 191 1771 2,
205 1748 239 1771 17.
312 1741 372 1767 Liu.
388 1749 409 1774 1,
424 1749 440 1773 9
469 1741 555 1767 Indici
575 1740 670 1767 deinde
688 1740 811 1768 finitimis
824 1741 1005 1774 Spcfflaculum
1024 1740 1107 1767 iubet.

60 1773 135 1813 Caes.
150 1774 214 1800 Bell.
228 1776 297 1802 Gall.
312 1783 339 1810 7,
354 1785 388 1809 90
414 1776 503 1802 Huius
517 1777 581 1808 anni
593 1776 671 1803 rebus
684 1777 812 1810 cognitis,
831 1777 932 1802 Romae
947 1776 1051 1801 dierum
1068 1776 1108 1800 vi-

57 1814 128 1840 gum
141 1809 302 1844 Supplicatio
314 1811 450 1838 indicitur.
531 1813 592 1838 Liu.
607 1821 633 1844 4,
647 1814 682 1837 60
703 1812 839 1837 Postremo
856 1811 959 1836 indicto
975 1811 1028 1835 iam
1041 1810 1107 1836 Tri-

59 1842 141 1875 buto‚
159 1845 301 1872 edixerunt
314 1847 407 1878 etiam,
431 1852 476 1872 etc.

723 1705 823 1732 Odium
844 1705 971 1740 pecuniae
993 1705 1050 1732 Seu.
1074 1705 1107 1731 de

437 1915 495 1942 Vid.
510 1917 596 1943 Burm-
608 1915 643 1942 ad
655 1915 764 1948 Qun&
779 1915 850 1941 Decl.
862 1923 896 1947 13,
911 1922 924 1947 5
941 1923 965 1948 p.
974 1922 1035 1949 277.

557 1953 616 1978 Non
633 1949 725 1977 dicens.
760 1951 830 1977 Ter.
852 1949 963 1984 Adelph.
983 1958 1004 1981 3.
1025 1959 1052 1982 4,
1073 1951 1108 1975 62

566 1986 626 2012 Liu.
641 1994 678 2015 22,
690 1994 719 2018 39
739 1986 825 2011 Etiam
838 1993 881 2010 ine
895 1984 1036 2013 indicente,
1053 1984 1106 2008 vid.

98 1955 313 1985 1NDICENS,
346 1952 424 1978 entis.
457 1951 519 1978 Adi.

58 2055 218 2090 inopinans,
247 2057 376 2089 Insciens,
409 2056 560 2090 Insperans,
592 2054 755 2088 Intolerans,
786 2054 918 2085 lutrinis,
942 2060 987 2079 etc.
1039 2053 1106 2079 Add.

58 2090 203 2125 Induciae,
232 2092 355 2127 Infitias)
378 2099 430 2118 tum
450 2092 555 2126 exemplo
575 2091 698 2117 Termztii.
751 2090 896 2126 Sth‘picatur
914 2092 987 2115 etiam
1003 2089 1058 2115 Cic.
1075 2089 1108 2115 de

9 2141 15 2166 Ι·
58 2126 117 2152 Fin.
132 2135 157 2158 2,
168 2136 181 2160 3
202 2135 267 2155 extr.
294 2130 374 2161 Eam,
388 2127 406 2154 si
419 2127 576 2154 varietatem
590 2126 706 2158 diceres,
724 2126 914 2161 intelligerem,
935 2131 964 2152 vt
979 2124 1058 2151 ctiam
1071 2124 1109 2150 in-

8 2199 40 2273 ³,

15 2269 20 2279 ‘
54 2270 250 2306 promulgatum.

61 2161 165 2189 dicente
178 2169 203 2189 te
217 2164 340 2198 intelligo
349 2183 355 2194 ‚
376 2163 419 2190 vbi
433 2164 466 2189 al.
480 2170 503 2189 et
516 2163 606 2199 Dauis.
625 2171 680 2189 non
693 2162 804 2189 dicente.

524 2199 604 2226 Gloss.
627 2198 712 2230 Cyril.
727 2196 839 2224 ἄλεκτος.
887 2203 890 2215 ·

575 2232 775 2268 [ἔπαγγελθᾰς]
817 2230 891 2266 Qtod
908 2229 942 2262 es?
954 2230 1109 2264 sollemniter

731 2267 832 2294 Odium
851 2271 961 2300 argento
976 2265 1108 2291 indicium

98 2204 366 2232 1ND1CENDVS,
386 2208 411 2232 a,
431 2208 486 2225 um.

98 2240 316 2267 1ND1C'1'VS,
336 2244 365 2265 a,
386 2244 439 2261 um.
478 2234 538 2261 Adi.

288 2271 372 2304 Dapes
388 2269 468 2297 Ouid.
484 2270 549 2296 Fast.
563 2278 592 2302 4,
604 2269 660 2301 3‘34.

61 2305 120 2331 Sen.
135 2305 215 2339 Epist.
228 2313 250 2338 5.
322 2305 403 2332 Ouid.
416 2304 483 2331 Fast.
497 2307 520 2335 6,
533 2312 583 2336 594
605 2303 633 2328 Si
645 2303 688 2329 vir
700 2311 726 2328 es
741 2302 851 2328 indictas
866 2302 941 2336 exige
954 2300 1024 2327 dotis
1038 2309 1108 2333 opes,

57 2342 78 2366 i.
115 2339 236 2373 rom1ſjas.
411 2338 431 2375 fi
453 2348 470 2365 z
507 2341 565 2365 Non
578 2338 671 2365 dictus.
707 2338 776 2365 Ter.
791 2339 896 2364 phorm.
911 2344 934 2368 ς,
948 2344 972 2370 7,
986 2345 1010 2367 3¹*
1036 2336 1108 2365 Non,

60 2383 97 2402 vo
109 2383 144 2401 o:
175 2375 255 2408 volo,
274 2375 358 2402 nolo:
383 2376 505 2406 rursum,
525 2374 606 2405 cedo,
630 2382 693 2407 cape
708 2384 713 2400 2

60 2409 97 2436 est
111 2421 116 2435 :
152 2411 225 2445 quod
241 2410 322 2437 modo
341 2416 398 2437 erat
415 2417 519 2441 ratum,
540 2409 648 2436 irritum
662 2408 706 2435 est.
800 2408 860 2435 Liu.
875 2417 896 2440 ς,
912 2417 936 2440 15
960 2408 994 2433 Ea
1015 2408 1038 2432 se
1062 2416 1108 2433 nec

57 2453 89 2472 vt
103 2445 205 2473 indicta
217 2446 281 2477 sint,
298 2454 425 2472 reuocare
439 2445 516 2479 posse.
609 2444 684 2478 Virg.
699 2444 764 2470 Aen.
779 2451 806 2478 7,
819 2451 863 2478 733
889 2444 946 2469 Nec
967 2448 995 2468 tu
1016 2443 1108 2468 carmi-

59 2481 138 2507 nibus
158 2482 254 2508 nostris
267 2481 383 2507 indictus
403 2480 500 2507 abibis.
572 2480 640 2506 Hor.
655 2480 744 2506 Carm.
765 2489 786 2511 3,
800 2487 836 2512 :52
849 2485 862 2509 8
886 2480 978 2505 D1can1
999 2478 1108 2512 insigne,

59 2525 167 2550 recens,
190 2517 275 2543 adhuc
311 2515 445 2542 Indieium
459 2524 506 2542 ore
520 2514 583 2543 alio.
676 2515 761 2542 Causa
775 2515 874 2541 indicta
888 2514 1006 2540 damnari
1021 2514 1108 2539 decun-

59 2559 119 2583 την,
141 2555 183 2587 qui
192 2552 290 2588 causam
302 2561 351 2578 non
364 2551 497 2582 dixerunt,
516 2560 590 2586 neque
598 2550 628 2586 se
643 2550 822 2586 defenderunt,
841 2550 950 2586 absentes
969 2558 996 2575 ue
1009 2550 1108 2589 [butem
1120 2549 1152 2581 63

60 2590 123 2614 tiam
134 2586 199 2621 paffi
211 2587 281 2623 sum.
326 2588 381 2614 Cic.
396 2587 428 2614 de
443 2588 522 2621 Legg.
537 2595 557 2618 1,
571 2595 603 2619 42
627 2587 663 2613 Vt
676 2586 799 2613 Dictator
814 2595 894 2620 quem
906 2585 948 2612 vel
961 2590 986 2611 et
1004 2593 1108 2610 cunum

60 2622 162 2649 indicta
176 2624 249 2649 causa
262 2622 370 2656 impune
382 2624 462 2657 posset
480 2621 611 2649 occidere.
705 2620 744 2647 Id.
757 2623 832 2647 Verr.
847 2621 904 2647 Aet.
922 2629 940 2651 1,
956 2629 985 2653 39
1005 2619 1109 2646 Indicia

60 2659 136 2684 causa
150 2658 267 2684 damnati
280 2664 305 2685 et
320 2658 408 2685 eiecti.
476 2657 537 2684 Liu.
548 2665 571 2690 3,
584 2659 616 2690 56
636 2656 717 2692 QlOd
732 2656 749 2682 si
763 2656 861 2682 indicta
875 2657 949 2682 causa
963 2656 990 2681 in
1003 2655 1109 2681 vincula

61 2693 181 2720 ducatur.
238 2695 279 2719 Ita
298 2702 335 2728 19,
349 2698 384 2724 18.
420 2700 443 2720 et
455 2698 493 2727 38,
506 2701 542 2724 33.
636 2693 719 2719 Causa
737 2691 838 2718 indic‘ta
852 2691 1065 2718 animaduertere
1081 2691 1108 2716 in

63 2729 181 2763 aliquem
199 2729 256 2755 Cic.
271 2728 344 2755 Fam.
356 2739 380 2762 5,
395 2737 416 2755 2.

62 2764 155 2790 Rabir.
168 2772 196 2790 12
216 2774 237 2790 c.
251 2773 277 2797 4.

102 2806 318 2830 1ND1CT10‚
344 2800 413 2826 onis.
450 2799 471 2827 f.
506 2799 595 2826 Genus
613 2797 808 2833 pensitationis,
832 2804 862 2824 vt
881 2800 964 2832 inquit
983 2796 1110 2823 Asconius

61 2835 92 2860 in
105 2836 183 2861 Verr.
199 2844 221 2867 2,
236 2843 249 2867 5
268 2836 355 2862 Omne
370 2844 466 2870 genus,
484 2837 583 2869 inquit,
603 2833 782 2869 pensitationis
795 2834 822 2859 in
836 2833 886 2859 hoc
900 2832 985 2867 capite
997 2832 1109 2867 positum

61 2870 116 2901 est,
135 2871 266 2902 Canonis,
285 2871 454 2901 Oblationis,
473 2870 641 2897 indictionis.
674 2872 713 2896 De
726 2870 771 2896 hoc
785 2869 878 2896 titulus
891 2866 923 2901 2st
938 2868 970 2894 de
985 2868 1109 2894 1111118110-

61 2906 141 2932 nibus
162 2915 190 2932 10
211 2908 241 2932 C.
277 2907 331 2933 vid.
346 2913 473 2934 CANON.

740 2940 858 2967 Laetam.
871 2939 903 2966 de
919 2940 999 2966 Mort.
1010 2941 1108 2967 Persec.

62 2986 85 3003 c.
98 2985 115 3012 7
143 2978 179 3003 Vt
191 2977 349 3004 enormitate
363 2977 543 3004 indictionum
559 2976 702 3003 consumtis
713 2976 819 3004 viribus
832 2976 992 3046 coloqorum
1006 2974 1107 3002 descre-

939 3020 955 3037 2
991 3012 1011 3037 E
1050 3015 1108 3037 item

63 3049 177 3083 Computi
184 3068 193 3081 ,
203 3048 229 3084 s
244 3049 353 3084 Epochae
366 3059 459 3085 genus,
478 3048 756 3084 etfignificatspatium
768 3046 906 3082 quindecim
918 3010 1047 3081 annom-(lgr,
1064 3050 1107 3083 qui

61 3087 90 3110 in
99 3084 128 3119 se
142 3086 316 3117 reuoluuntur,
335 3086 426 3111 Graeci
439 3084 583 3117 ἐπινεμήσεις
594 3090 693 3110 vocant.

67 3120 155 3152 Temp.
166 3129 182 3152 5
201 3126 228 3154 p.
240 3130 297 3154 470.
334 3121 421 3147 Petau.
439 3120 467 3146 de
482 3119 574 3146 Doc‘l'r.
593 3121 677 3155 Temp.
690 3129 725 3151 ιι,
736 3128 777 3153 39,
792 3128 831 3153 40.
867 3124 890 3144 et
902 3119 1035 3145 Rationar.
1051 3128 1106 3152 7,1.

102 3161 112 3180 1
123 3159 146 3179 N
156 3160 176 3180 D
184 3160 193 3178 1
203 3161 221 3181 c
230 3161 252 3180 T
262 3163 271 3181 1
279 3162 298 3181 Ο
309 3162 332 3182 N
343 3163 366 3183 A
374 3164 390 3182 L
399 3164 409 3182 1
419 3162 448 3189 S,
473 3165 497 3182 e.
534 3155 595 3182 Adi.
638 3154 682 3182 Ad
696 3153 858 3181 indictionem
870 3157 1009 3189 pertinens.
1045 3155 1106 3180 Am-

65 3190 147 3216 mian.
160 3195 197 3222 17,
210 3197 222 3221 3
240 3190 418 3218 ΙηάἰέῐίοηᾶΙε
431 3197 599 3226 augmentum
612 3190 730 3217 oblatum
744 3189 794 3216 sibi
805 3189 881 3216 humi
895 3190 1022 3224 proiecit:
1043 3199 1107 3216 nem-

60 3232 94 3261 pe
108 3224 230 3256 libellum,
250 3234 295 3260 quo
309 3227 434 3260 confilium
448 3234 472 3253 et
485 3230 552 3254 ratio
567 3230 618 3253 eius
631 3229 670 3253 rei
678 3225 820 3261 perscripta
832 3232 894 3252 erat.

103 3269 113 3286 1
123 3266 144 3285 Ν
155 3266 172 3285 D
182 3265 191 3283 1
201 3265 336 3288 c'rictv
346 3269 376 3295 s,
395 3271 426 3296 a,
445 3271 500 3289 um.
535 3262 597 3289 Adi.

25 3300 27 3326 ζ
67 3295 148 3323 &icia
166 3303 257 3321 onera.

104 3339 115 3359 1
125 3338 147 3357 N
157 3338 175 3357 D
184 3338 193 3356 1
203 3330 270 3370 CTi
279 3337 367 3371 V·V,S‚
384 3341 410 3366 a,
429 3342 485 3363 um.
522 3333 582 3360 Adi.
618 3332 809 3367 [ἒπείγγελτος]
844 3330 918 3367 and
932 3329 1054 3357 indit-hm
1069 3329 1111 3364 est.

10 3388 17 3413 5
66 3367 109 3430 get
128 3366 232 3428 ugunus
246 3365 420 3407 mdnffluum,
439 3369 481 3396 Ad
494 3369 568 3405 quod
583 3377 630 3404 per
644 3377 800 3404 praeconem
814 3367 1006 3397 enecabantur,
1025 3373 1055 3393 vt
1074 3370 1113 3394 ait

12 3433 25 3478 ’.Ὗ
68 3479 94 3500 et
105 3446 116 3498 i
118 3444 153 3499 ᾗ
156 3441 247 3499 iigilbtltlss
253 3442 316 3497 {¹101³
319 3442 356 3497 ilss
366 3455 376 3469 ,
394 3444 418 3464 e.
453 3439 514 3468 Adi.
549 3440 646 3468 Sarisb.
660 3439 739 3476 Epist.
751 3447 797 3473 291
817 3439 927 3466 Referre
945 3438 1057 3473 longum
1074 3437 1111 3464 est
1121 3440 1158 3465 90
1173 3440 1279 3474 indigus
1300 3439 1376 3466 ensis.

106 3513 282 3535 1ND1CTO
306 3512 510 3543 Avn1ENs‚
548 3511 624 3539 entis,

69 3553 127 3580 pres
140 3545 257 3577 Iren.4,
277 3547 318 3572 80.

106 3581 298 3605 1ND‘1'DEM.

696 3511 714 3538 Ι
713 3512 881 3547 mmorigerus.

335 3576 485 3611 [Ἐντεῦθεν.
505 3578 615 3609 οἷοι-ὄθεν.
632 3581 659 3608 ἔκ
671 3582 704 3608 τέ
716 3581 796 3612 duri,
807 3580 885 3607 Gloss.
899 3580 955 3606 Lat.
969 3579 1030 3613 Gn]
1058 3578 1110 3605 Ad-

68 3651 130 3677 loco.
165 3650 222 3677 Cic.
236 3657 284 3683 pro
297 3649 373 3675 Rose·
387 3649 476 3675 Amer-
490 3657 527 3684 74
547 3660 568 3677 c.
583 3659 614 3687 27
636 3653 664 3680 Si
677 3662 722 3687 per
735 3652 802 3679 alios
815 3652 902 3679 fecisse
914 3650 995 3682 dicis,
1008 3658 1109 3685 quaero

70 3687 193 3712 seruosne
211 3694 245 3711 an
263 3683 364 3711 liberos
379 3685 388 3711 3
415 3692 482 3718 quos
500 3683 636 3715 homines3
672 3688 828 3715 Indidemne
842 3687 964 3718 Ameria,
984 3695 1017 3712 an
1031 3685 1110 3711 hosce

70 3730 102 3747 ex
115 3721 181 3747 vrbe
195 3720 317 3747 sicarios?
394 3718 468 3746 Idem
485 3718 517 3745 de
528 3721 620 3749 Diuin.
633 3732 652 3755 1,
666 3732 704 3756 131
728 3723 902 3758 [ndidemque
915 3722 1021 3753 eadem,
1042 3729 1109 3754 quae

69 3757 196 3783 oriuntur
211 3757 243 3782 de
256 3756 360 3790 integro
379 3761 458 3789 atque
471 3753 570 3782 eodem
583 3758 714 3785 occidunt.
751 3760 788 3786 Ex
800 3759 924 3786 Pacuuio.
959 3756 1033 3792 Conf-
1048 3757 1110 3783 Liu.

69 3800 115 3826 27,
130 3800 166 3818 12..
202 3791 279 3831 Gell.&
286 3793 312 3823 6,
327 3800 363 3817 10.
400 3791 469 3824 Nep.
486 3798 521 3823 ις,
534 3797 558 3823 5,
571 3799 596 3818 2..
631 3799 655 3818 et
669 3794 742 3828 Apul.
757 3797 774 3821 6
806 3804 830 3829 p.
847 3799 897 3823 180.

108 3833 118 3852 1
130 3834 152 3853 N
164 3833 182 3853 D
192 3834 201 3852 1
211 3834 226 3854 F
238 3833 254 3853 F
264 3834 279 3852 r:
290 3833 307 3852 R
318 3834 334 3853 E
343 3833 365 3852 N
376 3833 388 3852 s
399 3845 407 3857 ‚
428 3826 504 3852 entis.
539 3826 599 3853 Adi.
635 3826 795 3864 [ἀδιάφορος]
830 3831 879 3856 Res
892 3827 981 3854 mulia.
1012 3827 1067 3854 Cic.
1077 3826 1110 3854 de

70 3861 127 3887 Fin.
145 3871 166 3893 3,
180 3871 206 3902 53
228 3863 320 3897 Itaque
335 3861 361 3887 id
376 3861 534 3893 desinimus,
553 3860 624 3896 qnod
638 3861 669 3888 sit
685 3862 835 3892 indifferens
855 3874 914 3891 cum
927 3862 1109 3890 aestimatione

70 3896 211 3923 mediocn.
246 3898 318 3934 quod
335 3897 408 3924 enim
420 3897 464 3923 illi
481 3894 606 3930 ἀδιάφορον
626 3895 732 3927 dicunt.
752 3899 780 3925 id
791 3900 861 3926 mihi
880 3900 917 3927 ita
931 3899 1062 3928 occurrit⁷
1080 3903 1110 3924 vt.

43 3958 47 3961 .
69 3931 223 3959 indifferens
237 3933 362 3960 dicerem.

9 3970 11 3979 '
37 3993 41 3997 ,
69 3975 117 3994 nec
134 3967 217 3995 mala:
242 3975 270 3995 vt
282 3975 479 4004 paupertatem,
492 3974 539 3995 etc.

593 3966 669 3995 Idem
680 3972 721 3999 82.

559 427 610 453 His
623 425 773 453 auertendis
788 422 936 451 terroribus
950 423 978 449 in
991 424 1109 451 triduum
1129 427 1144 454 5

24 472 30 477 ¹
65 464 159 490 Feriae
173 462 307 495 indictae,
325 471 372 497 per
390 471 453 497 quas
473 462 566 489 omnia
582 461 692 489 delubra
710 469 798 497 pacem
816 457 895 485 deum
913 460 1110 493 exposcentium

214 960 270 987 Cic.
291 959 323 986 de
341 959 463 986 Prouinc.
487 960 565 986 Cons.
584 966 620 991 24
652 957 757 983 Etenim
777 956 795 983 si
813 956 861 988 iiS‚
881 957 926 991 qui
940 957 1002 984 haec
1016 959 1106 985 omnia
1119 962 1154 981 20

539 1848 598 1873 Nan
610 1854 735 1880 nunquam
748 1846 812 1871 idem
825 1844 859 1877 est
877 1854 906 1870 ac
921 1844 1054 1874 Inducere,
1069 1847 1107 1868 iu-
1113 1848 1147 1874 45

51 1877 128 1914 ferre
142 1888 150 1903 :
185 1889 211 1906 υ.
226 1890 252 1916 g.
278 1881 384 1907 Sueton.
400 1881 486 1914 Calig.
514 1890 536 1906 c.
552 1883 584 1907 26
612 1880 678 1907 Non
691 1889 827 1914 nunquam
848 1879 951 1906 horreis
967 1878 1108 1913 praeclusis

46 1938 50 1943 ,
57 1913 161 1948 populo
173 1915 273 1941 famem
288 1916 396 1943 indixit.

880 2019 955 2052 (vid.
974 2018 1107 2050 Inficicns,
1120 2024 1151 2048 50

1142 2197 1152 2205 “
1171 2196 1259 2228 cunia,
1280 2203 1358 2230 quam
1374 2194 1515 2228 pecuniam
1525 2193 1587 2220 viro
1600 2192 1772 2226 indigentem.

751 2373 822 2408 quod
841 2373 956 2402 dicium,
977 2372 1149 2399 inaneiuxnoo

510 2727 615 2754 Indicia
628 2728 703 2754 causa
715 2727 802 2754 ciuem
814 2726 987 2754 condemnari
1005 2725 1043 2753 Id.
1060 2734 1108 2760 pro
1116 2728 1152 2756 70

540 2905 606 2932 Plin.
619 2907 711 2940 Paneg.
727 2914 749 2932 c.
762 2913 793 2938 29
817 2905 876 2932 Nec
891 2904 971 2930 nouis
984 2903 1108 2930 indictio·
1119 2906 1153 2935 75
1172 2906 1240 2932 Gell.
1254 2915 1280 2940 4,
1295 2914 1305 2931 1
1329 2904 1379 2932 Sed
1395 2904 1446 2931 hoc
1465 2903 1541 2939 plane
1561 2901 1671 2936 indigeo
1685 2900 1828 2928 addiscere.

734 3082 794 3109 Vid.
808 3082 855 3118 Ios]
863 3083 955 3118 Scalig.
968 3083 998 3109 de
1006 3082 1105 3109 Emend.
1117 3083 1151 3110 80
1170 3084 1284 3111 alterum
1297 3081 1406 3109 alterius
1419 3080 1523 3107 auxilio
1536 3086 1595 3115 eget
1609 3079 1710 3106 Sallust.
1725 3079 1804 3105 Catil.
1821 3086 1840 3103 1.

634 3261 745 3289 Cassiod.
764 3262 826 3288 Var.
845 3260 924 3296 Epist.
937 3266 966 3293 5„
980 3268 1011 3293 14
1036 3260 1109 3287 Indi·
1122 3263 1152 3291 85
1171 3262 1216 3288 cit.
1235 3271 1257 3288 c.
1272 3270 1298 3294 9.

935 3509 995 3535 Vet.
1027 3509 1111 3536 Inter-

454 3932 512 3958 Sen.
529 3932 607 3968 Epist.
623 3938 651 3963 83
678 3931 856 3961 Indiffcrentia
869 3944 949 3967 voco,
968 3943 1015 3960 nec
1029 3933 1110 3965 bona,

788 3969 943 4001 Indifferens
955 3970 1048 4003 homo,
1061 3978 1160 4007 ’¹⁰⁷²105‘
1168 3968 1233 4006 pqffb
1249 3966 1486 4029 Indigetes‚6qzeaJi
1503 3967 1633 3994 Indicetes
1652 3967 1682 3994 ab
1701 3963 1863 3998 indicando,
1880 3957 2029 3989 dedicando,
2051 3953 2214 3991 consecrando

1570 192 1589 234 1
1666 191 1711 232 tt
1790 192 1830 233 1)

1170 287 1247 311 nimis
1266 284 1378 321 elegans,
1400 291 1474 319 neque
1491 280 1605 318 d1ffic1'11's
1624 286 1669 308 aut
1686 280 1794 316 moro-sits
1812 284 1840 307 in
1859 291 1886 309 re
1904 284 1996 319 aliqua.
2038 283 2146 311 Suc-ton.
2165 285 2216 312 Iul.

1172 321 1244 347 Caes.
1264 329 1286 347 c.
1301 329 1328 352 53
1349 319 1419 346 Nam
1432 319 1501 344 circa
1516 317 1617 345 victum
1631 317 1711 344 Caius
1723 317 1825 350 Oppius
1835 317 1901 343 adeo
1917 318 2110 346 indifferentem
2127 320 2218 353 docet,

1170 361 1200 382 vt
1213 355 1346 390 quondam
1364 354 1397 381 ab
1413 353 1515 388 hospite
1530 353 1666 380 conditum
1680 352 1780 383 oleum,
1799 360 1847 386 pro
1861 353 1943 380 viridi
1956 355 2118 389 appositum,
2132 356 2217 390 asper-

1170 392 1294 418 nantibus
1313 390 1422 417 caeteris
1442 389 1524 415 solum
1539 389 1618 415 etiam
1631 388 1729 423 largius
1744 386 1814 413 dicat
1827 388 1958 421 appetisse.
1993 390 2047 417 vid.
2065 391 2101 417 ibi
2112 390 2216 427 Casaub.

1171 427 1328 453 Indifferens
1346 425 1424 452 dolor
1441 424 1508 458 apud
1522 424 1623 451 Stoicos
1641 433 1695 450 non
1708 422 1806 450 malum
1825 422 1895 449 Gell.
1909 430 1942 453 12,
1955 430 1979 455 5.

1207 469 1218 488 1
1231 469 1252 487 N
1264 468 1282 488 D
1293 468 1328 488 11Τ
1340 467 1357 487 r
1369 467 1386 487 13
1394 467 1413 487 R
1422 466 1438 486 E
1451 466 1472 485 N
1482 466 1504 486 ‘r
1514 466 1523 485 1
1532 467 1554 486 Λ
1564 479 1571 490 ,
1592 468 1631 486 ae.
1669 459 1689 486 f.
1725 457 1894 494 [ἀδιαφορία]
1929 458 2080 491 Similitudo,
2092 459 2217 494 affinitas.

1170 499 1350 524 conuenientia.
1386 495 1452 522 Gell.
1467 503 1502 527 13,
1515 503 1528 527 3
1548 495 1607 522 Hoc
1623 503 1672 530 ego
1686 493 1771 529 scripsi
1791 493 1823 521 de
1836 495 1975 528 vtriusque
1992 494 2116 522 vocabuli
2135 497 2216 523 indif-

1171 533 1293 560 ferentia.
1330 531 1400 559 Ibid.
1421 540 1443 558 c.
1458 539 1492 556 21.

1208 575 1218 594 1
1230 575 1252 593 N
1262 574 1280 594 o
1290 575 1299 593 1
1311 573 1327 593 F
1342 573 1358 594 Ρ
1370 574 1387 594 E
1396 573 1415 593 R
1425 572 1441 592 E
1453 572 1476 591 N
1486 572 1508 592 r1·
1519 571 1536 591 E
1546 571 1574 591 r..
1611 563 1728 592 Aduerb.
1771 564 1784 598 [
1791 561 1945 600 ἀδιαφόρως]
1981 562 2216 599 Indiscriminatim.

1170 603 1274 630 Paullus
1293 604 1321 629 in
1337 603 1354 629 l.
1369 602 1412 629 Ne
1425 601 1484 636 quis
1503 601 1536 627 D.
1551 601 1583 626 de
1602 600 1700 627 custod.
1715 608 1784 626 reor.
1808 599 1835 626 Si
1850 608 1917 634 quos
1934 607 1966 625 ex
1979 599 2028 631 iis,
2049 600 2097 633 qui
2111 601 2139 626 in
2151 602 2217 628 ciui-

1170 639 1268 666 tatibus
1282 640 1350 671 sunt,
1371 637 1493 664 celeriter
1507 641 1533 662 et
1545 635 1598 662 fine
1612 637 1685 662 causa
1701 635 1798 662 solutos
1809 643 1825 662 a
1840 633 2033 669 magistratibus
2045 637 2218 669 cognoueris:

1171 675 1270 702 vinciri
1288 673 1412 705 iubebis,
1432 678 1458 698 et
1476 672 1525 703 iis,
1549 671 1595 705 qui
1615 671 1758 702 soluerint,
1778 670 1889 697 multam
1906 670 1986 697 dices.
2042 670 2114 697 Nam
2134 680 2219 705 quum

1170 709 1346 742 scierint,sibi
1360 716 1468 743 quoque
1482 707 1618 733 molestiae
1632 707 1752 733 futurum
1765 705 1956 739 magistratum,
1965 705 1982 732 si
1995 705 2075 732 facile
2088 705 2219 733 soluerint

1170 745 1276 772 vinstos
1292 756 1298 772 ε
1333 752 1387 771 non
1405 741 1588 770 indifferenter
1608 741 1641 769 de
1660 747 1765 768 caetero
1783 740 1890 767 facient.
1926 741 2000 777 Conf.
2013 740 2144 775 Qinoul.
2153 750 2178 774 9,
2192 750 2219 768 2.

1171 788 1194 808 et
1213 790 1245 814 11,
1259 790 1271 813 3
1286 787 1333 816 pr.
1402 778 1618 805 Sueton.D0mit.
1637 786 1659 804 c.
1674 785 1700 809 23
1721 776 1844 803 Occisum
1857 784 1918 803 eum
1932 775 2046 810 populus
2063 776 2221 804 indifferen-

1171 812 1221 852 ter,
1236 816 1313 843 miles
1326 814 1473 849 grauissime
1488 813 1558 841 tulit.
1599 812 1782 840 [ndifferenter
1795 811 1889 839 viuere
1903 811 1986 839 Scrib.
1998 820 2048 839 121.
2164 810 2186 850 fl
2203 820 2220 840 a

1171 852 1228 880 Sine
1241 851 1360 878 dilatione
1373 849 1509 884 Augustin.
1522 848 1601 883 Epist.
1614 857 1646 881 34
1664 847 1696 874 ad
1710 847 1822 874 Paullin.

1207 893 1297 914 1ND1
1309 892 1352 912 Fr
1363 893 1372 912 1
1383 887 1444 912 c'1'1.
1456 893 1464 911 1
1475 891 1487 911 s
1500 904 1510 917 ‚
1541 891 1590 920 pro
1615 883 1692 910 Valde
1715 880 1838 917 dzfficilis.
1880 881 2009 909 Laudatur
2029 881 2061 909 ab
2079 882 2220 918 Efflhraeo

1169 923 1251 949 indice
1268 923 1341 957 Virg.
1362 922 1420 947 Voc.
1440 919 1579 947 Infra&us.
1615 918 1740 945 Scaeuola
1754 918 1813 945 inl.
1827 916 1919 944 Gallus
1943 915 1967 954 §.
1987 917 2036 944 Ille
2048 919 2118 945 casus
2139 918 2171 944 D.
2184 917 2220 945 de

1170 958 1218 985 lib.
1232 964 1257 984 et
1271 957 1355 992 posth.
1375 957 1423 983 Ille
1442 957 1511 982 casus
1531 953 1677 982 indifficilis
1694 954 1748 986 est,
1769 953 1787 979 si
1807 952 1894 979 filium
1915 953 2027 987 habeas,
2047 960 2073 980 et
2094 959 2220 988 nepotem

1169 993 1288 1020 nondum
1300 998 1390 1019 natum
1404 992 1522 1018 instituas
1533 1010 1542 1023 ,
1558 991 1633 1024 isque
1646 989 1766 1016 nascatur
1778 988 1843 1015 viuo
1857 994 1930 1022 patre
1944 989 2005 1020 suo,
2024 997 2054 1015 ac
2066 998 2129 1016 mox
2144 996 2219 1024 pater

1169 1028 1284 1055 decedat.
1321 1028 1368 1056 Sed
1378 1029 1471 1063 legitur
1484 1025 1551 1053 reste
1563 1036 1571 1051 :
1599 1024 1647 1051 Ille
1661 1025 1731 1051 casus
1745 1024 1774 1050 in
1786 1021 1891 1050 difficili
1904 1023 1950 1052 est.
1997 1024 2079 1051 Habet
2092 1025 2129 1051 ibi
2141 1026 2220 1060 plura

1169 1075 1218 1092 non
1236 1066 1317 1100 magis
1332 1063 1472 1099 probabilia
1488 1061 1650 1096 Etythraeus.

1204 1108 1214 1127 1
1228 1106 1248 1126 N
1260 1106 1279 1127 D
1288 1106 1298 1124 1
1308 1105 1324 1126 p
1335 1106 1348 1125 r
1358 1106 1366 1124 1
1378 1105 1395 1125 c
1407 1106 1426 1124 v
1435 1105 1451 1125 L
1461 1103 1484 1124 'r
1493 1103 1510 1124 13
1519 1103 1548 1123 R.
1585 1095 1653 1123 Adu.
1688 1093 1781 1121 Claud.
1795 1093 1919 1121 Mamert.
1934 1092 1966 1120 de
1978 1094 2040 1122 Stat.
2054 1094 2144 1122 Anim.
2159 1103 2180 1128 1,
2192 1103 2221 1123 21

1169 1136 1257 1170 Aquas
1276 1133 1448 1161 indifficulter
1464 1132 1583 1160 haurire.

1205 1179 1215 1197 1
1226 1179 1248 1198 N
1258 1177 1277 1197 D
1286 1178 1296 1197 1
1305 1177 1326 1197 G
1338 1168 1353 1196 ἑ
1363 1177 1383 1195 Ν
1394 1177 1433 1202 A,
1459 1178 1498 1195 ae.
1535 1176 1559 1195 c.
1600 1164 1771 1200 [adeiz-iau,
1791 1163 1872 1191 Gloss.
1888 1163 1945 1190 Lat.
1959 1163 2008 1190 Gr.
2022 1162 2150 1199 ἐγχώριος,
2169 1166 2221 1191 ἐπι.

1168 1206 1273 1243 χώρας]
1309 1206 1420 1237 dicitur,
1441 1207 1483 1240 qui
1496 1213 1546 1230 non
1558 1201 1655 1229 aliunde
1668 1204 1696 1227 in
1709 1202 1817 1236 anquam
1831 1202 1945 1235 patriam
1960 1201 2046 1233 venit,
2059 1200 2107 1234 sed
2122 1201 2158 1226 ibi
2176 1209 2222 1225 na-

1169 1251 1210 1269 tus
1225 1241 1275 1276 est,
1300 1240 1367 1277 quast
1385 1240 1451 1267 Indo
1470 1240 1510 1266 vel
1529 1238 1596 1266 Indu
1616 1237 1730 1272 genitus.
1763 1235 1817 1262 vid.
1834 1240 1986 1262 ADVENA.
2020 1260 2023 1263 ⁴
2058 1235 2119 1261 Liu.
2132 1243 2169 1266 21,
2187 1243 2222 1267 30
2251 1245 2257 1253 ⁴

1169 1279 1228 1306 Nec
1258 1279 1373 1303 maiores
1394 1284 1489 1302 eorum
1514 1274 1666 1308 indigenas,
1697 1271 1741 1299 sed
1764 1270 1878 1298 aduenas
1901 1270 1993 1297 Italiae
2015 1270 2147 1304 cultores,
2172 1277 2220 1296 etc.

1170 1314 1252 1341 Ouid.
1266 1313 1331 1340 Met.
1344 1321 1370 1344 2,
1383 1316 1435 1344 840
1453 1309 1575 1344 Suspicit,
1589 1308 1727 1342 indigenae
1740 1306 1868 1333 Sidonida
1881 1306 1989 1332 nomine
2002 1306 2103 1333 dicunt.
2147 1306 2222 1332 Deus

1170 1349 1209 1377 1d.
1227 1350 1291 1376 Met.
1305 1350 1332 1381 6,
1349 1355 1404 1380 330.
1496 1346 1570 1380 Virg.
1585 1345 1649 1370 Aen.
1665 1349 1688 1376 8,
1702 1351 1747 1377 3¹4
1772 1343 1845 1369 Haec
1857 1350 1968 1368 nemora
1980 1341 2120 1376 indigenae
2133 1341 2221 1369 Fauni

1170 1384 1365 1419 Nymphaeque
1385 1381 1518 1409 tenebant.
1560 1380 1609 1407 Vbi
1626 1379 1774 1410 Turnebus,
1800 1376 1852 1411 Etst
1863 1377 1925 1410 hoc,
1942 1379 2041 1413 inquit,
2061 1377 2091 1403 de
2102 1376 2153 1402 diis
2165 1377 2222 1403 illo-

1171 1431 1227 1449 rum
1244 1422 1351 1447 locorum
1368 1418 1478 1452 dicitur,
1495 1426 1568 1454 quum
1587 1423 1667 1443 tamen
1681 1423 1720 1441 cos
1732 1412 1870 1448 indigenas
1883 1412 1970 1445 dicat,
1985 1412 2019 1438 ad
2032 1421 2112 1439 eorum
2118 1412 2222 1448 finten-

1171 1461 1234 1484 tiam
1246 1456 1369 1493 respexit,
1384 1456 1426 1491 qui
1442 1454 1633 1486 autochthones,
1652 1451 1682 1477 id
1697 1449 1730 1484 est
1749 1449 1890 1486 aborigines
1906 1455 1930 1475 et
1947 1451 2089 1488 terrigenas
2096 1448 2126 1483 se
2139 1447 2221 1483 cense-

2123 208 2218 248 1070

1122 1497 1151 1525 33
1171 1494 1246 1524 bant,
1261 1500 1290 1519 vt
1303 1490 1482 1526 Athenienses,
1497 1490 1610 1526 Argiui,
1629 1486 1755 1519 Arcades,
1777 1483 1896 1518 Theffali.
1924 1484 2093 1523 -Censormus
2106 1483 2222 1522 hac-con·

1164 1529 1257 1566 firmat
1275 1528 1306 1554 de
1321 1527 1372 1554 Die
1386 1527 1449 1554 Nat.
1469 1535 1491 1552 c.
1504 1535 1523 1559 4
1550 1525 1689 1559 Denique,
1708 1524 1806 1557 inquit,
1828 1521 1879 1546 hoc
1894 1525 1975 1546 etiam
1990 1519 2073 1558 vulgo
2085 1517 2223 1546 cred1tu1n

1171 1565 1223 1598 est,
1242 1570 1269 1590 vt
1284 1563 1405 1598 plerique
1419 1561 1589 1597 genealogiae
1603 1559 1724 1586 auctores
1736 1559 1810 1587 sunt,
1827 1554 1992 1591 quarundam
2003 1560 2135 1594 genuum,
2152 1562 2223 1593 quae

1171 1610 1203 1627 ex
1217 1599 1367 1626 aduenticia
1383 1599 1462 1632 stirpe
1473 1606 1529 1623 non
1543 1597 1619 1626 sunt,
1634 1594 1765 1629 principes
1784 1592 1929 1626 terrigenas
1940 1590 2013 1630 csse,
2032 1595 2062 1617 vt
2080 1598 2108 1629 ¹¹.¹
2124 1589 2223 1628 Attica,

1174 1635 1286 1663 Arcadia
1295 1655 1302 1666 ‚
1327 1634 1534 1668 Thessaliaque,
1559 1639 1657 1666 eosque
1677 1627 1869 1656 autochthones
1888 1631 2017 1656 vocitan,
2045 1629 2074 1650 vt
2093 1632 2122 1650 in
2144 1624 2224 1662 Italus

1170 1673 1250 1698 Po'e‘ta
1263 1670 1359 1696 cecinit
1372 1669 1510 1703 Nymphas
1522 1667 1710 1701 indigenasque
1723 1665 1826 1690 Faunos
1838 1669 1949 1701 nemora
1962 1659 2091 1695 quaedam
2104 1660 2223 1698 tenuisse,

1171 1716 1225 1734 non
1241 1705 1358 1733 difficilis
1373 1705 1447 1732 rudis
1468 1704 1641 1737 antiquorum
1659 1699 1801 1727 credulitas
1819 1701 1928 1730 recepit.
2016 1694 2224 1733 Popu11,·1.an·2

1169 1744 1266 1769 Lucan.
1282 1751 1308 1773 2,
1321 1748 1380 1773 432.
1472 1739 1568 1769 Potio,
1588 1740 1606 1762 i.
1621 1745 1669 1761 non
1682 1736 1778 1760 exotica
1797 1732 1870 1758 Flor.
1883 1739 1908 1761 2,
1923 1734 1956 1761 18,
1970 1737 2006 1755 12.
2103 1728 2169 1754 Phn.
2183 1737 2224 1761 14,

1170 1781 1187 1804 6
1208 1783 1273 1803 extr.
1304 1775 1402 1801 Dixisse
1420 1773 1521 1806 hospiti
1540 1772 1572 1797 de
1591 1770 1715 1803 indigena
1733 1767 1811 1799 vin0.
1864 1766 1907 1793 Sic
1918 1764 2075 1799 Indigenas,
2095 1763 2223 1791 Adtiec'tis

1169 1813 1271 1846 opponit
1288 1809 1357 1836 Tac.
1367 1809 1422 1834 Vit.
1436 1807 1526 1841 Agric.
1541 1813 1576 1838 11,
1591 1814 1610 1832 1.
1648 1803 1722 1839 Conf-
1736 1801 1827 1829 Sidon.
1839 1800 1919 1836 Epist.
1933 1805 1958 1832 8,
1973 1809 2007 1827 12.

1207 1853 1216 1871 1
1228 1851 1249 1871 Ν
1261 1848 1279 1870 D
1289 1852 1299 1871 1
1310 1842 1358 1871 Gi}
1368 1849 1389 1868 Ν
1399 1849 1458 1876 VS,
1477 1851 1502 1875 a,
1522 1850 1576 1867 um.
1613 1839 1674 1866 Adi.
1716 1838 1876 1865 vernaculus.
1914 1835 1991 1870 Apul.
2006 1835 2070 1862 Met.
2084 1844 2093 1862 1
2114 1844 2139 1869 p.
2153 1843 2186 1866 15.

1207 1888 1216 1906 1
1227 1886 1250 1906 N
1262 1885 1281 1906 D
1290 1888 1300 1906 1
1308 1885 1328 1906 G
1336 1885 1354 1906 E
1365 1884 1389 1904 N
1402 1885 1410 1904 1
1422 1885 1443 1905 Τ
1452 1879 1475 1905 A
1483 1885 1498 1903 L
1508 1884 1517 1903 1
1527 1884 1540 1904 S
1549 1896 1558 1909 ‚
1579 1885 1602 1902 e.
1638 1874 1700 1901 Adi.
1736 1871 1932 1906 [αὐτοχθόνιος]
1968 1870 2071 1898 Verbum
2081 1870 2223 1906 obsoletum,

1171 1915 1324 1949 afferebatur
1336 1924 1365 1940 ex
1378 1913 1435 1940 Cic.
1449 1913 1481 1939 de
1494 1913 1568 1939 Orat.
1584 1919 1606 1942 3,
1621 1918 1666 1943 134
1686 1917 1708 1934 c.
1722 1913 1757 1939 38.
1792 1906 1840 1935 Sed
1852 1906 1962 1933 latebant
1977 1905 2015 1932 ibi
2028 1904 2063 1931 Di
2084 1905 2222 1940 genitales.

1170 1945 1202 1977 E't
1213 1950 1295 1984 sermo
1308 1950 1345 1975 ibi
1357 1947 1390 1981 ψ
1408 1948 1436 1974 de
1449 1958 1489 1979 co,
1509 1947 1552 1974 vbi
1566 1946 1618 1972 sine
1632 1942 1824 1971 coniunctione
1835 1940 1919 1969 verba
1930 1947 2065 1969 nouantur
2079 1951 2085 1967 ι
2111 1941 2176 1977 quod
2186 1940 2222 1968 ad

1170 1984 1354 2019 indigenitalin
1371 1992 1420 2008 non
1436 1982 1553 2017 quadrae.

1208 2027 1217 2045 1
1228 2026 1250 2045 N
1259 2021 1327 2046 Di'G
1337 2025 1353 2045 E
1362 2024 1381 2045 o
1391 2038 1398 2050 ,
1419 2019 1464 2049 ui,
1483 2020 1536 2044 ere.
1913 2012 1994 2038 Exin
2006 2017 2030 2038 et
2043 2011 2113 2046 Egeo
2126 2017 2222 2047 compo-

1573 2015 1681 2051 [ἄπορέω
1688 2034 1696 2047 ,
1713 1999 1876 2050 προσδέομα1]

1164 2054 1254 2089 ficum,
1279 2062 1297 2082 D
1317 2053 1460 2089 interposito
1473 2053 1604 2089 euphoniae
1618 2051 1691 2087 causa
1703 2061 1711 2075 :
1736 2049 1800 2075 idem
1813 2048 1878 2084 quod
1888 2047 1958 2082 Egeo
1964 2046 1989 2081 fi
2008 2046 2108 2082 mficat,
2121 2053 2145 2073 et
2155 2055 2222 2074 nunc

1173 2092 1298 2123 Genitiuo,
1315 2099 1380 2116 nunc
1391 2089 1510 2116 Ablatiuo
1523 2091 1566 2114 iun
1586 2089 1647 2114 itur.
1693 2085 1825 2111 Genitiuo:
1851 2083 1986 2110 Plaut.Cit
2000 2082 2033 2108 el.
2049 2091 2069 2114 1,
2084 2091 2104 2114 1,
2119 2091 2145 2114 33
2164 2082 2222 2122 Sui·
2244 2084 2245 2088 ’

1172 2135 1223 2161 que
1237 2126 1359 2152 omnium
1372 2128 1464 2151 rerum
1477 2132 1525 2150 nos
1539 2123 1566 2148 in
1587 2123 1674 2155 igere,
1699 2123 1717 2146 i.
1731 2122 1759 2146 in
1775 2119 1846 2146 rebus
1858 2118 1976 2145 omnibus.
2043 2119 2160 2144 Maxime
2180 2126 2222 2143 111-

1171 2162 1279 2194 digere,
1302 2160 1355 2186 vid.
1375 2165 1489 2185 MAGIS.
1560 2157 1651 2184 Valet.
1665 2155 1776 2183 Maxim.
1789 2162 1823 2190 7,
1836 2162 1852 2181 2
1872 2160 1924 2181 ext.
1946 2159 1959 2184 8
1990 2153 2064 2180 Malo
2076 2153 2165 2180 virum
2178 2161 2223 2187 pe-

1879 2190 1936 2218 Cic.
1950 2189 1982 2215 de
1996 2188 2057 2225 Fin.*
2069 2195 2092 2222 ς,
2106 2197 2137 2220 59
2158 2187 2223 2214 Ani-

1171 2240 1247 2258 mum
1264 2236 1353 2257 autem
1371 2229 1482 2264 reliquis
1494 2228 1574 2256 rebus
1589 2229 1627 2255 ita
1646 2227 1757 2262 perfecit
1776 2230 1805 2252 vt
1817 2234 1922 2260 corpus.
1958 2223 2078 2250 sensibus
2091 2224 2164 2249 enim
2179 2232 2225 2250 or-

1172 2267 1248 2293 nauit
1265 2266 1298 2293 ad
1315 2274 1358 2293 res
1376 2265 1558 2299 percipiendas
1577 2263 1696 2295 idoneis,
1714 2267 1744 2289 vt
1762 2260 1850 2293 nihil,
1871 2266 1917 2287 aut
1933 2267 1988 2286 non
2006 2259 2121 2285 multum
2141 2258 2223 2285 Adiu-

1171 2307 1263 2328 mento
1275 2301 1332 2328 vllo
1345 2301 1378 2328 ad
1392 2302 1464 2327 suam
1476 2300 1709 2328 confirmationem
1723 2296 1864 2331 indigeret.
1968 2294 2087 2321 Alicuius
2100 2294 2223 2329 indigere

1170 2339 1240 2365 Ter.
1256 2337 1336 2364 Andr.
1353 2346 1375 2369 5,
1387 2345 1407 2369 3,
1423 2345 1459 2370 19.
1531 2336 1587 2363 Cic.
1604 2334 1636 2360 de
1651 2333 1760 2360 Amicit.
1774 2341 1806 2364 30
1830 2339 1851 2357 c.
1867 2338 1883 2363 9
1910 2330 1984 2363 Qid
1997 2331 2069 2356 enim
2083 2336 2138 2356 erat
2150 2330 2224 2357 Afri-

1170 2382 1249 2400 canus
1267 2372 1389 2406 indigens
1408 2372 1485 2398 mei3
1582 2366 1655 2401 'Non
1675 2374 1728 2394 tam
1741 2367 1813 2393 Artis
1830 2374 1910 2401 quam
1924 2366 2023 2392 laboris
2042 2366 2162 2400 indigent
2176 2374 2223 2393 vo.

1171 2409 1209 2436 cis
1222 2414 1248 2435 et
1262 2408 1385 2442 spiritus,
1405 2413 1431 2433 et
1445 2406 1528 2433 totius
1541 2404 1678 2439 corporis,
1698 2408 1724 2430 et
1741 2402 1819 2437 ipsius
1832 2401 1939 2436 linguae
1956 2407 2044 2427 motus
2059 2408 2083 2427 et
2095 2401 2223 2428 exercita-

1170 2445 1258 2471 tiones
1272 2444 1327 2470 Cic.
1341 2442 1374 2468 de
1386 2443 1461 2468 Orat.
1477 2450 1498 2474 1,
1512 2442 1564 2473 156.
1668 2438 1750 2465 Plaut.
1759 2437 1826 2465 Rud.
1839 2445 1861 2469 3,
1874 2446 1896 2469 2,
1910 2442 1939 2468 28
1959 2437 2086 2463 Mulieres
2100 2437 2167 2463 duae
2181 2437 2222 2463 in-

1170 2484 1310 2511 nocentes,
1332 2478 1402 2504 intus
1422 2477 1465 2504 hic
1481 2477 1556 2509 sunt,
1573 2475 1614 2503 tui
1628 2474 1775 2508 indigentes
1788 2473 1901 2500 Auxilii.
1996 2472 2052 2498 Cic.
2066 2472 2179 2506 Philipp.
2194 2474 2222 2504 6,

1171 2522 1189 2550 7
1219 2515 1291 2541 Nam
1311 2523 1371 2540 cum
1391 2513 1527 2547 plerisque
1551 2512 1580 2538 in
1603 2511 1682 2538 rebus
1701 2508 1824 2544 gerendis
1846 2507 1954 2534 tarditas
1974 2513 2000 2534 et
2018 2507 2221 2541 procrastinatio

1171 2549 1265 2577 odiosa
1285 2549 1339 2582 est,
1358 2555 1416 2576 tum
1435 2548 1486 2574 hoc
1505 2547 1606 2574 bellum
1626 2545 1728 2579 indiget
1749 2543 1915 2573 Celeritatis,
1941 2543 1966 2568 h.
1981 2552 2001 2569 e.
2020 2544 2146 2569 celeritate
2159 2549 2221 2578 opus

1171 2585 1251 2613 babet.
1359 2583 1554 2611 Cohortatione
1578 2588 1604 2608 te
1627 2586 1692 2616 puto
1713 2589 1768 2606 non
1785 2579 1905 2614 indigere
1932 2577 2006 2604 Idem
2030 2578 2100 2607 Eam.
2124 2587 2168 2611 12,
2186 2586 2238 2609 11.Ι

1172 2620 1286 2647 Consilii
1298 2620 1339 2647 tui
1353 2619 1462 2654 indigeo
1481 2619 1537 2645 Cic.
1552 2618 1606 2644 Att.
1621 2625 1660 2648 12,
1674 2624 1707 2650 34
1728 2618 1789 2649 (35).
1893 2613 2083 2642 Consolatione
2102 2614 2220 2641 aliorum

1171 2655 1292 2691 indigere
1311 2656 1385 2682 Idem
1398 2656 1470 2682 Fam.
1483 2663 1512 2686 4,
1525 2662 1546 2684 5.
1640 2651 1807 2682 Defensionis
1819 2649 1921 2684 indiget
1934 2649 1990 2676 Cic.
2005 2658 2054 2684 pro
2069 2649 2145 2683 Rosc.
2159 2651 2219 2675 Am.

1171 2701 1214 2726 34.
1306 2690 1510 2718 Exercitationis
1524 2688 1626 2723 indiget
1648 2687 1723 2713 Idem
1738 2686 1770 2713 de
1784 2686 1842 2713 Fin.
1856 2694 1879 2717 3,
1894 2693 1930 2717 41.
2019 2684 2220 2712 Existimatione

1172 2727 1243 2754 bona
1257 2726 1360 2761 indiget
1374 2735 1432 2752 mea
1449 2724 1623 2752 adolescentia
1641 2724 1697 2750 Cic.
1712 2731 1760 2757 pro
1772 2722 1849 2748 Rosc.
1860 2722 1937 2747 Com.
1952 2728 1990 2753 44
2011 2730 2031 2747 c.
2047 2728 2081 2753 ις.
2146 2740 2155 2750 ,.
2177 2721 2221 2748 In.

1172 2763 1245 2798 genii
1259 2762 1370 2790 maioris
1388 2761 1421 2788 ad
1432 2760 1638 2791 consolandum,
1658 2765 1684 2785 et
1698 2758 1731 2785 ad
1746 2756 1884 2784 serendum
1900 2756 2034 2794 singularis
2055 2755 2164 2783 virtutis
2180 2756 2221 2782 in-

1173 2799 1263 2833 digent
1281 2806 1436 2825 communes
1448 2797 1570 2823 miseriae
1582 2795 1655 2823 Idem
1670 2795 1741 2821 Fam.
1754 2795 1781 2826 6,
1796 2802 1824 2826 4.
1894 2791 2029 2819 Sermonis
2046 2791 2087 2818 tui
2103 2792 2160 2818 sum
2180 2791 2221 2818 in-

1173 2833 1264 2869 digens
1277 2834 1358 2860 Plaut.
1373 2833 1441 2859 Rud.
1454 2841 1482 2865 4,
1495 2840 1518 2865 3,
1531 2834 1556 2858 6.
1634 2829 1779 2864 Singularis
1794 2827 1902 2854 virtutis
1920 2826 1953 2854 ad
1968 2826 2107 2853 ferendum
2116 2846 2125 2859 ,
2143 2826 2220 2853 misc-

1171 2870 1229 2896 riae
1242 2869 1363 2904 indigent
1380 2869 1435 2896 Cic.
1450 2869 1523 2895 Fam.
1538 2869 1564 2900 6,
1577 2875 1604 2900 4.
1675 2866 1742 2892 Vsus
1756 2863 1858 2898 indiget
1871 2862 2061 2897 horum.Virg.
2075 2863 2128 2889 Ecl.
2142 2871 2167 2895 2,
2181 2870 2219 2897 71.

1899 2898 2006 2925 Vitruu.
2021 2907 2040 2930 1,
2054 2906 2064 2924 1
2091 2898 2134 2924 Ne
2153 2898 2219 2932 quid

1170 2950 1202 2968 ex
1216 2940 1257 2967 his
1276 2939 1402 2974 indigeat.
1600 2935 1621 2974 q
1645 2946 1657 2963 2
1695 2935 1760 2970 Paffi
1779 2942 1804 2962 et
1821 2935 1924 2970 Imperfi
1957 2933 2110 2968 Indigetur‚
2143 2933 2219 2967 [οἰησ-

1166 2977 1264 3013 ρέῖτοιι]
1300 2976 1368 3002 dixit
1387 2974 1454 3001 Plin.
1471 2982 1509 3005 10,
1522 2981 1554 3009 27
1580 2973 1727 3008 Nunquam
1739 2970 1900 3006 conspeetis,
1919 2968 1968 2996 nisi
1987 2978 2071 3005 quum
2089 2968 2220 3004 praesidio

1169 3021 1262 3039 earum
1280 3011 1424 3046 indigetur.

1207 3055 1217 3074 1
1226 3055 1249 3074 N
1259 3054 1277 3074 D
1287 3048 1297 3073 ‘1'
1307 3053 1328 3074 G
1338 3054 1354 3073 Ε
1363 3052 1386 3072 Ν
1395 3052 1424 3078 s,
1446 3043 1523 3072 entis.
1559 3043 1653 3072 Partic.
1688 3044 1702 3078 [
1709 3040 1802 3077 ἔνὸεῆς]
1836 3043 1986 3075 Vtrumque
2001 3048 2046 3074 per
2059 3040 2085 3066 se
2098 3039 2220 3073 indigens

1912 3076 2027 3108 Benigne
2046 3074 2133 3101 facere
2149 3075 2219 3101 indi-

1169 3119 1293 3154 gentibus
1306 3119 1363 3145 Cic.
1377 3117 1430 3144 Off.
1445 3125 1471 3149 2,
1489 3124 1528 3149 52.
1597 3116 1677 3143 Ferre
1688 3123 1768 3149 opem
1782 3111 1966 3147 indigentibus
1987 3110 2061 3136 Idem
2075 3110 2108 3137 de
2121 3110 2180 3137 Fin.
2194 3118 2218 3143 2,

1170 3160 1208 3185 ¹18
1229 3165 1251 3181 c.
1266 3161 1303 3187 35.
1337 3153 1390 3180 vid.
1400 3152 1491 3189 supra.

1187 3203 1193 3209 ·
1206 3198 1217 3216 1
1227 3196 1251 3216 N
1262 3196 1281 3215 D
1292 3197 1301 3215 1
1312 3194 1335 3216 G
1346 3197 1363 3216 E
1372 3196 1395 3215 Ν
1407 3196 1428 3215 Τ
1436 3194 1446 3213 1
1456 3195 1478 3214 Α
1486 3207 1495 3219 ,
1519 3196 1559 3214 ae.
1595 3185 1615 3213 f.
1652 3185 1665 3219 [
1672 3184 1778 3218 ἀπορία]
1814 3180 1914 3218 Egestas
1921 3200 1930 3215 ,
1943 3184 2067 3217 penuria,
2089 3186 2113 3207 et
2132 3188 2219 3206 caren-

1170 3229 1218 3253 tia.
1255 3225 1408 3252 Amicitiam
1421 3232 1453 3250 ex
1467 3223 1558 3258 inopia
1570 3227 1650 3256 atque
1663 3219 1810 3253 indigentia
1823 3224 1909 3245 natam
1925 3217 2019 3243 volunt
2033 3217 2089 3243 Cic.
2102 3215 2134 3242 de
2143 3216 2219 3242 Ami-

1369 3258 1518 3295 Indigentia
1529 3258 1566 3284 est
1579 3257 1665 3284 libido
1678 3253 1848 3289 inexplebilis
1862 3253 1901 3280 Id.
1910 3253 1992 3279 Tusc.
2005 3261 2023 3285 4
2044 3260 2064 3277 c.
2079 3259 2105 3284 9.
2141 3253 2172 3278 Et
2185 3251 2218 3277 de

1172 3297 1257 3324 Amic.
1270 3306 1304 3330 29
1326 3305 1348 3323 c.
1364 3305 1381 3329 9
1407 3296 1504 3322 Amare
1523 3294 1595 3320 enim
1608 3291 1677 3318 nihil
1692 3289 1766 3317 aliud
1778 3290 1831 3322 est,
1853 3288 1902 3315 nisi
1922 3297 1983 3314 eum
1995 3288 2081 3323 ipsum
2095 3286 2219 3322 diligere,

1172 3342 1252 3369 quem
1266 3341 1351 3367 ames,
1368 3331 1442 3358 nulla
1455 3329 1614 3363 indigentia,
1634 3326 1706 3353 nulla
1719 3326 1834 3353 vtilitate
1848 3323 1970 3359 quaesita.

1210 3377 1220 3396 1
1232 3376 1253 3395 Ν
1265 3370 1301 3394 Di'
1309 3374 1358 3395 Gv
1368 3374 1397 3402 s,
1417 3375 1442 3399 a,
1462 3374 1517 3392 um.
1554 3363 1615 3392 Adi.
1650 3359 1772 3397 [ἄπορος]
1807 3362 1860 3397 Qui
1873 3359 1971 3395 indiget
1981 3368 2008 3386 re
2020 3359 2112 3396 aliqua.
2149 3357 2217 3384 Plin.

1172 3410 1197 3438 8,
1210 3413 1247 3439 40
1272 3402 1468 3439 Stipendiorum
1483 3399 1581 3434 indiga.
1635 3398 1681 3425 Sil.
1694 3406 1719 3429 2,
1733 3405 1772 3430 155
1791 3395 1905 3431 Agmina
1918 3394 2034 3421 vastabat
2046 3395 2130 3426 claua,
2147 3393 2220 3420 nihil

1470 3436 1545 3469 Virg.
1559 3435 1656 3469 Georg.
1674 3441 1700 3465 2,
1719 3437 1771 3466 428
1808 3430 1888 3458 Haud
1911 3430 1969 3464 opis
1987 3429 2079 3464 indiga
2102 3428 2216 3456 nostrae.

1173 3476 1277 3503 Lucret.
1290 3484 1311 3508 1,
1326 3477 1355 3501 61
1378 3473 1435 3508 Ipsa
1447 3471 1500 3498 suis
1515 3470 1617 3505 pollens
1630 3469 1740 3504 opibus,
1759 3467 1828 3495 nihil
1846 3465 1937 3500 indiga
1950 3464 2042 3491 nostri.

1210 3518 1220 3537 1
1230 3519 1252 3537 Ν
1261 3504 1280 3537 15
1290 3518 1299 3536 1
1309 3517 1330 3537 G
1340 3515 1389 3536 vv
1398 3515 1412 3535 s
1421 3528 1430 3541 ‚
1452 3517 1477 3540 a,
1496 3516 1551 3533 um.
1588 3504 1649 3532 Adi.
1687 3503 1764 3531 Idem.
1799 3501 1878 3537 Apul.
1891 3502 1955 3528 Met.
1966 3509 1984 3535 9
2003 3509 2028 3536 p.
2041 3507 2101 3533 222,
2113 3507 2147 3526 22
2165 3499 2218 3526 Re-

1171 3546 1288 3574 fectione
1303 3545 1404 3572 virium
1422 3543 1595 3570 vehementer
1611 3539 1745 3574 indiguus.

1208 3589 1218 3608 1
1228 3589 1250 3607 N
1259 3588 1278 3608 D
1293 3589 1303 3608 1
1313 3586 1334 3607 G
1344 3587 1360 3607 E
1368 3586 1392 3612 S,
1400 3579 1459 3605 etis.
1478 3588 1514 3605 m.
1534 3577 1667 3612 [χθόνιαῃ
1680 3573 1786 3608 δαίμων,
1797 3572 1871 3609 ἳὶρως]
1888 3571 2030 3608 Appellatio
2042 3572 2149 3598 Deorum
2160 3578 2218 3606 quo-

13 3616 29 3652 s
69 3614 144 3641 ve‘rb.
173 3612 326 3650 compositum
346 3613 377 3639 ab
395 3612 459 3639 Inde
477 3620 501 3640 et
519 3615 610 3644 Idem:
638 3619 676 3645 Ex
697 3617 779 3644 eadem
792 3622 882 3652 parte,
900 3615 953 3649 flue
974 3616 1011 3641 Ex
1030 3614 1108 3640 rodem
1120 3618 1153 3646 95
1171 3617 1278 3644 rumdam
1297 3615 1364 3652 apud
1382 3616 1521 3647 Romanos,
1541 3616 1612 3640 cuius
1627 3613 1759 3647 praecipue
1775 3612 1865 3635 mentio
1879 3609 1915 3642 fit
1931 3611 1959 3633 in
1977 3609 2094 3634 extremis
2112 3607 2216 3632 Aeneae·

1171 3653 1232 3679 Liu.
1248 3662 1267 3686 1,
1280 3661 1296 3679 2
1314 3658 1379 3678 extr.
1408 3652 1504 3677 Aeneas
1517 3649 1578 3676 situs
1593 3647 1628 3674 cst
1637 3667 1644 3678 ,
1664 3653 1847 3680 quemcunque
1860 3652 1922 3671 eum
1934 3643 1988 3670 dici
2000 3643 2052 3675 ius,
2065 3641 2157 3677 fasque
2168 3640 2216 3682 cst,

1171 3688 1248 3722 super
1263 3687 1420 3715 Numicium
1436 3686 1536 3711 flumen
1551 3695 1557 3710 :
1584 3684 1676 3709 Iouem
1695 3681 1840 3714 indigetem
1857 3678 1997 3714 appellant.
2039 3679 2108 3716 Haef
2126 3676 2216 3710 reliqui

1171 3730 1303 3759 repetunt,
1327 3732 1352 3749 v.
1365 3732 1389 3759 g.
1408 3721 1512 3753 Festus,
1532 3719 1556 3747 b.
1570 3727 1595 3744 υ.
1643 3716 1712 3743 Gell.
1734 3725 1761 3749 2,
1781 3718 1818 3743 16.
1865 3713 2035 3742 Auresvifl.
2051 3711 2214 3745 Or1g.Gent.

1172 3759 1250 3785 Rom.
1268 3768 1290 3785 c.
1307 3767 1346 3792 14·
1383 3764 1405 3783 et
1417 3756 1499 3783 Solin.
1519 3764 1541 3781 c.
1555 3759 1577 3784 8.
1614 3751 1748 3786 DionJfius
1761 3752 1846 3778 Halia.
1861 3757 1913 3777 eam
1925 3760 1976 3777 rem
1990 3755 2110 3775 enarrans
2123 3746 2140 3770 l.
2156 3753 2166 3770 1
2188 3753 2214 3778 p.

1116 3799 1162 3817 100
1172 3802 1208 3824 52,
1224 3796 1253 3819 16
1271 3794 1456 3829 inscriptionem
1470 3791 1574 3821 SaceHI,
1593 3789 1626 3814 τΞ
1641 3787 1701 3823 ’isaie
1719 3787 1802 3822 refert
1818 3785 1908 3820 πατρὸς
1924 3785 1972 3811 3εὲ
1986 3783 2086 3816 χθονίε,
2104 3777 2128 3806 35
2139 3790 2214 3805 ποτα-

1171 3829 1210 3861 μΞ
1223 3830 1333 3862 Namusa
1350 3829 1433 3863 ῥεῦμα
1451 3823 1531 3853 διέπει.
1564 3822 1712 3858 Indigetem
1726 3826 1809 3858 itaque
1822 3821 1906 3849 reddit
1919 3819 2030 3853 χθόνιον,
2049 3823 2130 3842 terrae
2136 3814 2162 3848 s
2176 3823 2214 3840 νε-

1171 3867 1256 3900 gionis
1268 3864 1336 3890 illius
1342 3864 1500 3898 peculiarem.
1556 3861 1649 3886 Contra
1662 3868 1688 3884 ea
1702 3858 1820 3885 Macrob.
1834 3858 1941 3896 Saturru
1951 3863 1969 3884 ¹,
1983 3862 1998 3884 9
2014 3860 2073 3893 qlfffl'
2084 3849 2213 3891 Hssfiqoflsss

1171 3898 1310 3931 ἐπιχθονῖκς
1323 3899 1438 3929 dixerat,
1456 3895 1588 3931 Indigetes
1602 3894 1653 3930 ipse
1666 3901 1754 3925 uocat,
1771 3900 1853 3920 terrae
1866 3893 1940 3918 alicui
1956 3887 2095 3922 adscreptos
2107 3885 2212 3919 scillcet.

1172 3936 1246 3960 Hanc
1253 3934 1403 3969 sententiam
1418 3935 1492 3959 etiam
1506 3937 1579 3958 ornas
1592 3930 1694 3965 Salmafi
1713 3933 1740 3955 in
1753 3929 1829 3956 Solin.
1843 3933 1872 3963 p.
1881 3936 1917 3959 51.
1970 3921 2018 3948 Sed
2035 3921 2121 3950 adast,
2139 3922 2215 3945 etiam

1438 4002 1468 4031 T
1501 4010 1518 4030 2
2131 3986 2215 4014 disses
