2479 4225
505 166 522 207 1
610 168 655 209 tc
735 166 770 208 (Σ
972 184 984 188 -
1556 167 1575 210 1

78 255 118 287 tio
132 255 254 283 incubuit
271 255 328 282 Cic.
341 264 391 291 pro
402 256 522 285 Muraen.
535 264 572 290 5¹3.
687 257 831 293 Aliquando
846 264 899 283 cum
923 253 1055 290 lifinitiuo
1067 257 1123 281 iun-

78 295 148 329 gitur
160 302 168 317 :
206 292 278 325 Virg.
296 291 393 325 Georg.
406 302 433 327 4,
446 298 496 326 248
515 294 578 327 Quo
589 292 672 327 magis
685 293 822 319 exhaustae
836 291 936 319 fuerint
957 290 1057 325 (apes)
1072 290 1122 317 hoc

79 327 165 353 acrius
180 335 270 353 omnes
283 327 439 354 Incumbent
453 337 556 363 generis
570 328 631 362 lapsi
646 329 740 355 sarcire
754 329 851 356 ruinas.
922 325 1012 352 Tacit.
1022 326 1088 352 Hist.
1097 334 1123 358 2,

79 370 119 394 ιο,
131 371 150 396 4
169 362 208 389 Ad
221 362 284 388 haec
298 368 400 390 terrore
414 369 439 390 et
453 364 561 399 propria
573 364 601 390 vi
614 364 721 399 Crispus
736 363 891 390 incubuerat
905 360 1051 387 delatorem
1071 362 1122 388 fra-

80 398 129 424 tris
143 398 183 424 sui
195 404 356 432 pei-uertere.
553 397 573 437 q
601 408 614 431 3
652 400 710 436 Obs.
746 397 878 432 Incumbit
898 395 1014 422 defensio
1029 398 1122 424 mortis
1146 401 1160 428 5

80 431 173 459 heredi
206 433 313 468 leian.
335 434 363 460 in
383 434 400 461 l.
421 434 583 462 Necessarios
597 433 678 471 §.fim
698 435 730 461 D.
744 433 868 462 Senatusc.
881 432 1046 464 Syllaniano,
1078 439 1124 459 rec.

80 468 125 496 Ad
138 466 242 502 officium
252 473 379 504 psrtinet,
399 477 429 497 vt
458 470 615 497 Imumbere
637 470 714 496 nobis
734 470 843 501 dicitur,
867 467 986 503 quodum
1000 477 1068 494 onere
1076 469 1123 504 suo

1663 168 1708 211 tt
1800 171 1832 213 C

1189 257 1254 285 odio
1271 266 1317 293 par
1330 257 1426 289 fuerit,
1445 255 1474 285 in
1486 266 1531 286 eos
1543 266 1610 293 quos
1623 257 1708 292 laesit,
1727 263 1814 286 tamen
1829 267 1899 288 certe
1912 270 1968 289 non
1985 262 2068 299 magis
2083 262 2177 299 dignos
2189 264 2236 293 ha-

1190 294 1296 326 buerit,
1316 293 1344 319 in
1362 301 1428 328 quos
1445 299 1516 320 tanta
1535 294 1658 321 libertate
1676 293 1823 322 verborum
1843 296 2000 325 incurreret.
2104 300 2161 327 Cic.
2183 309 2236 335 pro

1188 329 1273 356 Planc.
1287 337 1315 362 91
1339 329 1366 355 Si
1381 328 1447 354 bene
1465 328 1496 355 de
1512 339 1554 357 inc
1569 331 1671 357 meritis
1684 335 1786 364 gratum
1806 338 1848 356 me
1868 333 1995 366 praebeo,
2015 343 2069 361 non
2087 335 2175 363 desino
2194 337 2235 364 iu-

1191 373 1297 391 currere
1326 363 1355 390 in
1374 364 1483 390 Crimen
1506 365 1624 392 hominis
1647 365 1762 392 nimium
1788 366 1936 399 memoris,
1967 369 2134 405 nimiumque
2156 372 2234 406 grati.

1190 400 1264 427 Idem
1278 400 1350 426 Fam.
1366 409 1394 433 4,
1409 408 1424 426 2.
1449 399 1527 426 Nihil
1549 401 1619 427 enim
1639 400 1763 428 constitui
1780 400 1880 435 potest,
1905 402 1976 436 quod
1995 413 2049 431 non
2067 406 2185 434 incurrat
2203 408 2234 435 in

1191 444 1312 470 magnam
1325 434 1647 469 aliquamDifficultatem.
1739 437 1771 464 In
1782 437 1900 463 Domum
1913 442 1991 471 atque
2004 440 2110 467 Famam
2124 442 2233 470 alterius

1185 471 1247 497 'Cic.
1262 480 1310 505 pro
1325 470 1396 498 Cael.
1410 478 1447 502 42·
1553 472 1626 499 Idem
1642 473 1713 499 Fam.
1729 480 1760 505 11,
1773 480 1802 498 10
1826 473 1879 499 Aut
1891 473 2049 506 Apennino,
2069 476 2233 513 Alpibusque

99 510 182 530 ruunt.
219 504 309 531 Tacit.
326 506 393 531 Ann.
407 514 448 540 14,
461 514 496 539 24
517 507 625 533 Caetera
640 504 770 532 inuidiam
783 510 909 535 mouent,
929 512 996 537 quae
1015 504 1123 538 quidem
1192 508 1217 532 se
1230 512 1332 539 teneat,
1352 511 1377 532 et
1393 505 1590 534 decursionibus
1607 517 1654 543 per
1672 507 1774 542 equites
1795 516 1861 542 quos
1881 507 1960 534 habet
1974 508 2084 541 multos,
2104 512 2185 540 vastet
2202 521 2233 541 ea

42 555 45 558 -
79 538 152 566 infra
164 545 235 566 tuam
249 541 459 575 magnitudinem
472 542 573 574 iacent,
592 540 635 568 sed
648 541 718 568 mihi
731 538 896 566 incumbunt.
967 539 1124 566 Incumbere
1190 542 1277 574 Loca,
1296 542 1323 568 in
1344 550 1411 576 quae
1430 541 1582 568 incurrerit.
1689 543 1747 570 Cic.
1766 542 1798 570 de
1816 542 1887 571 clar.
1905 544 1980 570 Orat.
1999 552 2042 577 251
2075 546 2184 575 Incurro
2203 549 2233 576 in

75 581 126 611 PV⁰
140 575 260 601 sumam.
274 577 331 611 ,ἐμω
343 575 374 609 est
414 578 518 603 poen-on,
533 586 556 604 ς,
570 586 596 609 33
617 576 811 616 Repositorium
825 574 934 601 allatum
947 573 982 599 est
996 583 1053 600 cum
1067 584 1123 602 cor·
1150 581 1179 599 10
1191 578 1351 604 Memoriam
1371 577 1553 603 communium
1572 577 1755 612 miseriarum,
1777 587 1892 613 quarum
1910 578 2076 606 obliuionem
2099 590 2235 617 quaerens,

77 168 166 207 1061
202 187 214 197 .
2140 177 2237 221 1062

22 640 26 647 ¹
47 682 50 683 .
78 645 151 677 lent,
172 655 239 681 quac
254 647 411 674 incumbunt
425 657 485 675 oua.

28 1219 37 1228 ¹
77 1212 141 1240 bula
153 1213 323 1249 reperiuntur
336 1215 472 1247 deorum„

15 2517 19 2524 Ι
34 2497 36 2499 ’
66 2489 185 2517 criminis
198 2488 353 2515 incuriosus,

12 3128 29 3154 ',
68 3127 128 3154 riss'e
147 3126 179 3152 ab
193 3125 320 3152 lateribus
338 3126 442 3158 ferunt,
461 3131 507 3158 vt,
531 3131 577 3151 etc.

81 616 124 643 te,
138 610 173 636 ‚in
187 620 237 645 qua
250 612 347 646 gallina
360 618 415 639 erat
429 612 516 647 lignea
529 612 680 648 patentibus
695 619 724 648 ιιι
736 609 831 637 orben'i
846 609 904 642 alis,
923 609 1009 644 quales
1023 611 1070 637 esl'e
1084 611 1123 637 so-

557 648 605 676 Sed
617 649 702 674 Burm.
710 648 836 682 praetulit
847 644 980 672 incubant.

118 687 158 708 IN
168 688 184 709 C
198 688 218 707 V
231 690 252 709 N
268 690 286 709 A
300 690 316 710 Β
326 681 368 709 ὕῐ,
378 689 416 716 Α,
441 691 528 711 orum.
558 693 584 710 n.
609 684 647 710 Pl.
684 679 819 716 [merliu]
857 680 924 708 Idem
943 680 1006 716 quod
1017 679 1122 716 simplex

80 717 216 778 Cugaffda.
252 718 334 745 Plaut.
348 718 434 746 Truc.
449 727 471 753 ς,
483 729 507 752 ι3
526 718 621 746 Fasciis
639 727 704 753 opus
724 717 773 748 est,
791 716 923 757 pultiiniS,
943 716 1030 748 cunis,
1050 718 1123 743 incu-

77 761 114 786 ria
135 761 151 778 u
164 760 194 779 is.

79 796 142 822 gare
157 788 334 816 incunabulis.
390 791 431 817 sic
445 794 508 817 enim
520 792 566 825 leg.
579 799 628 816 non
640 798 668 815 m
681 788 829 816 cunabulis.
912 787 967 814 Cic.
982 796 1031 821 pro
1046 788 1122 814 Rosc.

80 824 170 850 Aruer.
183 831 247 851 extr.
318 826 367 852 Pro
383 827 471 852 Initiis
483 835 491 850 .·
526 826 582 851 Cic.
595 825 623 851 in
636 826 710 852 Orat.
723 833 759 858 42
774 833 794 851 c.
810 831 834 855 13
860 822 926 850 Non
941 823 1056 850 alienum
1070 823 1124 850 fuit

81 859 114 885 de
129 860 242 886 oratoris
255 860 325 895 quasi
339 860 506 887 incunabulis
519 860 615 887 dicere.
705 859 814 887 Firmic.
831 867 852 891 1,
864 867 876 891 3
899 858 975 884 Illum
988 859 1015 884 in
1029 859 1122 892 primis

79 894 152 921 vitae
166 895 332 922 incunabulis
345 895 516 923 constitutum
527 916 534 928 ,
556 896 626 923 inter
639 895 715 923 initia
728 894 856 930 vagientis
869 894 1006 926 infantiae,
1019 895 1122 928 fugien-

80 930 115 957 tis
126 930 230 957 animae
245 931 340 958 deserit
352 931 415 958 vita.

80 974 135 992 mas
149 967 216 999 polse
231 966 289 993 fieri
303 966 394 993 ciucm'
409 966 558 1002 egregium,
574 967 620 1002 qui
638 976 692 993 non
709 966 750 993 his
768 965 869 992 artibus
887 971 912 991 et
930 965 1074 999 disciplinis
1092 965 1122 992 fit

33 1002 38 1005 .
79 1001 201 1028 eruditus
217 1003 226 1028 3
261 1011 294 1029 an
307 1002 362 1029 vlla
375 1003 427 1029 alia
441 1008 515 1039 putas
526 1003 677 1030 rudimenta
689 1009 716 1029 et
729 1000 889 1028 incunabula
902 1001 1121 1036 virtutis,quibus

79 1037 163 1064 animi
175 1037 207 1064 ad
222 1037 324 1071 gloriae
337 1038 510 1073 cupiditatem
523 1039 628 1065 aluntur
642 1039 652 1065 3
721 1036 845 1064 Discendi
857 1033 1016 1063 incunabula
1036 1037 1122 1070 Quin-

79 1071 134 1099 elil.
143 1073 171 1098 in
184 1073 305 1100 Prooem.
320 1082 339 1100 1.
446 1074 488 1101 Ab
502 1073 667 1101 incunabulis
680 1072 782 1101 nostrae
793 1072 891 1098 veteris
903 1072 1062 1107 puerilisque
1075 1072 1122 1098 do-

79 1107 181 1134 &rinae
201 1108 306 1140 Cicade
318 1109 392 1136 Orat.
406 1117 427 1142 1,
440 1117 469 1141 23
484 1119 505 1136 c.
520 1111 545 1136 6.

77 1151 119 1169 res
133 1142 288 1182 philosophi
305 1144 337 1171 ad
361 1145 520 1172 incunabula
538 1143 679 1177 accedunt,
696 1146 713 1170 ί.
732 1146 832 1179 primas
847 1149 977 1178 puerorum
998 1145 1122 1170 aetatulas

76 1178 241 1212 conjtderant.
312 1180 369 1206 Cic.
383 1181 460 1207 Verr.
473 1189 500 1214 4,
512 1187 560 1215 107
576 1181 607 1207 In
619 1178 661 1206 his
673 1178 738 1205 locis
750 1177 861 1213 vestigia
875 1187 903 1205 ac
916 1186 996 1214 prope
1014 1180 1121 1205 incuna-

559 1216 610 1243 Pro
622 1216 686 1241 Loco
698 1214 742 1241 vbi
752 1217 808 1240 nati
821 1216 860 1240 nel
873 1214 967 1240 educati
974 1214 1122 1250 Jhmusfiue

70 1254 122 1284 pro
138 1249 273 1276 Natalihm
285 1257 308 1276 et
320 1254 418 1287 origine
427 1253 532 1286 generis.
603 1250 660 1277 Cic.
673 1251 726 1277 Att.
739 1258 767 1283 2,
779 1257 807 1283 ις-
832 1251 887 1284 Ego
901 1259 964 1276 vero
979 1252 1006 1277 in
1020 1256 1122 1276 montes

75 1284 186 1318 patrios,
204 1291 229 1311 et
244 1285 276 1312 ad
289 1285 449 1313 incunabula
462 1285 549 1313 nostra
561 1294 677 1320 pergam.

76 1319 158 1347 Ouid.
173 1321 237 1347 Met.
251 1327 274 1353 8,
287 1330 330 1354 99.

112 1361 397 1390 INCVNCTANS,
424 1357 500 1384 antis.

397 1322 532 1349 Maiorum
545 1320 706 1348 incunabula
725 1320 815 1348 Iustin.
829 1330 871 1354 3ι,
883 1327 906 1354 8,
920 1330 946 1354 4.

540 1357 601 1384 Adi.
643 1357 697 1384 Vox
710 1356 777 1392 apud
788 1357 870 1384 ictos.
907 1360 937 1384 it.
951 1356 1063 1384 Paullin.
1078 1357 1124 1383 Pe.

24 1398 27 1399 ⁷
73 1393 176 1418 trecor.
190 1399 218 1425 ς,
234 1400 276 1423 132
289 1398 312 1418 ee
325 1398 387 1426 297.
422 1395 454 1419 it.
468 1391 500 1419 de
514 1392 591 1419 Vifit.
604 1393 675 1426 Nep.
689 1401 716 1419 v.
732 1401 778 1426 40.

111 1433 122 1452 1
133 1433 155 1452 N
165 1432 184 1453 c
194 1434 215 1454 v
223 1434 246 1453 N
254 1434 271 1454 c
280 1434 301 1453 'r
310 1434 332 1453 Α
341 1435 363 1453 N
372 1434 393 1454 T
402 1434 419 1454 Ε
429 1434 458 1455 R.
478 1427 546 1455 Adu.
582 1428 700 1455 Laoant.
714 1429 741 1461 6,
755 1436 783 1454 12
801 1427 985 1455 incunctanter
998 1437 1027 1454 ac
1045 1427 1122 1454 forti-

73 1465 115 1490 ter
128 1467 243 1489 mortem
256 1461 354 1492 subire.

28 1499 29 1502 ’
111 1500 435 1531 ιΝενΝεΤᾹΤνς,
456 1507 485 1530 a,
514 1507 569 1526 um.
598 1497 660 1525 Adi.

70 1531 211 1597 IcunEtatae
233 1533 321 1561 statim
346 1534 470 1561 conferto
491 1534 604 1569 vestigio
626 1533 737 1561 domum
760 1539 905 1569 penetrant.

85 1574 232 1596 ncontatns.

107 1601 463 1637 1chNCTABi11s,
480 1612 504 1630 e.
524 1603 585 1630 Adi.
622 1602 722 1639 Digest.
742 1603 760 1631 l.
781 1612 814 1631 22
832 1605 876 1632 tit.
895 1612 909 1639 ς
927 1605 945 1632 1.
960 1614 988 1632 21
1004 1605 1070 1632 illud
1084 1606 1124 1632 in-

38 1648 43 1655 ·
71 1639 221 1667 cunctabile
240 1639 285 1665 est.

110 1682 120 1701 1
131 1681 152 1701 Ν
161 1682 178 1702 c
188 1683 208 1701 v
219 1681 238 1701 R
248 1682 270 1702 A
279 1681 295 1701 Β
305 1681 314 1700 1
324 1682 340 1701 L
349 1681 359 1700 1
367 1681 381 1702 s
389 1694 398 1707 ,
424 1683 448 1701 e.
485 1674 547 1702 Adi.
584 1673 704 1709 Fulgent.
724 1674 803 1710 Epist.
815 1675 847 1702 ad
860 1677 972 1704 Venant.
1011 1676 1124 1704 Morbus

71 1710 240 1738 incurabilis.
277 1710 404 1745 Improbat
421 1708 485 1743 Voff.
499 1710 528 1736 de
545 1711 598 1737 Vir.
616 1712 645 1736 L.
660 1712 689 1737 L.
702 1719 725 1742 3,
737 1714 776 1737 16.

102 1746 121 1772 χΙ
131 1753 153 1773 N
162 1753 178 1773 C
193 1752 213 1771 V
224 1753 243 1772 R
252 1748 274 1772 Ᾰ
283 1753 304 1772 Τ
314 1752 334 1771 V
346 1753 358 1772 s
369 1765 377 1777 ,
397 1754 412 1772 a
420 1765 427 1777 ‚
443 1755 497 1772 um.
517 1746 578 1772 Adi.
614 1744 930 1782 [inbdteassdrnpaee'knrox]

69 1784 180 1842 X¹S⁹l24
195 1781 342 1808 Stultorum
354 1781 475 1809 incurata
487 1781 575 1816 pudor
587 1781 671 1808 malus
684 1782 773 1809 vlcera
786 1783 860 1809 celat.

95 1825 142 1843 ure
155 1836 161 1842 .
180 1826 201 1843 c.
216 1822 256 1847 28-
338 1841 340 1843 ,
548 1843 550 1845 ,

108 1857 177 1878 INC
188 1858 301 1882 VRIA,
321 1860 362 1878 ae.
381 1851 401 1877 f.
438 1850 583 1885 [ἐμέλειοι]
617 1851 807 1886 Ncgligentia,
824 1853 909 1886 inquit
929 1850 1026 1876 Festus.
1064 1849 1122 1876 Cic.

70 1885 103 1914 de
117 1887 238 1913 Prouinc.
253 1887 331 1912 Cons.
345 1895 358 1918 ς
397 1886 577 1912 Miserandum
595 1886 624 1912 in
638 1887 748 1912 modum
760 1886 858 1912 milites
872 1887 935 1920 Pop.
948 1885 1026 1911 Rom.
1043 1884 1123 1918 capti,

69 1921 173 1955 necati,
188 1921 300 1954 deserti,
318 1921 430 1956 diffipati
453 1922 512 1948 sunt
533 1922 652 1954 incuria,
672 1921 758 1953 fame,
775 1921 889 1953 morbo,
913 1920 1034 1947 vastitate
1060 1929 1122 1946 con-

69 1958 159 1984 sumti.
266 1957 405 1989 Desertos‚
420 1957 479 1992 opis
490 1962 626 1991 expertes,
646 1956 751 1984 incuria
765 1956 862 1984 mactat
882 1957 987 1984 Lucret.
1002 1958 1035 1989 6,
1055 1964 1121 1988 ¹239-

52 2014 58 2017 .
68 1994 138 2021 Hor.
151 1992 183 2019 de
196 1993 260 2019 Arte
273 1993 345 2018 Poet.
359 2000 401 2024 35²

265 2027 292 2053 Si
307 2026 382 2061 plura
395 2027 481 2052 nitent
493 2026 522 2051 in
534 2025 666 2058 carmine,
684 2034 739 2052 non
751 2034 801 2059 ego
834 2025 904 2052 aucis

266 2061 393 2088 Ostendat
405 2061 530 2094 maculis,
551 2070 614 2096 quas
627 2067 670 2087 aut
683 2060 787 2087 incuria
820 2061 892 2092 adit,

266 2098 337 2128 Aut,
357 2103 403 2124 etc.

64 2133 253 2170 ,Vituperanda
266 2133 302 2160 est
315 2133 356 2160 rei
370 2132 487 2160 maxime
500 2132 654 2160 necessariae
667 2137 738 2159 tanta
749 2131 852 2159 incuria
880 2129 936 2158 Cic.
957 2129 989 2157 de
1009 2128 1119 2157 Amicit.

698 1497 777 1532 Apul.
791 1498 857 1525 Met.
870 1506 884 1532 ς
896 1508 920 1534 p.
933 1501 976 1532 163
1004 1499 1069 1526 Illae
1083 1499 1123 1525 in-

945 1536 979 1562 al.
998 1535 1124 1572 scribitur

966 1748 1035 1774 Hor.
1045 1747 1124 1782 Epist.

20 2191 27 2206 -4
68 2180 91 2198 c.
107 2180 133 2203 23
154 2177 194 2206 pr.

107 2213 117 2233 1
128 2212 149 2232 N
161 2213 207 2233 cv
217 2212 254 2232 Rl
264 2206 304 2232 68
314 2210 333 2230 V
345 2211 358 2231 S
368 2224 376 2237 ‚
394 2213 426 2237 a,
444 2213 498 2231 um.
517 2203 579 2230 Adi.
618 2204 763 2239 Negligens.
799 2201 867 2227 Gell.
882 2209 907 2232 2,
916 2204 943 2230 28
963 2199 1069 2233 Qpippe
1079 2198 1116 2224 M.

70 2242 139 2268 Cato
160 2241 204 2267 vir
222 2241 251 2267 in
271 2239 456 2275 cognoscendis
474 2239 553 2266 rebus
573 2238 651 2266 multi
670 2237 765 2268 studii,
785 2235 885 2262 incerta
903 2241 991 2261 tamen
1002 2234 1075 2273 eausa
1091 2238 1117 2259 et

26 2277 27 2280 ’
69 2277 218 2307 incuriosa,
238 2277 315 2312 super
328 2284 358 2302 ea
371 2284 400 2302 re
413 2275 535 2310 opinatus
549 2274 593 2300 est.
664 2274 713 2299 Pro
731 2272 828 2311 Vacuus
841 2279 911 2310 eura.
947 2270 1115 2297 Tacit.Ann.

68 2321 86 2340 2
98 2319 163 2339 extr.
199 2312 269 2338 Dum
286 2317 375 2337 vetera
406 2309 574 2340 extollimus,
591 2307 737 2335 recentium
773 2305 910 2333 incuriosi.
982 2306 1014 2331 Et
1047 2306 1116 2330 Ann-

68 2356 89 2380 4
102 2368 111 2380 ,
135 2356 167 2379 32
205 2348 236 2374 Et
269 2346 389 2380 princeps
420 2343 574 2379 proferendi
605 2343 754 2370 incuriosus
785 2347 850 2369 erat.

67 2382 177 2417 August.
209 2390 231 2407 c.
263 2389 307 2415 79.
411 2381 488 2407 Aetas
507 2379 598 2407 Tacit.
614 2379 643 2406 in
657 2379 711 2406 Vit.
727 2377 815 2411 Agric.
831 2385 851 2403 1.
907 2411 912 2416 .
956 2375 1030 2416 Idem
1045 2375 1114 2401 Hist.

67 2426 82 2451 ς
93 2438 101 2451 ,
135 2426 169 2444 22.
207 2417 331 2444 Nauibus
363 2415 497 2442 remeabat
532 2414 643 2441 disiecto
672 2414 793 2448 agmine,
828 2410 966 2440 incuriosis
1003 2411 1114 2445 vigilus.

65 2453 217 2481 Incuriosus
230 2453 415 2486 proximorum
431 2451 496 2477 Plin.
509 2450 588 2485 Epist.
602 2455 626 2483 8,
640 2457 683 2477 20.
720 2447 865 2476 Tac.Hist.
876 2455 900 2480 3,
914 2450 930 2474 6
948 2447 1051 2475 Summi
1065 2446 1115 2474 dis-

379 2521 447 2548 Adu.
483 2521 617 2555 [οἷμελῶς,
633 2520 781 2554 ἀβλεμέως]

65 2560 97 2588 in
109 2559 211 2586 hostico
226 2558 357 2585 incuriose
375 2557 456 2592 posita
469 2557 529 2584 Liu.
543 2563 566 2589 8,
579 2562 615 2590 38.
669 2556 737 2583 Gell.
749 2564 774 2587 2,
787 2557 805 2582 6
824 2554 1029 2590 Reprehendunt
1042 2553 1113 2588 quasi

65 2595 203 2623 incuriose
221 2599 247 2620 et
261 2593 363 2620 abie&e
382 2593 494 2620 verbum
508 2593 628 2627 positum.
664 2591 732 2619 Add.
751 2601 773 2618 c.
786 2591 836 2618 vlt.
906 2590 998 2617 Tacit.
1013 2590 1081 2616 Hist.
1093 2598 1115 2622 1,

67 2640 92 2663 13
112 2631 234 2664 Namque
241 2628 315 2656 Otho
329 2629 470 2662 pueritiam
484 2628 627 2661 incuriose,
642 2627 842 2655 adolescentiam
855 2626 1002 2661 petulanter
1016 2631 1113 2660 egerat.

67 2668 207 2701 comparat.
226 2665 300 2691 Idem
311 2664 379 2691 Hist.
394 2673 422 2698 4,
434 2669 462 2694 ²8
486 2664 581 2691 Caesae
594 2663 715 2690 cohortes
728 2671 823 2689 eorum
837 2663 865 2688 in
878 2662 938 2688 vico
951 2661 1114 2687 Marcoduro

103 2523 342 2552 ιΝενκιόςΕ.

67 2700 224 2728 incuriosius
243 2706 355 2734 agentes.

66 2742 141 2764 tanto
156 2735 311 2762 incuriosius
327 2734 439 2762 habetur
455 2734 531 2769 Apul.
547 2734 623 2768 Apol.
644 2743 668 2768 p.
682 2741 742 2766 274.

107 2779 116 2797 1
128 2779 201 2799 NCV
212 2779 249 2798 R1
260 2778 317 2802 vs,
352 2777 401 2806 pro
421 2769 579 2804 Incuriofius.
626 2768 717 2796 lustin.
738 2775 763 2801 ς,
779 2775 812 2800 9,
832 2775 861 2793 10
892 2767 945 2795 Pro
964 2766 1049 2793 aliena
1067 2765 1115 2792 do-

67 2807 215 2834 minatione
236 2805 355 2833 incurius
375 2811 514 2841 pugnatur.
555 2805 634 2842 Vulgo
652 2803 789 2836 Securius,
814 2801 880 2839 quod
893 2812 922 2829 ex
936 2803 1010 2837 MSS.
1021 2801 1115 2837 firmat

65 2844 234 2872 Burmannus.

21 2888 26 2890 -
105 2875 501 2907 1NCVR1031TAs‚atis.
526 2875 546 2902 f.

23 2943 27 2945 .
67 2913 177 2942 Caffiod.
187 2913 264 2948 Epist.
278 2921 303 2947 7,
318 2922 335 2946 4
355 2912 413 2939 Nec
426 2910 473 2937 sub
486 2910 665 2937 incuriositate
677 2910 843 2940 transmittat.
879 2909 992 2937 Saluian.
1002 2908 1034 2936 de
1042 2909 1113 2936 Gub.

15 2970 23 2981 .
67 2950 118 2977 Dei
138 2958 148 2976 1
165 2956 208 2985 pr.
235 2949 274 2975 De
286 2947 466 2974 incuriositate
479 2956 508 2973 ac
523 2946 685 2981 negligentia
699 2945 805 2974 sensisse.

106 2993 115 3011 1
124 2993 146 3012 N
155 2991 172 3012 C
183 2991 203 3010 V
211 2991 230 3011 R
242 2990 261 3010 R
272 2990 291 3010 0
301 3004 309 3016 ,
329 2983 417 3014 curri,
437 2983 539 3009 cursum
548 3001 555 3013 ‚
574 2984 627 3008 ere.
662 2981 809 3017 [im-epizo,
828 2980 950 3013 ἐμπίπτω,
968 2978 1111 3016 imorum]

14 3012 22 3020 ¹
67 3021 160 3047 Contra
174 3021 279 3055 aliquem
299 3028 412 3049 currere,
432 3019 472 3045 vel
486 3017 598 3044 Incidere
618 3023 642 3044 et
654 3026 798 3044 concurrere
816 3019 843 3042 in
864 3017 978 3052 aliquem.
1019 3016 1079 3044 Liu.
1094 3025 1114 3048 1,

68 3064 100 3090 37
126 3056 163 3082 Eo
182 3055 285 3090 praelio
305 3055 445 3088 praecipua
463 3053 585 3088 equitum
601 3053 688 3087 gloria
702 3053 769 3085 fuit,
789 3052 914 3087 vtrinque
932 3050 966 3078 ab
986 3052 1112 3078 cornibus

68 3090 182 3126 positos,
199 3100 280 3125 quum
294 3091 347 3116 iam
361 3090 505 3123 pelleretur
517 3089 604 3116 media
617 3088 734 3123 peditum
748 3089 854 3115 suorum
871 3087 939 3114 acies
949 3107 957 3120 ,
975 3088 1012 3114 ita
1026 3088 1112 3114 incur.

648 3125 785 3151 Incurrere
803 3124 832 3150 in
847 3122 948 3155 hostes,
967 3132 1054 3159 magno
1068 3126 1114 3149 im-

63 3169 125 3199 pem
139 3161 212 3197 ferri
230 3161 330 3188 Sallust.
344 3161 424 3188 Catil.
443 3170 464 3187 c.
480 3163 514 3187 60
541 3166 606 3187 extr.
634 3159 773 3195 Postquam
792 3159 907 3187 Catilina
926 3159 994 3185 fusas
1014 3159 1113 3193 copias,

70 3199 149 3231 seque
164 3205 225 3222 cum
240 3198 328 3230 paucis
346 3197 470 3223 relictum
485 3195 576 3228 videt,
594 3204 698 3222 memor
711 3196 813 3230 generis
829 3201 908 3229 atque
927 3194 1052 3229 pristinae
1073 3194 1112 3220 di-

29 3244 31 3248 ’
69 3232 193 3294 gnatam,
211 3232 281 3257 inter
299 3232 497 3259 confertissimos
517 3231 601 3258 hostes
620 3231 752 3258 incurrit:
782 3230 875 3266 ibique
894 3229 1034 3265 pugnando
1053 3239 1113 3256 con—
1129 3237 1158 3266 ες
1177 3233 1290 3260 aduersis
1311 3233 1437 3260 cornibus
1460 3234 1628 3261 incursantes,

24 3288 30 3297 .
69 3270 99 3295 fo
120 3269 182 3294 itur.
866 3267 871 3271 “
958 3266 963 3270 ’
992 3266 997 3270 ”

254 3267 368 3294 Martial.
385 3277 404 3299 1,
418 3273 447 3300 38
472 3267 579 3294 Pectore
593 3275 640 3293 nec
655 3266 726 3293 nudo
744 3266 847 3293 stricios
863 3273 977 3292 incurris
990 3274 1018 3292 in
1031 3267 1112 3292 enses.

71 3305 130 3331 Cum
143 3301 260 3337 Accufizt.
279 3302 449 3331 Iucurrerunt
463 3312 507 3330 eos
520 3312 535 3330 a
549 3309 624 3337 tergo
638 3302 740 3329 Sallust.
753 3303 855 3337 Fragm.
867 3304 892 3333 6,
905 3303 930 3328 6.
1001 3301 1044 3328 Ne
1058 3310 1111 3335 quo

70 3340 130 3366 casu
144 3337 240 3365 caloris
253 3337 378 3364 iuuenilis
390 3339 490 3374 impetu
503 3339 602 3374 iapsuS,
621 3339 721 3365 nescius
738 3338 851 3366 nesciam
865 3338 982 3364 sororem
995 3336 1112 3363 incurre-

71 3381 112 3402 ret
126 3374 200 3410 Apul.
217 3374 281 3399 Met.
297 3381 325 3398 10
349 3382 375 3407 p.
387 3381 435 3406 230
448 3381 494 3411 pr.
565 3375 657 3407 Veget.
675 3382 721 3406 109
746 3374 840 3401 Acrius
859 3372 943 3400 hostes
963 3372 1112 3399 incurrunt.

71 3410 146 3446 Conf.
160 3409 251 3436 Tacit.
273 3416 298 3439 1,
318 3416 351 3437 51.
386 3415 409 3434 et
422 3417 445 3439 2,
465 3418 502 3445 17.

32 3468 35 3469 .
70 3455 101 3480 ga
117 3445 250 3475 insedere,
269 3448 298 3468 vt
311 3442 499 3476 praeliantibus
511 3445 639 3472 Romanis
654 3446 771 3479 Desuper
787 3446 960 3471 incurrerent.
1053 3444 1111 3470 Cic.

71 3482 141 3508 Fam.
155 3489 180 3513 9,
195 3489 207 3505 2
233 3479 301 3512 Qus
315 3477 350 3504 est
364 3483 418 3504 tam
431 3478 549 3510 lynceus,
568 3481 616 3516 qui
635 3481 663 3507 in
676 3480 755 3508 tantis
769 3481 884 3507 tenebris
897 3478 966 3505 nihil
985 3478 1111 3512 offendat,

22 3530 41 3539 -’
70 3525 199 3552 nusquam
215 3514 340 3540 incurrat.
533 3513 554 3551 ff
575 3525 589 3542 2
626 3515 799 3550 Substantiua,
817 3526 870 3543 cum
881 3513 1060 3550 Praepofitiorze
1072 3517 1111 3542 In.

71 3553 210 3579 Incurrere
228 3550 256 3576 in
271 3548 405 3575 aduersam
421 3547 536 3576 hostium
550 3551 658 3585 Aciem,
687 3551 740 3578 vid.
762 3557 810 3578 AC
820 3558 829 3577 1
840 3558 857 3578 Ε
868 3558 889 3577 S.
961 3549 1018 3576 Cic.
1034 3550 1065 3576 de
1079 3551 1109 3576 L.

72 3589 135 3622 Agr.
150 3596 176 3619 2,
194 3592 219 3616 81
246 3586 337 3618 ann
360 3592 374 3609 a
393 3584 538 3611 maioribus
556 3587 647 3614 vestris
666 3588 691 3615 P.
704 3586 845 3618 Lentulus,
863 3586 982 3621 princeps
996 3585 1112 3617 Senatus,
1127 3595 1160 3622 93
1177 3588 1311 3622 mantem,
1332 3588 1491 3621 vastantem,
1504 3586 1702 3622 fugantemque.

70 3623 100 3650 in
113 3632 142 3650 ea
157 3623 215 3649 loca
228 3621 315 3646 missus
329 3619 404 3650 esset,
422 3624 451 3645 vt
462 3625 487 3645 et
500 3620 617 3654 priuatos
631 3624 730 3657 Agros,
749 3623 797 3658 qui
809 3624 838 3649 in
850 3621 986 3657 publicum
1001 3621 1111 3656 Campa-

71 3668 135 3686 num
154 3656 337 3686 incurrebant,
367 3654 475 3688 pecunia
498 3655 603 3687 publica
625 3661 764 3685 coemeret.
859 3657 932 3684 Idem
947 3656 1026 3682 Attic.
1047 3665 1078 3689 2,
1097 3661 1111 3686 8

40 3698 43 3699 ’
70 3695 233 3722 Emerseram
248 3690 386 3718 commode
401 3698 432 3715 ex
447 3690 527 3729 Antio
540 3690 568 3716 in
579 3692 690 3727 Appiam
703 3694 735 3721 ad
743 3694 814 3721 Tres
828 3694 947 3720 tabernas
961 3691 1021 3726 ipsis
1034 3692 1112 3718 Cere-

48 3742 50 3745 ·
71 3729 172 3761 alibus,
191 3737 273 3764 quum
294 3728 322 3753 in
340 3735 382 3752 me
403 3725 516 3751 incurrit
534 3726 618 3753 Roma
637 3730 744 3756 veniens
763 3729 847 3757 Curio
866 3737 953 3759 meus,
981 3730 1000 3753 i.
1019 3727 1111 3753 incidit

70 3765 136 3801 casu.
194 3766 233 3792 Sic
251 3764 390 3789 Incurrere
403 3767 429 3786 et
443 3759 559 3786 incidere
576 3761 604 3787 in
615 3763 731 3798 aliquem
745 3766 802 3792 Cic.
817 3774 865 3799 pro
877 3764 960 3791 Plane.
974 3771 1008 3795 17.

70 3808 191 3831 currere,
207 3806 309 3834 praeter
319 3798 403 3833 spem:
428 3795 566 3835 Initadere,
583 3805 613 3821 ex
627 3797 754 3830 destinato.
792 3802 849 3828 Cic.
864 3808 912 3834 pro
925 3799 992 3825 Sext.
1006 3806 1036 3831 14
1056 3806 1078 3824 c.
1093 3800 1110 3824 6

70 3835 167 3870 Neque
184 3842 342 3869 quemquam
357 3831 473 3858 offendet
487 3837 576 3856 oratio
593 3840 666 3863 mea,
693 3835 741 3861 nffi
753 3837 802 3871 qui
818 3837 844 3863 se
863 3837 901 3862 im
917 3834 1064 3865 obtulerit,
1081 3838 1110 3859 vt

71 3871 101 3896 in
115 3879 175 3896 eum
187 3879 240 3896 non
255 3868 385 3900 inuasisse,
403 3866 446 3893 sed
459 3866 596 3892 incurrisse
609 3866 754 3896 videamur.
856 3873 887 3898 In
903 3870 1020 3903 aliquem
1034 3877 1111 3895 caeco

70 3906 172 3939 impetu
186 3905 258 3931 Idem
272 3905 303 3930 de
316 3905 374 3931 Fin.
391 3911 410 3938 1,
424 3911 470 3936 44.
543 3903 575 3927 Et
589 3902 660 3931 Fam.
676 3910 717 3937 12,
728 3906 756 3930 16
775 3906 876 3933 Deinde
894 3904 941 3941 qui
960 3905 1042 3939 magis
1060 3904 1111 3931 hoc

70 3940 178 3968 Lucilio
190 3941 316 3974 licuerit,
339 3940 464 3967 assumere
483 3935 631 3970 libertatis,
650 3945 730 3972 quam
746 3939 847 3970 nobisz
876 3950 959 3978 quum
975 3941 1072 3981 etiarn,
1091 3939 1110 3967 si
1121 3949 1167 3979 ¹05

288 755 318 779 Ει
331 754 464 789 Amphitr.
479 763 503 788 5,
518 763 538 787 1,
553 763 580 785 5²
607 754 703 794 Neque
719 762 780 780 eum
793 761 931 787 quisquam
947 752 1034 786 quiuit
1048 753 1123 778 colli·
1143 761 1169 787 ις

520 932 576 959 Cic.
589 932 616 958 in
634 931 733 958 Sallust.
747 940 769 958 c.
783 939 796 963 3
808 930 827 956 s.
840 937 865 956 12
883 929 923 956 An
936 929 1019 956 vllum
1033 930 1120 956 existi-
1134 937 1169 956 20

614 1110 645 1135 Et
657 1108 689 1135 de
702 1108 761 1136 Fin.
774 1115 796 1141 5,
809 1114 837 1140 ςς
851 1116 873 1134 c.
886 1116 920 1134 20
939 1109 1036 1134 Omnes
1051 1113 1160 1140 vete-25

793 1286 865 1312 Iouis
880 1285 1037 1313 incunabula
1043 1287 1121 1313 Crete
1128 1290 1160 1315 30

1147 1473 1156 1478 ·
1188 1466 1216 1492 in
1229 1464 1328 1492 Tiber.
1348 1473 1369 1491 c.
1383 1466 1426 1491 26.
1452 1466 1471 1490 i.
1490 1466 1517 1490 in
1531 1473 1583 1490 eum
1598 1464 1661 1491 diem
1673 1464 1791 1493 incidere.

934 1782 1007 1818 Cons.
1016 1782 1122 1816 Vopisc.
1151 1822 1161 1829 ι

941 2340 1016 2375 Conf.
1043 2340 1114 2366 Suet.
1122 2344 1157 2369 60

818 2521 989 2556 Negligenter.
1024 2518 1115 2545 Castra
1128 2519 1160 2551 65

448 2699 554 2731 Pudor,
572 2699 657 2725 veluti
675 2697 770 2730 vestis,
789 2703 889 2732 quanto
902 2696 1050 2723 obsoletior
1068 2695 1113 2727 est,
1127 2705 1164 2732 70
1178 2700 1255 2726 cursu
1277 2700 1345 2726 Tac.
1363 2700 1430 2726 Hist.
1446 2709 1470 2733 3,
1487 2709 1505 2734 9
1519 2707 1562 2737 pr.

584 2874 641 2908 [Gl.
653 2875 714 2902 Vet.
728 2872 910 2910 οἷπροιγμοσῦνη,
929 2872 1113 2908 Incuriositas]
1126 2883 1159 2912 75

1068 3763 1110 3788 In·
1118 3774 1166 3793 100

1168 3835 1239 3869 stone
1257 3843 1381 3863 vexatum.

1191 611 1259 639 hunc
1274 613 1359 647 ipsum
1374 613 1523 639 sermonem
1537 613 1649 646 produxi
1671 614 1784 649 longius.
1887 614 1918 641 In
1931 614 2058 647 Morbos,
2081 615 2110 642 in
2130 617 2233 653 damna,

1190 649 1219 674 in
1236 648 1363 675 dedecora
1382 648 1455 674 Idem
1470 647 1501 674 de
1517 649 1575 674 Fin.
1591 657 1616 681 1,
1637 656 1682 683 47.
1749 650 1781 675 In
1794 650 1949 676 Murronem
1968 650 2042 677 Idem
2060 659 2109 684 pro
2126 652 2234 682 Caecin.

1189 689 1230 717 84.
1288 684 1318 710 In
1331 683 1431 710 Nauim
1447 692 1525 710 vnam
1543 684 1640 711 multae
1653 685 1737 711 classes
1750 690 1865 712 armatae
1877 685 2018 713 incurrunt
2031 686 2088 713 Cic.
2102 696 2151 722 pro
2164 688 2234 717 Sext.

1189 721 1234 751 46.
1305 719 1378 745 Idem
1395 719 1473 744 Attic.
1490 728 1526 752 12,
1543 727 1576 745 22.
1596 722 1648 751 (21)
1676 719 1750 754 Qud
1770 720 1842 747 enim
1860 720 1929 747 mihi
1947 721 2026 753 foro,
2047 721 2101 748 sine
2117 722 2236 756 iudiciis.

1189 754 1242 781 fine
1257 755 1344 786 curia,
1365 755 1393 780 in
1405 753 1504 780 Oculos
1518 755 1714 782 incurrentibus
1729 755 1773 787 iis,
1792 764 1860 790 quos
1873 764 1959 791 aequo
1971 757 2062 784 animo
2075 758 2167 786 videre
2179 768 2235 788 non

1189 791 1290 824 possum
1305 791 1314 816 3
1363 787 1404 822 Est
1422 793 1524 824 proprie
1542 791 1572 816 In
1590 790 1682 817 oculos
1700 791 1852 824 incurrere,
1877 792 1964 819 Oculis
1983 793 2109 820 admoueri
2126 804 2175 822 non
2195 798 2237 822 in-

1189 829 1282 856 tentis,
1305 831 1329 851 et
1347 833 1400 850 cum
1419 826 1522 865 quadum
1544 825 1681 860 offinfione.
1737 825 1867 861 Qinffll.

1190 870 1257 896 quae
1272 860 1301 887 in
1313 859 1410 886 Oculos
1424 868 1573 894 incurrunt,
1593 861 1754 896 exquirenda
1768 867 1869 897 putant.
1909 862 1977 890 Adri.
1998 864 2055 890 Cic.
2069 865 2140 892 Fam.
2154 874 2180 899 2,
2194 869 2233 894 16.

1188 896 1297 927 Oculis,
1322 895 1404 921 Idem:
1423 896 1511 923 Senec.
1526 897 1559 923 de
1573 897 1662 923 Benef.
1679 906 1700 930 1,
1737 916 1744 924 .
1781 917 1788 924 .
1859 897 1916 924 Cic.
1929 897 2006 926 Offic.
2020 908 2039 931 1,
2052 908 2095 932 150
2115 901 2235 930 Primum

1189 931 1376 965 improbantur
1395 931 1416 956 ii
1433 931 1565 966 quaestus,
1590 933 1639 967 qui
1659 933 1687 959 in
1705 932 1775 959 Odia
1793 931 1934 960 hominum
1952 934 2105 969 incurrunt,
2126 943 2154 963 vt
2173 946 2235 972 por.

1188 967 1318 998 titorum,
1338 972 1366 992 vt
1382 966 1577 999 feneratorum,
1602 971 1621 994 i.
1641 977 1700 1002 quae
1720 968 1829 995 homines
1845 968 1957 996 oderunt.
2051 971 2083 997 In
2102 972 2233 1001 Ordinem

1187 1001 1364 1036 Qtinetilian.
1380 1010 1405 1035 1,
1429 1011 1450 1036 ς.
1522 1003 1552 1029 In
1565 1003 1713 1030 Perniciem
1730 1009 1847 1037 apertam
1867 1004 1924 1031 Cic.
1938 1004 1970 1031 de
1983 1005 2045 1032 Nat.
2059 1007 2139 1034 Deor.
2154 1016 2176 1040 3,
2190 1011 2235 1042 69.

1187 1039 1218 1064 In
1237 1037 1337 1064 Praelia
1358 1038 1496 1065 incurrunt
1514 1038 1585 1065 tauri
1604 1038 1702 1072 Virgil.
1717 1039 1781 1064 Aen.
1797 1047 1838 1071 12,
1857 1047 1912 1074 727.
1994 1042 2026 1067 In
2044 1042 2233 1076 Reprehensio-

1188 1082 1232 1099 nes
1251 1072 1337 1099 varias
1356 1072 1411 1099 Cic.
1430 1073 1461 1100 de
1473 1074 1531 1102 Fin.
1548 1082 1568 1106 1,
1584 1081 1603 1099 1.
1710 1073 1741 1099 In
1756 1073 1904 1107 Sapientem
1916 1076 1986 1102 casus
2000 1076 2084 1110 potest
2097 1078 2234 1107 incurrere

1187 1109 1261 1135 Idem
1275 1109 1357 1135 Tusc.
1371 1117 1396 1141 ς,
1415 1117 1457 1142 29.
1549 1109 1579 1135 In
1597 1115 1717 1143 tempora
1734 1108 1824 1143 aliqua
1845 1109 1901 1136 Cic.
1915 1110 2046 1144 QFratr.
2060 1121 2088 1145 3,
2107 1121 2129 1146 5.
2200 1116 2234 1142 In

1188 1145 1310 1178 Tempus
1328 1144 1525 1171 exercitationis
1542 1144 1656 1171 incurrit
1670 1144 1752 1171 febris
1772 1144 1840 1171 Cels.
1852 1153 1882 1177 3,
1896 1152 1931 1177 ις.
2002 1147 2058 1172 Cic.
2072 1149 2143 1176 Fam.
2154 1158 2187 1183 2,
2207 1158 2234 1184 ις

1187 1179 1235 1206 Sed
1256 1180 1367 1206 incurrit
1382 1179 1444 1206 haec
1461 1180 1655 1207 nostra—laurus
1675 1188 1730 1207 non
1747 1180 1831 1206 solum
1851 1180 1880 1206 in
1892 1180 2005 1213 Oculos,
2023 1181 2068 1208 sed
2082 1183 2133 1210 iam
2152 1187 2234 1214 etiam

1186 1215 1215 1241 in
1228 1215 1342 1242 Voculas
1361 1214 1574 1248 maleuolorum,
1604 1219 1624 1242 i.
1646 1217 1706 1242 male
1723 1216 1856 1251 loquuntur
1873 1215 1902 1242 de
1922 1225 1948 1243 ea
1966 1218 2086 1244 maleuoli.
2157 1220 2235 1249 Idem

1187 1251 1220 1277 de
1233 1251 1291 1278 Fin.
1304 1259 1330 1283 2,
1344 1259 1386 1282 103
1413 1253 1487 1284 Quos
1499 1251 1609 1286 quidem
1624 1249 1695 1284 dies,
1718 1251 1945 1286 quemadmodum
1956 1253 2055 1286 agatis,
2070 1259 2096 1280 et
2109 1255 2138 1281 in
2151 1264 2234 1290 quan.

1187 1292 1241 1314 tam
1265 1286 1406 1312 hominum
1425 1287 1565 1313 facetosam
1584 1286 1765 1313 Vrbanitatem
1786 1287 1944 1320 incurratis,
1972 1297 2026 1315 non
2046 1288 2127 1317 dico:
2161 1292 2233 1319 nihil

1188 1331 1254 1357 opus
1269 1321 1305 1348 est
1325 1321 1426 1348 litibus.
1663 1331 1674 1355 3
1712 1323 1839 1349 formulae
1856 1323 1941 1350 aliae:
1977 1325 2096 1351 Incurrit
2114 1327 2234 1361 Suspicio

1187 1357 1304 1388 fraudis,
1329 1358 1436 1393 absolute
1464 1356 1599 1391 Papinian.
1620 1357 1649 1383 in
1670 1357 1687 1384 l.
1711 1356 1752 1384 Ab
1774 1357 1872 1384 herede
1903 1359 1935 1385 D.
1959 1358 1991 1385 de
2012 1360 2234 1395 separationibus.

1186 1394 1302 1420 incurrit
1316 1392 1359 1419 hic
1374 1399 1399 1419 et
1419 1392 1472 1419 alia
1488 1393 1618 1427 inspectio
1630 1392 1803 1427 Triphonius
1821 1393 1849 1420 in
1864 1393 1882 1420 l.
1896 1394 1968 1421 Bona
1980 1395 2043 1422 fides
2061 1394 2085 1432 §-
2099 1405 2109 1423 1
2133 1398 2166 1425 D.
2181 1399 2234 1425 De-

1187 1429 1264 1464 pofiti
1284 1429 1326 1455 vel
1344 1434 1415 1455 cont.
1522 1430 1661 1455 Incurrere
1677 1428 1843 1456 Circensibus
1861 1429 1974 1456 natalem
1995 1431 2108 1459 alicuius
2126 1433 2234 1461 Sueton-

1897 1465 1953 1492 Cic.
1972 1467 2052 1493 Attic.
2072 1476 2104 1503 7,
2124 1475 2142 1503 7
2167 1470 2234 1497 Tua

1187 1499 1259 1531 λῆψις
1284 1508 1363 1535 quem
1380 1500 1409 1526 in
1422 1498 1492 1526 diem
1513 1500 1631 1527 incurrat
1643 1501 1740 1527 nescio.
1810 1501 1842 1527 In
1855 1501 1921 1535 ipsas
1934 1501 2027 1529 Etefias
2042 1504 2180 1538 nauigatio
2193 1505 2236 1532 in-

1188 1535 1310 1563 currebat
1328 1534 1402 1562 Idem
1416 1536 1436 1561 F
1438 1544 1487 1562 am.
1505 1544 1540 1569 ις,
1555 1545 1577 1562 ιι
1597 1543 1661 1563 extr.
1733 1536 1809 1563 Acies
1821 1536 1960 1564 incurrunt
1976 1537 2021 1564 Sil.
2035 1548 2063 1572 4,
2075 1547 2128 1572 143.
2184 1541 2234 1568 Ar.

1187 1572 1238 1599 mis
1251 1571 1333 1598 denfis
1346 1571 1506 1598 incurrimus
1520 1571 1616 1607 Virgil.
1631 1572 1697 1598 Aen.
1709 1580 1732 1604 2,
1744 1581 1808 1605 409.
1914 1573 2003 1599 Hastis
2017 1574 2130 1601 aduersis
2143 1575 2233 1603 incur-

1187 1616 1246 1634 rere
1267 1608 1341 1633 Idem
1354 1607 1419 1633 Aen.
1430 1616 1462 1640 11,
1476 1609 1528 1640 613.
1593 1607 1650 1633 Vrsi
1663 1607 1801 1635 incurrunt
1813 1607 1937 1634 armentis
1956 1608 2036 1635 Ouid.
2050 1610 2115 1636 Met.
2127 1618 2154 1644 7,
2173 1613 2235 1644 346.

1187 1643 1396 1677 Scribon.Epist.
1418 1651 1483 1669 extr.
1521 1642 1578 1669 Erit
1597 1648 1660 1669 nota
1679 1643 1783 1669 denarii
1798 1643 1877 1670 vnius
1903 1652 1952 1676 pro
1973 1644 2072 1670 Graeca
2093 1645 2234 1673 Drachma.

1188 1680 1278 1713 Aeque
1296 1679 1367 1704 enim
1389 1679 1417 1704 in
1438 1678 1507 1704 libra
1527 1684 1560 1713 ἦε
1583 1678 1695 1705 Denarii
1713 1677 1850 1713 oeloginta
1869 1683 1984 1711 quatuor
2001 1678 2070 1712 apud
2084 1687 2147 1713 nos,
2167 1686 2236 1715 quot

1189 1715 1334 1741 Drachmae
1353 1713 1421 1748 apud
1441 1714 1555 1740 Graecos
1575 1713 1723 1739 incurrunt.
1831 1712 1934 1746 PaJJt'ue.
1969 1713 2061 1740 quen.
2075 1714 2125 1741 Sat.
2138 1716 2171 1747 6,
2188 1723 2236 1748 330

1187 1751 1214 1776 Si
1231 1749 1301 1776 nihil
1314 1749 1366 1780 est,
1387 1748 1468 1774 seruis
1484 1748 1631 1775 incurritur
1644 1757 1650 1773 :
1679 1747 1708 1773 de
1721 1746 1825 1773 libidine
1838 1747 1968 1780 muliebri,
1990 1754 2020 1775 vt
2034 1749 2112 1784 Apul.
2125 1750 2191 1778 Met.
2205 1759 2237 1779 ιο

1187 1793 1212 1818 p.
1227 1792 1272 1816 250
1287 1791 1332 1819 pr.
1358 1784 1402 1810 Ne
1421 1791 1475 1816 quo
1489 1783 1547 1808 casu
1570 1796 1616 1801 ·—-
1639 1783 1758 1808 sororem
1772 1782 1931 1809 incurreret.

1221 1825 1231 1842 ι
1242 1825 1345 1844 NCVR
1355 1824 1373 1843 R
1383 1824 1400 1843 E
1411 1823 1454 1842 NS
1464 1837 1472 1848 ,
1489 1817 1566 1843 entis.
1605 1817 1699 1843 Par-tic.
1734 1817 1792 1843 Cic.
1805 1818 1844 1852 Q
1854 1818 1938 1845 Fratr.
1952 1826 1974 1850 3,
1993 1826 2008 1851 ς
2035 1819 2080 1846 Ne
2100 1820 2129 1847 in
2147 1821 2236 1849 nostra

1186 1858 1305 1886 tempora
1319 1854 1457 1880 incurrens
1470 1852 1634 1880 offenderem
1647 1853 1806 1888 quempiam.
1878 1853 1952 1880 Idem
1965 1854 2019 1880 Art.
2034 1862 2068 1886 12,
2082 1864 2109 1881 21
2128 1857 2159 1882 In
2172 1865 2236 1884 ocu·

1184 1887 1223 1914 los
1240 1888 1415 1914 incurrentes.

1222 1930 1231 1949 1
1243 1930 1264 1948 N
1274 1930 1290 1950 C
1299 1931 1320 1950 v
1329 1930 1348 1950 R
1358 1931 1370 1949 s
1379 1924 1398 1947 x?
1407 1930 1490 1953 RVS,
1510 1931 1535 1954 a,
1551 1931 1606 1949 um.
1641 1923 1708 1949 Part.
1745 1921 1942 1957 [ἔμπεσέμενος]
1977 1923 2059 1951 Ouid.
2074 1926 2140 1954 Met.
2152 1933 2176 1960 5,
2189 1932 2234 1962 198

1183 1959 1336 1985 Incursurus
1352 1964 1421 1989 erat,
1441 1959 1527 1984 tenuit
1542 1957 1652 1991 vestigia
1665 1957 1750 1984 tellus.

1219 1999 1229 2018 1
1241 1999 1262 2018 Ν
1273 2000 1289 2019 c
1300 1999 1438 2024 vnsvs,
1457 2001 1482 2024 a,
1499 2001 1554 2018 um.
1590 1992 1693 2019 Adieet.
1730 1992 1821 2020 Sidon.
1836 1993 1916 2028 Epist.
1939 1998 1969 2027 8,
1986 2002 2004 2028 9
2031 1995 2174 2024 Vinculum
2193 1996 2234 2025 in.

1183 2027 1248 2053 cursi
1265 2028 1381 2061 angoris.
1646 2038 1650 2042 ’
1714 2052 1715 2059 ,

1218 2070 1228 2089 1
1240 2070 1258 2087 N
1271 2069 1287 2089 C
1300 2069 1320 2087 V
1329 2070 1347 2089 R
1358 2070 1370 2090 S
1380 2069 1389 2088 1
1400 2069 1418 2089 O
1429 2082 1438 2095 ,
1468 2062 1536 2089 onis.
1573 2062 1592 2089 f.
1635 2061 1775 2096 [ἔπιςολῆ]
1824 2063 1970 2100 Occurfhtio
1989 2074 2072 2093 rerum
2089 2068 2156 2094 inter
2168 2067 2234 2105 fifi-

1183 2098 1240 2124 Cic.
1257 2097 1288 2124 de
1301 2099 1365 2124 Nat.
1378 2098 1458 2124 Deor.
1475 2107 1495 2130 1,
1512 2105 1548 2130 113
1573 2099 1663 2131 Qium
1680 2098 1733 2124 sine
1750 2098 1805 2124 vlla
1825 2098 2014 2126 intermissione
2027 2101 2158 2136 pulsetur,
2177 2104 2232 2138 agi-

1183 2139 1307 2167 teturque
1326 2139 1478 2159 atomorum
1501 2133 1650 2158 incursione
1670 2133 1836 2167 sempiterna.
1927 2136 2045 2163 Incursio
2066 2138 2185 2165 militum
2202 2141 2233 2167 in

1182 2176 1257 2201 agros
1272 2167 1388 2193 hostium
1409 2167 1482 2193 Idem
1495 2176 1543 2201 pro
1559 2168 1663 2195 Caecin.
1674 2178 1713 2203 44
1738 2179 1760 2195 c.
1782 2177 1813 2202 ις.
1883 2170 2001 2198 Incursio
2020 2179 2098 2206 atque
2119 2174 2234 2208 impetus

1183 2211 1320 2229 armorum
1339 2203 1412 2229 Caes.
1425 2203 1490 2229 Bell.
1506 2203 1573 2229 Gall.
1589 2212 1609 2236 ς,
1623 2212 1658 2230 21.
1730 2205 1790 2231 Liu.
1808 2213 1829 2238 1,
1842 2213 1865 2232 11
1891 2206 2082 2233 Antennatium
2100 2209 2233 2237 exercitus

1181 2246 1228 2272 per
1242 2238 1402 2265 occasionem
1417 2247 1445 2265 ac
1461 2238 1631 2265 solitudinem
1643 2239 1776 2267 hostiliter
1789 2240 1818 2266 in
1831 2240 1895 2266 sines
1909 2242 2042 2268 Romanos
2055 2243 2233 2273 incursionem

1181 2273 1254 2300 facit.
1363 2275 1418 2300 Cic.
1434 2283 1482 2308 pro
1494 2274 1598 2302 Cluent.
1612 2283 1654 2301 102
1678 2276 1747 2310 Ergo
1762 2274 1847 2301 adhuc
1859 2276 1931 2302 Iunii
1944 2276 2075 2304 iudicium
2088 2279 2168 2306 video
2181 2282 2231 2308 esse

1180 2308 1329 2342 eiusmodi,
1349 2316 1378 2336 vt
1396 2309 1572 2337 incursionem
1592 2312 1680 2344 potius
1693 2310 1849 2343 seditionis,
1869 2311 1926 2338 vim
1937 2312 2133 2348 multitudinis,
2147 2316 2231 2351 impe-

1180 2350 1236 2372 tum
1257 2345 1447 2378 tribunicium,
1466 2355 1545 2380 quam
1560 2345 1690 2372 iudicium
1702 2346 1887 2380 appellandum
1900 2354 1998 2380 putem.

1216 2387 1226 2406 1
1238 2387 1258 2405 N
1269 2387 1362 2408 cvns
1372 2388 1431 2414 vs,
1451 2380 1490 2407 us.
1514 2391 1550 2408 m.
1588 2378 1736 2416 [ἐκδρομὴ
1753 2378 1853 2416 ἔφοδος]
1889 2382 1954 2410 Plin.
1970 2388 1992 2416 8,
2006 2393 2042 2418 42
2062 2385 2139 2413 Vnde
2153 2387 2230 2422 equi·

1179 2415 1288 2443 tolutim
1310 2424 1417 2450 carpere
1441 2416 1559 2442 incursus
1582 2416 1697 2442 traditur
1718 2423 1784 2443 arte.
1856 2417 1987 2446 Sustinere
2006 2420 2124 2448 incursus
2145 2423 2228 2450 Ouid.

1179 2452 1244 2478 Met.
1258 2460 1285 2483 3,
1302 2456 1342 2481 82.
1413 2451 1470 2478 Cic.
1489 2460 1538 2486 pro
1554 2452 1660 2478 Caecin.
1675 2460 1702 2477 22
1724 2454 1855 2487 Impetum
1872 2455 1966 2481 armati
1985 2456 2127 2488 Antiochi,
2147 2464 2230 2485 caete-

1177 2495 1326 2523 rorumque
1338 2486 1389 2514 tela
1402 2493 1428 2514 et
1441 2487 1558 2514 incursus
1573 2487 1680 2521 refugit.
1752 2489 1890 2522 Luporum
1903 2489 2021 2516 incursus
2042 2491 2115 2525 Virg.
2129 2493 2226 2528 Georg.

1178 2531 1201 2555 3,
1214 2529 1278 2556 407.
1350 2523 1482 2549 Columel.
1499 2533 1525 2556 4,
1538 2532 1565 2558 ¹7
1588 2523 1659 2555 Nam
1676 2522 1724 2549 vbi
1736 2532 1828 2557 magna
1841 2524 1882 2550 vis
1900 2530 1926 2551 et
1939 2525 2056 2552 incursus
2073 2527 2109 2553 est
2122 2528 2228 2555 Pluuia-

1177 2567 1237 2585 rum
1250 2558 1494 2593 procellarumque,
1513 2566 1559 2585 etc.
1630 2559 1705 2585 Idem
1727 2567 1750 2590 1,
1770 2561 1788 2585 6
1817 2559 1874 2586 Nec
1893 2561 2008 2587 arescere
2027 2562 2113 2588 ventis
2129 2563 2227 2598 sinunt,

1179 2593 1304 2633 aut-Solis
1325 2594 1429 2620 incursu
1450 2593 1586 2628 patiuntur
1601 2593 1687 2620 exuri.
1779 2593 1916 2621 Vndarum
1936 2596 2041 2623 incursu
2060 2598 2133 2625 sonat
2156 2599 2227 2627 vnda

1178 2628 1331 2656 Ouid.Met.
1348 2638 1379 2661 ιι,
1391 2632 1455 2662 496.
1526 2629 1616 2656 Tacit.
1627 2630 1694 2656 Ann.
1707 2638 1735 2662 4,
1748 2637 1783 2663 24
1804 2631 1868 2657 Non
1882 2631 1975 2665 Grani,
1991 2640 2038 2658 nec
2050 2642 2104 2660 vno
2117 2634 2226 2662 incursu

1178 2664 1380 2691 consectandmn
1394 2665 1503 2692 hostem.
1573 2665 1663 2692 Primo
1676 2665 1780 2691 incursu
1795 2664 1854 2692 Liu.
1869 2675 1891 2699 2,
1905 2675 1941 2700 ²5-
2015 2669 2165 2703 Repentino
2186 2671 2228 2697 in-

1632 2700 1767 2728 Timendi
1783 2701 1901 2729 incursus
1920 2704 1995 2731 omni
2008 2703 2040 2730 de
2053 2711 2127 2739 parte
2144 2706 2227 2734 Ouid.

1886 834 1918 862 7,
1936 836 1953 854 2
1978 829 2034 855 Alii
2047 828 2175 864 vitantes,
2194 840 2235 864 ea,

1179 2743 1210 2762 ex
1226 2736 1301 2762 Pont.
1315 2745 1343 2770 4,
1360 2744 1400 2768 14,
1415 2743 1455 2771 27.

1215 2779 1225 2798 1
1235 2778 1257 2797 N
1268 2778 1284 2798 C
1293 2777 1314 2797 V
1324 2778 1342 2798 R
1351 2778 1364 2798 s
1373 2778 1382 2798 1
1391 2778 1416 2797 M
1425 2791 1431 2798 .
1467 2771 1535 2798 Adu.
1573 2771 1701 2805 Celeriter,
1716 2771 1852 2806 incursione
1864 2782 1924 2801 vna.
1959 2774 2091 2802 Caecilius
2104 2776 2228 2811 Fallacia,

1177 2806 1278 2869 &lullus
1298 2807 1369 2839 sum,
1389 2807 1439 2833 nisi
1455 2816 1543 2834 meam
1562 2816 1619 2835 rem
1635 2807 1690 2835 iam
1709 2817 1816 2836 omnem
1834 2817 1949 2845 propero
1966 2810 2090 2838 incursim
2107 2813 2226 2847 perdere.

1207 2851 1251 2869 on.
1271 2851 1297 2875 2,
1356 2847 1378 2872 8.

1214 2884 1280 2904 INC
1293 2852 1362 2905 &³248
1375 2884 1393 2904 0
1404 2898 1412 2911 ,
1436 2882 1489 2904 Ere.
1527 2878 1668 2913 Frequent.
1704 2876 1915 2914 [ἒπιδροίμομαι]
1957 2881 2082 2908 currendo
2098 2888 2182 2917 petere
2200 2889 2226 2910 et

1178 2912 1311 2946 offendere.
1353 2913 1435 2939 Plaut.
1450 2913 1510 2940 Aul.
1524 2922 1551 2946 1,
1568 2923 1597 2946 4,
1618 2922 1649 2949 37
1674 2915 1746 2941 Asini
1764 2923 1807 2941 me
1825 2915 1991 2943 mordicibus
2010 2918 2126 2948 scindat,
2141 2918 2226 2945 boues

1176 2948 1311 2975 incursent
1322 2948 1458 2975 cornibus.
1563 2949 1646 2976 Ouid.
1667 2950 1731 2976 Met.
1744 2959 1773 2981 2,
1793 2958 1842 2983 205
1867 2952 1953 2986 Atque
1971 2952 2019 2979 sub
2037 2952 2144 2981 aethere
2164 2954 2226 2981 fixis

1177 2985 1314 3011 Incursant
1343 2984 1431 3010 stellis.
1526 2984 1633 3011 Fortius
1656 2986 1788 3012 incursant
1809 2987 1894 3019 Tyrii
1919 2988 1980 3014 Stat.
2001 2987 2094 3015 Theb.
2116 2994 2150 3022 8,
2173 2997 2224 3023 159.

1177 3019 1246 3047 Tac.
1262 3019 1328 3046 Hist.
1343 3028 1365 3051 3,
1380 3025 1405 3049 18
1433 3020 1579 3046 Nutantem
1593 3021 1685 3048 Aciem
1701 3021 1792 3048 vietor
1811 3022 1943 3056 equitatus
1961 3023 2082 3050 incursat.
2161 3025 2224 3052 Liu.

1129 3060 1162 3087 80
1177 3062 1201 3088 ς,
1215 3065 1238 3088 31
1266 3054 1443 3082 Volsinienses
1463 3055 1584 3090 superbia
1605 3056 1680 3087 elati,
1699 3057 1771 3084 vltro
1788 3059 1873 3091 Agros
1894 3059 2027 3085 Romanos
2046 3060 2225 3093 incursauere,

1176 3094 1195 3117 i.
1212 3091 1331 3126 praedati
1342 3091 1415 3126 ficut.
1509 3091 1591 3118 Plaut.
1607 3091 1726 3119 Bacchid.
1740 3100 1763 3125 ς,
1776 3102 1797 3123 2,
1818 3101 1852 3125 29
1881 3093 1982 3119 Arietes
1999 3099 2084 3120 truces
2103 3104 2151 3121 nos
2171 3102 2224 3122 eri-

1178 3136 1251 3158 mus,
1269 3127 1377 3161 iamque
1389 3127 1418 3152 in
1432 3135 1480 3153 vos
1493 3126 1694 3154 incursabimus.
1787 3127 1860 3153 Idem
1873 3129 1952 3154 Poen.
1967 3137 1993 3161 4,
2008 3138 2034 3161 1,
2049 3138 2061 3161 3
2089 3130 2112 3156 Is
2133 3136 2223 3158 autem

1177 3171 1260 3197 porro
1274 3162 1398 3189 verberat
1409 3171 1467 3194 nos,
1485 3162 1599 3190 incursat
1611 3163 1714 3198 pugnis,
1733 3162 1854 3189 calcibus.
1923 3164 1954 3190 In
1967 3164 2086 3191 fortunas
2099 3166 2223 3192 omnium

1178 3197 1255 3224 Auel.
1263 3197 1295 3224 ad
1309 3199 1425 3224 Herenn.
1439 3207 1467 3231 4,
1483 3205 1514 3230 52
1532 3207 1553 3224 c.
1563 3207 1601 3231 39.
1673 3199 1740 3225 Plin.
1755 3207 1780 3231 9,
1793 3207 1817 3230 3ι
1843 3198 1978 3226 Dimicant
1998 3200 2067 3227 inter
2081 3201 2106 3226 se
2126 3201 2223 3229 ariete:

1721 3234 1838 3260 Incursat
1859 3234 1934 3261 color
1959 3235 2006 3261 alii
2033 3236 2133 3269 colori,
2161 3237 2223 3264 Con-

1177 3268 1259 3295 tendit
1279 3276 1302 3296 et
1315 3276 1431 3306 pugnat,
1443 3269 1498 3303 flue
1517 3276 1605 3296 certat.
1643 3269 1708 3295 Plin.
1725 3274 1763 3301 28,
1777 3273 1790 3299 8
1814 3270 1870 3297 Cor
1887 3277 2017 3297 annexum
2036 3270 2064 3297 in
2084 3271 2143 3298 lana
2162 3273 2223 3300 ouis

1177 3305 1286 3339 nigrae,
1304 3306 1348 3331 eui
1368 3305 1456 3331 nullus
1474 3305 1540 3330 alius
1557 3305 1633 3332 color
1651 3305 1842 3336 incursauerit,
1861 3310 1886 3331 et
1904 3305 1994 3339 primo
2012 3313 2087 3341 partu
2107 3308 2223 3342 genitae,

1177 3346 1315 3376 quartanas
1333 3340 1441 3375 abigere
1461 3339 1567 3366 dicitur.
1673 3340 1820 3367 Incursabit
1832 3340 1861 3366 in
1879 3345 1904 3367 te
1917 3341 1995 3368 dolor
2008 3351 2080 3368 meus
2096 3344 2152 3369 Cic.
2166 3344 2221 3370 Att.

1178 3385 1213 3409 12,
1228 3385 1272 3409 40.
1376 3376 1435 3403 Cum
1450 3377 1539 3401 Datiu.
1575 3374 1685 3409 Qun&
1700 3384 1738 3407 10,
1753 3384 1765 3408 3
1790 3376 1968 3403 Intentionem
1986 3376 2004 3403 fi
2019 3383 2074 3404 tota
2091 3384 2178 3405 mente
2192 3379 2223 3406 in

606 3410 680 3436 Idem
693 3410 761 3437 Ann.
773 3418 796 3442 2,
811 3412 840 3436 16
865 3408 919 3434 Soli
933 3406 1060 3434 Cherusci
1073 3408 1111 3434 iu-
1123 3420 1160 3447 90
1176 3420 1242 3446 opus
1256 3412 1341 3452 ipsum
1358 3411 1502 3443 direxeris,
1520 3409 1590 3438 nihil
1605 3419 1714 3443 eorum,
1728 3420 1795 3446 quae
1807 3411 1891 3439 oculis
1904 3413 1947 3439 vel
1960 3412 2069 3440 auribus
2080 3413 2223 3449 incursant,

1175 3448 1208 3474 ad
1221 3455 1340 3474 animum
1354 3447 1484 3481 peruenit.

1211 3491 1220 3509 1
1230 3491 1252 3509 N
1261 3490 1305 3510 CV
1316 3490 1335 3509 R
1344 3490 1357 3510 s
1367 3490 1388 3509 Α
1400 3489 1421 3507 Ν
1431 3489 1444 3508 s
1453 3501 1460 3512 ,
1480 3480 1556 3507 antis.
1582 3481 1650 3508 Part.
1676 3478 1901 3516 [ἔπιδ’ροιμόμενυς]
1938 3481 2005 3509 Plin.
2020 3491 2054 3516 11,
2067 3491 2100 3519 37
2116 3484 2222 3513 Natura

1176 3519 1268 3546 oculos
1281 3517 1430 3552 composuit
1443 3515 1560 3543 lubricos
1574 3522 1682 3551 propter
1696 3516 1869 3548 incursantia,
1889 3522 1915 3544 et
1927 3517 2048 3545 mobiles.

1212 3561 1223 3579 1
1232 3560 1334 3581 NCVR
1343 3560 1355 3580 s
1366 3555 1404 3579 ir
1415 3558 1435 3579 ο
1445 3572 1453 3585 ,
1470 3555 1523 3579 are.
1561 3552 1618 3578 Sen.
1631 3551 1664 3578 de
1675 3553 1716 3579 Ira
1729 3560 1755 3584 2,
1768 3560 1796 3584 33
1820 3553 1890 3579 Iram
1908 3552 1992 3580 multa
2005 3554 2119 3589 caligine
2134 3556 2222 3584 incur-

1749 3586 1818 3614 Ibid.
1831 3595 1854 3619 3,
1873 3589 1890 3614 6
1910 3589 2065 3623 Properanti
2079 3591 2109 3617 in
2121 3592 2221 3619 multos

1177 3624 1383 3652 incursitandum
1397 3623 1441 3650 est.
1479 3623 1613 3660 Significat
1628 3621 1767 3658 Offinsare.

1176 3659 1233 3686 Sen.
1247 3660 1280 3687 de
1293 3660 1356 3686 Vita
1368 3660 1438 3686 Beat.
1455 3668 1477 3685 c.
1493 3667 1534 3694 27-

1212 3702 1278 3723 1Nc
1287 3702 1336 3723 VR
1347 3702 1359 3722 s
1370 3702 1379 3721 1
1389 3701 1470 3722 TAN
1479 3700 1509 3726 S,
1525 3693 1601 3720 antis.
1637 3693 1730 3720 Partie.
1766 3693 1824 3720 qen.
1841 3693 1874 3720 de
1888 3694 1929 3722 Ira
1944 3704 1972 3727 2,
1984 3703 2013 3729 33
2032 3696 2130 3724 Talem
2141 3696 2221 3723 nobi·

1176 3730 1244 3757 iram
1263 3730 1424 3765 figuremus,
1442 3729 1652 3759 incursitantem,
1670 3728 1828 3762 vastantem,
1846 3729 2065 3766 fugitantemque.

1214 3772 1223 3790 1
1234 3773 1256 3792 N
1265 3772 1282 3792 c
1293 3773 1314 3793 v
1323 3773 1342 3792 R
1351 3775 1363 3795 s
1373 3773 1394 3792 A
1402 3773 1424 3793 T
1432 3772 1452 3792 v
1462 3773 1474 3792 s
1484 3784 1493 3796 ,
1513 3773 1538 3795 a,
1559 3773 1613 3790 um.
1642 3764 1709 3791 Part.
1724 3762 1789 3799 paffi
1824 3765 1884 3791 Liu.
1897 3774 1940 3799 24,
1952 3775 1983 3799 41
2002 3769 2153 3800 Agmenque
2167 3766 2220 3793 Ro-

1176 3809 1285 3828 manum
1303 3801 1412 3836 impune
1431 3800 1592 3827 incursatum
1612 3798 1646 3826 ab
1667 3799 1804 3835 equitibus
1824 3799 1942 3828 hostium
1958 3802 2060 3833 fuerat,
2094 3804 2112 3827 i.
2137 3804 2221 3828 incur-

1815 3623 1892 3650 Alter
1908 3623 1938 3651 in
1955 3625 2068 3653 alterum
2086 3627 2223 3655 incurfitat

1212 3876 1222 3896 1
1233 3877 1254 3895 N
1266 3877 1283 3897 c
1293 3877 1313 3896 v
1322 3878 1342 3898 R
1351 3879 1364 3898 s
1373 3878 1394 3898 A
1406 3877 1429 3897 Τ
1439 3878 1447 3897 ι
1457 3877 1491 3903 ο,
1511 3871 1580 3897 oms.
1615 3869 1637 3896 f.
1673 3870 1748 3899 Non.
1764 3878 1791 3905 1,
1804 3879 1843 3904 213
1867 3871 1939 3899 Male
1957 3870 2012 3897 sani
2029 3875 2074 3897 aut
2086 3870 2220 3899 laruarum

1177 3906 1356 3933 incursatione
1373 3907 1464 3933 animo
1480 3906 1578 3932 vexati.

1215 3948 1227 3969 1
1235 3947 1257 3970 N
1264 3946 1282 3970 C
1290 3948 1312 3970 v
1320 3947 1340 3970 R
1349 3949 1362 3971 s
1369 3949 1392 3970 A
1400 3949 1438 4005 ὶέ,
1444 3940 1519 4005 saci?
1554 3939 1615 3980 Adi.
1651 3939 1742 3970 Sidon.
1755 3946 1779 3976 8,
1795 3949 1822 3970 ιο
1844 3940 1990 3971 Incursacen
2003 3940 2219 4005 Μοιΐειςιειιὲιῖὲνκ1
