2479 4225
218 179 300 215 1159
618 157 633 194 l
719 154 765 194 N
849 149 873 189 S

218 251 350 280 natorium
364 248 563 275 instrumentum
575 243 726 280 intelligitur
738 241 805 278 apud
815 238 881 266 Plin.
896 233 1011 276 Epist43,
1026 243 1066 277 20-
1072 239 1119 269 pro
1133 234 1256 276 1110111111·-

218 289 341 321 bus,quoc
358 284 392 310 ad
410 282 561 308 venost‘wtem
578 283 747 316 rcquiruntur.
818 273 988 300 Instrunienti
1000 268 1256 311 ⁷10m172e‚aliquotzdo

218 323 369 357 intelligitur
393 320 577 345 Monumcnrum
603 316 785 352 scripturarum
799 330 807 342 ,
837 308 871 335 ad
896 317 935 348 ref
960 306 1041 343 gtstas
1066 311 1255 344 pertinentium.

220 359 286 384 Suet.
298 356 372 388 Vesp.
387 364 408 379 c.
422 359 435 382 8
452 352 657 378 Instrumennun
670 347 785 381 imperii,
797 344 1006 379 pulcherrimum
1017 351 1045 368 ac
1056 340 1256 368 vetustiffimum

220 392 347 419 confecit:
369 398 422 450 quo
442 387 643 414 continebantur
661 391 739 417 paene
759 382 792 407 ab
805 379 918 406 exordio
937 378 1009 405 vrbis
1022 376 1256 407 Senatusconsulta,
1281 385 1296 411 ς

220 427 355 462 plebiscita
387 434 401 450 e
426 424 548 450 societate
565 428 590 448 et
613 419 719 446 foedere
741 425 770 443 ac
790 415 935 450 priuilegio
957 414 1106 446 cuicunque
1128 411 1257 438 concessis.

220 461 392 489 Instruit-tenti
411 459 480 485 male
497 456 614 490 concepti
629 460 722 485 tenor,
739 452 792 478 vid.
807 452 918 483 Tenor,
930 453 957 476 in
971 455 1090 476 TENEO.
1162 447 1259 473 Instru-

220 504 372 524 mentorum
386 498 494 526 nomine,
508 496 541 519 Ea
560 494 641 517 omnia
656 487 799 523 accipienda
804 487 877 523 fimt,
885 485 971 522 quibus
983 485 1056 520 causti
1070 480 1162 516 instrui
1169 479 1259 517 potest.

226 535 261 561 Vt
275 533 341 559 Litis
362 531 559 558 instrumentum
580 524 711 558 Quaem.
731 531 769 555 12,
782 528 805 556 8,
821 531 856 549 12.
894 521 962 549 Adai.
976 529 998 554 5,
1012 529 1035 552 7,
1048 521 1088 551 36.
1107 521 1140 544 it.
1159 526 1182 550 5,
1197 520 1223 550 6,
1237 526 1260 543 2.

222 575 245 596 et
259 571 285 600 6,
300 577 326 601 4,
340 575 377 602 17.
413 567 480 591 Hace
492 563 608 588 dicuntur
621 559 722 586 firmari
737 558 780 584 vel
795 558 894 585 destrui
908 566 931 590 5,
946 564 972 591 7,
986 558 1015 588 36
1036 562 1065 581 ‘ot
1077 556 1178 585 literae,
1192 551 1259 586 testi·
1277 571 1306 590 10

220 608 302 631 monia
317 610 362 629 cte.
434 599 510 625 Ruris
530 602 556 623 et
573 597 809 622 instrumentorum
822 593 961 628 agrestium
982 600 1043 618 cura
1060 590 1116 617 Cic.
1130 589 1195 624 opud
1209 589 1260 614 Co-

221 639 311 666 lumel.
324 636 403 672 praef.
417 634 434 660 l.
450 642 482 659 12.
552 631 741 661 Instrumenta,
755 629 853 664 quibus
867 629 898 654 ad
917 628 1032 654 lanificia
1051 631 1161 652 Vtuntur
1186 624 1260 651 Idem

222 684 258 706 12,
274 683 295 706 3,
364 669 494 697 Lux-uriae
507 667 606 693 Sallust.
618 666 696 693 Catil.
712 675 734 692 c.
748 668 791 692 26.
864 664 980 690 Militiae
995 662 1068 689 Idem
1079 660 1199 695 Iugurth.
1214 667 1260 694 47.

220 718 244 738 et
259 708 347 740 Dictys
361 715 381 737 1,
395 707 429 730 16.
499 703 580 730 Necis
600 702 772 729 instrumenta
790 701 891 727 ferrum
910 699 1035 734 ignesque
1062 695 1144 724 Ouid.
1160 697 1223 722 Met.
1239 704 1263 728 3,

221 748 279 777 698-
347 740 435 766 Anilia
454 738 526 765 Idem
540 739 605 765 Met.
626 746 665 771 14,
685 740 747 771 766.

220 777 365 807 Perniciosa
386 774 517 808 Quinctil.
531 783 556 807 2,
572 782 604 806 ις.
677 772 813 799 Rusticum
824 771 883 798 Val.
896 771 968 797 Max.
980 779 1010 804 4,
1023 779 1052 804 4,
1065 771 1091 795 6.
1112 776 1136 795 et
1150 767 1261 795 Phaedr.

217 824 245 849 4,
258 823 284 847 4.
319 821 322 826 ·
338 810 512 837 Venatorium
526 810 592 836 Plin.
605 808 683 843 Epist.
697 817 719 840 3,
734 817 774 834 20.

254 857 263 874 1
276 854 298 873 N
308 854 320 873 s
330 853 351 872 T
360 853 380 871 V
390 852 408 871 D
419 852 428 870 1
439 847 458 872 ὀ
467 853 479 872 s
488 853 508 871 v
519 851 531 870 S
540 865 546 876 ,
562 853 591 875 a,
608 854 662 870 um.
690 844 751 869 Adi.
790 843 849 869 Non
859 839 997 877 studiosus.
1033 840 1110 875 Apul.
1128 839 1206 874 Apol.
1217 844 1261 872 pr.

217 882 366 911 Medicinae
383 889 468 915 neque
487 880 662 911 instudiosus,
679 887 766 914 neque
785 877 935 913 imperitus.
971 876 1050 903 Gloss.
1065 875 1158 909 Cyrill.
1179 874 1263 901 Initu-

217 920 320 949 diosus,
338 916 491 949 οἶφιλόπονος.

253 961 263 980 1
274 960 294 979 N
307 960 319 978 s
328 959 349 978 T
359 950 378 977 v*
386 959 400 978 Ρ
410 958 426 978 Ε
435 959 457 977 Ν
467 958 480 977 s
488 971 497 983 ,
522 950 599 976 entis.
622 948 725 977 Adie&
763 948 924 984 [οἰνειθητῶν]
961 948 1028 976 Idem
1054 947 1119 983 quod
1149 947 1263 981 stupens,

215 996 259 1016 aut
277 990 285 1015 1
290 985 492 1022 faldestupidus,
505 993 528 1012 et
533 985 622 1022 sensus
636 983 833 1021 expers-fatias.
869 985 935 1011 Plin.
950 989 989 1016 28,
1003 993 1022 1016 4
1038 984 1112 1017 Salpe
1125 989 1263 1017 torporem

215 1024 299 1052 sedari
314 1031 472 1058 quocunque
485 1022 608 1048 membro
622 1021 785 1055 instupente,
800 1020 818 1047 fi
833 1022 894 1055 quis
915 1020 943 1046 in
958 1020 1041 1046 sinum
1054 1020 1168 1053 exspuat.

253 1067 263 1085 1
275 1067 296 1086 N
306 1066 318 1085 s
328 1066 348 1085 V
358 1060 379 1084 Ᾱ
387 1066 399 1085 s
408 1066 429 1085 V
440 1065 466 1084 M
477 1077 485 1090 ,
504 1058 523 1084 i.
546 1067 572 1083 n.
609 1056 783 1092 Appellabant
795 1057 898 1091 antiqui
914 1056 1050 1087 Colorem,
1063 1057 1148 1090 inquit
1162 1053 1261 1085 Festus,

215 1095 327 1122 similem
350 1094 438 1126 luteo,
463 1094 510 1128 qui
529 1092 608 1119 fiebat
626 1101 658 1118 ex
681 1092 790 1118 fumoso
808 1091 948 1119 stillicidio
966 1092 994 1117 111
1012 1091 1171 1118 vestimento
1192 1088 1262 1116 albo.
1277 1105 1293 1124 2

215 1132 275 1158 Vet.
298 1130 378 1157 Gloff.
399 1131 533 1157 Insuasum
554 1125 609 1154 εἶδος
628 1126 723 1164 δοκαρίε
748 1129 938 1161 κεκαπνισμὲνε,
957 1134 988 1153 vt
1008 1126 1118 1152 emendat
1142 1126 1205 1152 Scal.
1229 1124 1264 1150 ad

217 1165 329 1200 festum,
346 1168 364 1192 i.
375 1165 470 1202 specics
489 1164 626 1191 trabeculae
637 1164 713 1200 fumo
727 1163 847 1199 infestae.
882 1163 957 1189 Idem
971 1162 1077 1194 Festus,
1094 1162 1203 1188 Suasum
1220 1169 1264 1186 co-

217 1203 257 1228 los
276 1202 437 1236 appellatur,
463 1200 512 1235 qui
539 1199 568 1225 fit
599 1208 631 1226 ex
657 1199 797 1226 stillicidio
826 1199 932 1225 fumoso
954 1199 982 1225 in
1008 1198 1167 1224 vestimento
1190 1196 1262 1223 albo.

216 1238 321 1264 Plautus
334 1237 439 1268 (Truc.
454 1245 480 1268 2,
494 1244 516 1268 2,
533 1237 579 1267 16)
604 1236 676 1270 Quia
692 1235 743 1261 tibi
764 1235 839 1262 suaso
859 1235 937 1269 (hod.
951 1236 1044 1271 legitur
1058 1234 1179 1264 insuaso)
1196 1232 1264 1258 infe-

217 1274 288 1303 cisti,
308 1272 468 1306 propudiosa
487 1271 621 1306 pallulam.
658 1271 776 1305 Qiidam
791 1276 879 1297 autem
900 1271 990 1305 legunt
1008 1270 1127 1301 insuaso,
1150 1277 1198 1304 nec
1219 1268 1264 1294 de·
1281 1285 1314 1309 30
1329 1265 1413 1293 faelos
1433 1266 1583 1293 incitarent.

214 1309 289 1340 sunt,
303 1308 352 1342 qui
365 1307 453 1333 dicant
471 1316 579 1333 omnem
598 1306 733 1340 colorem,
752 1306 800 1341 qui
818 1306 863 1333 fiat
878 1305 1032 1337 inficiendo,
1046 1305 1148 1331 suasum
1162 1303 1265 1335 vocari,

214 1343 285 1379 quod
300 1342 370 1378 quast
385 1342 556 1377 persuadetur
576 1342 604 1368 in
618 1342 701 1368 alium
715 1351 747 1368 ex
763 1342 825 1369 albo
840 1341 957 1369 tranfire.
993 1340 1067 1368 Reffe
1074 1338 1215 1375 posteriora
1227 1339 1266 1365 di-

214 1383 266 1411 cit,
282 1388 335 1405 cum
347 1378 414 1418 apud
425 1380 530 1405 Graecos
543 1378 681 1411 πειθόμενον
695 1385 719 1404 et
738 1379 888 1411 πεπασμένον
901 1378 982 1404 eadem
994 1380 1091 1404 ratione
1106 1375 1175 1408 dict,
1188 1373 1265 1408 osten-

213 1415 257 1441 dat
271 1415 373 1449 Salmas.
388 1414 422 1440 od
434 1415 509 1441 Solin.
529 1423 554 1448 p.
567 1422 617 1447 243
630 1414 658 1440 b.
695 1414 768 1441 Illum
788 1413 875 1440 deinde
887 1423 903 1440 a
916 1413 991 1449 fumo
1005 1413 1107 1438 colorem
1142 1418 1266 1446 ropureo,

230 1453 272 1477 uia
279 1450 409 1486 profunde
422 1450 528 1480 bibitur,
537 1450 638 1475 suasum
651 1456 676 1475 et
689 1450 820 1476 insuasum
830 1456 934 1485 praeter
945 1455 1054 1475 coeteros·
1073 1447 1100 1473 di
1129 1456 1170 1472 um
1186 1445 1266 1473 credi-
1280 1451 1310 1478 35
1328 1445 1385 1471 eius
1401 1444 1524 1478 spiritum
1536 1445 1608 1470 vitae
1624 1443 1735 1477 Prosper
1749 1443 1780 1468 de
1794 1443 1923 1469 Ρῑᾶεάἰᾶ.
1937 1451 1956 1475 1,
1971 1451 1991 1469 1.

211 1460 260 1513 bile
272 1484 314 1518 est.
349 1486 468 1512 Insuasus
482 1493 565 1521 nempe
578 1492 607 1511 ut
621 1485 754 1512 infucatus
767 1494 841 1522 auget
855 1484 1061 1521 signficotioncm
1074 1484 1209 1518 Simph'cis.

233 1530 235 1534 ’
251 1522 460 1554 1Ν3νᾸν13,
480 1530 503 1547 e.
533 1520 594 1547 Adi.
632 1519 742 1554 [οἷηδής]
778 1520 852 1556 ,Quod
870 1519 902 1553 ψ
922 1520 1002 1547 Suaui
1021 1522 1190 1548 contrarium,
1205 1517 1230 1543 b.
1245 1526 1265 1544 e.

213 1556 351 1593 Asperum,
365 1554 494 1590 austerum.
528 1557 586 1583 Cic.
600 1556 632 1583 de
646 1557 753 1583 Amicit.
768 1560 798 1586 86
819 1556 958 1582 Insuaucm
971 1555 1045 1581 illam
1058 1554 1266 1581 admirationem

214 1594 240 1653 si
253 1592 329 1623 fore,
350 1600 417 1625 quae
430 1591 611 1618 iucundislima
630 1592 732 1624 fuisset,
752 1592 800 1618 nifi
815 1592 932 1626 aliquem
947 1591 990 1617 cui
1004 1596 1139 1621 narraret,
1158 1589 1265 1616 habuis-

229 1633 262 1655 et,

217 1663 290 1688 retis.
343 1662 418 1687 Odor
433 1662 563 1688 Columel.
578 1671 611 1693 12,
626 1670 663 1694 52.

216 1698 329 1732 Compar.
349 1696 425 1722 Αιιέε.
439 1696 470 1722 ad
485 1698 601 1723 Herenu.
615 1706 628 1728 3
642 1706 664 1722 e.
678 1705 706 1723 12.

217 1732 296 1759 ordio
315 1733 413 1758 causae.
449 1732 523 1767 Conf.
537 1733 592 1758 Cic.
606 1733 680 1758 Orat.
699 1741 721 1758 c.
735 1741 777 1764 47.
797 1738 820 1757 et
838 1732 907 1757 Gell.
931 1741 950 1762 1,
972 1739 999 1765 7.

217 1769 292 1795 Orat.
309 1772 349 1799 163
365 1776 387 1793 c.
401 1775 437 1800 49
464 1767 641 1793 Insuauissima
654 1767 741 1793 litera.
801 1764 805 1770 ’

719 1664 794 1696 Aqua
807 1663 900 1689 limosa
914 1668 941 1689 et
953 1662 1070 1688 insuauis
1085 1661 1194 1687 Vitruu.
1209 1666 1230 1691 8,
1245 1669 1263 1686 1.

732 1698 806 1730 Qud
820 1698 956 1723 insuauius
969 1706 1050 1731 quam
1063 1696 1163 1723 clamor
1178 1697 1205 1722 in
1219 1704 1265 1722 ex-

1088 1733 1186 1765 Superl.
1207 1731 1265 1762 Cic.

255 1809 296 1829 1N
307 1809 380 1829 SVA
390 1809 410 1828 v
422 1801 465 1827 1⁰¹1*
475 1808 535 1833 AS,
555 1802 614 1828 atis.
631 1802 651 1828 f.
688 1802 757 1828 Gell.
774 1810 793 1833 1,
808 1810 836 1828 21
866 1801 1010 1828 Insolentia
1025 1805 1051 1826 et
1069 1800 1212 1826 insuauitas
1225 1799 1309 1835 di-45
1329 1800 1358 1823 in
1373 1798 1446 1829 salo,
1465 1797 1494 1822 id
1509 1795 1543 1828 est
1561 1801 1627 1823 mari
1637 1796 1704 1830 fitae
1715 1799 1787 1832 Junt.

216 1838 323 1865 «ilionis.
359 1836 432 1870 Gmf.
447 1836 566 1862 Tertull.
583 1836 616 1861 de
628 1837 730 1863 Poenit.
745 1846 767 1863 c.
783 1845 821 1862 10.
842 1842 866 1861 et
879 1837 911 1862 ad
926 1838 1035 1868 Martyr.
1048 1845 1071 1861 c.
1084 1844 1106 1867 3.

251 1881 261 1899 1
271 1879 292 1897 N
301 1880 314 1899 s
324 1878 344 1896 v
353 1869 391 1898 Bi'
398 1878 417 1897 D
426 1877 447 1895 v
456 1878 469 1897 s
478 1890 486 1902 ,
503 1879 517 1896 a
525 1890 533 1902 ,
555 1879 609 1896 um.
636 1871 698 1897 Adi.
735 1871 748 1903 [
755 1868 930 1904 ἀναφρόδιτος]
966 1869 1119 1899 Inuenullus.
1140 1870 1182 1896 Ab
1195 1869 1264 1902 aqsiu

215 1909 258 1935 illo
277 1915 300 1934 ct
320 1917 347 1934 or
366 1909 400 1932 iit
420 1907 524 1932 Ventris
534 1907 645 1938 alicnus,
662 1914 723 1940 quae
736 1908 856 1940 exprimit
872 1907 972 1930 verbum
986 1904 1099 1937 Subare,
1111 1905 1176 1930 vnde
1189 1904 1266 1930 Subi-

216 1945 264 1970 dus
277 1941 324 1977 est,
342 1916 370 1968 ἄ.)
382 1951 428 1977 quo
441 1941 466 1976 Ji
484 1942 501 1967 Ι.
524 1942 620 1968 Firmat
639 1941 684 1966 hoc
702 1947 786 1975 aperte
800 1938 869 1965 Gell.
885 1948 924 1972 19,
936 1947 953 1971 9
982 1938 1031 1964 Sed
1050 1947 1084 1964 ne
1102 1947 1165 1970 nos,
1179 1938 1207 1964 id
1228 1939 1265 1964 est

819 735 988 767 Mendicum,
1008 734 1061 760 vid.
1081 737 1262 759 MENDICVS.
1280 748 1289 766 ¹

1279 928 1312 946 20
1327 909 1386 935 Cum
1400 909 1539 935 Ger-undio:
1573 911 1692 937 Insuetus
1713 909 1858 945 nauigandi
1879 910 1952 936 Caes.
1966 910 1994 936 B.
2009 909 2042 935 G.
2061 917 2084 942 ς,
2098 911 2124 935 6.

317 1626 391 1653 Idem
406 1627 437 1653 de
451 1629 525 1653 Orat.
539 1636 565 1659 2,
580 1635 607 1660 ες
633 1628 689 1660 Qu
706 1629 790 1654 vitam
803 1628 939 1654 insuauem
955 1626 1008 1652 fine
1022 1626 1064 1651 his
1084 1625 1177 1652 studiis
1190 1630 1262 1658 puta·
1270 1639 1308 1664 40
1328 1622 1419 1662 Tard.
1431 1631 1449 1653 1,
1463 1631 1492 1654 4,
1509 1623 1561 1653 136.
1584 1656 1590 1661 θ
1633 1656 1639 1661 Δ
1690 1656 1695 1660 ⁴
1755 1655 1761 1660 .
1879 1657 1884 1660 ἰ
2344 1652 2350 1658 1
2455 1640 2459 1647 ,

1329 1667 1452 1693 propriae
1466 1656 1654 1684 insufflationis
1673 1665 1699 1682 ei
1718 1664 1836 1683 animam
1850 1655 1949 1682 tribuit
1968 1657 2082 1685 Hieron.
2096 1655 2130 1682 ad
2143 1653 2291 1682 Pammach.
2304 1651 2385 1688 Epist.
2432 1678 2434 1681 ,
2451 1654 2455 1658 ’

1701 140 1969 182 lNS

1320 230 1474 259 tantundem
1496 240 1579 267 aquae
1599 231 1723 263 misceas,
1743 236 1769 259 et
1787 239 1818 258 ea
1837 239 1914 267 pecus
1933 231 2070 265 insuescas,
2081 239 2129 260 etc.
2216 229 2323 263 Affiue,
2336 236 2368 258 υε

1322 268 1389 294 Hor.
1404 268 1485 294 Serui.
1504 277 1525 301 1,
1537 279 1565 303 4,
1580 276 1623 301 103
1644 267 1762 294 Insueuit
1774 274 1848 302 pater
1861 268 1977 303 optimus
1990 268 2041 294 hoc
2053 277 2095 296 me
2129 269 2166 295 Vt
2179 268 2310 303 fugerem,
2322 275 2368 293 ex-

1322 303 1416 336 emplis
1449 304 1576 330 vitiorum
1612 312 1731 339 quaeque
1754 303 1880 330 notando.
1918 304 1992 340 Cons.
2012 304 2134 331 Prudent.
2153 305 2253 338 Hyinn.
2272 311 2299 336 9,
2319 311 2367 336 94.

1322 339 1451 372 Insuesti,
1466 339 1529 373 past:
1552 339 1684 366 Columel.
1700 348 1732 371 11,
1746 348 1758 371 3
1783 340 1869 374 Atque
1883 339 1929 366 vbi
1942 345 2086 374 coeperunt
2099 339 2208 374 aliquod
2220 340 2368 366 incremen-

1322 379 1378 413 tum
1392 373 1505 414 habere,
1526 375 1558 401 fic
1570 375 1680 401 insuesci
1693 374 1798 407 debent,
1818 381 1847 401 vt
1859 374 2150 410 mid-spatium,quod
2161 375 2240 402 sulcis
2259 373 2369 401 interia-

1322 414 1406 441 iacet,
1425 411 1599 438 inclinentur.

1360 451 1452 471 INSV
1462 447 1583 480 fiTvs,
1596 455 1627 479 a,
1647 455 1703 473 um.
1728 445 1822 473 Partic.
1858 446 1919 473 Liu.
1932 454 1977 480 24,
1990 451 2024 481 48
2048 447 2088 473 Ita
2105 446 2130 473 se
2144 454 2159 473 a
2178 445 2267 481 pueris
2281 445 2370 472 insue-

1323 485 1374 506 tos.
1412 480 1520 507 Tibull.
1535 490 1553 513 1,
1566 491 1595 515 4,
1607 491 1642 515 42
1668 482 1751 516 Operi
1764 482 1880 509 insuetae
1892 490 1992 509 manus.
2160 481 2209 509 Sed
2233 479 2254 517 fl
2276 489 2290 507 2
2325 481 2370 506 In·

1324 517 1426 548 suetuS,
1448 516 1560 551 [οἷηθῆς]
1581 520 1639 544 Non
1653 518 1749 553 fite-tm.
1773 519 1838 544 Tam
1858 517 1886 544 de
1900 527 1936 551 re,
1950 517 2063 553 quamde
2075 517 2171 544 bomine
2189 517 2292 543 dicitur.
2327 516 2372 542 In-

1324 553 1426 578 suetum
1439 551 1504 583 iter,
1522 554 1570 580 Per
1582 553 1646 589 quod
1657 553 1763 587 tranfire
1776 562 1825 579 non
1833 553 1919 590 sumus
1932 555 2007 589 soliti
2020 553 2095 588 Virg.
2111 554 2175 579 Aen.
2189 554 2215 584 6,
2229 554 2267 579 16.
2294 550 2372 577 Idem

1324 587 1376 614 Ecl.
1392 595 1411 619 1,
1425 594 1456 627 ‚fo
1475 588 1540 615 Non
1557 589 1658 615 insueta
1695 598 1769 615 raues
1782 589 1919 616 tentabunt
1932 589 2029 623 pabula
2047 589 2122 615 fetas.
2171 618 2176 620 .
2194 588 2296 614 Insueta
2308 586 2371 612 soli-

1325 623 1390 649 tudo
1406 623 1466 654 Liu.
1480 632 1504 656 3,
1540 644 1546 650 .
1583 644 1590 651 .
1658 624 1669 649 1
1691 633 1733 650 em
1747 630 1787 657 28,
1805 629 1831 655 18
1851 626 1886 650 Vt
1897 633 1951 650 non
1963 624 2108 659 Syphacem
2119 623 2203 650 modo
2221 622 2373 654 barbatum,

1325 659 1509 693 insuetumque
1531 659 1652 687 moribus
1673 661 1816 691 Romanis,
1839 660 1882 686 sed
1901 659 2004 694 hostem
2022 660 2103 686 etiam
2122 658 2316 686 infestiffimum
2334 657 2373 683 sa-

1324 694 1408 721 cunde
1427 694 1587 729 alloquendo
1600 695 1648 722 fibi
1662 696 1821 722 conciliarit.
1893 696 1949 722 Cic.
1963 697 2017 722 Att.
2031 704 2060 728 4,
2073 704 2084 722 1
2132 695 2237 729 00840.
2248 693 2374 725 recitato,

1325 731 1455 756 continuo
1474 732 1584 765 populus
1602 740 1677 758 more
1695 731 1745 758 hoc
1759 731 1864 757 insueto
1876 738 1902 757 et
1921 740 2011 764 nouo,
2031 731 2148 765 plausum
2169 730 2323 756 eonomine
2342 728 2374 754 in

1325 766 1461 793 recitando
1478 766 1597 805 dedisset,
1618 767 1699 794 habui
1718 767 1884 794 concionem.
1927 768 2004 794 Vnus
2023 768 2144 802 exemplar
2159 767 2285 803 scriptum
2302 763 2375 791 habet

1326 802 1427 839 Invsulso
1439 810 1523 828 more.
1592 803 1778 830 Contumeliae
1790 803 1907 829 insuetus
1919 802 1976 829 Cic.
1993 803 2048 829 Att.
2062 810 2087 833 2,
2100 810 2136 829 21.
2208 800 2324 827 Laboris
2334 799 2375 825 in-

1326 839 1413 864 suetus
1433 838 1505 864 Caes.
1526 838 1554 865 B.
1568 839 1602 865 G.
1621 848 1644 870 7,
1666 848 1706 871 30.
1779 839 1866 865 Moris
1889 838 2003 864 alicuius
2023 838 2141 864 insuetus
2172 837 2234 863 Liu.
2254 838 2282 868 6,
2319 854 2327 861 .
2365 853 2374 861 .

1328 875 1432 907 Pugnae
1445 873 1559 900 insuetus
1574 875 1646 901 Caes.
1663 876 1692 902 B.
1702 875 1733 901 C.
1748 883 1769 907 1,
1782 883 1829 907 44.
1883 874 2002 901 Insuetus
2015 882 2078 900 vera
2091 872 2184 900 audire
2196 872 2257 898 Liu.
2270 879 2306 903 31,
2332 890 2375 932 .d.

2194 908 2314 933 Insuetus
2329 914 2343 932 a
2370 915 2378 932 ι

1328 946 1449 1005 Corpoiia
1460 945 1568 1006 1{nsucta
1586 946 1619 972 ad
1635 955 1717 973 onera
1735 946 1864 981 portanda
1878 945 1952 972 Idem
1965 946 1994 972 B.
2009 946 2038 972 C.
2052 953 2073 977 1,
2086 949 2128 979 78.
2165 942 2239 979 Conf.
2253 943 2324 977 Nep.
2337 950 2379 974 10,

1328 990 1353 1014 7,
1367 989 1389 1013 3.
1440 989 1457 1006 u
1482 988 1518 1007 111.
1535 989 1554 1012 1,
1567 986 1590 1014 8,
1603 984 1637 1008 6.·
2220 986 2223 989 “

1364 1023 1374 1042 1
1385 1023 1546 1047 NsVETE.
1566 1017 1634 1044 Adu.
1670 1018 1741 1045 Cael.
1757 1017 1847 1044 Aurel.
1859 1016 1946 1046 Tard.
1965 1024 1989 1050 ς,
2004 1025 2017 1049 3
2044 1016 2149 1042 Insuete
2168 1013 2312 1041 immorari
2330 1011 2379 1039 ali·
2418 1037 2420 1039 ,

1327 1052 1380 1079 cui.
1451 1052 1564 1087 Compar.
1583 1054 1721 1088 Augustin.
1735 1053 1813 1088 Epist.
1826 1062 1839 1086 3
1860 1053 1932 1088 Ipsos
1945 1052 2068 1087 corporis
2084 1052 2171 1078 sensus
2187 1050 2325 1084 aliquanto
2338 1049 2380 1076 in-

1327 1088 1428 1115 suetius
1447 1089 1631 1122 perscrutetur.

1364 1131 1375 1150 1
1383 1131 1405 1150 N
1414 1129 1427 1149 s
1436 1130 1457 1150 v
1465 1130 1483 1150 E
1491 1130 1512 1150 T
1520 1129 1541 1148 ν
1549 1130 1568 1150 1)
1578 1131 1597 1152 0
1607 1144 1615 1157 ,
1634 1125 1698 1151 inis.
1722 1124 1744 1151 f.
1779 1122 1922 1151 Insuetudo
1937 1123 1993 1150 cibi
2006 1123 2134 1157 Spartian.
2148 1122 2236 1148 Seuer.
2248 1130 2271 1147 c.
2285 1121 2324 1147 16.

1363 1167 1374 1186 1
1384 1166 1405 1186 N
1417 1166 1430 1186 s
1439 1166 1459 1185 V
1468 1166 1485 1186 E
1495 1164 1512 1185 F
1523 1157 1544 1185 Ᾱ
1552 1165 1569 1186 C
1578 1167 1589 1186 1
1597 1167 1616 1187 o
1625 1180 1634 1192 ,
1655 1164 1708 1186 ere.
1732 1160 1843 1194 [ἐθίζω]
1868 1158 2052 1196 Coiificqfacere.
2076 1157 2142 1185 vnde
2155 1156 2270 1184 Insuefio
2285 1163 2308 1182 et
2319 1155 2381 1182 hine

1364 1201 1374 1220 1
1385 1201 1408 1221 N
1419 1202 1431 1221 s
1441 1202 1462 1221 v
1471 1201 1487 1220 E
1499 1200 1517 1221 F
1528 1202 1550 1222 A
1560 1201 1578 1222 c
1589 1202 1612 1221 T
1620 1203 1664 1222 vs
1673 1215 1682 1227 ,
1700 1204 1714 1221 a
1722 1215 1731 1227 ,
1752 1205 1807 1222 um.
1829 1198 1896 1223 Part.
1933 1194 2070 1228 [ἐθιέὲείς]
2104 1191 2277 1230 Affiaqfaetus:
2306 1191 2382 1218 Caes.

1327 1231 1357 1258 B.
1372 1231 1404 1257 G.
1418 1240 1447 1264 4,
1463 1239 1497 1263 24
1519 1230 1666 1257 Notissimis
1678 1230 1745 1257 locis
1756 1231 1883 1259 audacier
1897 1231 1949 1258 tela
1962 1230 2142 1261 coniicerent,
2161 1235 2187 1256 et
2198 1236 2282 1264 equos
2296 1228 2383 1254 insue-

1364 1300 1777 1334 1NSVFF101ENS,entiS.
1808 1302 1869 1328 Adi.
2240 1333 2241 1336 Ἰ

1366 1345 1377 1364 1
1389 1343 1411 1363 N
1423 1344 1464 1363 sv
1476 1343 1493 1363 Ρ
1505 1344 1540 1363 121
1550 1343 1669 1365 clENT
1679 1345 1688 1364 1
1698 1344 1736 1370 A,
1754 1345 1793 1364 ae.
1813 1338 1835 1364 f.
1867 1337 1988 1365 Tertull.
2002 1336 2070 1364 ibid.
2085 1344 2108 1363 ee
2119 1335 2153 1363 ad
2166 1337 2250 1362 onr.
2265 1343 2285 1366 1,
2298 1342 2326 1367 4.

1366 1380 1377 1399 l
1386 1379 1409 1398 N
1419 1380 1432 1400 S
1443 1379 1463 1397 V
1472 1379 1488 1399 F
1500 1378 1516 1398 Γ
1527 1380 1587 1406 LO,
1607 1376 1659 1399 are.
1696 1372 1891 1408 Praepofitiones
1910 1374 1941 1399 ln
1960 1380 1984 1399 et
1997 1372 2050 1399 Sub
2068 1371 2201 1404 indicunt,
2222 1370 2309 1396 flantis
2329 1369 2384 1404 Spi-

1327 1412 1406 1436 ritum
1420 1408 1491 1435 inire
1505 1415 1529 1434 et
1542 1408 1630 1435 subire
1641 1407 1719 1440 illud,
1727 1408 1791 1442 quod
1803 1408 1931 1435 insufflari
1944 1408 2048 1436 dicitur.
2082 1406 2230 1434 Insufflauit
2244 1406 2272 1432 in
2285 1405 2385 1432 faciem

2046 1444 2083 1470 Vt
2099 1443 2147 1469 hos
2167 1449 2271 1477 paratus
2285 1440 2384 1475 perspi.

1328 1481 1381 1513 cit,
1402 1480 1516 1506 insufflat
1535 1479 1658 1506 Prudent.
1677 1477 1766 1505 Perist.
1788 1486 1833 1510 10,
1854 1486 1912 1510 919.
1965 1477 2040 1513 Conf.
2059 1478 2167 1512 Vulgat.
2188 1487 2207 1510 4
2226 1476 2298 1507 Esdr.
2317 1484 2341 1508 3,
2360 1482 2383 1508 ς.

1328 1515 1448 1543 Tertull.
1467 1515 1500 1542 de
1519 1516 1628 1541 Resurr.
1643 1514 1722 1540 Carn.
1743 1522 1764 1539 c.
1786 1520 1809 1546 5.
1844 1513 1962 1540 Saluian.
1975 1520 1993 1548 7
2009 1523 2036 1548 p.
2055 1518 2107 1547 258.
2144 1513 2224 1547 Apul.
2244 1513 2278 1539 de
2294 1510 2382 1538 Herb.

1328 1561 1350 1580 c.
1370 1556 1423 1581 128.
2328 1569 2332 1575 .

1363 1594 1374 1612 1
1384 1593 1406 1612 N
1415 1594 1428 1614 s
1437 1594 1459 1613 v
1469 1591 1486 1612 F
1497 1592 1514 1612 F
1524 1591 1540 1611 L
1549 1592 1572 1612 A
1580 1591 1601 1612 T
1609 1592 1619 1611 1
1629 1591 1648 1612 o
1657 1604 1665 1617 ,
1683 1584 1753 1611 anis.
1773 1583 1795 1610 f.
1831 1584 1906 1611 Aceti
1918 1583 2062 1612 insufflatio
2075 1582 2184 1611 naribus
2198 1583 2230 1610 C.
2246 1580 2384 1609 Aurelian.

1615 1620 1758 1647 Plasmauit
1770 1620 1841 1646 Deus
1861 1620 2003 1647 hominem
2021 1629 2052 1646 ex
2066 1619 2149 1652 limo,
2163 1625 2189 1646 et
2208 1627 2255 1654 per
2270 1617 2385 1652 gratiam

1329 1696 1368 1725 61,
1382 1701 1404 1726 ς.
1441 1692 1510 1720 Add.
1526 1692 1666 1726 Augustin.
1683 1691 1716 1717 de
1731 1691 1798 1718 Gen.
1814 1698 1907 1718 contra
1921 1691 2038 1718 Manich.
2053 1700 2075 1717 c.
2089 1696 2113 1721 8.
2274 1717 2278 1722 ,

1366 1736 1376 1754 1
1387 1736 1409 1755 N
1419 1735 1432 1754 s
1441 1727 1487 1754 Vl.
1496 1734 1533 1759 Α,
1559 1737 1599 1754 ae.
1630 1727 1650 1754 f.
1685 1727 1787 1762 [νῆσος]
1827 1728 1919 1759 Terra,
1931 1735 1992 1762 quoe
2012 1726 2122 1763 undique
2140 1728 2215 1762 aquis
2236 1723 2385 1754 includitur,

1326 1767 1429 1798 proprie
1447 1770 1527 1789 autem
1545 1766 1574 1788 in
1591 1765 1666 1789 mari.
1702 1762 1814 1797 Qidam
1825 1772 1840 1790 a
1854 1763 1914 1789 Salo
1930 1764 2069 1798 appellatos
2086 1761 2182 1799 infidas
2199 1762 2302 1792 volunt,
2321 1758 2388 1796 quod

1329 1832 1435 1859 Ocellus
1454 1832 1602 1856 insularum
1624 1831 1724 1857 Sirmio
1738 1831 1836 1858 Catull.
1855 1840 1891 1863 31,
1912 1841 1931 1858 1.
1997 1833 2176 1864 Odoriferae,
2202 1831 2257 1858 vid.
2284 1837 2386 1858 ODOR.

1329 1868 1387 1894 Cic.
1401 1868 1454 1894 Att.
1470 1869 1497 1898 6,
1511 1875 1525 1891 2
1564 1865 1638 1899 Qud
1658 1865 1763 1892 tandem
1781 1866 1843 1897 isti,
1862 1866 1925 1892 mali
1943 1867 1973 1893 in
1984 1872 2038 1893 tam
2052 1867 2164 1893 Tenera
2177 1867 2262 1893 insula
2275 1874 2330 1892 non
2345 1866 2386 1891 fe-

1328 1903 1418 1928 cissent
1427 1904 1436 1928 ἓ
1445 1902 1582 1933 ,Tenera,
1602 1904 1622 1927 i.
1643 1902 1754 1933 Imbelli,
1767 1907 1791 1926 et
1803 1901 1902 1927 deliciis
1909 1905 1997 1935 potius
2010 1911 2083 1937 quam
2095 1905 2174 1929 armis
2188 1902 2282 1928 dedita.
2331 1899 2385 1927 Ad-

1327 1942 1419 1962 natare
1439 1936 1553 1966 insulae,
1577 1935 1632 1960 vid.
1652 1940 1808 1960 ADNATO.
1880 1936 1960 1960 Exilii
1976 1944 2054 1970 genus
2072 1935 2111 1968 est*
2125 1936 2220 1962 Insula.
2255 1936 2385 1962 Marcian.

216 1988 314 2006 nomen
334 1979 474 2009 Latinum,
499 1982 622 2011 tanquam
646 1975 769 2010 profee'to
790 1974 876 2001 vastos
899 1973 1043 2009 quosdam,
1068 1978 1094 1999 et
1116 1973 1265 2004 insubides,
1280 1983 1313 2010 50
1329 1971 1347 1996 l.
1362 1979 1375 2004 ‚-
1390 1970 1417 1996 ff.
1431 1970 1463 1995 de
1477 1968 1626 1996 interdictis
1640 1974 1666 1994 et
1679 1968 1820 2002 relegatis,
1844 1968 1961 1996 Exilium
1974 1970 2071 2004 triplex
2086 1970 2140 2003 est,
2158 1986 2203 1991 —-
2223 1977 2268 1998 aut
2282 1971 2386 1998 insulae

215 2012 382 2050 ἐναφροδισίκς
402 2012 592 2044 condemnetis,
610 2010 766 2047 οἶναφρσὲισίοο
792 2013 855 2037 enim
875 2010 908 2036 ad
926 2009 1027 2036 verbum
1049 2008 1201 2035 inuenustas
1222 2006 1265 2041 qli.

216 2050 290 2077 Idem
306 2054 343 2081 13,
356 2055 369 2078 8
397 2046 593 2079 Ὀμοιοτέλευτα
611 2061 657 2067 —
675 2056 755 2082 quam
769 2046 817 2073 fint
830 2045 971 2078 insubida,
989 2051 1014 2071 et
1028 2045 1144 2076 inertia,
1163 2049 1189 2070 et
1203 2053 1265 2078 pue-

216 2086 278 2114 rilia
290 2091 335 2112 etc.
389 2082 456 2110 Gell.
471 2085 497 2115 6,
512 2091 522 2109 1
533 2090 577 2118 pr.
603 2082 685 2109 Nihil
704 2082 741 2109 est
756 2082 862 2116 prorsus
881 2081 936 2107 istis
950 2080 1117 2115 imperitius,
1137 2079 1207 2106 nihil
1223 2079 1265 2106 in-

217 2121 351 2152 subidius,
371 2119 417 2154 qui
430 2119 573 2152 opinantur
585 2118 656 2144 bona
671 2119 719 2144 effe
733 2118 860 2152 potuisse,
881 2116 898 2143 fi
911 2125 966 2143 non
979 2117 1057 2143 essent
1070 2115 1173 2142 ibidem
1186 2115 1264 2141 mala.

1328 2005 1481 2036 vinculum,
1500 2004 1529 2030 id
1542 2004 1578 2030 est
1590 2003 1720 2038 relegatio
1734 2004 1763 2029 111
1776 2003 1899 2033 insulam.
1936 2005 2009 2032 Adde
2022 2006 2040 2032 l.
2055 2008 2072 2033 6
2085 2013 2110 2033 et
2121 2014 2138 2041 7
2151 2005 2211 2033 eod.
2225 2016 2254 2033 ex
2268 2007 2385 2041 leiano

1323 2042 1418 2078 plura:
1442 2050 1454 2066 e
1467 2040 1572 2077 quibus,
1587 2042 1615 2065 in
1628 2042 1726 2074 primis
1743 2046 1825 2066 autem
1845 2039 1862 2065 l.
1879 2048 1897 2075 7
1917 2039 1940 2077 §.
1956 2048 1969 2074 ς
1989 2042 2054 2068 illud
2070 2048 2189 2078 apparet,
2207 2051 2256 2068 non
2273 2044 2386 2078 intelligi

1328 2077 1443 2104 Insulam
1462 2084 1670 2111 vnamquamque,
1691 2081 1722 2101 vt
1742 2084 1772 2101 ex
1794 2073 1909 2102 delicatis
1925 2076 2129 2110 illisfflhodum,
2143 2078 2250 2110 Lesbon,
2265 2079 2384 2113 Cyprum,

1328 2118 1378 2139 etc.
1389 2112 1439 2148 fid
1449 2113 1539 2143 talem,
1551 2114 1580 2137 in
1597 2120 1648 2147 qua
1664 2111 1732 2137 locus
1751 2110 1802 2146 ipse
1812 2109 1849 2144 fit
1887 2121 1915 2138 ro
1923 2112 2059 2148 supplicio.
2095 2115 2152 2139 Huc
2166 2117 2278 2149 pertinet
2290 2117 2318 2140 iu
2326 2117 2388 2149 pri-v

201 2154 203 2160 '
217 2157 289 2184 Idem
305 2165 339 2188 13,
354 2164 384 2181 ao
405 2153 557 2180 Insubidius
571 2154 660 2180 nescio
674 2153 738 2188 quid
752 2153 833 2179 facies
847 2152 1020 2192 erpinguius.
1057 2152 1088 2177 Et
1102 2160 1138 2184 12,
1152 2159 1166 2176 2
1191 2150 1265 2176 Haec
1281 2156 1310 2183 ςς
1327 2151 1377 2174 mis
1390 2148 1557 2182 PlimPaneg-
1572 2153 1608 2181 ῆς,
1622 2155 1636 2178 3
1657 2146 1700 2186 vbi
1714 2145 1743 2173 de
1749 2149 1838 2181 poenis
1870 2148 2003 2181 elatorum,
2024 2150 2161 2183 Qiantum
2175 2149 2384 2176 diuersitastem-

217 2199 305 2219 tamen
328 2190 411 2224 inepti
435 2196 461 2217 et
482 2189 623 2222 insubidi,
650 2195 677 2216 et
698 2188 786 2215 insulsi
807 2188 926 2214 honunis
950 2196 1011 2214 ioca
1033 2195 1089 2212 non
1111 2185 1266 2220 praeterito.

217 2227 351 2262 Lamprid.
367 2225 516 2252 Commodo
532 2233 561 2261 17
595 2224 657 2252 Fuit
672 2239 718 2245 —-
737 2223 814 2251 vultu
835 2222 979 2256 insubide,
1000 2227 1030 2250 vt
1048 2221 1146 2249 ebriofi
1169 2221 1267 2253 solent,

216 2271 243 2291 tt
255 2264 375 2290 sermone
387 2261 536 2288 incondito.

256 2307 296 2325 1N
307 2306 319 2325 s
329 2306 348 2325 v
357 2305 372 2324 Β
383 2296 420 2324 fD
431 2304 455 2324 E.
475 2296 543 2323 Adu.
580 2295 742 2330 [α’σκέπτως]
779 2294 848 2321 Gell.
864 2302 883 2326 1,
896 2302 912 2320 2
929 2293 1016 2321 Multa
1028 2298 1106 2328 atque
1119 2290 1267 2319 immodica

218 2335 251 2361 de
278 2332 459 2368 philosophiae
486 2332 617 2359 doetrinis
642 2330 828 2366 intempestiue
854 2336 934 2364 atque
967 2329 1089 2355 insubide
1115 2327 1310 2357 dill'erebat.60

218 2370 338 2397 Mam-ob.
352 2370 452 2395 Saturn.
467 2378 490 2401 7,
503 2378 534 2404 14
561 2369 647 2403 Ipsam
667 2376 733 2395 vero
750 2365 863 2393 videndi
884 2370 1006 2392 naturam
1022 2373 1077 2391 non
1089 2363 1212 2390 insubide
1226 2363 1267 2389 in-

218 2406 343 2440 tcospexit
357 2405 492 2438 Epicurus.

256 2450 264 2467 1
276 2450 294 2467 N
305 2449 316 2467 s
328 2448 344 2465 v
356 2447 415 2466 131ss
426 2445 443 2466 c
455 2447 476 2466 T
487 2447 505 2465 v
516 2446 546 2472 s,
566 2447 595 2470 a,
616 2447 671 2464 um.
691 2436 751 2464 Adi.
788 2437 881 2464 Homo
899 2435 1080 2467 insubieems,
1098 2439 1190 2469 potens
1204 2434 1266 2460 Pru-

221 2477 289 2504 dent.
303 2477 421 2503 Hamart.
433 2485 459 2502 v.
472 2478 534 2508 699.
553 2478 572 2501 i.
594 2477 685 2500 ncnzini
698 2472 835 2509 Jiibieftus.

256 2511 406 2539 iNsxissmzs
415 2532 423 2544 ‚
436 2520 490 2538 um.
511 2520 547 2536 m.
574 2508 723 2545 [¹'lm362301,
737 2508 858 2544 itooso'fss]
880 2507 976 2534 Galliae
986 2506 1088 2542 populi,
1097 2507 1140 2541 qui
1147 2505 1270 2532 Mediola-
1282 2503 1313 2537 65

220 2559 276 2574 num
296 2547 466 2574 condiderunt.
502 2546 563 2573 Liu.
578 2553 600 2578 5,
615 2554 656 2578 34.
698 2545 791 2571 Tacit.
814 2545 882 2570 Ann.
904 2551 936 2574 11,
956 2551 995 2575 23,
1013 2551 1033 2574 3.
1064 2549 1087 2568 et
1101 2541 1166 2568 Plin.
1189 2549 1211 2573 3,
1231 2549 1268 2575 17.

220 2585 330 2612 Mediam
352 2582 419 2618 poffe
438 2585 534 2617 corripi
560 2591 589 2607 ex
609 2583 757 2608 Graecorum
782 2578 936 2616 quorundam
948 2577 1079 2613 scribendi
1096 2580 1193 2604 ratione
1212 2577 1272 2603 Ric-

219 2621 295 2647 eaeolus
313 2619 405 2645 docuit.
952 2618 953 2621 ¹

260 2662 267 2680 1
283 2661 302 2680 N
316 2661 357 2681 sv
368 2657 600 2684 BSIDIATVS,
619 2660 651 2684 a,
671 2659 727 2677 um.
757 2650 821 2677 Adi.
858 2650 925 2677 Non
947 2648 1080 2684 possumus
1104 2646 1270 2675 insubfidiati

222 2691 287 2718 stare
302 2691 380 2724 Vulg.
395 2698 406 2722 3
422 2689 493 2715 Esdr.
508 2696 532 2720 9,
546 2696 577 2714 11.

259 2735 268 2753 1
278 2734 299 2753 N
309 2734 321 2753 s
330 2734 349 2752 v
362 2733 376 2752 11
385 2732 397 2750 S
407 2731 428 2750 T
438 2732 459 2751 A
468 2732 490 2750 N
499 2731 520 2750 Τ
530 2731 539 2749 1
551 2729 573 2748 ν
584 2729 604 2748 ν
614 2729 643 2755 3,
663 2730 676 2748 a
685 2742 693 2754 ‚
711 2730 766 2748 um.
797 2720 858 2747 Adi.
894 2721 984 2751 Pater,
1003 2719 1078 2746 cuius
1097 2724 1172 2754 pater
1188 2727 1269 2745 nemo

225 2761 276 2794 est,
297 2762 343 2797 qui
361 2761 397 2787 cst
416 2757 631 2794 inexcogitabilis
647 2763 672 2784 et
688 2757 895 2784 insubstantiuus
906 2757 1003 2790 Interp.
1019 2756 1088 2781 Iren.
1104 2763 1123 2786 1,
1137 2763 1174 2780 10.

260 2805 269 2823 1
279 2805 299 2825 N
310 2804 322 2821 S
333 2804 352 2821 V
365 2797 430 2823 BTi
442 2804 476 2822 LI
488 2803 517 2825 s,
534 2803 558 2821 e.
589 2793 650 2820 Adi.
687 2793 776 2827 Papin.
790 2793 818 2819 111
832 2792 849 2818 l.
869 2800 929 2817 cum
949 2790 1125 2817 filiofamilias
1140 2791 1172 2816 D.
1186 2789 1219 2816 de
1232 2789 1268 2816 le-

224 2839 274 2868 gat.
289 2841 298 2858 1
317 2832 437 2867 Denique
450 2831 569 2857 Iulianus
580 2838 636 2855 non
651 2828 773 2855 insubtili
783 2828 889 2855 ratione
903 2833 990 2853 motus
1009 2825 1154 2859 respondit,
1168 2832 1213 2852 etc.
1270 2823 1273 2826 ’

262 2872 577 2895 1NSVB'1'1L1TER.
603 2865 673 2891 Adn.

224 2903 308 2930 fundo
322 2904 354 2930 D.
368 2903 398 2929 de
411 2902 499 2929 hered.
518 2901 599 2928 instit.
620 2899 763 2927 Marcellus
782 2908 837 2926 non
853 2898 1018 2925 insubtiliter
1029 2906 1084 2923 non
1103 2902 1177 2932 putat
1190 2897 1272 2924 hodie

224 2938 275 2965 hoc
314 2938 450 2965 rocedere.

263 2948 326 3000 1Nps
336 2979 518 3005 vnvLVM,
541 2972 560 2998 i.
589 2980 615 2997 n.
652 2970 783 2998 Textoris
811 2969 1032 3002 instrumentum,
1058 2966 1158 2995 auclore
1179 2967 1270 2995 Issdor.

226 3017 265 3041 19,
286 3018 327 3042 29.
363 3010 404 3035 Sic
417 3008 530 3041 1116111111,
543 3007 614 3042 quod
635 3006 707 3033 iufra
722 3012 748 3033 et
766 3007 843 3040 supra
862 3005 909 3037 sit,
936 3005 979 3031 vel
1006 3004 1070 3039 quia
1096 3004 1272 3030 insubulatur.

227 3046 354 3071 Laudatur
368 3046 471 3071 Lucret.
485 3051 509 3077 ς,
523 3052 574 3076 135¹
604 3043 663 3069 Nec
675 3042 780 3070 ratione
799 3040 851 3068 alia
863 3041 965 3075 potsunt
983 3046 1037 3068 tam
1051 3041 1122 3067 leuia
1135 3040 1209 3075 gigni
1229 3041 1272 3066 In·
1282 3050 1316 3077 80

226 3080 333 3110 subula,
348 3089 376 3107 ac
389 3080 449 3113 sust,
463 3087 508 3106 etc.
525 3081 559 3106 al.
577 3078 674 3110 Infilia,
687 3088 713 3105 υ.
726 3087 752 3104 υ.

263 3123 272 3141 1
282 3124 302 3142 N
311 3124 323 3142 s
333 3123 353 3141 v
363 3123 378 3143 B
387 3124 407 3141 ν
417 3123 432 3141 1,
441 3123 462 3142 Α
471 3121 523 3141 Tv
532 3122 545 3142 s
554 3135 563 3148 ,
582 3123 596 3140 a
605 3134 613 3146 ‚
632 3123 686 3140 uin.
704 3113 765 3140 Adi.
802 3110 950 3147 Perforatus
965 3112 1062 3138 Cathol.

266 3158 276 3177 l
288 3158 308 3176 N
319 3159 331 3177 s
341 3159 361 3177 V
370 3158 386 3178 c
395 3158 411 3178 c
422 3157 442 3177 O
452 3171 461 3183 ,
478 3155 532 3177 are.
566 3149 733 3184 [ἐγχυλίζω]
770 3147 892 3178 Imbuere,
904 3147 949 3181 scu
964 3147 1081 3182 Inficere,
1100 3153 1124 3172 ct
1136 3145 1212 3181 succo
1225 3147 1271 3172 ali-

229 3194 273 3221 quo
292 3188 332 3212 vel
348 3187 446 3213 humore
465 3189 597 3221 inengere.
635 3184 766 3212 Columel.
781 3191 809 3218 7,
823 3191 836 3216 5
871 3182 962 3209 Fracta
981 3183 1109 3217 pecudum
1121 3191 1176 3208 non
1194 3182 1273 3208 aliter

712 2865 771 2890 Non
785 2863 925 2899 subtiliter.
962 2861 1021 2896 le.
1040 2862 1068 2888 111
1086 2862 1104 2887 l.
1126 2870 1135 2888 1
1155 2860 1178 2898 §.
1199 2861 1217 2888 fi
1237 2869 1269 2887 ex
1282 2869 1315 2898 75

1329 2191 1425 2217 porum
1440 2183 1536 2216 poffet,
1554 2187 1612 2208 tum
1630 2190 1747 2208 maxime
1765 2183 1904 2215 cognitum
1923 2183 1974 2215 est,
1992 2193 2054 2211 cum
2073 2183 2180 2218 iisdem,
2194 2185 2292 2220 quibus
2305 2191 2383 2213 antea

1330 2218 1471 2257 cautibus·
1484 2217 1709 2244 innocentiffimus
1745 2217 1875 2252 quisque,
1900 2224 1962 2246 tunc
1993 2220 2189 2247 nocentissimus
2202 2231 2203 2234 ¹
2216 2220 2384 2255 affigere-tum
2421 2218 2438 2231 ”¹

1330 2262 1445 2288 cumque
1463 2252 1560 2278 insulas
1573 2260 1680 2284 omnes,
1700 2261 1763 2287 quas
1776 2253 1857 2280 modo
1869 2255 2043 2288 Senatorum,
2064 2257 2118 2283 iam
2138 2257 2287 2284 delatorum
2304 2256 2383 2283 turba
2416 2270 2418 2273 ·

1329 2289 1484 2323 compleret.
1520 2289 1579 2315 Eam
1593 2294 1699 2323 poenam
1710 2287 1801 2321 statim
1820 2293 1936 2316 maiorem
1953 2291 2018 2317 dicit
2035 2293 2090 2324 illa,
2103 2302 2156 2319 cum
2170 2298 2246 2319 antea
2261 2293 2382 2320 frontem

1330 2323 1574 2351 conuulnerandam
1587 2323 1743 2358 praeberent
1755 2324 1857 2359 puneiis
1871 2332 1918 2351 etc.
1958 2327 2032 2352 Talis
2046 2325 2080 2359 ist
2093 2327 2179 2358 Gyara
2195 2337 2218 2352 υ.
2233 2336 2258 2353 υ.
2295 2329 2336 2354 Sic
2349 2328 2381 2353 In

1330 2360 1499 2395 asperrimas
1513 2359 1660 2386 insularum
1685 2359 1766 2388 auehi
1784 2360 1915 2387 delatores
1939 2363 1989 2387 iam
2007 2362 2150 2395 imperauit
2168 2361 2252 2388 Titus
2272 2362 2379 2388 Sueton.

1331 2406 1353 2422 c.
1370 2402 1393 2425 8.
1551 2392 1572 2432 q
1597 2403 1609 2421 2
1645 2395 1733 2423 Insula
1745 2396 1764 2422 s.
1778 2396 1863 2422 Nasos
1880 2398 1960 2428 (Dor.
1972 2397 2052 2422 Ninos
2063 2404 2109 2431 pro
2123 2398 2214 2429 Νῆσος)
2226 2403 2290 2432 pars
2303 2398 2380 2431 Syra-

1329 2432 1457 2466 cufiwum,
1470 2429 1535 2466 quod
1553 2434 1580 2456 in
1596 2432 1626 2456 ln
1640 2432 1681 2458 ula
1698 2431 1858 2467 inaedificata
1878 2431 1942 2466 fft.

1983 2431 2044 2459 Vid.
2056 2431 2111 2458 Cic.
2125 2433 2202 2459 Verr.
2215 2441 2243 2465 4,
2257 2437 2295 2463 118
2308 2441 2329 2459 c.
2341 2440 2378 2464 53.

1331 2467 1392 2493 Liu.
1413 2473 1454 2498 23,
1475 2474 1520 2499 24.
1556 2466 1605 2491 Con
1624 2486 1631 2491 .
1651 2472 1754 2494 NASVS
1771 2468 1867 2495 Insula.

2062 2465 2084 2505 ff
2112 2476 2124 2500 3
2166 2467 2270 2494 Insulae
2292 2466 2380 2493 dietae

1332 2503 1391 2529 sunt
1403 2502 1511 2541 proprie
1522 2500 1632 2533 Domus,
1645 2510 1711 2535 quae
1724 2510 1778 2527 non
1796 2502 1946 2537 iunguntur
1957 2503 2144 2530 communibus
2175 2502 2303 2530 arietibus
2320 2511 2381 2529 cum
2406 2513 2412 2517 ·

1331 2538 1446 2569 vicinis,
1467 2536 1633 2571 circuituque
1647 2536 1755 2571 publico
1769 2543 1814 2563 aut
1828 2539 1933 2571 priuato
1946 2538 2106 2572 cinguntur,
2125 2548 2140 2565 a
2163 2537 2328 2567 imilitudine
2342 2537 2382 2564 vi-

1333 2573 1429 2600 delicet
1443 2578 1757 2606 earumterrarum,quae
1769 2573 1926 2599 fluminibus
1938 2580 1984 2600 aut
1996 2574 2065 2601 mari
2078 2575 2214 2608 eminent,
2226 2575 2339 2609 suntque
2352 2574 2382 2600 in

1333 2609 1389 2636 salo
1404 2608 1510 2643 politae.
1547 2605 1677 2634 Hastenus
1691 2607 1788 2634 Festus.
1824 2609 1873 2636 Sed
1891 2618 1922 2634 an
1944 2608 2020 2642 exstet
2039 2610 2114 2637 buius
2126 2609 2322 2646 significationis
2340 2619 2382 2636 ex-

1332 2646 1434 2680 emplum
1442 2663 1450 2675 ,
1462 2643 1610 2670 dubitamus.
1645 2644 1742 2671 Mentio
1748 2643 1786 2679 fit
1798 2645 1865 2680 apud
1877 2647 1992 2680 antiquos
2004 2645 2112 2681 duplicis
2122 2650 2221 2682 generis
2232 2646 2381 2673 Insularum

1331 2684 1358 2707 in
1372 2680 1446 2712 vrbe,
1460 2679 1596 2706 Maiorum
1608 2685 1632 2705 et
1646 2680 1794 2706 Minorum.
1831 2680 1949 2707 Maiores
1966 2686 1990 2707 et
2011 2684 2115 2717 proprie
2128 2679 2211 2708 dietae
2222 2678 2296 2718 sunt
2308 2692 2380 2708 amm-

1331 2718 1400 2750 κίαι,
1422 2722 1453 2742 vt
1472 2722 1594 2742 vocantur
1611 2718 1640 2742 in
1658 2715 1783 2743 veteribus
1802 2715 1894 2742 Gloffis
1908 2735 1916 2748 ,
1931 2717 2020 2750 plures
2037 2716 2222 2753 aedficatz'ones
2240 2720 2382 2748 continuae,

1330 2760 1468 2780 communes
1480 2751 1604 2778 interdum
1614 2754 1740 2786 parietes,
1753 2754 1889 2778 communia
1901 2750 1983 2784 ιεέῗα,
1994 2752 2126 2786 habentes,
2142 2753 2198 2780 vici
2211 2751 2310 2789 quidam
2330 2756 2382 2784 cir-

1331 2787 1543 2815 cumcurrentibus
1565 2789 1616 2812 viis
1629 2793 1652 2813 et
1666 2788 1760 2822 plateis
1778 2785 1928 2820 diliinflae,
1951 2797 2012 2823 quae
2026 2794 2107 2815 tamen
2123 2798 2198 2815 vnum
2208 2789 2284 2824 saepe
2302 2788 2381 2815 domi-

1332 2833 1390 2850 num
1403 2823 1536 2856 haberent,
1552 2825 1596 2858 qui
1614 2822 1729 2858 aedificia
1760 2821 1860 2858 =ugido,
1873 2824 1914 2849 vel
1920 2829 2010 2858 partes
2022 2833 2104 2851 eorum
2122 2826 2234 2852 locarent
2247 2825 2381 2860 inquilinis

1333 2866 1356 2886 et
1374 2856 1573 2885 concitatioribus.
1626 2860 1701 2885 Talis
1720 2860 1741 2892 ε]
1767 2859 1856 2885 Insula
1867 2859 1959 2886 Clodii
1975 2859 2043 2894 apud
2059 2860 2115 2887 Cic.
2129 2869 2177 2895 pro
2191 2860 2261 2890 Cael.
2276 2867 2306 2893 17
2325 2867 2346 2885 c·
2366 2868 2380 2891 7

1332 2895 1362 2922 de
1375 2904 1422 2930 qua
1435 2893 1566 2920 aediculas
1583 2894 1734 2921 conduxerat
1747 2894 1852 2921 Caelius
1871 2894 1961 2921 decem
1975 2895 2111 2928 millibus,
2128 2905 2191 2932 quas
2203 2905 2256 2922 cum
2268 2893 2380 2928 triginta

2274 144 2365 184 1160
2388 159 2391 165 ¹

1858 1799 1990 1824 Corrosae
2009 1798 2125 1830 insulae,
2141 1797 2195 1824 vid.
2216 1801 2384 1824 CORRODO.
2430 1801 2436 1808 ⁸

2419 103 2430 123 ἱ,
2441 112 2446 118 .

2418 151 2453 198 “³

1906 1301 2027 1329 Tertull.
2040 1300 2145 1328 aduers.
2159 1300 2291 1334 Hermog.
2310 1307 2332 1327 c.
2346 1304 2384 1332 ις.
2430 1331 2441 1340 >¹
2453 1277 2459 1333 ,1

1332 2930 1453 2958 millibus
1475 2929 1631 2962 conductas,
1646 2933 1810 2956 mentirentur
1829 2930 1982 2967 accusatores
1999 2931 2094 2964 Caelii,
2110 2932 2170 2958 hinc
2189 2930 2326 2966 intelligere
2339 2930 2379 2965 se,
2418 2930 2421 2934 ’
2453 2924 2455 2926 ’

1333 2965 1411 3000 astute
1430 2968 1468 2992 ait
1480 2965 1580 2997 CicerO,
1601 2966 1712 2992 Insulam
1727 2965 1819 2992 Clodii
1837 2966 1959 2993 venalem
1977 2967 2040 2992 effe:
2067 2973 2149 3001 nempe
2166 2967 2211 2993 hoc
2225 2966 2259 2991 ad
2276 2972 2380 2991 emtores

1333 3000 1477 3029 incitandos
1490 3001 1648 3036 pertinebat,
1661 3001 1688 3035 fi
1699 3005 1767 3028 tanti
1783 3003 1863 3028 locari
1875 3001 1972 3038 pqffint
1985 3001 2133 3033 aediculae,
2141 3008 2225 3037 paruo
2232 3008 2297 3036 pars
2312 3001 2380 3037 insu-

1332 3040 1379 3067 lae.
1415 3039 1447 3065 1n
1460 3036 1679 3072 hancfintentiam
1693 3040 1765 3064 etiam
1778 3039 1863 3064 liceret
1876 3037 2005 3065 traducere
2019 3038 2138 3069 Festum,
2158 3036 2176 3062 fi
2189 3043 2238 3071 pro
2251 3045 2306 3062 non
2319 3036 2380 3063 iun-

1331 3078 1431 3108 guntur
1449 3074 1497 3098 leui
1514 3075 1648 3099 mutatione
1667 3074 1688 3099 Ie
1707 3080 1788 3101 eretur
1808 3073 2013 3107 coniunguntur.
2055 3074 2086 3099 Et
2099 3072 2161 3108 sanc
2180 3073 2380 3107 coniiuiguntur

1332 3107 1366 3143 est
1379 3112 1408 3136 in
1421 3108 1479 3136 edit.
1496 3108 1583 3134 Venet.
1600 3113 1662 3140 1498
1675 3083 1725 3135 sgl.
1741 3118 1765 3142 p.
1779 3117 1820 3143 24,
1834 3118 1856 3135 a.
1892 3109 1940 3136 Sed
1951 3106 2084 3145 praemiffiz
2097 3108 2134 3134 ibi
2152 3116 2243 3143 quoque
2261 3111 2379 3144 negatio.-

1331 3151 1414 3181 neme
1428 3143 1535 3180 putabat
1555 3146 1677 3176 criticus,
1696 3144 1798 3171 insulae
1816 3146 1976 3180 appellationi
1993 3144 2038 3171 hoc
2056 3150 2208 3179 repugnare,
2220 3142 2247 3177 Ji
2267 3143 2379 3170 coniun-

1332 3187 1427 3216 gantur
1442 3178 1627 3206 communibus
1641 3180 1794 3214 parietibus.
1850 3180 1941 3215 Nescio
1957 3189 1990 3206 an
2002 3180 2066 3206 alius
2085 3181 2151 3205 locus
2166 3178 2256 3212 exstet,
2269 3179 2313 3206 obi
2331 3179 2379 3206 hoc

230 3231 306 3255 quam
321 3221 459 3248 hominum
475 3229 551 3247 crura
564 3221 700 3252 sanantur,
714 3220 836 3247 inuoluta
850 3219 916 3244 lanis
928 3218 990 3245 oleo
1004 3224 1082 3252 atque
1095 3218 1170 3243 succo
1185 3217 1268 3243 insuc-
1286 3221 1315 3251 85
1331 3215 1459 3243 intelle-Hic
1466 3215 1581 3250 sumatur
1594 3216 1690 3250 infida:
1707 3215 1753 3250 myi
1760 3215 1835 3251 forte
1847 3216 1894 3242 huc
1906 3215 2002 3251 referre
2017 3215 2116 3249 placeat
2129 3214 2198 3241 Tac.
2212 3215 2280 3241 Ann.
2296 3221 2331 3247 13,
2343 3222 2377 3248 43

231 3257 301 3283 catis.
338 3259 368 3283 Et
380 3265 407 3291 7,
421 3267 439 3290 4
459 3256 615 3283 Insuccanda
629 3256 690 3282 oleo
703 3256 770 3283 lana.
805 3254 879 3290 Conf.
896 3254 968 3281 Idem
982 3263 1007 3286 9,
1020 3262 1044 3286 13
1068 3252 1143 3279 Panis
1156 3253 1270 3280 insucca-

229 3298 270 3318 tus
283 3301 313 3318 ex
328 3294 421 3319 mulso.
457 3292 529 3318 Cael.
543 3292 631 3318 Aurel.
646 3293 721 3318 Acut.
734 3301 755 3323 3,
767 3296 789 3321 8.
832 3290 889 3317 Vid.
898 3290 994 3326 Reinqsl
1007 3290 1067 3316 Var.
1076 3287 1145 3314 Lea.-
1155 3298 1179 3320 2,
1186 3295 1210 3318 8.

268 3334 475 3360 1NsvccVS,
492 3336 523 3359 a,
543 3335 598 3353 um.
635 3326 697 3353 Adi.
741 3326 888 3360 [ἔγχυλα]
929 3328 1051 3361 Pinguis,
1070 3324 1145 3360 Jitcco
1170 3325 1272 3359 plenus,

230 3361 285 3388 bene
295 3362 389 3398 postus.
425 3363 551 3397 Cyprian.
589 3382 596 3388 .
634 3381 641 3388 .
678 3363 815 3388 Insuccum
833 3370 927 3395 corpus
944 3361 1122 3395 gladiatorum
1139 3359 1206 3395 apud
1219 3360 1271 3387 Sal-

231 3399 288 3432 mas.
310 3398 338 3424 de
357 3400 419 3425 Poll.
434 3406 463 3433 p.
483 3409 538 3433 197.

270 3441 275 3457 1
289 3441 306 3458 N
317 3441 329 3458 s
339 3436 359 3459 ῡ
369 3441 386 3460 1)
398 3440 417 3460 0
426 3454 432 3465 ,
453 3438 505 3460 Ere.
542 3434 610 3461 Cels.
623 3442 645 3464 2,
659 3441 671 3459 2
696 3433 798 3467 Corpus
813 3431 882 3458 circa
895 3438 979 3466 partes
995 3432 1096 3467 aliquas
1109 3436 1200 3457 contra
1213 3438 1274 3457 con-

236 3467 396 3494 suetudinem
407 3469 516 3496 insudat.
552 3468 628 3503 Conf.
641 3477 661 3501 1,
673 3477 686 3501 5
704 3475 751 3494 etc.

270 3508 279 3527 1
292 3509 311 3527 N
322 3510 361 3528 sv
372 3511 388 3530 o
398 3507 449 3531 ᾹΤ
459 3513 478 3531 v
489 3512 518 3536 s,
537 3513 567 3537 a,
585 3514 640 3531 uni.
672 3504 735 3530 Adi.
770 3502 901 3536 Quinem.
916 3511 947 3533 11,
961 3511 983 3535 3,
997 3511 1025 3535 23
1047 3501 1168 3529 Insudata
1186 3499 1274 3527 vestis.

235 3535 280 3597 {ig
293 3538 385 3571 quidem
403 3541 474 3568 MSS.
494 3541 561 3576 apud
572 3541 656 3567 Burm.
670 3547 700 3575 p.
721 3548 787 3565 1002.
840 3538 888 3566 Sed
908 3540 993 3564 melius
1012 3538 1093 3565 editur
1113 3536 1224 3570 diwfim,
1245 3537 1274 3562 in

248 3581 263 3597 u
284 3579 333 3598 ata.

275 3614 457 3641 iNsvas,
477 3619 509 3643 a,
528 3620 583 3637 um.
619 3609 679 3636 Adi.
715 3606 822 3644 ἄνυδρος,
842 3607 948 3644 ἕζὶωχος
964 3608 1042 3637 Gloss’.
1060 3609 1116 3635 Lat.
1135 3607 1182 3634 Gr.
1203 3609 1274 3644 origo

238 3643 332 3675 eadem,
352 3652 409 3678 quoe
423 3645 537 3678 sudoris,
552 3646 615 3672 vnde
630 3652 654 3672 et
666 3644 737 3671 Vdus
756 3651 802 3671 etc-

274 3684 316 3703 lN
327 3686 338 3704 S
349 3685 367 3704 v
378 3686 440 3706 ESC
451 3687 487 3712 o,
503 3682 562 3713 eui,
579 3686 666 3712 cmm,
684 3683 737 3707 cre.
775 3678 928 3714 [ἓθίζομοιι]
966 3678 1032 3705 Idem
1054 3677 1119 3714 quod
1136 3677 1274 3714 Confinsce-

240 3721 274 3737 re.
313 3713 380 3739 Ter.
395 3715 468 3740 Adel.
485 3724 534 3746 1,1‚
547 3725 577 3747 30
607 3717 678 3743 Nam
697 3715 746 3750 qui
762 3715 890 3747 mentiri,
916 3720 961 3741 aut
982 3714 1073 3740 fallere
1094 3714 1209 3740 insueuit
1232 3723 1274 3747 pa-

240 3752 372 3787 tremuetc.
408 3750 479 3786 Conf.
494 3751 573 3778 Plaut.
589 3752 663 3786 Capt.
681 3760 702 3781 2,
714 3760 737 3783 2,
751 3758 787 3783 55.

242 3789 280 3820 ria
293 3782 352 3809 Lm.
370 3792 391 3814 ς,
418 3804 423 3810 .
451 3805 456 3811 .
491 3786 594 3813 Lucret.
608 3796 632 3817 2,
647 3793 708 3820 1277
732 3787 767 3812 Vt
780 3786 858 3812 facile
876 3787 1002 3812 insuescat
1016 3786 1103 3811 secum
1122 3785 1165 3810 vir
1177 3785 1274 3811 ducere

242 3823 330 3843 vitain.
365 3819 436 3853 szf.
454 3821 513 3846 Sall.
526 3822 583 3847 Cat.
602 3832 623 3847 c.
642 3830 673 3847 11.
743 3820 875 3848 Columel.
895 3824 922 3853 6,
934 3829 970 3855 47
1005 3821 1058 3847 Cui
1076 3820 1162 3854 partui
1178 3819 1274 3846 deinde

244 3859 322 3883 quum
341 3852 428 3879 deceni
449 3855 539 3881 diebus
554 3857 667 3882 insueuit
681 3864 757 3890 equa.
828 3857 921 3883 Tacit.
934 3857 1001 3882 Ann.
1016 3865 1047 3888 11,
1061 3865 1091 3888 29
1106 3862 1170 3882 extr.
1203 3856 1274 3882 Duae

245 3886 345 3945 &llices
365 3897 474 3922 quarum
494 3892 599 3924 corpori
620 3892 785 3923 insument,
806 3897 837 3916 vt
856 3892 1005 3928 conficescere
1023 3899 1047 3917 et
1065 3891 1225 3927 consuetudo,
1245 3891 1274 3917 de

273 3929 346 3949 tuere.
1078 3927 1082 3931 '

412 3923 539 3951 Columel.
552 3929 577 3957 6,
590 3935 608 3960 4
638 3926 755 3953 Maxime
774 3932 862 3953 tamen
880 3925 958 3954 habet
978 3927 1098 3955 salutans
1115 3935 1236 3960 amurca,
1256 3926 1274 3952 si
1284 3933 1325 3962 105
1339 3934 1363 3954 et
1375 3926 1443 3953 Hist.
1463 3934 1484 3957 1,
1497 3927 1536 3958 86,
1550 3934 1577 3959 4.

1326 3260 1373 3288 pr.
1392 3252 1436 3278 vbi
1453 3253 1520 3278 Nero
1534 3247 1590 3286 post
1603 3251 1742 3277 incendium
1750 3252 1823 3287 situm
1835 3251 1952 3286 porticus
1966 3247 2104 3282 exstruxit,
2123 3259 2190 3284 quae
2204 3250 2321 3277 frontem
2336 3259 2377 3276 m-

1332 3288 1448 3314 sularurn
1462 3291 1638 3322 protegerent.
1690 3287 1738 3314 Sed
1755 3290 1829 3313 etiam
1847 3287 1889 3314 hit:
1906 3288 1973 3313 locui·
1986 3285 2020 3311 ad
2036 3286 2152 3312 minores
2167 3285 2262 3312 insulas
2280 3285 2378 3321 referri

1329 3322 1427 3360 potest,
1444 3332 1547 3358 quarum
1567 3328 1653 3348 tantus
1664 3321 1725 3357 suit
1745 3332 1874 3354 numerus,
1888 3328 1917 3348 vt
1929 3322 1954 3347 Ρ.
1968 3320 2084 3347 Victoris
2103 3327 2182 3348 actare
2202 3321 2312 3348 domuum
2330 3331 2376 3347 nu·
2413 3350 2416 3354 ,
2444 3331 2449 3337 ⁴

1333 3368 1424 3385 merum
1437 3358 1573 3394 trIgecuplo
1591 3360 1693 3384 circiter
1705 3357 1878 3394 fiapcrauerit:
1894 3360 2126 3391 praetermittamus
2137 3366 2250 3384 numeros
2261 3356 2376 3393 singula-

1280 3401 1316 3426 90
1333 3403 1388 3421 rum
1399 3396 1534 3430 regionum.
1571 3394 1601 3420 In
1611 3393 1741 3430 summas.
1751 3392 1892 3420 Breuiario
1899 3391 1962 3418 dicit
1969 3392 2066 3418 Insulas
2079 3391 2122 3425 eff&
2130 3401 2177 3426 per
2190 3398 2273 3419 totam
2280 3394 2376 3419 vrbem

1335 3438 1449 3456 numero
1466 3428 1638 3464 quadraginta
1656 3430 1698 3455 sex
1712 3429 1812 3460 millia,
1825 3429 1956 3454 sexcentas
1969 3427 2046 3461 duas,
2061 3431 2080 3454 i.
2095 3430 2197 3461 466023
2217 3428 2312 3455 domus
2331 3437 2374 3455 au-

1335 3472 1382 3491 tem
1402 3465 1478 3491 mule
1503 3465 1673 3500 septingentas
1691 3464 1841 3499 octoginta,
1860 3467 1929 3497 1780.
1988 3465 2080 3498 Nempe
2105 3463 2191 3490 insula
2212 3463 2264 3490 dici
2290 3470 2376 3499 coepta

1336 3500 1522 3537 vrzumquothzce
1539 3499 1693 3536 aedificium,
1713 3509 1759 3536 quo
1774 3497 1898 3530 constabat
1918 3498 2010 3525 insula.
2048 3500 2107 3525 Cum
2122 3502 2186 3525 enim
2199 3502 2324 3535 triginta,
2344 3504 2377 3525 vt

1336 3536 1382 3563 hoc
1399 3544 1474 3568 vtnr,
1487 3543 1530 3563 aut
1550 3536 1655 3570 amplius
1662 3536 1781 3572 familiae
1793 3534 1933 3560 habitarem
1951 3537 1979 3560 in
1992 3534 2078 3560 Insula
2090 3533 2183 3562 Clodii
2192 3555 2200 3566 ‚
2211 3542 2234 3561 et
2253 3543 2376 3570 unaquae-

1287 3576 1319 3602 95
1336 3572 1416 3608 quese
1427 3572 1519 3598 diceret
1531 3571 1641 3598 habitare
1654 3575 1681 3596 in
1695 3570 1779 3597 Insula
1793 3568 1898 3601 Clodii,
1912 3570 1971 3596 hinc
1987 3570 2117 3605 paullatim
2129 3570 2207 3605 ipsum
2219 3570 2322 3597 Insulae
2333 3579 2376 3596 no-

1334 3617 1387 3634 men
1400 3616 1454 3634 cum
1465 3606 1575 3643 singulis
1609 3606 1706 3632 artibu:
1722 3608 1922 3632 communicatum
1938 3604 2048 3632 videtur.
2084 3606 2139 3631 Hoc
2151 3608 2232 3641 igitur
2246 3609 2378 3641 pertinent

1335 3653 1361 3669 v.
1376 3653 1401 3678 g.
1416 3643 1522 3677 leian.
1541 3642 1570 3668 in
1598 3661 1605 3667 .
1624 3641 1805 3676 stipulationes
1820 3649 1873 3666 non
1891 3640 2049 3667 diuiduntur
2066 3641 2097 3667 D.
2116 3640 2148 3666 de
2169 3640 2243 3667 verb.
2262 3641 2374 3675 obligat.

1336 3680 1415 3705 Plane
1434 3678 1452 3705 fi
1473 3678 1585 3704 insulam
1597 3676 1687 3703 fulcu-i
1707 3676 1764 3710 quis
1784 3676 1919 3710 stipulatus
1939 3676 1983 3707 sit,
2001 3685 2055 3702 non
2075 3676 2111 3702 est
2129 3676 2376 3710 exspefiandun1‚vt

1337 3714 1423 3740 insula
1437 3720 1505 3740 ruat.
1560 3712 1650 3739 Tacit.
1664 3713 1731 3738 Hist.
1747 3720 1766 3743 1,
1780 3715 1810 3741 86
1837 3713 1967 3745 Corrupta
1987 3711 2165 3746 stagnantibus
2184 3711 2259 3745 aquis
2279 3711 2377 3737 insula-

859 3751 1005 3777 Insuescere
1024 3749 1080 3776 frui
1098 3755 1170 3783 parta
1189 3749 1273 3775 vieio-
1283 3757 1330 3775 100
1338 3759 1398 3776 rum
1411 3749 1594 3780 fundamenta,
1614 3746 1675 3773 dein
1694 3754 1827 3774 remeante
1846 3748 1955 3774 flumine
1974 3747 2087 3782 dilapsa:
2111 3747 2139 3772 de
2152 3746 2313 3772 inundatione
2329 3748 2377 3772 Ti-

1336 3785 1411 3811 beris.
1453 3784 1555 3811 Paullus
1568 3784 1595 3809 in
1609 3783 1625 3808 l.
1639 3791 1700 3808 nam
1714 3781 1822 3810 salutem
1837 3784 1868 3810 D.
1888 3783 1921 3809 de
1939 3781 2031 3809 officio
2043 3781 2171 3809 Praefecti
2189 3781 2318 3815 vigilum,
2333 3781 2378 3807 Ef-

1338 3820 1470 3847 fracturae
1489 3820 1546 3845 sunt
1560 3819 1716 3852 plerumque
1735 3819 1763 3845 in
1782 3819 1875 3844 insulis
1886 3818 2060 3852 horreisque,
2079 3818 2125 3844 vbi
2145 3817 2264 3842 homines
2277 3817 2376 3851 pretio-

1338 3856 1455 3883 fiffimam
1474 3860 1573 3888 partem
1587 3855 1754 3880 fortunarum
1771 3855 1877 3880 suarum
1894 3860 2033 3888 reponunt.
2067 3852 2139 3888 Conf.
2155 3852 2224 3878 Suet.
2239 3853 2342 3879 Neron.
2355 3861 2378 3878 c.

1340 3897 1387 3923 38st
1399 3898 1423 3917 et
1431 3891 1608 3923 Tiber.c.48.
1628 3893 1659 3917 it.
1673 3890 1738 3917 Ner.
1748 3899 1769 3916 c.
1779 3892 1834 3916 16et
1842 3899 1889 3923 44.
1923 3889 2014 3915 Tacit.
2024 3890 2090 3914 Ann.
2099 3890 2124 3919 6,
2132 3895 2203 3920 45,:.
2222 3891 2253 3915 it.
2267 3896 2376 3921 15‚41,1.

1731 3923 1753 3963 ἦ
1773 3934 1793 3958 4
1832 3925 1935 3960 Templa
1952 3928 2026 3951 etiam
2041 3923 2140 3951 hisulas
2158 3922 2244 3950 dixere
2262 3925 2376 3986 Ecclesia·

2314 3959 2332 3992 J
2345 3959 2380 3986 ici
