2479 4225
49 228 114 268 ¹45
444 210 484 250 D
570 210 589 268 ἰ
673 210 714 256 Β.
1570 210 1608 251 D
1697 211 1713 250 I
1800 211 1836 257 C
2129 219 2197 267 146

41 302 150 339 stratus.
191 300 260 328 Vnde
273 297 414 335 lepidtffime
425 281 482 328 Cic:
495 300 566 326 Fam.
579 308 605 332 2,
622 300 652 326 16
673 296 782 339 Curtius
796 295 884 323 noster
897 293 998 330 δι’ζαφον
1016 298 1086 332 cogi-
1146 295 1238 333 fic‘lum
1258 297 1321 324 illud
1338 304 1361 324 et
1375 298 1554 335 formularium
1569 303 1597 326 in
1616 301 1669 327 iure
1689 306 1820 327 certamen.
1873 301 1952 335 Apul.
1966 302 1998 329 de
2011 302 2094 331 habit.
2109 302 2196 333 ἀοᾶι.

49 344 99 367 ut:
117 336 161 364 sed
175 346 237 364 eum
255 335 371 362 infthor
389 341 517 361 moratur.
559 335 617 362 Via.
631 331 730 368 Salmas:
747 341 775 358 m
793 338 845 359 not.
864 331 899 358 ad
915 332 1034 359 Tertull.
1052 334 1086 360 de
1155 333 1256 359 Platon.
1269 343 1295 368 p.
1310 341 1353 368 27,
1367 343 1395 360 10
1424 336 1462 361 ΕΩ
1478 343 1503 363 ct
1515 336 1566 362 alia
1582 335 1684 370 optima
1696 335 1805 371 quidem
1819 340 1845 361 ct
1864 336 1923 362 satis
1942 338 2005 364 iusta
2025 346 2050 365 et
2069 340 2123 375 ipsa
2138 341 2197 375 qui-

49 373 133 402 921150
146 382 168 399 c·
181 381 205 406 3,
225 379 249 399 et
263 370 321 398 OH.
340 372 440 399 ferrar,
453 370 481 397 de
497 380 523 397 re
541 369 645 405 Vgsltar.
659 378 681 399 2,
696 377 720 401 7.
1156 367 1215 394 dem
1227 369 1311 403 specie
1328 369 1407 404 (puto
1426 372 1491 398 hunc
1507 370 1550 405 este
1565 372 1704 398 Geniliuum
1726 373 1783 398 anti
1801 372 1877 406 uum)
1896 378 1921 397 et
1936 373 2001 400 dicis
2015 375 2089 402 causa
2103 375 2197 402 ciuita-

88 415 150 436 D1B
161 414 182 434 v
194 414 235 435 CC
245 414 254 434 1
264 413 332 439 No,
352 412 397 433 aug
422 413 440 433 D
450 414 459 433 1
469 412 541 434 BVC
552 413 591 433 IN
601 411 639 437 ο,
663 407 715 429 are.
751 402 809 429 Vel.
831 403 938 437 Longus
958 403 1085 439 Orthogr.
1156 404 1194 437 (a
1207 405 1328 439 Platone)
1341 404 1477 432 fabricata.
1531 407 1631 434 Arnob.
1645 414 1657 440 3
1671 416 1695 442 p.
1710 415 1755 439 ¹09
1784 380 1842 433 &iii
1862 407 1931 432 forte
1945 408 2046 442 dicetis,
2060 411 2124 437 alias
2138 412 2198 446 qui-

50 453 77 480 p.
90 451 158 478 2227
171 443 271 470 Putsch.
292 449 316 469 ee
329 442 459 477 Papiriam.
473 442 511 469 ib.
531 451 556 477 p.
569 448 644 472 2294.
682 473 686 478 Ι
800 472 806 478 ·
1111 449 1126 475 ς
1157 438 1216 466 dem
1231 441 1279 466 css'e
1293 438 1339 466 Dis
1358 441 1458 467 formas
1468 461 1475 473 ,
1496 442 1537 468 scd
1550 442 1660 470 honoris
1672 438 1700 469 et
1712 441 1779 469 dicis
1791 442 1867 469 causa
1878 443 1972 477 species
1987 453 2034 471 vos
2046 447 2083 472 eis
2096 456 2196 474 accom-

88 485 332 511 DIBVTADES,
352 478 382 504 is.
410 487 445 504 m.
479 476 629 510 Sicyonius,
647 474 748 500 Primus
767 472 820 499 fuit
838 472 934 508 figulus
952 474 1089 508 Corinthi,
1157 474 1300 502 modauisse
1313 476 1475 502 mortalium.
1532 479 1562 503 Et
1576 487 1593 511 4
1603 485 1645 513 pr.
1658 487 1682 513 p.
1698 485 1744 513 127
1774 479 1904 504 Vtrumne
1923 478 2093 514 existimetis,
2113 483 2196 509 Pieta-

50 514 143 549 quiex
159 519 229 540 creta
243 513 335 540 docuit
351 513 466 548 fingere,
488 513 639 548 primusque
656 510 779 544 personas
797 509 945 544 tegularum
963 511 1088 538 extremis
1156 516 1210 537 tem
1246 526 1291 531 --
1326 511 1382 538 vim
1397 511 1494 538 habere
1511 513 1628 539 diuinam
1663 529 1709 534 —
1747 522 1779 539 an
1794 514 1847 546 ita,
1868 519 1896 540 vt
1914 513 2017 547 anblct,
2030 514 2095 543 dicis
2114 519 2198 550 causa,

50 548 209 577 imbricibus
222 549 359 585 imposuit.
391 549 451 578 Vid.
464 549 530 576 Plin.
543 554 584 582 37,
596 553 622 573 2.
641 552 678 579 35,
691 552 725 572 12.
1157 554 1189 572 ex
1205 555 1238 572 eo
1251 545 1323 581 quod
1335 553 1454 582 optamus
1473 553 1499 573 et
1518 547 1641 574 volumus
1657 549 1703 576 issa
1722 548 1790 576 bona
1809 548 1887 575 nobis
1907 549 2076 584 contingere,
2090 553 2197 587 supero-

1157 590 1218 608 rum
1238 582 1384 609 retuleritis
1403 584 1430 609 in
1449 583 1563 609 censum.
1598 585 1645 611 Sed
1660 584 1887 621 lli-raldusstiqscio
1906 594 1977 621 quam
1994 587 2067 619 bene,
2082 592 2199 620 mutauit,

438 621 469 654 D
563 618 579 650 Ι
675 618 703 650 C
1111 633 1141 653 ιο
1158 623 1188 643 vt
1200 617 1290 644 affolct
1305 617 1373 650 dici,
1387 619 1460 645 causa
1472 627 1503 644 cx
1517 627 1546 644 ea
1559 625 1605 645 etc.
1645 621 1711 646 llaec
1729 620 1809 648 adhuc
1827 627 1928 646 inuenta
1941 620 2004 657 sum
2022 622 2091 654 loca,
2105 626 2132 648 in
2145 627 2199 658 qui-

1159 653 1203 679 bus
1215 655 1270 679 iure
1282 655 1394 686 iniuria,
1408 654 1436 680 id
1449 652 1481 687 ⁶st
1494 654 1523 680 ab
1534 652 1676 680 auHoribus
1689 657 1728 682 vel
1741 655 1935 682 emendatoribus
1948 655 2014 682 dicis
2028 658 2101 683 causa
2108 658 2200 693 scribi-

86 697 106 719 1>
115 688 150 720 ic
159 698 180 718 A
189 710 198 724 ‚
217 699 256 718 ae.
269 690 295 727 s.
314 698 350 718 ni
360 697 411 722 cn,
424 698 459 716 es.
471 688 492 715 f.
510 684 591 724 [δίκη]
616 688 661 721 Vt,
674 686 739 714 Acte
750 686 825 720 Aeta,
834 687 954 722 Calliope
962 687 1092 723 Calliopa,
1158 695 1210 714 tur.
1253 688 1345 724 Vbique
1358 688 1424 716 dicis
1437 689 1551 751 caussam
1560 709 1568 721 ‚
1586 689 1651 725 quod
1662 700 1709 717 non
1722 692 1791 729 serio
1804 697 1828 718 et
1838 691 1900 718 bona
1912 691 1961 726 fide
1971 695 2073 729 agitur,
2082 692 2129 729 sed
2141 699 2201 729 per.

51 733 82 754 υτ
92 729 132 754 ait
143 728 261 754 Donatus
273 747 281 759 ,
301 726 424 761 significat
441 724 551 751 Causam
570 731 596 750 et
614 724 755 750 iudicium.
827 723 884 749 Cic.
905 725 982 750 verr.
999 724 1056 751 Aci.
1072 733 1092 757 1,
1152 721 1304 760 funHoric,
1317 731 1346 750 vt
1357 723 1442 751 aslum*
1455 723 1496 758 effi
1525 728 1559 751 ici
1567 725 1649 760 prfft.
1685 728 1723 753 De
1736 730 1775 753 ori
1792 730 1832 753 ine
1843 729 1951 753 nominis
1964 727 2115 764 disputatur,
2152 730 2201 755 Ni.

51 770 85 797 37
100 771 122 788 c.
137 769 162 795 ις
183 762 298 789 Aducuit
312 762 381 794 dies,
394 768 447 795 quo
468 759 512 786 die
532 760 583 785 sese
606 768 637 786 ex
650 759 769 785 instituto
784 767 813 785 ac
826 759 884 793 lege
899 759 1007 793 Rupilia
1021 759 1092 787 dicas
1158 759 1198 787 hil
1210 759 1374 786 Grammatici
1385 768 1479 787 veteres
1494 763 1598 793 iuuant,
1611 759 1658 795 mfi
1672 762 1736 796 quod
1747 736 1866 789 Cffarisst
1879 771 1903 797 p.
1917 770 1947 795 23
1962 770 1986 789 et
2001 770 2032 797 73
2044 765 2111 790 inter
2122 760 2203 790 ἅπτω-

50 797 206 825 sortiturum
241 797 367 831 syracusis
393 795 440 821 iste
470 794 596 821 edixerat.
622 798 641 821 i.
665 796 800 823 Sortitione
816 793 908 836 'cau-fiir
926 804 953 821 co
973 798 1091 823 niturum.
1112 814 1121 832 ι
1158 805 1192 820 τοι
1205 794 1303 830 refert,
1323 794 1351 821 id
1363 793 1412 834 tsi,
1432 805 1493 832 quae
1510 797 1586 822 alium
1600 796 1680 832 casum
1698 806 1745 823 non
1757 797 1900 833 agnofiant.
1936 798 2018 831 Ροιιζβ
2029 805 2109 825 autem
2121 800 2161 826 vel
2171 808 2202 825 ex

49 833 143 859 Dicam
157 833 283 868 grandem
294 832 437 866 impingere
453 830 535 857 alicui
549 831 619 857 Ter.
634 830 739 857 Phorm.
755 839 777 863 2,
790 838 814 862 3,
827 837 867 862 92.
886 840 904 856 ι,
921 840 935 856 α
964 833 1041 857 ionem
1054 835 1093 858 in·
1158 827 1211 858 δίκη
1226 828 1330 866 faHum
1348 830 1406 863 effe,
1419 833 1445 856 in
1465 838 1582 867 quantum
1600 838 1623 857 et
1636 832 1719 858 moris
1736 833 1838 859 obeundi
1844 853 1853 865 ,
1872 840 1896 860 et
1913 832 1980 860 iuris
2001 834 2163 870 obseruandi,
2178 840 2204 861 et

47 868 163 901 tendere,
176 869 296 906 accusare.
331 864 372 899 1:ss
390 869 453 906 enim
472 866 552 898 Dica,
565 864 658 899 Aelio,
673 875 720 901 qua
731 871 820 892 contra
833 867 936 900 aliquem
954 869 981 892 in
999 867 1091 894 iudicio
1158 873 1260 900 poenae
1271 866 1405 897 vitandae,
1418 870 1541 906 notionem
1558 867 1643 893 habet:
1668 868 1708 893 vel
1719 866 1860 902 formatum
1879 878 1908 894 ex
1928 869 2088 905 monofflllabo
2101 870 2205 907 obsoleto

48 907 198 939 experimur.
270 903 359 930 Dicam
379 901 510 933 scribere,
526 901 591 928 idem
604 911 633 928 ex
652 903 698 938 vsu
712 903 859 929 Graecorum
878 901 1013 928 Sexcentas
1031 912 1091 938 pro-
1159 902 1233 933 Dex,
1245 900 1310 926 vnde
1315 900 1353 937 fit
1365 901 1452 934 Dicis,
1466 909 1496 928 vt
1515 912 1544 928 cx
1557 902 1638 928 ludex
1658 901 1764 928 iudicis.
1800 904 1909 929 Multum
1926 907 1954 929 in
1971 905 2016 931 hoc
2028 908 2123 932 nomine
2135 905 2206 943 fitte-

48 938 112 965 inde
136 939 245 966 scribito
263 938 331 965 dicas
354 936 422 963 Ter.
442 936 549 964 Phorm.
569 946 597 970 4,
615 946 639 970 3,
659 940 699 970 63.
734 935 804 963 Add.
827 935 864 962 Id.
883 936 949 962 ibid.
969 946 992 969 2,
1011 946 1036 969 2,
1057 946 1090 971 ις.
1158 942 1250 974 gerunt
1262 939 1317 962 viri
1335 936 1413 963 doffl.
1454 937 1511 964 Vici.
1525 944 1627 972 praeter
1639 936 1768 968 laudatos,
1788 939 1855 964 Petr.
1870 939 1996 965 pithoeum
2009 939 2116 976 Aduers.
2134 951 2159 974 2,
2172 949 2206 972 ¹3·

48 974 133 1002 Plaut.
147 975 236 1001 Aulul.
255 982 281 1007 4,
295 981 333 1005 ιο,
346 980 386 1005 30.
423 972 498 999 Idem
510 974 589 999 Poen.
605 982 628 1005 3,
642 974 669 1005 6,
681 980 695 1005 ς
726 972 789 998 Cras
810 970 971 999 subscribam
987 972 1092 1001 homini
1111 984 1147 1003 ιο
1159 978 1185 999 et
1199 970 1269 998 And.
1284 971 1379 998 Schott.
1397 972 1498 1009 Obstru.
1517 974 1590 999 Hum.
1608 982 1633 1006 5,
1649 980 1684 1004 23.
1721 970 1763 1005 13st
1781 975 1855 999 etiam
1866 975 2004 1008 peculiaris
2020 976 2047 1002 C.
2061 977 2085 1004 S.
2099 976 2206 1006 Schurz·

48 1009 144 1037 dicam.
199 1009 264 1036 Ter.
279 1007 383 1034 Phorm.
398 1016 418 1040 1,
432 1016 459 1041 2,
473 1016 509 1044 77
534 1009 589 1043 Ego
605 1015 631 1035 te
644 1012 785 1042 cognatum
799 1006 901 1039 dicam,
917 1014 943 1034 et
963 1007 1015 1035 tibi
1029 1010 1091 1037 seri·
1152 1007 1267 1044 ,sleifi‘hii
1280 1006 1309 1032 de
1322 1007 1369 1034 hac
1375 1008 1490 1042 formula
1505 1006 1569 1041 Diffi
1583 1016 1638 1041 1703
1652 1007 1746 1034 habita.

49 1044 112 1072 bam
126 1045 219 1072 dicam.
273 1044 329 1070 Cic.
343 1044 420 1070 Verr.
433 1043 492 1070 A&
506 1053 526 1077 1,
539 1052 571 1079 37
595 1044 728 1070 Scribitur
735 1042 862 1069 Heraclio
876 1042 944 1070 dica.
1195 1049 1215 1069 D
1226 1049 1236 1068 ι
1245 1047 1263 1068 c
1275 1049 1325 1069 181
1334 1049 1353 1069 ο
1363 1062 1372 1075 ,
1392 1043 1461 1070 onis.
1482 1044 1502 1070 f.
1538 1041 1633 1077 Dec-ifio
1647 1040 1690 1075 est.
1727 1041 1799 1068 Paeti
1817 1041 1988 1069 dicisionisue
2005 1045 2079 1071 causa
2098 1046 2168 1073 inter
2181 1046 2208 1073 sc

85 1084 319 1111 DtcAci'rAs‚
345 1084 594 1112 D1CACVLvs,
613 1078 668 1106 vid.
693 1084 806 1110 Dice,
825 1078 857 1104 is.
1158 1078 1218 1104 sunt
1237 1077 1328 1104 censiti
1347 1079 1468 1106 Frontin.
1481 1078 1513 1105 de
1526 1078 1622 1104 Colon.
1641 1087 1666 1112 p.
1683 1085 1721 1110 1¹3
1744 1078 1821 1104 Goes.
1840 1086 1865 1112 p.
1878 1085 1920 1110 333
1939 1078 2038 1106 Keuch.
2053 1080 2100 1114 nist
2117 1088 2141 1108 et
2158 1083 2207 1119 leg.

85 1122 200 1143 DiCAE
209 1120 257 1141 AR
266 1119 283 1140 C
292 1121 313 1140 H
323 1114 336 1141 i
345 1120 367 1140 A
376 1133 385 1147 ,
412 1123 451 1140 ae.
476 1115 498 1142 f.
534 1114 713 1150 [Δικαιάρχαοι
725 1114 738 1148 ]
775 1113 844 1140 Vrbs
862 1122 930 1148 quae
952 1123 1020 1141 nunc
1042 1116 1091 1142 Pu-
1159 1112 1308 1140 decisionis.

49 1152 115 1178 teoli
134 1151 243 1180 dicitur,
256 1147 314 1182 teste
326 1149 392 1177 Plin.
405 1158 428 1182 3,
441 1157 463 1183 5.
482 1157 506 1176 et
523 1152 599 1177 aliis:
620 1150 661 1176 Sic
679 1149 750 1176 diCta
762 1148 836 1184 quod
849 1158 878 1175 ea
892 1149 986 1176 ciuitas
1026 1160 1090 1177 uon-
1110 1159 1142 1186 25
1196 1147 1307 1181 Dsco,
1324 1152 1378 1175 Ere.
1415 1147 1516 1184 [ἱερόω,
1532 1147 1688 1181 οἶνοι-τίθημι]
1723 1145 1765 1181 Est
1777 1149 1837 1184 plus
1855 1156 1928 1184 quam
1944 1146 2083 1181 deflinare;
2109 1150 2209 1178 tradere

50 1185 109 1214 dam
127 1185 255 1213 iustislime
269 1184 425 1219 regebatur,
438 1192 467 1212 vt
481 1185 570 1212 Festus
583 1185 672 1212 auster
689 1183 731 1218 est.
767 1185 875 1220 Quidam
890 1185 1013 1212 Dicaearc
1024 1196 1093 1214 leam
1160 1184 1261 1217 verbis,
1283 1190 1308 1211 et
1320 1183 1435 1220 formula
1453 1183 1558 1220 quadam
1577 1181 1751 1210 intercedente.
1795 1183 1851 1210 Cic.
1872 1181 1905 1209 ad
1923 1184 2077 1217 Caesarem,
2098 1185 2210 1212 Balbum

41 1221 165 1258 fingunt·
213 1222 300 1247 Poetae
321 1220 393 1247 2dam
410 1227 434 1247 et
449 1229 505 1253 3am
517 1221 578 1257 syll.
599 1221 767 1253 contrahunt‚
785 1226 829 1247 aut
840 1219 867 1254 fi
885 1224 978 1253 mauis,
996 1222 1093 1249 elidunt
1161 1220 1255 1254 quanti
1268 1219 1383 1252 faciam,
1400 1227 1561 1254 quamquam
1573 1228 1616 1245 me
1631 1219 1657 1245 ei
1677 1224 1763 1244 totum
1778 1217 1940 1249 dicaumrim.
1954 1228 1986 1245 ex
2000 1219 2057 1254 ipso
2069 1221 2132 1247 scies
2145 1221 2212 1257 apud

50 1257 135 1288 adam,
148 1263 171 1283 et
182 1255 349 1282 Dicarchiam
359 1276 368 1289 ,
383 1257 424 1282 vel
438 1256 611 1283 Dicarcheam
624 1256 741 1290 ffrunt.
1161 1255 1287 1282 Nonium
1306 1263 1342 1288 4,
1359 1263 1401 1288 139
1427 1255 1470 1281 vbi
1481 1258 1555 1281 etiam
1568 1261 1617 1290 per
1637 1253 1813 1287 constituere,
1835 1254 1996 1287 consecrare,
2019 1257 2210 1291 interpretatur.

84 1299 120 1319 DI
129 1298 199 1319 cna
208 1298 230 1318 A
239 1298 257 1317 R
266 1298 282 1318 c
291 1298 311 1317 H
320 1299 336 1318 E
345 1299 366 1318 v
375 1299 398 1323 s,
412 1292 452 1318 vel
461 1298 542 1318 contr.
562 1298 581 1317 1)
591 1299 626 1319 ιε
635 1299 656 1319 A
665 1297 793 1318 Rcussv
803 1297 828 1323 s,
842 1299 867 1323 a,
879 1300 934 1318 um.
950 1291 1010 1318 Adi.
1031 1293 1094 1319 Pro·
1161 1291 1250 1318 Valer.
1264 1290 1364 1325 Argon.
1380 1299 1403 1323 3,
1417 1297 1457 1324 535
1489 1291 1578 1323 Qem
1592 1289 1644 1316 tibi
1663 1289 1790 1324 coniugio
1805 1294 1845 1316 tot
1858 1289 1996 1324 dedignata
2017 1289 2106 1317 dicaui
2128 1292 2212 1325 Nym·

48 1326 158 1354 fundum
171 1326 363 1359 Dicarcheum,
377 1334 427 1362 pro
441 1328 514 1354 Mari
528 1328 682 1354 Dicarcheo:
718 1326 780 1353 Stat.
794 1326 859 1352 Silu.
873 1335 896 1359 2,
917 1335 926 1353 1
962 1327 1036 1354 Celsa
1048 1328 1095 1354 Di.
1108 1340 1141 1364 30
1163 1326 1216 1361 pha
1227 1335 1334 1361 procos,
1348 1332 1394 1352 etc.
1466 1326 1574 1352 Donum
1588 1325 1667 1352 alicui
1681 1324 1797 1351 dicatum
1811 1331 1890 1359 atque
1901 1325 2055 1360 promissum
2069 1328 2211 1354 Cic.Verr.

48 1361 150 1390 carchei
174 1362 331 1396 speculatrix
353 1362 420 1389 villa
445 1361 583 1397 profundi.
655 1361 726 1389 Vrbs
750 1361 896 1389 Dicarchea
920 1362 965 1388 Sil.
988 1371 1022 1395 13,
1042 1368 1094 1396 385.
1163 1370 1188 1394 3,
1204 1367 1253 1394 183.
1323 1362 1393 1389 Ter.
1407 1360 1513 1388 Phorm.
1535 1369 1555 1394 1,
1570 1369 1593 1393 2,
1608 1369 1636 1387 12
1665 1361 1735 1394 Ergo
1753 1360 1878 1386 ausculta.
1899 1367 1928 1387 D.
1949 1361 2015 1388 hanc
2034 1371 2141 1397 operam
2160 1363 2212 1390 tibi

46 1398 121 1425 Sinus
143 1396 283 1424 Dicarchei
319 1398 381 1424 Stat.
403 1397 466 1424 Silu.
484 1406 510 1430 2,
531 1407 552 1430 2,
573 1406 624 1424 110.
667 1397 727 1425 Vid.
740 1397 868 1425 Drakenb.
885 1397 919 1424 ad
937 1397 982 1424 Sil.
1002 1403 1024 1430 8,
1039 1406 1096 1432 534.
1122 1404 1125 1405 ’
1164 1398 1234 1424 dico.
1275 1396 1325 1424 Vbi
1339 1397 1470 1429 Donatus,
1488 1396 1547 1423 Plus
1563 1396 1600 1422 est
1613 1396 1675 1422 dico
1689 1403 1767 1430 quam
1782 1395 1825 1422 do.
1847 1396 1957 1423 Dicatur
1964 1404 2108 1432 perpetuo:
2127 1399 2212 1426 Datur

46 1433 139 1460 Portus
150 1433 290 1460 Dicarchei
306 1434 366 1460 Stat.
379 1433 444 1460 Silu.
454 1442 477 1466 3,
488 1441 510 1466 ς.
1163 1433 1197 1460 ad
1209 1438 1321 1467 tempus.
1392 1432 1449 1459 Cic.
1462 1431 1495 1458 de
1509 1432 1584 1459 Orat.
1596 1440 1620 1464 3,
1634 1440 1657 1457 ιι
1669 1440 1691 1457 c.
1704 1439 1718 1463 3
1744 1430 1809 1457 Non
1824 1430 1894 1457 vidit
1906 1440 2000 1458 eorum
2014 1433 2149 1467 ipsorum,
2163 1435 2211 1469 qui

79 1474 266 1500 DICAEVS,
287 1469 306 1495 i.
327 1478 363 1495 m.
399 1467 525 1504 [dinam]
562 1471 580 1495 i.
605 1466 691 1501 iustus.
729 1468 828 1502 Apollo
847 1468 932 1495 cultus
945 1474 972 1495 et
983 1468 1095 1504 appella·
1163 1474 1221 1495 tum
1248 1466 1426 1495 adolescentes
1447 1468 1536 1494 Crasso
1556 1468 1582 1494 se
1602 1467 1737 1498 dicarant,
1762 1465 1908 1493 horribiles
1939 1468 2102 1503 miserosque
2131 1471 2212 1497 casus.

18 1532 22 1534 ,
43 1508 85 1530 tus
97 1503 151 1536 est,
169 1504 242 1539 quod
261 1513 342 1539 quum
356 1504 472 1531 Thebae
493 1505 527 1531 ab
541 1504 694 1531 Alexandro
713 1509 886 1538 caperentur,
906 1513 1001 1531 aurum
1019 1514 1035 1531 a
1053 1506 1095 1531 fu-
1112 1512 1142 1540 35
1163 1504 1237 1531 Caes.
1249 1505 1277 1531 B.
1292 1504 1325 1531 G.
1339 1505 1366 1536 6,
1381 1511 1404 1530 11
1424 1503 1455 1529 Se
1472 1502 1582 1529 Rhemis
1595 1502 1624 1528 in
1638 1501 1789 1528 clientelam
1797 1501 1935 1542 dicabant.
1970 1503 2045 1530 Idem
2059 1505 2087 1531 B.
2100 1505 2133 1532 G.
2148 1508 2212 1538 ἅμα

44 1539 133 1573 giente
158 1540 314 1573 conditum,
334 1541 363 1567 in
384 1540 441 1566 sinu
467 1540 524 1566 eius
548 1540 663 1566 celatum
691 1540 760 1566 esset.
801 1539 900 1566 AuHor
919 1540 986 1567 Plin.
1006 1549 1048 1574 34,
1070 1546 1094 1571 8.
1162 1539 1286 1574 Plerique
1299 1548 1383 1578 quum
1397 1544 1442 1564 aut
1455 1546 1516 1564 aere
1528 1538 1634 1570 alieno,
1651 1543 1696 1563 aut
1715 1537 1898 1570 magnitudine
1910 1538 2094 1572 tributorum,
2113 1547 2159 1567 aut
2173 1542 2212 1567 in-

42 1574 112 1601 Idem
125 1585 256 1612 cognomen
268 1577 328 1602 tulit
340 1574 484 1609 Aristides,
499 1573 555 1608 test.
569 1575 697 1602 Plutarch.
711 1582 735 1600 et
755 1575 824 1610 Nep.
839 1584 862 1607 3,
879 1584 899 1606 1,
912 1584 938 1601 2.
1161 1575 1234 1602 iuria
1255 1580 1438 1609 potentiorum
1459 1578 1632 1607 premuntur,
1658 1572 1711 1598 sese
1730 1571 1760 1597 in
1778 1572 1933 1598 seruitutem
1952 1574 2040 1600 dicant
2064 1574 2212 1601 nobilibus.

77 1616 199 1638 DICAE
210 1616 230 1637 0
242 1617 257 1636 L
268 1617 288 1637 Ο
299 1617 320 1638 G
330 1609 343 1639 ἶ
351 1618 373 1638 Α
387 1631 396 1644 ,
421 1619 460 1637 ae.
501 1610 522 1637 f.
565 1611 578 1644 [
595 1608 743 1642 δικαιολογία
756 1611 768 1644 ]
814 1608 961 1646 Iustficatio
990 1609 1095 1637 dicitur.
1163 1610 1221 1636 Cic.
1236 1618 1285 1643 pro
1297 1608 1370 1635 Balb.
1382 1613 1413 1638 28
1427 1611 1483 1640 (30)
1518 1608 1621 1635 Peritus
1641 1615 1706 1633 vero
1728 1606 1819 1645 nostri¹
1832 1606 1899 1646 iuris
1920 1615 1949 1633 ac
1966 1609 2050 1634 moris
2069 1618 2148 1636 nemo
2166 1619 2214 1636 vn-

43 1645 177 1678 Rutilius,
197 1646 385 1681 Dicaeologia,
403 1646 507 1673 schema
527 1646 580 1678 est,
599 1645 672 1680 quod
693 1645 753 1671 fieri
773 1645 851 1675 solet,
872 1654 956 1679 quum
974 1646 1094 1679 aequita-
1162 1653 1244 1680 quam
1258 1644 1307 1679 qui
1323 1644 1389 1670 hanc
1410 1643 1547 1670 ciuitatem
1560 1643 1678 1680 retinere
1695 1641 1793 1672 vellet,
1812 1649 1841 1666 m
1857 1641 1938 1668 aliam
1952 1643 2090 1671 ciuitatem
2103 1645 2129 1670 se
2143 1644 2213 1672 dica-

43 1687 98 1708 tem
112 1683 202 1708 causae
216 1691 295 1716 quam
318 1683 434 1709 maxime
448 1681 528 1709 breui
545 1681 674 1707 sententia
692 1680 905 1715 eoniplee’timim
942 1680 994 1706 Hie
1006 1680 1095 1707 elocu-
1103 1686 1141 1711 40
1162 1680 1212 1706 vit.
1249 1681 1364 1707 Dicimus
1377 1685 1400 1704 et
1412 1678 1508 1704 Dicare
1521 1678 1548 1703 se
1565 1677 1687 1715 ciuitati,
1703 1675 1757 1701 vid.
1776 1681 1933 1716 DJuAT-IQ.
2003 1679 2060 1705 Cic.
2076 1680 2147 1706 Fam.
2161 1690 2184 1713 ε,
2198 1684 2215 1708 6

46 1716 129 1742 tionis
143 1716 246 1742 schema
259 1717 365 1743 nullum
378 1717 423 1743 est.
1163 1716 1224 1740 Hoc
1237 1723 1252 1740 a
1266 1721 1293 1740 te
1307 1720 1370 1748 peto
1378 1733 1387 1746 ,
1399 1719 1430 1740 vt
1442 1712 1580 1739 subuenias
1594 1711 1656 1737 huic
1668 1718 1742 1737 meae
1756 1710 1935 1737 solicitudim:
1953 1718 1982 1738 vt
1995 1712 2057 1740 huic
2070 1724 2145 1742 meae
2160 1715 2213 1743 lau-

50 1751 52 1754 ’
81 1756 340 1785 DICHALCVM,
358 1753 376 1779 i.
401 1761 428 1778 n.
462 1749 617 1785 [δίχαλκον]
654 1750 789 1785 Quadrans
806 1749 869 1775 oboli
883 1748 1011 1774 dicebatur
1028 1747 1096 1782 apud
1163 1749 1209 1781 di,
1229 1749 1272 1774 vel
1288 1752 1335 1780 (vt
1348 1749 1439 1775 verius
1456 1747 1559 1778 dicam)
1580 1754 1662 1785 prope
1677 1745 1753 1771 saluti
1770 1751 1846 1785 tuum
1868 1746 1985 1774 studium
2004 1749 2083 1777 dices.
2154 1752 2214 1778 To.

43 1786 159 1812 Graecos.
194 1787 300 1813 Vitruu.
314 1797 338 1819 3,
352 1796 361 1813 ι
393 1787 613 1819 Quadi-auresque
629 1784 790 1813 obolorum,
802 1792 870 1816 quae
890 1782 937 1808 alii
957 1781 1093 1814 Dichalca,
1162 1788 1220 1808 tum
1240 1783 1310 1809 hunc
1329 1783 1382 1810 tibi
1402 1784 1519 1810 dicamus
1532 1781 1605 1808 diem
1624 1781 1681 1808 Cic.
1694 1780 1726 1807 dc
1739 1780 1832 1815 Legxb.
1846 1790 1869 1814 2,
1886 1789 1904 1817 7
1921 1792 1943 1809 c.
1956 1791 1978 1815 3.
1998 1787 2016 1811 i.
2040 1787 2130 1812 Totum
2149 1787 2214 1813 hum:

42 1820 166 1846 nonnulli
179 1820 325 1847 Trichalca
338 1820 436 1846 dicunt.
475 1821 568 1852 Nempe
581 1817 677 1849 χαλκός
691 1826 732 1842 aes
745 1816 795 1849 est,
808 1816 833 1851 s
848 1826 935 1842 numus
947 1818 1065 1843 aereolus.
1161 1817 1226 1843 diem
1245 1818 1414 1853 occupabimur
1432 1821 1460 1844 in
1477 1824 1502 1845 te
1520 1816 1650 1847 audienda
1723 1815 1835 1851 Aliquid
1859 1818 1931 1849 Deo,
1946 1825 1996 1853 pro
2011 1820 2171 1855 Corisecrare,
2191 1829 2215 1848 et

80 1859 382 1886 D1CH0MEN10N,
399 1854 418 1879 i.
438 1862 465 1879 n.
503 1852 577 1887 Quid
594 1851 629 1884 esi
646 1849 727 1883 instar
739 1851 891 1886 semiplenae
910 1852 1003 1878 Lunae.
1032 1851 1137 1886 Vid.45
1161 1852 1285 1879 dedicare.
1321 1853 1389 1880 Plin.
1408 1862 1445 1885 12,
1459 1862 1477 1879 1.
1532 1853 1589 1880 Cic.
1604 1851 1687 1879 Tust.
1710 1860 1730 1884 1,
1749 1859 1779 1886 73
1810 1852 1897 1878 Dicati
1911 1853 2030 1887 Apollini
2048 1857 2125 1891 cygni
2145 1857 2212 1884 Plin.

42 1888 123 1924 Apul.
137 1888 170 1915 de
183 1888 266 1915 Hetb.
282 1898 303 1915 c.
317 1891 362 1922 64.
401 1889 469 1914 Nam
482 1885 612 1920 διχομηνιά
629 1886 763 1912 dimidiata
775 1888 854 1912 Luna.
1160 1889 1254 1923 Paneg.
1276 1897 1308 1921 ιι,
1330 1897 1349 1914 ι.
1422 1890 1512 1915 Annos
1534 1889 1593 1915 suos
1612 1887 1683 1914 vitae
1699 1886 1795 1913 caelibi
1821 1888 1878 1914 Sen.
1900 1888 2011 1923 Hippol.
2031 1899 2056 1917 2.
2136 1893 2213 1920 Dona

45 1921 49 1924 ’
79 1924 380 1956 DICH6NEVTVS,
400 1932 424 1955 a,
444 1931 499 1950 um.
531 1921 593 1949 Adi.
629 1919 805 1956 [διχώνευτσς]
842 1923 888 1948 Bis
899 1922 1032 1958 conflatus.
1058 1923 1094 1949 Vt
1161 1923 1226 1951 Stat.
1240 1923 1305 1950 Silu.
1322 1932 1350 1957 4,
1370 1925 1397 1957 6,
1416 1929 1451 1955 81.
1523 1923 1664 1958 Proprium
1683 1921 1801 1955 aliquid,
1818 1925 1836 1948 ἰ·
1855 1923 1900 1949 Ad
1916 1924 2051 1959 obsequium
2063 1926 2124 1953 dare
2136 1928 2212 1963 Virg.

41 1960 93 1987 Aes
105 1958 295 1987 dichoneutum
307 1958 419 1986 Theod.
432 1957 500 1985 Cod.
516 1966 549 1990 11,
562 1966 587 1983 2.
1159 1959 1226 1985 Aen.
1243 1967 1263 1991 1,
1277 1966 1318 1993 73.
1391 1959 1510 1993 Templa
1529 1958 1614 1984 dicata
1635 1957 1692 1983 deis
1718 1957 1800 1983 Ouid.
1813 1957 1879 1984 Fast.
1899 1966 1920 1990 1,
1941 1961 2004 1993 706.
2075 1961 2121 1988 Sil.
2137 1970 2164 1997 7,
2176 1970 2212 1998 77

79 2002 171 2023 DICH
181 2001 200 2021 0
211 2003 230 2022 R
240 2001 355 2027 AEVS,
375 1995 394 2021 i.
414 2004 450 2021 m.
488 1990 645 2028 [δὶχοραῖος]
681 1992 763 2018 Genus
770 1990 861 2027 pedis,
876 1991 905 2017 de
921 2000 967 2028 quo
975 1990 1015 2026 fic
1034 1991 1092 2018 Cic.
1160 1994 1260 2020 Iunoni
1279 1993 1391 2026 Pallam,
1403 1999 1582 2028 conceptaque
1599 1994 1669 2019 Vota
1682 1991 1813 2018 dicabant.
1886 1993 1960 2027 opus
1978 1995 2059 2022 alicui
2077 1997 2117 2023 rei
2144 1998 2212 2026 Plin.

43 2027 74 2058 in
87 2031 161 2058 Orat.
176 2039 215 2057 2¹2
233 2039 255 2057 c.
269 2031 300 2062 63
334 2029 429 2056 Insistit
448 2034 537 2056 autem
556 2027 672 2054 ambitus
691 2027 778 2053 modis
802 2026 939 2062 pluribus,
959 2036 973 2053 e
994 2027 1092 2062 quibus
1102 2037 1134 2064 50
1162 2037 1202 2062 xo,
1217 2031 1258 2059 68.
1314 2028 1389 2056 Idem
1402 2038 1437 2062 12,
1450 2037 1484 2056 22
1519 2030 1585 2056 Sane
1598 2028 1670 2053 enim
1684 2027 1802 2053 dicamus
1814 2032 1840 2053 et
1856 2027 1889 2053 de
1903 2029 2000 2060 iunco,
2019 2033 2142 2065 quamuis
2155 2034 2211 2061 2110

43 2075 126 2094 vnum
146 2066 182 2092 est
202 2067 286 2092 secuta
299 2065 357 2092 Asia
375 2065 507 2097 maxime,
527 2063 576 2099 qui
595 2062 760 2089 Dichoraeus
782 2068 910 2096 vocatur,
936 2071 1018 2097 quum
1038 2063 1093 2090 duo
1160 2064 1251 2091 herbis
1264 2064 1353 2092 dicato
1367 2065 1515 2091 volumine.
1585 2063 1682 2089 Dicare
1690 2069 1739 2097 pro
1754 2064 1871 2090 nuntiare
1883 2065 1923 2091 vel
1939 2065 2053 2093 indicare
2068 2068 2156 2095 Lucil.
2170 2077 2211 2105 ap.

40 2102 155 2130 extremi
169 2101 276 2132 choraei
288 2102 363 2133 sunt,
382 2103 401 2127 i.
419 2110 430 2127 e
442 2099 549 2135 lingulis
560 2100 644 2134 longis
657 2104 681 2124 et
693 2098 814 2124 breuibus.
828 2099 893 2124 alias
907 2098 1093 2131 Ditrochaeus,
1160 2100 1234 2126 Non.
1248 2108 1276 2132 4,
1288 2108 1340 2132 139.
1414 2100 1509 2126 Dicare
1529 2097 1722 2125 bibliothecam
1732 2116 1738 2128 ‚
1752 2097 1880 2124 publicare
1899 2099 1966 2127 Plin.
1985 2109 2023 2134 35,
2036 2111 2049 2128 2
2061 2109 2085 2129 et
2097 2112 2109 2136 3
2147 2105 2211 2132 Suo.

43 2141 63 2164 i.
82 2137 128 2164 duo
141 2138 249 2168 trochei,
262 2143 292 2163 vt
305 2134 355 2142 ‘²⁴'
364 2133 375 2141 ⁹
392 2145 418 2162 v.
432 2144 457 2171 g.
477 2134 682 2169 comprbbaui't.
709 2134 769 2161 Vid.
784 2133 871 2160 Rufin.
885 2133 917 2160 de
931 2134 1026 2160 Metris
1040 2134 1093 2161 Co·
1160 2144 1222 2161 rum
1240 2135 1340 2169 clipeos
1356 2134 1385 2161 in
1397 2134 1470 2160 sacro
1480 2133 1523 2160 vel
1537 2133 1646 2167 publico
1659 2133 1786 2167 priuatim
1801 2132 1889 2161 dicare
1901 2136 2002 2169 primus
2022 2137 2146 2166 instituit.

46 2173 123 2200 micis
137 2181 162 2207 p.
176 2178 239 2208 2722
256 2173 307 2206 seq.
344 2171 399 2198 Cic.
412 2171 487 2198 Orat.
502 2179 524 2196 c.
537 2172 581 2204 67.
1195 2177 1289 2197 DICA
1299 2177 1319 2196 T
1329 2177 1339 2196 1
1349 2175 1368 2195 0
1380 2189 1388 2201 ,
1408 2169 1476 2195 onis.
1503 2170 1525 2196 f.
1566 2169 1579 2202 [
1592 2168 1733 2195 καθοσίωσις
1751 2169 1832 2195 Gloss.
1850 2169 1991 2206 οἰνοέθεσις]
2035 2175 2089 2210 Ipse
2107 2174 2212 2202 dicandi

80 2214 197 2235 DICHO
209 2214 229 2234 T
240 2213 260 2233 o
270 2214 362 2240 MVS,
386 2206 405 2233 i.
421 2216 458 2233 m.
495 2204 660 2239 [διχότομος]
695 2204 775 2240 Apud
788 2214 833 2231 nos
844 2203 908 2230 idem
920 2201 953 2237 cst
984 2203 1032 2231 uod
1043 2206 1091 2230 Di·
1107 2213 1137 2240 55·
1158 2204 1240 2231 afbus.
1277 2205 1334 2231 Cic.
1346 2214 1395 2240 pro
1410 2204 1482 2231 Balb.
1498 2210 1529 2234 28
1541 2213 1563 2230 c.
1579 2213 1601 2231 ιι
1626 2205 1747 2231 Duarum
1764 2204 1905 2232 ciuitatum
1917 2206 1984 2233 ciuis
2004 2209 2052 2235 esse
2065 2210 2156 2237 nostro
2171 2212 2212 2238 iu.

42 2242 178 2274 midiatus‚
189 2242 244 2277 fiae
258 2244 305 2269 Per
318 2242 422 2269 medium
434 2239 535 2278 ses-sus,
548 2242 631 2277 qualis
636 2240 743 2280 septimo
760 2249 852 2276 quoque
866 2239 905 2266 die
919 2212 982 2275 pos?
988 2241 1090 2280 plenum
1158 2249 1188 2268 re
1205 2240 1283 2267 ciuili
1296 2248 1375 2267 nemo
1391 2240 1483 2275 potest.
1519 2241 1583 2267 Non
1602 2241 1650 2266 csse
1671 2239 1752 2265 huius
1771 2240 1888 2267 ciuitatis
1910 2242 1993 2275 ciuis,
2012 2246 2059 2279 qui
2076 2247 2100 2272 se
2114 2246 2160 2272 alii
2173 2247 2211 2273 ci*

42 2278 122 2306 orbem
135 2279 206 2304 Luna
225 2277 335 2305 videtur.
372 2277 490 2305 Macrob.
512 2277 601 2303 Somn.
615 2276 684 2310 Scip.
697 2284 718 2308 1,
732 2277 750 2302 6
769 2275 801 2302 de
815 2276 905 2307 Luna,
935 2276 1032 2302 Primis
1054 2276 1090 2301 se·
1158 2276 1238 2303 vitati
1259 2275 1370 2308 dicarit,
1385 2275 1476 2310 potest.
1524 2276 1620 2310 Neque
1640 2275 1726 2301 solum
1746 2275 1880 2302 dicatione
1901 2279 1992 2312 (quod
2011 2280 2040 2305 in
2060 2281 2210 2309 calamitate

44 2319 118 2349 ptem
132 2313 216 2340 diebus
227 2314 309 2348 vsque
322 2312 354 2340 ad
366 2312 535 2340 medietatem
547 2312 621 2339 velut
639 2311 715 2338 diuisi
730 2310 805 2338 orbis
820 2311 963 2344 excrescit,
977 2318 1002 2338 et
1022 2309 1091 2344 διχό-
1158 2311 1304 2339 clarissimis
1323 2312 1391 2338 viris
1413 2313 1449 2345 Q
1463 2311 1593 2343 Maximo,
1607 2312 1653 2337 etcL
1669 2310 1787 2337 vidimus
1807 2312 1944 2347 accidisse)
1959 2314 2001 2341 sed
2021 2317 2102 2343 ctiam
2119 2311 2209 2352 postli-

42 2359 116 2382 τομος
128 2354 190 2376 tunc
202 2355 327 2378 vocatur:
348 2349 465 2376 secundis
483 2348 578 2376 orbem
591 2353 678 2375 totum
696 2348 858 2374 renascentes
873 2347 946 2382 ignes
965 2347 1092 2380 colligen-
1160 2348 1247 2376 minio
1259 2347 1343 2382 potest
1355 2347 1471 2373 ciuitatis
1484 2346 1544 2373 fieri
1558 2346 1681 2373 mutatio.

44 2382 80 2416 do
93 2385 147 2411 iam
155 2386 217 2411 ‘com
238 2385 288 2418 let,
303 2391 330 2412 et
344 2385 421 2420 plena
437 2391 499 2411 tunc
513 2383 623 2411 dicitur:
650 2382 737 2409 tertiis
756 2380 887 2417 διχότομος
903 2384 993 2409 rursus
1011 2381 1091 2411 effici·
1101 2388 1137 2413 60
1194 2390 1257 2410 D1c
1267 2389 1320 2409 AT
1332 2389 1424 2413 VRA,
1442 2391 1481 2408 ae.
1511 2382 1531 2408 f.
1575 2381 1644 2408 Idem
1662 2381 1729 2418 quod
1746 2383 1856 2409 Dicatio.
1887 2383 2017 2411 Laudatur
2037 2386 2102 2413 Plin.
2123 2388 2207 2414 Praef.

44 2426 105 2452 tur,
123 2429 183 2447 cum
196 2429 211 2447 a
240 2419 411 2448 medietatem
425 2419 597 2447 decrescendo
614 2418 790 2445 contrahitur.
1158 2427 1185 2453 p.
1198 2427 1217 2451 4
1236 2419 1294 2445 Nec
1309 2417 1408 2444 fiducia
1420 2417 1509 2452 operis
1523 2417 1585 2444 haec
1600 2417 1652 2450 est,
1673 2418 1715 2444 sed
1735 2418 1764 2443 in
1776 2417 1894 2445 dicatura
1907 2420 1988 2446 multa
2003 2421 2080 2447 valde
2092 2423 2208 2456 pretiosa

79 2461 98 2482 D
108 2462 119 2482 1
130 2462 148 2482 C
158 2462 266 2483 HRON
277 2463 295 2482 o
305 2463 358 2488 s‚c.
371 2465 418 2488 on,
431 2465 457 2482 n.
477 2456 537 2482 Adi.
572 2454 650 2489 Apud
660 2455 740 2480 Mart.
748 2453 847 2488 Capell.
861 2461 877 2486 9
890 2462 914 2487 p.
930 2461 969 2486 33ι
989 2452 1092 2480 duorum
1157 2452 1221 2480 ideo
1234 2453 1378 2486 videntur,
1391 2454 1454 2488 quia
1467 2453 1524 2479 sunt
1538 2453 1642 2488 templis
1657 2453 1749 2479 dicata.
1787 2451 1981 2489 Sustineripqffi
1994 2456 2058 2481 banc
2068 2455 2206 2491 helionem,

41 2496 190 2526 temporum,
203 2497 232 2517 vt
251 2491 451 2518 Monochronos
468 2494 543 2517 onius
560 2492 692 2525 temporis:
716 2489 841 2524 epitheton
859 2489 976 2515 elationis
994 2495 1017 2515 et
1026 2487 1092 2524 P‘fi·
1156 2492 1214 2516 viro
1234 2486 1306 2516 (1οέἲο
1321 2489 1431 2515 videtur.
1465 2488 1513 2516 Sed
1528 2489 1600 2515 nobis
1618 2488 1771 2515 retinendum
1789 2488 1905 2521 videtur,
1928 2488 1993 2524 quod
2008 2490 2098 2519 habent
2115 2502 2206 2527 omnes,

44 2528 124 2552 tionis
142 2524 227 2561 ὄίρσεως
244 2533 268 2552 et
280 2526 366 2553 θέσεως
383 2530 411 2553 in
418 2526 523 2562 pedibus
537 2528 683 2552 carminum.
1150 2531 1232 2561 puto,
1246 2525 1324 2556 editi,
1339 2527 1414 2551 etiam
1428 2531 1533 2560 utraque
1547 2523 1676 2550 Harduini
1688 2523 1845 2548 Iudicatura.

80 2567 118 2587 D1
129 2566 146 2588 C
159 2568 192 2588 113
203 2568 326 2594 VLVM‚
344 2562 362 2589 i.
379 2571 405 2588 n.
442 2560 566 2588 Dicibula
585 2560 701 2596 puerilia
715 2566 765 2597 pro
783 2561 868 2597 Nugis
886 2559 950 2586 dicit
968 2558 1091 2586 Tertull.
1104 2560 1136 2593 65
1194 2567 1231 2587 DI
1241 2566 1259 2586 C
1269 2567 1291 2586 A
1301 2567 1322 2586 Τ
1332 2567 1392 2591 Vs,
1417 2568 1440 2590 a,
1470 2567 1525 2584 um.
1563 2558 1655 2584 Partic.
1693 2557 1765 2590 Virg.
1786 2557 1850 2583 Aen.
1870 2565 1892 2590 ς,
1909 2560 1944 2585 60
1976 2558 2093 2595 Templa
2109 2561 2203 2591 dicata.

46 2595 146 2623 aduers.
159 2597 262 2624 Valent.
278 2606 300 2623 c.
315 2606 349 2624 20
384 2597 449 2625 Satis
468 2597 626 2624 meminerat
643 2596 806 2623 Ptolemaeus
823 2595 969 2630 puerilium
987 2595 1092 2621 dicibu*
1157 2596 1217 2622 Ver.
1234 2595 1353 2628 Inscript.
1369 2595 1445 2620 Grut.
1462 2602 1487 2626 p.
1501 2598 1546 2624 258
1559 2601 1585 2618 n.
1600 2594 1617 2618 6
1632 2599 1655 2617 et
1669 2598 1716 2625 273
1729 2600 1755 2618 n.
1770 2600 1783 2624 ς
1797 2599 1842 2618 etc.
1879 2593 2050 2622 NVMINI
2086 2597 2204 2626 MAIE-

46 2631 147 2663 lorum,
166 2632 194 2658 in
212 2633 281 2659 mari
299 2642 377 2667 poma
396 2633 482 2666 nasci,
496 2633 571 2660 etin
583 2632 680 2659 arbore
698 2632 787 2666 pisces.
823 2632 903 2658 Mart.
917 2630 1017 2665 Capell.
1032 2635 1046 2660 8
1063 2639 1090 2664 p.
1156 2629 1388 2662 STATIQVE
1430 2628 1498 2654 EIV
1508 2628 1523 2654 S
1560 2627 1716 2666 SEMPER
1758 2627 1800 2653 DI
1810 2628 1831 2654 C
1841 2628 2080 2658 ATISSIMVS.
2134 2634 2203 2662 Add,

45 2674 92 2702 273
111 2667 152 2693 ubi
164 2667 316 2693 dicabulum
328 2666 370 2700 cst,
1161 2665 1246 2700 Vrsat.
1265 2664 1294 2689 de
1316 2670 1368 2690 not.
1388 2664 1458 2690 Rom.
1549 2663 1620 2688 Loca
1638 2661 1738 2688 Christi
1755 2663 1861 2689 nomini
1880 2664 2031 2693 dicatissima
2064 2668 2202 2703 Augustin.

82 2708 163 2729 Dic1s
181 2703 279 2733 Causa,
296 2702 369 2728 Dicis
382 2701 483 2735 gratia,
501 2700 582 2734 [νέμε
596 2700 638 2734 ’wi'
655 2700 720 2733 λέγε
732 2699 805 2735 χάριν
818 2700 878 2725 Vet.
891 2699 973 2725 Gloff.
988 2697 1090 2732 οἶφοσιῶ-
1155 2699 1188 2725 de
1208 2700 1238 2726 C.
1253 2699 1284 2725 D.
1306 2707 1326 2731 1,
1340 2707 1359 2725 1.
1428 2697 1608 2732 Epidie’ticum
1627 2706 1707 2731 genus
1726 2698 1864 2732 gymnasiis
1884 2706 1909 2726 et
1927 2701 2068 2735 palaestrae
2087 2703 2204 2733 dicatum

42 2746 98 2763 cenas
110 2738 196 2771 ἕνεκα]
231 2736 356 2772 Loquendi
362 2736 478 2772 formula
491 2733 585 2767 vetusta
598 2741 621 2761 et
633 2736 738 2770 elegans,
749 2744 821 2770 quam
833 2734 945 2759 declarat
951 2734 1020 2769 satir
1034 2733 1133 2770 Cic.70
1155 2735 1212 2761 Cic.
1226 2735 1254 2761 in
1266 2735 1340 2761 Orat.
1354 2743 1375 2759 c.
1389 2741 1421 2765 13.

45 2771 123 2798 Verr.
136 2782 163 2806 4,
177 2780 204 2804 33
219 2781 240 2798 c.
252 2781 285 2805 24
313 2773 436 2798 Attamen
449 2777 478 2797 vt
496 2770 570 2805 possit
583 2771 608 2796 se
622 2769 710 2796 dicere
730 2769 831 2800 emisse,
849 2769 994 2804 Artagatho
1007 2769 1089 2803 irnpe-
1189 2776 1208 2795 D
1219 2772 1254 2797 ic
1263 2776 1283 2796 O
1291 2788 1300 2802 ,
1319 2769 1356 2800 xi,
1377 2768 1459 2800 (stum,
1478 2769 1531 2795 Ere.
1561 2767 1649 2801 [λέγω
1662 2768 1738 2802 φημὶ,
1752 2767 1866 2807 chapitle),
1880 2766 2014 2807 διαγορεῦω,
2027 2774 2090 2808 ἐρέω,
2103 2774 2201 2811 φράέω]

43 2813 100 2839 rat,
113 2813 143 2833 vt
157 2807 261 2841 aliquid
280 2807 349 2839 iliis,
361 2815 477 2842 quorum
497 2811 634 2839 argentum
653 2805 755 2837 fuerat,
767 2813 910 2831 numerum
930 2804 996 2830 dicis
1014 2804 1089 2830 causa
1159 2805 1248 2832 Verbis
1260 2804 1359 2840 aliquid
1370 2803 1492 2837 ostendere
1507 2806 1546 2830 vel
1559 2802 1731 2837 demonstrare.
1788 2807 1874 2840 lzstque
1890 2815 1918 2831 ex
1933 2808 2025 2834 Graeco
2045 2806 2110 2836 δάκω
2125 2812 2142 2837 s.
2156 2804 2202 2838 λέ.

43 2843 126 2869 daret.
162 2843 242 2869 Caius
262 2843 292 2868 in
305 2843 322 2869 l.
338 2844 411 2877 saepe
425 2851 444 2875 4
460 2842 492 2867 D.
506 2840 677 2867 commodati.
701 2840 783 2874 Saepe
800 2840 882 2866 etiam
900 2839 933 2865 ad
951 2839 1001 2865 hoc
1016 2847 1087 2867 com-
1153 2851 1240 2872 κνυμι,
1262 2839 1326 2875 quod
1338 2838 1459 2872 ostendere
1467 2839 1492 2875 s
1506 2838 1816 2875 demonsirarestgnficat.
1852 2841 1919 2869 Ter.
1928 2842 1993 2868 Eun.
2007 2852 2102 2877 5,5‚20
2121 2847 2189 2874 Dico

44 2878 185 2905 modantur
198 2878 340 2912 pecuniae,
351 2884 381 2904 vt
399 2877 464 2904 dicis
477 2876 561 2912 gratia
572 2875 765 2902 numerationis
777 2875 838 2901 loco
858 2874 1038 2907 intercedant,
1058 2880 1088 2900 vt
1154 2874 1231 2902 edico
1244 2874 1323 2902 vobis
1336 2875 1454 2901 nostrum
1467 2876 1516 2901 csse
1530 2875 1608 2901 illum
1621 2874 1733 2901 herilem
1748 2875 1842 2902 filium.
1914 2878 1988 2905 Dixti
1997 2886 2047 2914 pro
2061 2881 2160 2909 Dixisti
2171 2867 2200 2909 ivi

43 2921 125 2949 nempe
144 2919 245 2940 externa
262 2913 306 2939 illa
319 2911 416 2939 afflone
429 2919 452 2938 et
470 2915 523 2939 ritu
536 2914 715 2938 numerationis
721 2908 888 2947 satiffac'bum
900 2910 1017 2936 videatur
1029 2911 1087 2972 leg.
1100 2918 1132 2946 75
1146 2911 1259 2947 firmone
1264 2911 1399 2947 familiari
1411 2910 1478 2946 apud
1491 2911 1600 2937 comicos
1609 2930 1617 2943 ,
1636 2920 1662 2937 υ.
1675 2920 1702 2947 g.
1756 2911 1824 2938 Ter.
1839 2910 1888 2938 Ad.
1901 2920 1924 2945 5,
1940 2918 1962 2943 8.
1975 2922 2006 2946 3ο
2039 2915 2110 2943 Bene
2124 2923 2150 2944 et
2162 2919 2199 2945 sa-

45 2951 132 2984 ltuque
142 2947 232 2981 statim
250 2948 322 2975 reddi
334 2947 435 2983 poJJunt
453 2950 521 2974 numi
542 2946 688 2974 commodati
706 2956 755 2972 non
774 2947 829 2972 dati
846 2952 936 2972 mutuo.
972 2945 1031 2980 le.
1079 2966 1085 2972 .
1152 2946 1256 2981 pienter
1269 2945 1338 2974 dixti
1351 2946 1460 2973 dudum.
1514 2947 1556 2973 Sic
1568 2946 1649 2973 Plaut.
1662 2947 1743 2973 Merc.
1758 2956 1787 2979 4,
1800 2956 1829 2980 4,
1842 2956 1881 2980 14.
1944 2949 2020 2976 Dixis
2029 2958 2078 2986 pro
2091 2953 2198 2980 Dixeris

47 2984 79 3011 de
91 2986 213 3011 senatusc.
227 2983 351 3011 Silanian.
365 2984 383 3010 l.
399 2992 408 3010 1
422 2981 493 3021 §.⁷34
513 2984 674 3009 Excusantur
687 2987 774 3008 autem
790 2981 876 3013 serui,
888 2981 936 3016 qui
953 2981 1086 3007 auxilium
1151 2981 1191 3009 Id.
1207 2982 1267 3009 Mil.
1283 2991 1306 3015 2,
1319 2991 1342 3015 3,
1356 2991 1383 3008 12
1412 2981 1483 3008 Mihi
1502 2990 1535 3008 ne
1548 2981 1631 3014 dixis,
1652 2982 1718 3009 scire
1731 2983 1804 3009 nolo.
1861 2982 1927 3009 Dice
1935 2992 1984 3019 pro
1998 2986 2049 3012 Dic
2067 2991 2142 3015 etiam
2155 2990 2197 3016 Co.

45 3021 163 3047 tulerunt
182 3019 234 3047 sine
254 3019 318 3046 dolo
337 3019 417 3046 malo.
454 3019 524 3046 Nam
543 3018 561 3044 si
580 3018 657 3044 finxit
676 3019 702 3044 se
715 3017 784 3052 quis·
795 3017 925 3043 auxilium
944 3017 1029 3048 ferre,
1042 3017 1086 3043 vel
1152 3021 1240 3044 micum
1253 3016 1295 3051 est.
1317 3028 1343 3044 υ.
1356 3028 1382 3054 g.
1418 3018 1500 3043 Plaut.
1510 3018 1589 3044 Cure.
1603 3026 1623 3050 1,
1636 3026 1661 3050 2,
1675 3026 1707 3051 43
1727 3021 1782 3052 Age
1796 3017 1863 3044 dice.
1900 3020 1968 3046 Aad.
1984 3021 2051 3047 Rud.
2064 3031 2093 3056 4,
2104 3033 2133 3058 4,
2146 3033 2195 3051 112,

46 3056 112 3082 dicis
124 3056 207 3090 gratia
223 3055 300 3088 tulit,
319 3055 388 3081 nihil
402 3052 453 3081 hoc
466 3062 647 3081 commentum
661 3053 687 3080 ei
705 3053 833 3088 proderit.
873 3052 944 3079 uibus
957 3054 1018 3079 locis
1034 3054 1086 3079 Ha·
1150 3056 1183 3080 it.
1196 3054 1272 3080 Varr.
1287 3054 1318 3080 R.
1333 3054 1365 3080 R.
1379 3061 1399 3085 1,
1413 3062 1430 3086 9
1444 3060 1468 3079 et
1480 3053 1546 3080 Fest.
1583 3053 1631 3081 Sed
1644 3054 1693 3080 Dic
1705 3052 1746 3080 dic
1762 3055 1859 3088 quaeso
1874 3054 1984 3088 clarius,
2002 3064 2050 3091 per
2067 3059 2195 3094 emphasim

45 3091 144 3118 loauder
157 3097 181 3117 et
198 3091 244 3117 alii
257 3091 374 3126 scribunt
387 3090 466 3117 Ditis.
500 3091 596 3118 Alciat.
614 3087 747 3125 Dispunc'l.
766 3098 792 3123 4,
805 3098 830 3122 15
840 3061 985 3124 stlspicatur
1005 3090 1085 3125 legen·
1106 3095 1138 3122 80
1151 3096 1174 3115 et
1188 3089 1361 3116 vehementiam
1381 3088 1504 3124 quandam
1524 3098 1540 3115 a
1552 3089 1608 3115 Cic.
1621 3089 1715 3115 dicitur
1746 3090 1820 3116 Vcrr.
1834 3089 1953 3117 Diuinat.
1976 3100 1996 3123 1,
2011 3100 2063 3124 143.
2134 3089 2193 3127 Dic,

47 3126 102 3152 dum
117 3126 216 3153 Dantis.
250 3128 317 3153 Lael.
337 3126 494 3158 Taurellius,
508 3128 571 3152 Ant.
590 3123 745 3163 Augustinus
764 3124 862 3150 Emend.
878 3132 904 3156 2,
918 3132 934 3150 2
951 3133 976 3158 p.
991 3132 1040 3156 1¹9·
1062 3130 1085 3150 et
1150 3133 1198 3159 age
1223 3125 1297 3159 Virg.
1313 3125 1379 3151 Aen.
1393 3127 1418 3156 6,
1431 3132 1486 3158 343.
1558 3124 1626 3151 Ter.
1642 3124 1722 3152 Andr.
1735 3133 1758 3157 3,
1770 3133 1797 3157 2,
1810 3133 1844 3151 22
1875 3126 1954 3158 Qasi
1969 3132 1998 3153 tu
2011 3126 2080 3154 dicas
2092 3129 2193 3157 facturn

48 3161 82 3188 nd
96 3160 227 3194 Modesiin.
243 3171 267 3196 p.
282 3164 335 3194 365.
355 3163 408 3188 Pet.
427 3160 556 3189 ls‘iiiorius
568 3162 600 3187 V.
609 3162 639 3188 L.
652 3165 674 3192 8,
682 3169 726 3194 24.
745 3166 769 3186 ct
781 3161 827 3186 alii
840 3159 996 3195 scribendum
1009 3162 1086 3186 omni·
1151 3160 1180 3186 id
1192 3160 1303 3186 consilio
1317 3169 1388 3187 meo.
1450 3159 1525 3186 Idem
1538 3160 1633 3187 Heaut.
1648 3170 1674 3194 4,
1690 3169 1717 3193 4,
1732 3169 1750 3193 4
1770 3161 1822 3187 Aut
1834 3169 1916 3195 quum
1929 3169 2066 3189 venturam
2079 3164 2190 3197 Dixere,

28 3218 31 3223 ,
50 3193 81 3222 τιό
93 3197 186 3232 censent
203 3197 283 3223 Dicis.
293 3197 332 3231 fic
346 3201 409 3223 enim
421 3197 510 3224 habent
524 3196 666 3223 Pandeehae
679 3195 856 3223 Florentinae.
870 3204 945 3231 neque
956 3195 1026 3222 aliud
1035 3197 1085 3221 exi·
1151 3202 1176 3222 et
1191 3195 1366 3222 constituero:
1386 3204 1469 3229 quum
1483 3196 1504 3222 is
1517 3202 1588 3223 certe
1600 3197 1768 3223 renuntiarit.
1824 3195 1930 3223 Dicitur
1944 3198 1967 3223 is
1979 3204 2105 3225 venturus
2120 3209 2191 3228 nunc

42 3227 147 3263 stimant
159 3232 232 3259 Dicis
244 3233 316 3259 causa
323 3232 483 3269 significare,
502 3242 574 3269 quam
587 3232 652 3268 quod
664 3232 826 3266 Iureconficlti
839 3230 1034 3264 perfunctorie,
1040 3237 1085 3257 aut
1150 3240 1259 3266 peregre
1278 3231 1362 3258 Plaut.
1377 3230 1492 3258 Trucul.
1506 3240 1526 3263 1,
1541 3239 1561 3263 1,
1574 3233 1617 3258 66.
1673 3232 1740 3258 Dico
1752 3229 1821 3264 tibi,
1841 3240 1873 3257 an
1885 3234 1957 3259 non?
1983 3234 2050 3260 Ter.
2064 3234 2146 3263 Andr.
2161 3245 2190 3270 4,

51 3264 225 3299 defunctorie,
239 3275 282 3294 aut
299 3267 455 3295 translatitie
473 3269 607 3304 appellant.
628 3268 653 3295 h.
662 3277 682 3294 e.
709 3268 743 3294 Vt
756 3266 861 3303 defungi
872 3266 919 3302 fico
933 3276 1030 3292 munere
1045 3269 1084 3293 vi·
1100 3271 1129 3301 85
1150 3275 1173 3300 ς,
1186 3275 1224 3299 23.
1242 3267 1309 3303 quast
1322 3267 1406 3299 dicat,
1433 3269 1492 3293 Non
1500 3274 1578 3301 putas
1590 3276 1625 3293 me
1637 3267 1685 3293 tibi
1697 3269 1773 3302 loqui,
1786 3273 1810 3293 et
1823 3267 1857 3293 ad
1870 3275 1893 3293 te
1901 3272 2026 3303 pertinere
2057 3270 2105 3296 uod
2114 3271 2192 3299 dico?

51 3299 172 3328 derentur.
202 3304 288 3330 Varro
300 3303 332 3330 de
344 3304 374 3330 L.
388 3304 419 3330 L.
433 3311 456 3336 ς,
469 3311 487 3338 7
505 3313 530 3338 p.
544 3305 585 3337 56,
600 3310 635 3338 27
653 3303 778 3339 recensenr
792 3300 869 3329 dul-ia
886 3311 900 3327 a
919 3302 992 3328 verbo
1008 3301 1084 3333 Dico,
1149 3302 1270 3333 Dicisne,
1289 3311 1323 3329 an
1336 3304 1407 3329 non?
1427 3304 1613 3338 Interrogantir
1625 3301 1658 3336 est
1671 3309 1695 3328 et
1706 3305 1822 3339 urgentis
1852 3303 1932 3329 Plaut.
1946 3304 2040 3330 Trucn
2054 3325 2059 3331 .
2076 3313 2096 3338 1,
2109 3315 2132 3339 2,
2145 3315 2189 3342 27.

49 3336 136 3367 Hinc,
147 3338 197 3368 ait,
208 3339 313 3373 antiqua
332 3339 394 3372 illa,
408 3339 473 3366 dicis
487 3339 588 3372 immo,
600 3345 626 3365 et
646 3338 711 3365 dicis
727 3339 810 3364 causa.
846 3339 887 3365 Sic
900 3337 964 3364 Scal.
976 3340 1019 3373 qui
1033 3337 1083 3364 im·
1149 3338 1218 3368 Ter,
1227 3339 1291 3365 Eun.
1308 3347 1328 3371 1,
1342 3347 1365 3371 2,
1378 3347 1412 3364 zo
1430 3338 1480 3364 Dic
1493 3338 1564 3364 mihi
1575 3337 1626 3364 hoc
1639 3339 1765 3372 primum,
1778 3338 1862 3373 potin'
1873 3339 1908 3364 est
1922 3338 1965 3364 hic
1977 3341 2079 3367 tacere?
2113 3342 2189 3370 Idem

51 3379 98 3397 mo
111 3373 285 3405 interpretatur
298 3381 344 3410 per
357 3383 429 3409 ergo.
466 3374 506 3402 Id.
519 3378 547 3401 in
553 3374 607 3411 fine
620 3374 681 3401 libri
693 3384 716 3409 p.
732 3376 773 3406 63,
786 3375 817 3406 36
834 3373 863 3399 de
874 3379 955 3399 velere
969 3373 1084 3399 vocabulo
1149 3374 1215 3400 Eun.
1230 3382 1254 3407 ς,
1267 3383 1288 3405 2,
1302 3382 1327 3400 12
1360 3374 1432 3400 Bone
1444 3374 1504 3406 vir,
1524 3373 1610 3405 Dore,
1632 3373 1719 3406 salue,
1740 3372 1782 3399 dic
1797 3374 1865 3400 mihi
1879 3374 2053 3407 aufugistine3
2078 3377 2189 3405 Interro-

49 3406 174 3446 Inlicium
187 3405 309 3441 disputans
318 3430 326 3442 ,
343 3411 402 3437 Hoc
414 3419 483 3437 nunc
496 3410 574 3437 aliter
584 3410 614 3437 fit
627 3416 705 3444 atque
718 3410 785 3436 olim
796 3429 805 3442 ,
826 3408 897 3444 quod
907 3409 999 3443 Augur
1012 3410 1082 3436 Con·
1146 3413 1234 3446 gantis
1248 3419 1301 3436 cum
1314 3413 1365 3436 ioco
1373 3411 1511 3444 particula.
1720 3406 1741 3445 q
1760 3417 1776 3435 2
1812 3409 1922 3440 Dicere,
1935 3414 2039 3445 proprie
2051 3410 2085 3444 est
2099 3414 2189 3440 Orato-

50 3441 102 3469 sull
115 3441 199 3472 adest,
219 3447 273 3469 tum
287 3453 366 3478 quum
382 3447 511 3473 exercitus
530 3446 691 3480 imperatur,
712 3454 740 3472 ac
755 3445 838 3480 praeit
857 3444 923 3479 quid
936 3452 996 3470 eum
1012 3444 1080 3471 dice·
1094 3451 1131 3476 90
1147 3455 1202 3472 rum
1216 3452 1239 3471 et
1252 3445 1338 3481 causas
1351 3448 1484 3481 agentium.
1531 3441 1662 3478 Quinefil.
1677 3452 1715 3477 10,
1729 3452 1746 3479 7
1767 3445 1836 3470 Nam
1851 3444 1919 3470 mihi
1933 3453 1965 3471 ne
1978 3446 2065 3473 dicere
2077 3448 2187 3482 quidem

50 3486 80 3505 re
91 3482 224 3511 oporteat:
244 3477 337 3506 Consul
349 3481 451 3516 Auguri
463 3482 595 3516 imperare
608 3482 687 3514 solet,
696 3487 724 3507 vt
738 3480 859 3507 inlicium
872 3486 1025 3512 vocet‚non
1033 3481 1080 3507 Ac·
1147 3480 1270 3514 videtur,
1288 3480 1336 3507 nisi
1349 3481 1396 3515 qui
1410 3479 1547 3515 disposite,
1568 3486 1676 3510 ornate,
1696 3480 1853 3513 copioseque
1866 3479 1938 3506 dicit.
2010 3482 2066 3509 Cic.
2075 3484 2127 3510 Off.
2143 3493 2163 3517 ι,
2175 3494 2186 3512 1

50 3513 127 3540 censo
140 3519 186 3552 aut¹
197 3512 327 3539 Praeconi.
359 3516 389 3542 Id
404 3518 536 3552 inceptum
548 3517 637 3549 credo,
651 3525 735 3552 quum
755 3525 809 3543 non
827 3515 921 3542 adesset
939 3516 1080 3542 Accensus:
1145 3517 1181 3543 Vt
1194 3526 1248 3543 non
1261 3516 1342 3543 modo
1355 3517 1515 3543 Graecarum
1528 3515 1664 3542 literarum
1676 3514 1768 3547 rudes,
1787 3514 1829 3540 sed
1843 3515 1922 3541 etiam
1934 3515 2005 3542 docti
2020 3518 2186 3552 aliquantum

50 3554 78 3575 et
94 3547 163 3588 nihil
179 3552 319 3580 intererat,
331 3550 372 3576 eui
387 3551 541 3587 imperaret:
561 3559 587 3580 et
599 3553 664 3579 dicis
680 3553 753 3579 causa
767 3551 864 3579 fiebant
879 3552 1005 3586 quaedam
1015 3571 1022 3584 ‚
1036 3560 1080 3578 ne-
1145 3552 1171 3578 se
1189 3552 1353 3580 arbitrentur
1368 3552 1474 3586 adeptos
1487 3557 1513 3577 et
1526 3550 1557 3578 ad
1571 3551 1727 3582 dicendum,
1753 3549 1822 3576 etad
1835 3550 2012 3578 iudicandum.
2034 3557 2052 3580 i.
2073 3555 2104 3581 In
2121 3557 2186 3582 Ora-

50 3593 102 3619 que
115 3589 179 3609 ltem
193 3582 276 3613 ῗᾶὲἲᾶ,
292 3591 375 3617 neque
387 3586 451 3614 item
463 3588 533 3615 ἀὶᾶὶε
546 3589 657 3623 semper.
694 3589 736 3615 Sic
748 3591 810 3614 enim
828 3596 857 3613 ex
870 3586 1027 3622 vetustiffimo
1040 3597 1079 3614 ex·
1144 3591 1212 3614 toria
1226 3595 1297 3620 arte,
1313 3594 1337 3614 et
1351 3590 1377 3613 in
1394 3589 1465 3615 Philo
1478 3587 1560 3622 ophia.
1631 3587 1688 3612 Non
1701 3585 1764 3611 idem
1777 3585 1852 3620 loqui
1865 3585 1907 3619 iste
1927 3587 1991 3622 quod
2003 3588 2082 3615 dicere
2111 3591 2185 3618 Idem

48 3620 152 3654 emplari
170 3619 234 3645 hunc
250 3619 327 3659 Iocum
345 3621 449 3659 reposuit
467 3621 610 3656 Victorius,
623 3631 647 3650 et
666 3626 772 3650 retinuit
785 3624 904 3659 Scaliger.
925 3623 980 3650 Cic.
994 3624 1048 3649 Art.
1060 3631 1079 3653 1,
1091 3632 1123 3659 95
1145 3622 1177 3648 de
1191 3624 1264 3649 Orat.
1279 3631 1302 3655 3,
1314 3627 1341 3654 38
1356 3631 1376 3648 c.
1390 3632 1418 3649 10
1435 3632 1447 3649 0
1471 3622 1555 3654 endit,
1576 3621 1670 3655 Neque
1683 3621 1754 3646 enim
1766 3629 1892 3648 conamur
1904 3621 1999 3649 docere
2013 3633 2072 3650 eum
2085 3624 2184 3659 dicere,

49 3659 75 3685 ¹8
95 3654 216 3681 Metellus
235 3669 280 3673 —
299 3656 433 3682 lmmlnuit
449 3658 631 3686 auctoritatem
644 3660 730 3690 suam,
745 3658 819 3693 quod
833 3658 912 3685 habet
926 3659 991 3685 dicis
1004 3659 1079 3685 causa
1144 3658 1191 3692 qui
1205 3658 1281 3692 loqui
1294 3658 1403 3685 nesciat:
1423 3667 1469 3684 nec
1483 3658 1592 3692 sperare,
1606 3656 1651 3690 qui
1667 3655 1759 3681 Latine
1773 3665 1826 3683 non
1839 3657 1928 3691 possit,
1946 3658 2015 3685 hunc
2029 3667 2121 3687 ornate
2134 3663 2183 3688 esse

48 3691 120 3718 idem
133 3689 326 3725 promulgatum
339 3689 371 3716 de
386 3690 480 3726 Clodio
492 3694 525 3719 ad
533 3696 624 3729 plebem
636 3694 786 3722 traducendo
796 3714 803 3726 ,
824 3698 841 3722 i.
860 3694 925 3730 quod
933 3700 1007 3728 putat
1021 3696 1080 3730 legi·
1144 3693 1292 3720 dieturum:
1310 3703 1398 3728 neque
1411 3702 1485 3725 vero,
1500 3693 1546 3727 qui
1559 3700 1614 3717 non
1627 3690 1710 3723 dicat,
1728 3691 1798 3726 quod
1811 3693 2000 3727 intelligamus,
2019 3695 2087 3722 hunc
2102 3698 2181 3730 posse,

46 3726 91 3753 bus
104 3733 232 3761 utrumque
243 3724 418 3761 statisfaH'um.
452 3726 520 3762 Nep.
534 3737 571 3763 ες,
583 3736 607 3763 8,
620 3738 633 3764 5
662 3731 701 3757 Ita
720 3736 748 3756 vt
760 3730 855 3756 Brutus
871 3736 897 3756 et
911 3728 1005 3755 Cassius
1018 3738 1078 3763 pro·
1143 3729 1216 3764 quod
1235 3729 1399 3756 admiremur
1417 3730 1513 3755 dicere.
1585 3728 1614 3752 E!
1627 3726 1679 3752 Off·
1692 3735 1718 3759 2,
1754 3746 1760 3753 .
1799 3748 1805 3755 .
1841 3729 1975 3764 Multique
1988 3731 2015 3756 in
2031 3732 2116 3758 nostra
2131 3733 2181 3758 Re-

47 3761 214 3793 vincutum,
234 3769 301 3800 quae
320 3761 354 3787 iis
370 3761 435 3787 dicis
456 3763 528 3789 causa
546 3764 620 3792 datae
637 3772 710 3793 erant
724 3775 739 3792 a
752 3765 925 3794 Consulibus,
938 3764 1078 3798 desperatis
1143 3765 1206 3799 pub.
1219 3764 1393 3791 adolescentes
1410 3771 1435 3791 et
1455 3763 1520 3797 apud
1541 3760 1655 3794 iudica,
1680 3768 1704 3788 et
1717 3762 1785 3796 apud
1805 3764 1925 3791 Senatum
1945 3765 2058 3792 dicendo
2074 3767 2179 3793 laudem

49 3795 127 3822 rebus
142 3797 171 3822 in
190 3796 300 3822 exilium
318 3796 552 3831 proficiscerentur.
587 3802 626 3827 Sic
645 3803 695 3838 legi
711 3803 796 3828 uolunt
812 3799 865 3836 post
885 3801 968 3826 Cuiac.
985 3801 1042 3836 Obs.
1053 3811 1133 3834 ‚5le0
1143 3801 1272 3835 assequuti
1285 3801 1352 3827 sunt.
1423 3801 1472 3826 Pro
1484 3797 1575 3831 aliquo
1594 3797 1648 3824 Cic.
1663 3797 1695 3823 de
1710 3798 1778 3825 Clar.
1794 3800 1868 3826 Orat.
1882 3805 1916 3830 81.
1942 3801 1967 3826 h.
1983 3810 2002 3826 e.
2016 3803 2129 3837 Aliquem
2141 3803 2180 3828 de-

46 3839 77 3873 33.
108 3831 173 3873 affim
185 3835 239 3858 viri
250 3830 326 3858 dob‘si.
362 3832 407 3859 Sea
421 3832 483 3858 libri
501 3841 586 3868 magno
597 3837 708 3873 conjenfii
721 3837 809 3864 habent
819 3836 890 3862 necis
907 3837 996 3869 causa,
1016 3835 1080 3872 quod
1135 3836 1263 3872 sentiendo
1276 3839 1409 3863 orationem
1423 3835 1517 3861 babere.
1713 3832 1733 3870 ἢ
1752 3843 1764 3867 3
1803 3836 1871 3862 Hinc
1883 3838 2023 3862 elementari
2029 3838 2113 3863 ordine
2126 3837 2179 3864 Ad-

48 3865 75 3905 bf
98 3875 176 3906 orzcae
186 3866 250 3902 fidei
262 3870 389 3894 conuenire
401 3865 522 3902 ostendit,
539 3877 568 3894 ac
580 3875 660 3897 tuetur
673 3872 730 3899 adeo
743 3871 837 3906 Bcfius.
873 3871 939 3898 Plin.
953 3877 989 3903 28,
1004 3880 1020 3898 2
1034 3872 1051 3898 s.
1065 3878 1078 3904 ς
1142 3873 1281 3900 verbiorum
1296 3881 1325 3898 ac
1338 3873 1469 3897 Nominum
1477 3876 1594 3904 ponemus
1600 3868 1743 3904 formulas:
1799 3872 1925 3897 Accurate
1939 3870 2026 3898 dicere
2046 3872 2175 3905 Quinffil.

49 3900 208 3941 Sivlssontifici
226 3902 340 3935 accidat,
354 3902 420 3929 dicis
439 3904 512 3929 causa
533 3904 657 3938 epulanti.
691 3909 733 3934 Sic
745 3908 790 3934 duo
803 3908 876 3934 MSS.
891 3907 1019 3942 ap.Hard.
1031 3908 1076 3934 AI.
1143 3917 1172 3941 4,
1188 3916 1207 3939 1,
1221 3912 1258 3939 58.
1329 3906 1370 3932 Ab
1384 3905 1490 3939 aliquo,
1509 3903 1561 3930 vid.
1580 3911 1644 3936 ΑΒ,
1667 3908 1694 3930 in
1715 3912 1736 3931 A
1757 3906 1943 3941 Prae-positione.
2015 3907 2069 3931 Cic.
2086 3908 2117 3932 de
2130 3907 2175 3933 Di-

49 3936 140 3976 D1t13s3
181 3938 234 3964 Cic.
247 3947 295 3972 pro
311 3939 430 3965 Muraen.
443 3941 477 3965 26
488 3948 510 3965 c.
525 3947 553 3965 12
574 3940 722 3974 informuli'z
740 3943 924 3975 vindiciarum,
943 3942 992 3969 Sed
1010 3951 1076 3970 anne
1143 3944 1199 3969 vin.
1220 3951 1245 3974 2,
1283 3961 1289 3968 .
1327 3961 1333 3967 .
1371 3939 1517 3966 Dicendum
1537 3939 1573 3966 est
1591 3939 1660 3965 mihi
1679 3940 1762 3975 igitur
1773 3941 1805 3968 ad
1819 3951 1858 3973 ea,
1872 3950 1937 3975 quae
1956 3941 2037 3966 sunta
2057 3948 2081 3967 te
2096 3942 2175 3968 dicia.

46 3977 76 3998 tu
88 3972 154 3998 dicis
168 3973 240 4036 causa
251 3973 436 4037 vingcaueris.
468 3975 510 4003 Sic
522 3982 587 4001 certe
599 3976 683 4002 volunt
695 3977 730 4004 ibi
743 3981 796 4006 viri
808 3976 885 4013 desti,
899 3985 923 4005 ει
933 3978 1123 4016 ir1tellfgunt105
1144 3978 1274 4006 Aduersus
1288 3976 1405 4040 ssquem
1424 3975 1505 4004 Plaut.
1520 3975 1615 4012 Amph.
1628 3984 1653 4009 2,
1668 3984 1692 4009 2,
1705 3982 1753 4007 118.
1807 3977 1847 4003 Ad
1860 3976 1974 4004 iudicem
1995 3976 2051 4002 Cic.
2065 3976 2097 4003 de
2101 3977 2174 4039 glar.

195 4014 202 4026 '
211 4014 230 4036 0
238 4015 265 4035 L·
327 4028 335 4037 i
1337 4020 1339 4022 “
2127 4020 2174 4041 rat.
