2479 4225
274 199 356 238 447
660 163 663 164 ⁷
738 182 771 221 E
875 179 911 218 X
1768 177 1800 216 E
1875 176 1912 216 X
1996 178 2035 218 A
2337 160 2477 227 4483.

278 271 474 303 Plaut.Sticl·1.i,
488 279 510 303 3,
526 275 558 300 80
588 271 624 297 Vt
644 270 779 297 decumam
791 273 890 302 partem
904 273 934 290 cx
948 265 1020 290 Voto
1031 264 1143 290 Herculi
1157 263 1313 297 polluceam·
1347 285 1350 288 ⁴
1379 275 1452 298 rare,
1472 267 1603 299 Educere,
1624 267 1748 298 Eleuare,
1768 265 1902 298 Emicare,
1927 266 2062 299 Eminere‚
2077 265 2166 297 Eniti,
2183 263 2308 305 Erigere,
2327 262 2418 303 Escesi-

280 311 315 337 Ex
332 309 382 334 Vsu
396 314 441 332 tuo
455 315 533 332 nemo
549 306 630 341 magis
646 306 680 332 est
706 306 773 331 Ter.
783 305 845 329 Eun.
856 309 875 333 ς,
889 305 911 332 8,
924 307 968 334 47-
1005 302 1023 326 1'·
1041 300 1088 325 tihi
1101 300 1187 330 vtihs,
1209 298 1264 323 ΜΕ
1275 306 1313 324 re·
1380 301 1457 334 dere,
1479 302 1601 334 Exfilirc,
1621 302 1760 333 lix-sistere,
1786 301 1889 328 Exstare
1899 322 1907 334 ,
1930 302 2057 329 Euehere.
2130 301 2335 330 Palaemonem,
2359 298 2419 325 Edi-

280 346 321 372 δίε
336 345 398 368 Hec.
413 351 439 374 4.
454 350 474 373 1,
490 350 515 374 33
546 342 571 367 Si
584 342 642 367 ell'et
655 341 744 366 nostro
757 347 787 364 ex
798 337 849 362 Vsu
864 336 912 361 hoc
928 334 1138 361 matrimonium·
1210 334 1245 359 ΕΧ
1260 334 1313 374 Vs}¹
1379 345 1426 369 (ο,
1445 338 1581 371 Enuncio,
1602 338 1743 370 Exclamo,
1764 338 1873 371 Expono
1892 344 1938 364 etc.

280 383 412 411 comperta
426 377 521 404 habere
546 377 663 403 Scribon.
676 377 729 401 106.
801 372 857 397 Cic·
871 370 903 396 de
916 371 1047 410 hinem-1,
1062 373 1092 400 68
1124 371 1204 403 Leges
1219 377 1249 395 ex
1258 370 1315 409 VJ}-

280 414 352 440 litate
366 414 500 439 communi
514 411 689 446 interpretari.
746 409 776 433 Et
787 415 842 446 (nox
862 407 897 432 Ex
912 414 978 440 reip.
992 405 1133 446 commodo
1144 412 1221 438 atque
1236 404 1316 430 Vtili-
1342 411 1355 437 ς
1744 411 1770 441 E
1891 410 1918 440 X
1996 420 1999 424 .
2038 411 2066 441 A

282 455 333 475 tate
347 448 415 482 leges
431 449 641 482 interpretemur.
712 443 776 469 Plin.
792 450 820 467 111
835 441 926 475 Paneg.
934 444 978 475 67,
992 450 1009 474 4
1037 442 1061 467 Si
1076 442 1140 467 bene
1155 449 1235 473 remp.
1251 446 1316 465 etex

283 484 404 510 Vtilitate
418 484 536 510 oninium
555 480 662 507 rexeris.
735 477 801 502 Plin.
817 481 841 506 18
853 496 860 509 ,
875 479 892 503 6
917 478 988 511 Agro
1001 483 1072 503 emto
1085 477 1193 502 domum
1206 475 1318 507 vendcn7
1420 483 1437 504 E
1448 486 1466 506 χ
1475 486 1520 506 ΑΒ
1529 487 1549 507 v
1558 487 1605 507 ΝΒ
1614 487 1649 512 0⁷
1669 484 1721 506 5η,
1747 478 1823 506 Valde
1838 478 1969 505 abundare,
2006 480 2195 506 [mmensarum
2207 477 2363 504 diuitiarum
2376 484 2420 502 co.
2433 497 2435 501 ,

283 519 358 551 dam,
385 519 554 545 inclementer
571 521 646 547 atque
661 522 714 538 non
728 521 758 538 ex
774 511 895 539 Vtilitate
909 512 1009 547 publici
1021 512 1098 538 status
1115 513 1193 545 Mago
1208 510 1316 550 censuit.
1381 513 1431 548 piis
1451 514 1617 542 exabundant
1630 515 1742 542 Saluian.
1762 521 1852 541 contra
1866 514 1969 540 Auarit.
1983 523 2001 548 4
2020 524 2044 549 p.
2064 518 2121 548 306.
2157 513 2226 542 Add.
2240 513 2362 539 Vincent.
2374 511 2419 538 Li-

283 556 351 581 Ter,
362 554 441 580 Andr.
452 560 544 585 4,1,5o
576 550 644 576 Nam
659 548 718 574 satis
732 547 827 579 credo,
847 547 865 573 fi
885 548 1090 582 aduigilaueris,
1111 556 1141 573 ex
1156 547 1220 572 Vnis
1234 554 1316 580 geini-
1379 549 1430 576 rin.
1444 558 1465 576 ς,
1479 558 1516 582 23,

281 599 326 617 nas
340 590 409 616 mihi
423 588 542 615 conficies
555 584 666 618 nuptias.
737 584 842 609 Lucret.
852 591 870 613 1,
883 588 911 613 88
939 584 989 609 Cui
1003 582 1076 609 simul
1091 582 1175 608 infula
1182 582 1317 616 virgineos
1335 589 1364 607 10
1418 592 1435 611 E
1444 593 1462 612 x
1471 592 1493 611 A
1503 591 1520 611 c
1533 592 1549 611 E
1558 591 1576 610 R
1588 591 1603 612 Β
1612 591 1630 611 0
1640 604 1649 617 ‚
1675 590 1729 613 gre,
1766 585 1940 619 [snmnpoelvw]
1978 585 2094 617 Ῑννηανρ,
2110 585 2144 612 ad
2162 583 2316 612 iracundiam
2329 588 2419 622 pg0u0.

282 625 440 652 circumdata
455 628 553 648 comtus
568 621 602 645 Ex
611 620 727 652 Vtraque
736 619 792 652 pari
799 619 927 645 malarum
936 624 1008 653 parte
1021 619 1126 653 profusa
1134 617 1178 643 cst.
1235 617 1318 643 Plaut.
1383 629 1447 648 care,
1483 621 1552 646 Suet.
1563 620 1639 646 Galb.
1655 629 1676 647 c.
1689 624 1716 647 16
1748 622 1834 655 Atque
1854 629 1886 646 eo
1900 618 2008 654 quidem
2022 622 2129 647 nornine
2143 629 2244 652 οιιιηεε,
2257 619 2304 653 qui
2318 617 2420 656 vbiqiie

282 661 368 688 Truc.
378 669 397 689 ε,
405 662 429 690 6,
437 667 466 690 30
492 654 564 688 Qiid
577 654 617 680 illi
630 663 661 680 ex
677 655 758 680 Vtero
772 654 857 680 exitio
870 654 921 686 est,
942 654 1013 688 prius
1027 663 1104 689 quam
1119 659 1221 688 poterat
1235 653 1275 679 ire
1289 653 1318 678 in
1382 662 1472 688 erant,
1491 655 1665 682 exacerbauit.
1699 656 1771 683 Idem
1785 657 1884 683 Tiber.
1900 665 1920 681 c.
1935 657 1977 681 62.
2048 656 2202 683 Exacerbata
2215 653 2337 689 superbia
2358 653 2420 678 Llu·

283 694 426 731 praelium?
496 692 551 716 Cic.
567 691 618 716 Att.
635 699 678 723 14,
707 709 713 715 .
741 709 747 715 -
785 690 833 715 Sed
841 698 872 715 CX
885 690 967 716 Vultu
983 695 1008 716 et
1022 690 1107 716 oculis
1120 696 1144 715 et
1158 689 1247 715 fr0¹¹te
1274 693 1319 719 (vt
1383 700 1425 724 29.
1463 710 1469 717 .
1507 711 1513 718 .
1585 690 1677 718 Claud.
1693 691 1796 719 Saturn.
1810 691 1867 719 inl.
1883 689 2043 727 a1=tfa6ta§.
2057 692 2104 718 vlt.
2119 691 2150 718 de
2158 692 2270 722 Poenis,
2289 689 2421 716 Nonnun-
2460 696 2462 706 ι

283 732 372 761 aiunt)
391 736 477 753 meum
490 735 551 760 erga
563 733 587 751 tc
601 734 719 751 amorem
734 726 878 759 perspicere
892 725 1022 759 potuisses,
1093 725 1151 751 Liu.
1167 734 1214 758 44,
1229 729 1255 756 38
1289 724 1315 750 P.
1383 736 1462 761 quam
1481 728 1580 759 euenit,
1595 732 1624 752 vt
1647 726 1799 760 aliquorum
1819 727 1944 762 supplicia
1963 726 2166 758 exacerbentur,
2183 727 2288 761 quoties
2307 723 2421 750 nimium

283 765 372 793 Nasica
385 762 502 796 egregius
515 761 662 787 adolescens
675 769 705 786 cx
717 761 843 786 omnibus
856 762 937 792 Vnus,
963 760 1061 794 quibus
1076 760 1197 787 hesterno
1215 761 1258 786 die
1274 768 1318 793 pu-
1337 767 1362 793 15
1383 763 1472 789 multis
1486 763 1603 797 personis
1617 762 1786 796 grassantibus
1799 763 1919 796 exemplo
1933 771 1997 797 opus
2010 762 2054 788 cst.
2126 762 2315 792 exacerbatur,
2329 759 2422 795 absolu·

282 800 353 835 gnari
367 798 471 832 placuit.
543 796 631 822 Tacit.
642 797 707 822 ΛΠΠ-
721 805 743 828 5,
756 798 772 821 6
803 795 858 828 Q¹i
872 796 974 830 plebem
988 796 1150 830 primoribus
1165 795 1273 822 tradidit
1287 803 1318 820 ex
1381 804 1419 824 te:
1440 798 1550 824 Modest.
1566 799 1593 824 in
1606 797 1623 823 l.
1637 797 1729 823 famosi
1742 807 1795 832 par.
1810 799 1856 825 vlt.
1870 799 1900 825 D.
1915 798 1946 824 ad
1960 799 2043 832 legem
2059 797 2108 824 Iul.
2122 797 2219 824 maiest.
2232 796 2353 823 Crimine
2367 802 2422 820 ma-

280 837 326 861 suo
342 835 402 860 Vsu.
473 832 509 858 Id.
525 831 592 858 ibid.
608 841 635 864 4,
649 839 661 864 ς
694 832 783 864 Qum]
798 840 829 856 ex
843 832 895 857 Vsu
910 832 1037 865 temporis
1050 831 1100 857 huc
1114 832 1179 858 illuc
1193 836 1317 858 mearent.
1380 833 1477 860 iestatis
1497 834 1569 860 facto
1580 854 1588 866 ,
1609 833 1652 859 vel
1672 833 1779 860 violatis
1798 834 1901 866 statuis,
1920 834 1963 861 vel
1983 832 2162 867 imaginibus,
2180 833 2295 859 maxime
2316 837 2420 857 exacer-

280 870 360 897 Plaut.
374 868 440 894 Pers.
455 878 482 901 4,
495 877 523 901 4,
538 876 566 900 14
599 868 634 893 Ex
649 873 714 899 tuo,
741 867 864 901 inquam,
887 867 939 893 Vsu
960 867 1009 897 cst,
1030 876 1088 893 eine
1103 867 1183 900 hanc,
1205 874 1233 893 vt
1246 868 1264 892 E
1279 875 1316 893 re.
1380 868 1459 896 batm-
1473 870 1501 896 in
1519 870 1626 896 milites.

280 906 345 931 Ter.
355 905 419 929 Eun.
429 912 450 935 5,
461 912 486 935 9,
494 911 529 937 47
550 902 589 928 Ad
604 903 695 929 0¹1¹¹¹i³
708 902 770 929 haec
783 902 864 937 ¹¹¹³gi⁵
878 910 1041 936 opportunus
1051 923 1059 935 ‚
1077 912 1123 929 nec
1132 903 1214 936 magis
1227 911 1256 928 ex
1264 901 1318 927 Vsu
1417 911 1434 932 E
1443 913 1463 933 x
1472 912 1493 932 A
1503 911 1519 931 c
1532 911 1549 931 E
1561 912 1579 931 R
1590 911 1605 931 Β
1614 911 1635 931 Α
1647 910 1668 930 T
1678 911 1699 930 v
1708 911 1721 930 s
1730 923 1738 935 ,
1762 912 1794 936 a,
1819 913 1874 931 um.
1903 904 1995 931 Partic.
2032 902 2180 931 Multitudo
2194 901 2345 930 exacerbata
2359 900 2420 927 Liu.
2445 890 2448 900 ’

277 947 324 967 tuo
337 948 414 965 nemo
428 938 472 964 cst.
544 939 617 964 Idem
631 940 725 965 Heaut.
741 947 766 970 1,
780 946 809 969 2,
823 947 839 970 9
872 938 931 964 Hoc
946 938 1039 964 scitum
1056 938 1107 970 est,
1126 938 1271 973 periculum
1287 946 1318 963 ex
1332 949 1366 967 20
1383 948 1426 973 29,
1440 943 1464 967 6.
1500 940 1573 976 Conf.
1590 940 1660 966 Suet.
1674 939 1772 966 Tibcr.
1786 949 1807 965 c.
1822 942 1863 966 62.
1879 947 1902 966 et
1921 940 2012 967 Vitell.
2025 949 2046 966 c.
2063 948 2102 974 14.

278 975 338 1002 aliis
353 975 437 1001 facere
453 973 503 999 tibi
517 973 588 1008 quod
603 983 633 999 ex
649 974 702 999 Vsu
716 973 770 999 siet.
927 970 948 1010 fl
975 983 994 1007 4
1032 975 1088 1000 Huc
1097 976 1236 1010 peculiaria
1248 982 1318 1009 quae·
1420 981 1627 1004 EXACERBA
1637 982 1659 1002 T
1669 982 1676 1000 1
1686 982 1705 1002 Ο
1716 995 1722 1006 ,
1741 976 1805 1001 onis.
1825 975 1845 1001 f.
1881 975 1994 1002 Saluian.
2008 975 2077 1001 Gub.
2090 984 2109 1008 4
2127 983 2151 1009 p.
2167 975 2216 1000 116.

280 1011 336 1037 dam
343 1008 516 1046 seruauitnus,
534 1019 594 1045 quae
606 1009 731 1044 obseruari
746 1015 849 1044 praeter
860 1015 956 1035 caetera
972 1017 1104 1036 merentur.
1164 1011 1255 1036 Volunt
1278 1008 1319 1038 τήν
1418 1018 1492 1038 ΕΧΑ
1503 1018 1519 1038 c
1533 1018 1549 1037 Ε
1558 1018 1576 1038 R
1586 1018 1602 1038 Β
1612 1018 1632 1037 Α
1642 1018 1663 1037 Τ
1672 1018 1691 1037 R
1701 1018 1710 1036 1
1721 1019 1739 1038 x
1748 1030 1757 1043 ,
1777 1011 1832 1037 icis.
1852 1010 1872 1036 f.
1909 1011 2022 1037 Saluian.
2035 1010 2105 1037 Gub.
2120 1019 2131 1042 3
2151 1019 2176 1044 p.
2191 1017 2229 1042 9¹·

278 1047 315 1073 Ex
330 1044 543 1081 idcmstgmficare
555 1045 740 1080 qiiodPraeter,
754 1045 814 1071 Liu.
832 1053 865 1076 29
880 1051 924 1079 pr.
963 1044 1051 1078 Scipio
1083 1060 1128 1065 —
1153 1044 1321 1071 voluntarios
1420 1052 1493 1075 ΕχΑ
1503 1053 1520 1074 c
1532 1054 1548 1073 E
1557 1054 1575 1073 R
1585 1054 1624 1074 ΒΕ
1634 1053 1646 1072 s
1655 1052 1671 1072 c
1680 1053 1699 1073 0
1708 1067 1716 1078 ‚
1736 1049 1788 1072 ἕι-ς,
1830 1046 1906 1072 Valde
1920 1047 2036 1078 acm-hm,
2055 1050 2074 1073 i,
2094 1045 2237 1082 asper,fiO‚·
2258 1039 2422 1077 Apul.Apol.

278 1081 377 1108 milites
389 1081 524 1107 ordinauit
537 1081 755 1114 centuriauitque.
811 1081 847 1106 Ex
862 1080 895 1106 iis
910 1085 1040 1106 trecentos
1054 1080 1164 1107 iuuenes
1185 1096 1229 1100 ——-
1250 1081 1319 1106 iner-
1384 1082 1409 1116 p.
1422 1090 1469 1116 327
1489 1084 1556 1116 Qiis
1570 1083 1606 1108 est
1621 1088 1674 1108 tam
1687 1082 1776 1114 mitis,
1796 1082 1862 1116 quin
1876 1082 2070 1108 exacerbescat?
2434 1083 2439 1088 ”

279 1126 334 1144 ines
346 1117 415 1143 circa
435 1116 459 1142 se
478 1115 597 1142 habebat.
658 1116 705 1142 scd
722 1124 753 1141 ex
774 1115 807 1141 iis
829 1125 876 1141 non
894 1115 928 1142 ad
944 1117 1104 1142 centuriatos
1122 1124 1144 1142 et
1165 1116 1319 1148 ordinatos,
1336 1113 1364 1153 ἐς
1419 1124 1599 1146 EXACERV
1611 1124 1630 1144 o
1642 1138 1649 1150 ,
1668 1122 1720 1144 are.
1756 1120 1840 1153 Auget
1849 1117 2058 1153 significationem
2071 1115 2211 1151 simplicis,
2230 1113 2293 1154 qrd.
2307 1115 2334 1139 in
2347 1113 2425 1138 altum

278 1151 516 1186 verumfimpliciter
529 1151 562 1176 ad
576 1150 742 1177 voluntarios
754 1151 874 1186 refertur.
947 1151 1078 1184 Qiinc'ttil.
1088 1154 1114 1183 6,
1127 1161 1147 1184 1,
1157 1161 1187 1185 41
1213 1153 1248 1177 Ex
1261 1160 1319 1186 pae-
1383 1162 1506 1180 aceruare.
1542 1154 1674 1180 Ammian.
1690 1161 1730 1185 23,
1743 1161 1756 1185 ς
1781 1153 1853 1179 Plebs
1866 1153 2048 1179 exaceruantia
2059 1153 2088 1179 in
2099 1153 2124 1178 se
2137 1151 2188 1177 tela
2201 1150 2342 1176 declinans.
2440 1175 2442 1177 ,

279 1187 382 1222 dagogo
403 1188 427 1213 se
447 1186 581 1218 vellicari,
616 1189 634 1212 i.
654 1197 669 1212 a
682 1187 840 1222 paedagoga,
854 1186 928 1222 forte
936 1189 1032 1221 puerile
1044 1196 1120 1223 genus
1132 1187 1246 1223 loquendi
1259 1194 1321 1213 erat.
1420 1195 1635 1221 EXACESCO,
1655 1189 1762 1220 exacui,
1780 1193 1833 1215 erc.
1857 1188 1963 1215 Aridum
1975 1188 2046 1224 fieri.
2082 1186 2212 1214 Columel.
2229 1194 2265 1216 12,
2281 1192 2309 1219 17
2330 1182 2359 1209 de
2372 1190 2425 1209 ace-

279 1225 347 1258 Qaae
359 1222 452 1258 quidem
464 1221 625 1255 hzm-stmilia
638 1222 789 1254 laudantur,
806 1231 833 1248 ea
848 1221 976 1257 nonsum.
1048 1222 1118 1249 Flor.
1129 1231 1148 1254 3,
1163 1226 1226 1255 16,4
1247 1224 1276 1249 ln
1285 1231 1318 1248 eo
1383 1230 1425 1256 to,
1445 1225 1475 1250 In
1491 1224 1592 1250 dolium
1612 1225 1654 1251 vel
1673 1225 1700 1250 in
1718 1225 1857 1258 amphoras
1876 1224 2015 1256 conditur,
2034 1229 2061 1250 et
2083 1223 2123 1249 ibi
2142 1222 2237 1248 finitur
2255 1217 2424 1260 fermentari:

279 1259 395 1285 tumultu
409 1266 497 1291 regem
511 1257 535 1282 se
549 1265 580 1283 ex
595 1256 751 1283 satellitibus
769 1257 943 1291 appellatum,
972 1258 1055 1284 laetus
1073 1259 1187 1292 accepit,
1214 1262 1233 1284 ι’.
1253 1262 1319 1284 inter
1383 1259 1479 1285 deinde
1493 1269 1574 1294 quum
1589 1261 1708 1293 exacuit,
1727 1266 1753 1287 et
1771 1260 1871 1287 remisit
1889 1260 2041 1294 liquorem,
2062 1257 2195 1293 quidquid
2212 1256 2248 1283 est
2267 1261 2351 1286 aceti,
2363 1253 2426 1280 dih·
2448 1267 2449 1271 ¹

271 1293 394 1330 fiztellites
400 1291 492 1328 fuisti,
511 1296 553 1327 qui
565 1292 632 1318 illum
640 1296 720 1327 primi
731 1302 809 1329 regem
822 1294 988 1328 appellarent,
1013 1300 1042 1319 vt
1059 1293 1116 1319 adca
1131 1303 1160 1319 ex
1174 1293 1227 1319 illis
1238 1300 1318 1333 ortum
1335 1307 1367 1331 ,30
1381 1300 1472 1329 genter
1483 1296 1600 1328 colatur,
1620 1303 1666 1322 ctc.

238 1357 245 1363 ι
277 1327 308 1360 fit
322 1331 422 1353 initium
436 1331 485 1353 eius
498 1336 543 1353 rei.
599 1329 639 1354 Sic
654 1328 725 1354 Flor.
738 1336 763 1360 2,
777 1330 806 1359 6,
818 1336 852 1363 27
885 1329 954 1354 Hinc
969 1328 1051 1361 illud,
1071 1337 1102 1354 ex
1116 1329 1214 1363 populo
1227 1335 1255 1355 vt
1270 1338 1318 1354 1111-
1417 1338 1433 1357 E
1442 1338 1515 1359 XAC
1525 1338 1544 1358 ο
1554 1339 1574 1357 Ν
1584 1352 1592 1364 ‚
1610 1332 1628 1357 i.
1656 1340 1682 1357 n.
1718 1331 1868 1366 [κω-κύριον
1887 1332 1993 1365 λέπτον]
2031 1328 2147 1357 Secunda
2167 1325 2306 1355 Centaurii
2328 1323 2426 1359 species

297 1364 347 1389 erii
361 1364 460 1389 scutum
474 1369 621 1389 vocaretur.
680 1366 737 1390 Non
748 1363 875 1398 minusfin
896 1366 963 1390 ulare
975 1362 1007 1396 ist
1016 1365 1139 1391 Martian.
1154 1366 1237 1398 Cap.3
1253 1373 1318 1398 μεθ
1381 1375 1396 1393 a
1409 1366 1491 1392 Gallis
1510 1367 1639 1401 appellata
1657 1367 1693 1393 est
1704 1387 1712 1399 ,
1733 1367 1860 1401 quoniam
1882 1367 1973 1393 omnia
1997 1366 2065 1393 mala
2085 1364 2276 1391 medicamenta
2298 1367 2391 1396 potum
2408 1367 2425 1386 e
2460 1391 2463 1397 .

302 1399 353 1425 ima
362 1418 371 1431 ,
399 1413 443 1418 —-—
469 1406 500 1424 ex
512 1408 563 1433 qua
577 1399 679 1425 scabros
692 1399 780 1425 demes
808 1414 853 1419 —
877 1374 934 1426 seni
949 1399 1060 1434 quadam
1074 1401 1211 1426 attritione
1225 1409 1317 1434 purga·
1381 1410 1493 1436 corpore
1505 1403 1591 1437 exigat
1604 1412 1651 1436 per
1663 1403 1762 1429 aluum.
1815 1403 1923 1429 Dicitur
1936 1408 1962 1429 et
1974 1402 2019 1428 Fel
2033 1408 2136 1433 terrae,
2162 1399 2198 1426 ob
2213 1398 2342 1433 infignem
2354 1403 2426 1423 ama-

276 1433 330 1460 bat.
384 1435 414 1459 Et
427 1433 520 1460 Pallad.
535 1434 594 1460 061.
610 1442 648 1468 17,
664 1443 673 1460 1
698 1435 733 1460 Ex
747 1443 828 1460 canna
839 1435 950 1468 agitabis
960 1442 1007 1469 pro
1020 1436 1138 1462 Ablatiuo
1151 1433 1317 1467 instrumenti.
1378 1438 1533 1465 titudinem.
1569 1439 1635 1464 Plin.
1649 1445 1691 1471 25,
1704 1440 1730 1464 6.

275 1466 298 1532 ἒ
318 1476 330 1501 3
365 1469 409 1495 Ad
425 1470 529 1495 calorum
543 1470 705 1505 japorutnqiee
721 1468 903 1504 pcrmzstioncm
915 1470 1037 1505 refertur,
1056 1480 1080 1497 v.
1093 1481 1119 1507 g.
1140 1471 1206 1497 Plin.
1227 1479 1272 1503 12,
1293 1479 1316 1503 ¹3
1332 1480 1360 1506 35
1416 1480 1433 1500 E
1444 1481 1462 1500 x
1471 1479 1631 1500 Acalric
1643 1480 1678 1505 O,
1700 1472 1752 1498 vid.
1776 1478 1842 1499 Exs
1853 1479 2057 1505 ACR1F1c0‚
2083 1477 2106 1498 et
2134 1480 2193 1506 quae
2209 1468 2301 1504 statim
2325 1466 2356 1493 ab
2380 1465 2426 1492 illo

300 1503 419 1530 andicans
434 1513 447 1530 e
461 1504 531 1530 rufo.
582 1506 613 1531 Et
626 1513 660 1537 ις,
673 1513 703 1536 30
729 1504 815 1531 Baccis
828 1514 842 1530 e
854 1505 933 1539 nigro
945 1505 1016 1531 rufis.
1072 1508 1103 1532 Et
1116 1515 1158 1539 21,
1174 1515 1197 1532 21
1219 1507 1317 1533 Heme·
1380 1509 1453 1535 verbo
1468 1508 1497 1534 de
1510 1509 1561 1534 illis
1573 1508 1740 1544 disputamus,
1760 1516 1819 1542 quae
1833 1509 1862 1534 ab
1874 1509 1889 1534 S
1903 1511 2051 1543 incipientia
2067 1509 2104 1534 Ex
2116 1507 2167 1541 fibi
2175 1505 2314 1540 praefixum
2325 1502 2426 1534 habent,

275 1540 385 1567 rocalles
406 1539 531 1574 pallidum
551 1548 565 1565 e
586 1539 669 1566 viridi
688 1540 787 1566 folium
809 1539 895 1566 habet.
950 1540 1019 1566 Add.
1033 1548 1080 1574 37,
1099 1549 1119 1573 ς.
1154 1546 1184 1567 it.
1208 1547 1221 1571 8
1241 1549 1264 1567 ct
1285 1550 1317 1568 11.
1379 1551 1410 1570 vt
1423 1544 1550 1575 Exsanio,
1565 1542 1704 1577 Exsanguis
1723 1549 1767 1568 etc.
1810 1543 1887 1569 Verbo
1908 1545 2035 1579 pleraque,
2049 1543 2131 1578 ficati
2150 1544 2217 1577 usum
2235 1539 2384 1566 MSStorum
2401 1541 2427 1564 ee

274 1578 378 1610 itemque
395 1583 429 1606 12,
442 1583 464 1606 13
478 1582 500 1600 ει
515 1584 552 1608 14.
573 1585 601 1601 ac
615 1584 649 1607 13,
664 1584 688 1607 9.
761 1574 842 1607 Idm,
858 1581 871 1605 8
897 1574 1076 1608 Chrysocome
1089 1577 1125 1602 est
1138 1577 1227 1603 radice
1240 1577 1317 1611 nigra
1374 1583 1515 1614 primorum
1530 1578 1666 1610 editorum,
1681 1578 1766 1604 damus
1776 1577 1831 1610 fine
1843 1579 1872 1609 S,
1893 1586 1921 1604 vt
1931 1578 2022 1611 statim
2036 1583 2191 1605 Exahvio.

277 1619 308 1636 ex
322 1610 423 1635 austero
438 1609 516 1635 dulci.
570 1612 600 1636 Et
615 1619 647 1642 11,
661 1618 685 1642 ις
713 1611 747 1636 Ex
760 1610 831 1636 dulci
846 1620 913 1638 acre.
982 1611 1059 1647 Apud
1074 1612 1144 1638 ICtos
1157 1622 1182 1638 υ,
1196 1621 1222 1648 g.
1241 1613 1317 1639 Pom·
1417 1618 1434 1641 Ε
1444 1621 1462 1640 x
1472 1620 1546 1641 ACT
1557 1621 1567 1639 1
1577 1619 1596 1639 o
1607 1633 1615 1646 ‚
1635 1619 1803 1645 EXACTOR,
1824 1619 1979 1641 EXACTVS.
2007 1613 2065 1640 Vici,
2085 1617 2194 1639 EleO·
2361 1641 2368 1646 ι

278 1645 373 1679 ponius
387 1653 417 1670 ex
438 1644 535 1670 Sabino
546 1644 675 1680 fignificat
695 1646 854 1679 Pomponius
875 1649 902 1671 in
920 1649 1048 1672 annotatis
1067 1647 1101 1673 ad
1119 1648 1248 1675 Sabinum:
1277 1647 1361 1682 Jic40
1420 1655 1437 1675 E
1449 1648 1522 1675 ΧᾸΟ
1535 1655 1584 1675 νο
1596 1669 1603 1681 ,
1622 1649 1665 1681 ui,
1685 1651 1775 1679 utum,
1796 1651 1849 1675 ere.
1890 1649 1967 1676 Valde
1995 1658 2063 1675 acuo.
2100 1648 2166 1674 Plin.
2186 1654 2228 1678 34,
2250 1653 2281 1678 14
2315 1643 2422 1676 anpe

278 1680 416 1707 Iauolenus
436 1688 467 1705 ex
487 1679 577 1705 Caffio.
635 1679 692 1705 Vid.
708 1680 812 1713 Brisson.
826 1681 855 1707 de
874 1683 904 1707 V.
919 1682 942 1708 S.
960 1682 984 1707 h.
1000 1691 1025 1708 v.
1182 1680 1202 1719 fl
1225 1686 1243 1709 6
1278 1684 1315 1709 Ex
1381 1693 1465 1718 quum
1479 1685 1507 1711 in
1519 1685 1671 1711 exacuendo
1684 1684 1784 1710 oleares
1798 1691 1868 1710 cotes
1881 1691 1907 1711 et
1918 1685 2041 1719 aquariae
2059 1692 2143 1718 aeque
2160 1681 2289 1712 differant.
2357 1677 2422 1703 Exa-

277 1725 330 1741 cum
344 1717 407 1741 alias
414 1714 581 1750 fiaecceſjionem
595 1715 731 1749 quandam,
753 1722 780 1741 vt
794 1716 865 1746 Post,
881 1715 1019 1752 fignificat.
1061 1716 1118 1743 Vid.
1134 1716 1170 1742 Ex
1186 1718 1235 1743 illo
1249 1719 1317 1750 Die,
1381 1728 1459 1746 cuere
1478 1721 1603 1746 corticem
1622 1721 1698 1746 Varr.
1711 1719 1743 1746 de
1756 1721 1786 1746 R.
1803 1720 1834 1746 R.
1850 1728 1871 1751 1,
1885 1728 1924 1752 41.
1996 1721 2070 1754 Virg.
2084 1720 2182 1752 Georg.
2201 1726 2222 1749 3,
2236 1720 2277 1748 233
2315 1713 2422 1752 Dente?-

276 1751 314 1777 Ex
327 1750 375 1776 illo
389 1750 543 1784 Tempore,
567 1750 602 1776 Ex
616 1749 754 1782 Calendis,
770 1757 815 1776 cte.
851 1757 901 1776 tum
909 1753 1066 1787 praesertim,
1079 1752 1122 1777 vbi
1129 1752 1156 1777 de
1163 1751 1317 1788 magistrati-
1382 1763 1433 1787 que
1468 1755 1611 1780 Sabellicus
1624 1755 1728 1781 exacuit
1741 1757 1789 1781 sus.
1862 1756 1907 1781 Sil.
1921 1763 1949 1789 7,
1964 1764 2008 1788 142
2040 1756 2187 1788 Miscetque
2207 1756 2334 1777 exacuens
2348 1755 2424 1774 vam!

276 1785 409 1819 bui-sermo
423 1784 464 1817 est.
535 1785 606 1810 Caes.
615 1786 642 1811 B.
651 1786 679 1811 C.
689 1794 708 1817 1,
718 1794 749 1811 22
770 1785 849 1818 Quod
861 1786 1027 1819 prouinciam
1034 1787 1189 1820 Hispaniam
1202 1797 1230 1812 ex
1245 1788 1318 1813 Prae·
1381 1789 1413 1814 ad
1431 1789 1570 1814 conamina
1590 1796 1714 1815 mentem.
1785 1790 1841 1815 Cic.
1853 1790 1885 1815 de
1898 1791 1990 1824 Legib.
2004 1800 2027 1823 3,
2040 1799 2065 1816 21
2092 1791 2161 1822 Qus
2182 1794 2297 1822 vnquam
2311 1789 2366 1811 tam
2379 1791 2425 1809 aue

277 1826 336 1846 tura
349 1819 490 1845 habuerat:
524 1819 702 1852 nempestatim
715 1830 730 1846 a
743 1819 890 1857 magistratu
906 1824 933 1846 in
953 1822 1011 1848 vrbe
1022 1820 1087 1858 gesto
1095 1821 1208 1856 solebant
1220 1825 1246 1847 in
1256 1829 1317 1856 pro·
1329 1830 1363 1856 45
1383 1823 1448 1855 dax,
1467 1830 1519 1849 tani
1540 1824 1665 1848 inimicus
1686 1823 1766 1849 nobis
1785 1824 1888 1855 fuisset,
1906 1831 1934 1849 vt
1954 1826 2082 1858 cogitaret
2101 1831 2219 1857 vnquam
2245 1821 2277 1846 de
2296 1819 2425 1858 63111119-

276 1857 385 1881 vinciam
400 1856 445 1879 ire.
503 1854 533 1878 Et
553 1863 574 1879 c.
588 1859 616 1885 85
646 1856 677 1880 In
697 1856 722 1880 se
743 1856 802 1882 iura
820 1856 1018 1890 magistratuum
1037 1857 1210 1887 commutari,
1235 1866 1268 1883 ne
1287 1867 1317 1884 ex
1382 1858 1435 1884 stro
1450 1858 1648 1890 labefactando,
1668 1858 1716 1890 fisi
1736 1867 1888 1884 mucronem
1910 1859 2027 1893 aliquem
2040 1858 2232 1885 Tribunitium
2245 1854 2383 1881 exacuiffet
2396 1862 2425 1879 in

276 1896 397 1925 praetura
410 1895 434 1914 et
448 1887 596 1919 consulatu,
616 1894 645 1914 vt
658 1889 760 1922 semper
778 1903 822 1910 ·—-
845 1892 873 1916 in
885 1892 1187 1924 prouinciasmittantur.
1261 1893 1317 1920 Cic.
1383 1895 1447 1919 nos?
1518 1894 1621 1927 Spicula
1634 1900 1763 1919 exacuunt
1775 1894 1866 1919 rostris
1885 1894 1958 1928 Virg.
1972 1894 2070 1928 Georg.
2083 1904 2112 1928 4,
2125 1902 2166 1926 74.
2237 1891 2310 1917 Idem
2326 1888 2424 1922 Georg.

275 1934 324 1960 pro
338 1925 489 1955 Muraen.1;
509 1932 530 1949 c.
547 1930 563 1957 7
592 1923 661 1948 Cum
681 1924 833 1956 amplissime
852 1931 932 1958 atquc
950 1925 1124 1951 honestiffime
1143 1935 1175 1950 ex
1194 1933 1317 1959 praetura
1382 1936 1403 1956 1,
1417 1930 1467 1958 264
1485 1928 1618 1953 Exacuunt
1640 1929 1687 1953 alii
1707 1929 1809 1959 vallos,
1827 1930 1968 1962 sui-casque
1987 1929 2120 1955 bicornes.
2138 1931 2156 1954 i.
2176 1928 2328 1961 Repurgant
2343 1931 2369 1950 et
2382 1933 2424 1950 re-

275 1960 469 1995 triumphafl'et,
492 1961 509 1984 i.
521 1958 548 1984 ob
563 1956 705 1990 victoriam,
720 1967 790 1993 quam
803 1956 1012 1993 postpraeturam
1027 1962 1053 1983 in
1063 1962 1197 1992 prouincia
1210 1967 1321 1994 reform·
1381 1961 1499 1986 formant
1513 1962 1541 1986 in
1554 1962 1723 1993 altitudinem
1737 1962 1882 1994 pristinam.
1899 1964 2015 1988 Seruius.
2086 1965 2195 1988 Acetum
2208 1969 2352 1991 exacuere,
2370 1959 2425 1987 vid.

275 2000 324 2023 vit.
396 1995 450 2021 Cic.
465 1994 537 2020 Brut.
551 2002 611 2025 c.92
633 1994 667 2019 Ex
681 1993 816 2019 consulatu
829 1992 965 2027 profedius
979 1993 1050 2018 estin
1058 1993 1182 2019 Galliam.
1254 1995 1316 2021 Liu.
1333 2005 1365 2030 50
1382 2002 1535 2022 ACETVM.
1607 1996 1697 2022 Aciem
1712 1996 1868 2026 oculorum,
1888 1997 1941 2023 vid.
1963 2003 2062 2024 ACIES.
2133 1996 2301 2024 Nasturtium
2320 1996 2423 2023 exacuit
2457 2021 2460 2027 ,

275 2040 304 2064 4,
316 2040 340 2063 31
353 2037 394 2065 pr.
418 2029 539 2056 Tribuni
552 2029 666 2054 militum
681 2028 819 2055 Consulari
829 2028 952 2062 potestate
966 2034 1080 2063 quatuor
1094 2029 1174 2055 creati
1184 2029 1256 2062 sunt,
1277 2030 1315 2056 T.
1379 2031 1511 2057 animuin:
1530 2030 1555 2057 h.
1570 2040 1589 2057 e.
1610 2032 1704 2057 Irrirat
1711 2038 1734 2056 et
1742 2032 1993 2067 pungitfacultatem
2005 2034 2144 2066 animalem,
2156 2035 2255 2068 quaein
2267 2031 2362 2058 cerebro
2379 2029 2420 2065 est.

276 2067 403 2100 Qiintius
417 2067 516 2091 Pennus
534 2073 564 2090 cx
582 2064 716 2090 consulatu
743 2063 895 2098 (interiet-70
908 2071 988 2090 tamen
1001 2065 1087 2098 anno)
1114 2066 1143 2091 C.
1160 2065 1254 2091 Furius
1269 2074 1316 2092 etc.
1386 2066 1455 2093 Vnde
1475 2070 1548 2093 etiam
1566 2077 1581 2093 a
1594 2066 1703 2092 naribus
1722 2067 1878 2101 torquendis
1896 2065 2006 2101 dicium,
2024 2067 2089 2104 quod
2103 2066 2305 2101 sternutamenta
2322 2069 2417 2095 excitet.
2456 2072 2458 2082 ¹

277 2104 308 2129 Et
325 2111 361 2134 22,
375 2110 410 2134 49
444 2101 486 2127 Ne
499 2107 542 2126 aut
556 2109 614 2126 reus
630 2100 726 2126 iterum
740 2108 753 2125 e
767 2099 900 2126 consulatu
922 2099 983 2126 fim:
1019 2109 1162 2135 quamquam
1182 2101 1223 2127 hic
1235 2099 1316 2136 potest
1380 2102 1446 2129 Plin.
1459 2111 1503 2135 20,
1516 2110 1550 2134 13.
1621 2103 1688 2128 Hor.
1703 2102 1735 2128 de
1748 2103 1813 2129 Arte
1825 2103 1898 2129 Po'e't.
1912 2111 1962 2137 403

276 2140 350 2164 etiam
363 2140 466 2163 materia
479 2135 730 2166 criminisjuditam*‚
748 2142 775 2161 vt
789 2143 830 2169 27,
843 2144 876 2168 34
907 2136 944 2161 M.
965 2135 1058 2161 Liuius
1078 2141 1133 2162 crat
1154 2136 1244 2162 multis
1256 2143 1316 2162 ante
1637 2153 1682 2158 ——
1708 2138 1765 2165 Post
1784 2138 1831 2164 hos
1850 2138 1958 2173 insignis
1977 2139 2112 2166 Homerus

276 2173 351 2200 annis
365 2180 395 2198 ex
413 2172 547 2197 consulatu
559 2171 651 2206 populi
664 2171 766 2197 iudicio
780 2171 932 2197 damnatus:
969 2171 1033 2206 quod
1051 2171 1128 2206 ipsum
1142 2169 1222 2206 potest
1242 2175 1317 2198 etiam
1331 2175 1361 2201 55
1535 2173 1709 2209 Tyrteusque
1729 2183 1814 2201 mares
1834 2175 1936 2201 animos
1958 2175 1988 2201 in
2007 2175 2106 2202 Martia
2125 2174 2195 2202 bella

275 2211 303 2234 in
315 2209 366 2234 loco
377 2207 502 2233 Ciceronis
510 2214 558 2241 pro
567 2209 688 2233 Muraena
703 2208 781 2232 intelli
801 2209 820 2233 i.
875 2206 923 2233 Sed
934 2207 984 2232 alia
999 2208 1051 2232 loca
1059 2211 1122 2242 Jnnt
1134 2207 1250 2238 indubia,
1285 2214 1316 2233 vt
1535 2209 1658 2236 Versibus
1678 2210 1790 2237 exacuit.

277 2244 392 2277 Liu.40,
407 2250 436 2275 25
447 2249 488 2277 pr.
521 2242 550 2268 L.
571 2242 699 2268 Aemilius
717 2243 777 2268 Paul
790 2251 818 2268 us
836 2248 979 2276 prorogato
997 2251 1026 2267 ex
1041 2242 1184 2268 Consulatu
1200 2243 1315 2277 imperio
1381 2243 1462 2271 Ouid.
1475 2253 1507 2271 ex
1522 2246 1606 2271 Ponto
1622 2255 1641 2278 ι,
1657 2255 1694 2279 10,
1711 2255 1735 2279 13
1770 2247 1835 2273 Non
1851 2252 1939 2273 tamen
1952 2251 2059 2273 exacuet
2072 2251 2178 2280 torpens
2197 2243 2275 2278 sapor
2290 2244 2339 2270 iste
2352 2244 2422 2278 pala·

277 2286 323 2305 etc.
360 2286 388 2304 vt
400 2287 451 2311 40,
468 2286 476 2303 1
511 2277 561 2303 Cui
575 2286 604 2303 ex
619 2278 761 2303 Consulatu
776 2284 946 2312 prorogatum
961 2278 1102 2312 imperium
1117 2283 1180 2304 erat.
1254 2279 1314 2305 Liu.
1381 2285 1446 2306 tum.
1519 2281 1653 2308 Exacuunt
1670 2283 1755 2308 visum
1784 2282 1915 2309 scarabaei
1937 2281 2054 2312 virides,
2085 2282 2110 2307 h.
2128 2290 2148 2306 e.
2168 2280 2373 2314 Perspicaciorem
2397 2286 2422 2306 et

277 2323 321 2346 10,
342 2321 354 2346 ς
390 2313 486 2339 Consul
507 2321 536 2338 ex
557 2313 694 2339 Dit‘latura
713 2313 796 2339 faffins
815 2314 851 2340 M.
871 2313 999 2339 Valerius.
1052 2315 1096 2340 ΑΙ.
1117 2322 1147 2339 ex
1170 2313 1316 2341 Dictatore.
1379 2319 1461 2352 magis
1479 2324 1575 2342 acutum
1587 2317 1693 2344 reddunt
1708 2318 1774 2343 Plin.
1788 2326 1828 2350 29,
1841 2319 1866 2343 6.
1936 2317 1978 2343 Ira
1990 2315 2082 2342 exacui
2103 2315 2171 2350 Nep.
2185 2323 2223 2347 19,
2235 2324 2264 2348 4,
2281 2323 2302 2340 ι.
2370 2315 2420 2342 Ex-

276 2348 370 2376 Vellei.
384 2357 410 2380 2,
422 2357 447 2381 33
455 2356 497 2383 pr.
527 2349 582 2381 Qii
596 2354 654 2374 ante
668 2349 764 2382 septem
778 2357 858 2375 annos
871 2357 901 2374 ex
914 2349 987 2375 COS.
1001 2349 1107 2375 sortitus
1121 2348 1221 2382 Afiam,
1245 2353 1263 2376 i.
1286 2359 1315 2376 ex
1328 2350 1363 2374 60
1381 2360 1473 2377 acuere
1492 2352 1624 2387 aliquem,
1642 2360 1692 2388 pro
1713 2355 1837 2384 Incitare,
1855 2352 2018 2388 inflammare.
2052 2351 2165 2386 Metaph.
2179 2351 2263 2385 sumta
2282 2349 2312 2374 ab
2329 2352 2364 2376 iis
2381 2359 2418 2376 re-

276 2384 435 2416 Consulatu,
460 2383 525 2419 quod
535 2392 564 2409 ex
578 2384 692 2410 Consule
711 2384 809 2419 qnidam
822 2385 924 2420 legunt,
947 2391 975 2410 ut
989 2386 1056 2419 apud
1073 2385 1144 2411 Caes.
1161 2385 1189 2411 B.
1206 2386 1236 2412 C.
1253 2394 1275 2418 i,
1290 2394 1314 2418 31
1379 2387 1433 2419 bus,
1445 2397 1504 2422 quae
1516 2388 1572 2414 dum
1585 2396 1699 2415 exacutae
1708 2389 1787 2424 sunt,
1810 2391 1890 2424 magis
1899 2393 2025 2422 pungunt.
2060 2386 2117 2413 Cic.
2134 2387 2206 2412 Fam.
2220 2393 2258 2416 10,
2272 2391 2310 2416 23.
2342 2384 2414 2417 Idem

276 2419 356 2452 Qiod
372 2420 460 2452 paucis
474 2427 532 2445 ante
547 2420 621 2445 annis
634 2428 664 2445 ex
678 2427 798 2453 practura
812 2428 867 2446 eam
883 2420 1047 2453 prouinciam
1061 2420 1229 2453 obtinuerat,
1261 2428 1314 2454 unt,
1380 2422 1412 2448 de
1427 2423 1501 2449 Orat.
1517 2432 1537 2456 1,
1551 2429 1596 2456 258
1624 2424 1681 2451 Nec
1693 2424 1775 2459 magis
1791 2423 1822 2449 ad
1832 2432 1876 2450 eos
1891 2422 2072 2454 deterrendos,
2085 2421 2199 2456 quinon
2213 2419 2319 2454 possent,
2334 2427 2412 2455 quam
2423 2433 2431 2439 s

292 2458 317 2480 ui
338 2456 422 2490 legunt
439 2456 569 2481 Praetor-e.
628 2457 669 2481 Ita
688 2458 761 2481 ctiam
775 2456 833 2481 Val.
849 2457 918 2481 Max.
931 2464 959 2487 3,
975 2463 1007 2489 7,
1022 2458 1038 2481 6
1069 2457 1111 2482 vbi
1129 2457 1199 2482 hodie
1216 2467 1226 2483 c
1245 2460 1313 2488 itur,
1376 2457 1408 2484 ad
1423 2467 1480 2490 vos,
1493 2459 1539 2493 qui
1552 2461 1654 2494 pofl‘etis
1668 2458 1831 2487 exacuendos
1843 2457 2040 2485 accommodaui
2054 2457 2203 2484 orationem
2216 2463 2311 2481 meam.
2357 2454 2413 2482 cic.

274 2464 346 2517 {lam
359 2499 417 2516 cuin
431 2499 461 2516 ex
476 2490 609 2516 consulatu
623 2491 789 2524 prouinciam
803 2490 915 2517 Galliam
929 2491 1072 2521 obtineret,
1080 2492 1226 2519 librimulti.
1264 2493 1312 2518 Ex·
1379 2494 1432 2519 Att.
1449 2502 1485 2523 12,
1499 2502 1526 2527 35
1554 2496 1584 2521 Et
1604 2495 1621 2522 si
1641 2496 1691 2522 tibi
1713 2495 1825 2530 placebit
1839 2494 1871 2521 sic
1884 2503 1962 2529 agere
1975 2493 2007 2519 dc
2022 2494 2110 2525 Fano,
2130 2497 2158 2519 vt
2174 2491 2318 2525 coepimus,
2335 2489 2416 2529 velim

276 2525 414 2552 consul.vel
428 2534 458 2551 ex
474 2526 579 2551 consule
592 2526 695 2558 habent,
714 2526 778 2561 quod
789 2526 913 2552 barbarici
925 2530 977 2552 viri
988 2526 1200 2562 doclipqslulant.
1254 2528 1315 2554 Sue·
1330 2532 1361 2563 65
1378 2528 1519 2555 cohortere
1538 2535 1563 2556 et
1582 2539 1691 2556 exacuas
1711 2530 1854 2557 Cluatium.
1924 2529 2045 2555 Inuicem
2064 2529 2089 2554 se
2109 2527 2209 2554 mutuis
2227 2524 2419 2565 exhortationi>-

275 2560 475 2587 ton.Vitell.c.2
491 2561 587 2587 Lucius
595 2570 625 2586 ex
634 2562 768 2588 consulatu
781 2562 869 2594 Syriae
877 2562 1044 2597 praepositus.
1079 2564 1110 2589 Et
1118 2564 1190 2590 Caes.
1199 2573 1219 2589 c.
1231 2568 1256 2593 18
1276 2565 1314 2590 Ex
1379 2564 1427 2591 bus
1441 2573 1584 2596 exacuere,
1606 2565 1659 2591 vid.
1681 2571 1830 2592 INVICFM.
1900 2563 1991 2590 Claud.
2006 2563 2038 2589 de
2052 2562 2117 2589 Bell.
2132 2562 2240 2589 Gildon.
2256 2568 2303 2594 350
2328 2561 2362 2587 At
2379 2564 2427 2601 rui

276 2596 399 2622 Praetura
414 2596 517 2621 sortitus
537 2597 699 2630 Hispaniam.
759 2599 789 2624 Et
803 2598 868 2632 Aug.
879 2607 921 2630 c.3
947 2599 982 2623 Ex
994 2600 1117 2625 Praetura
1131 2599 1315 2626 Macedoniam
1377 2608 1472 2626 venem
1487 2600 1598 2626 stimulis
1614 2600 1774 2627 immanibus
1788 2598 1891 2626 aemula
1903 2599 1989 2625 virtus
2024 2598 2143 2624 Exacuit.
2216 2597 2271 2637 Cic.
2285 2595 2317 2622 de
2325 2594 2420 2630 Legib.

276 2632 392 2658 sortitus.
464 2631 556 2656 lterum
569 2632 687 2657 Velleius
702 2641 733 2664 2,
748 2638 793 2664 28,
808 2642 819 2664 3
853 2634 886 2659 Ex
907 2634 1052 2660 Consulatu
1069 2634 1206 2661 obtinebat
1221 2635 1314 2669 Hispa·
1379 2644 1400 2667 1,
1413 2637 1447 2661 60
1475 2635 1636 2670 Cultuinque
1655 2635 1766 2663 deorum
1782 2640 1807 2661 et
1820 2643 1910 2669 puram
1929 2634 2086 2668 religionem
2101 2633 2255 2666 susceperit,
2275 2637 2301 2658 et
2313 2639 2431 2660 exacue-,

276 2667 357 2693 niam.
415 2666 446 2691 Et
459 2673 489 2697 2,
503 2673 540 2696 313
555 2673 562 2690 1
597 2666 653 2698 Qui
665 2676 724 2692 cum
738 2668 810 2693 COS.
826 2677 951 2703 perquam
966 2669 1134 2697 laudabiliter
1149 2671 1269 2700 iurasset,
1288 2671 1314 2697 se
1379 2671 1416 2696 rit
1429 2670 1518 2700 illam,
1535 2676 1564 2696 vt
1578 2671 1733 2706 oculorum,
1751 2670 1783 2697 sic
1809 2670 1912 2704 ingenii
1932 2670 2012 2695 etiam
2025 2669 2057 2695 ad
2077 2668 2147 2694 bona
2167 2666 2305 2702 deligenda
2316 2673 2342 2694 et
2357 2666 2423 2694 reii-

277 2702 306 2728 iii
322 2701 421 2727 nullam
434 2700 599 2734 prouinciam
616 2709 646 2725 ex
668 2709 700 2726 eo
719 2702 870 2734 magistratu
890 2704 999 2730 iturum.
1055 2707 1086 2731 Et
1100 2714 1130 2737 2,
1150 2714 1195 2739 59,
1215 2715 1226 2731 2
1261 2707 1313 2733 Hic
1326 2718 1361 2745 70
1377 2705 1469 2732 cienda
1482 2706 1623 2732 contraria.

276 2737 384 2763 Praetor
403 2751 448 2755 —
468 2743 499 2761 ex
511 2744 543 2761 eo
557 2735 658 2761 honore
672 2736 780 2761 sortitus
798 2736 989 2764 Macedoniam.
1042 2741 1101 2775 Egit
1119 2741 1146 2766 de
1165 2743 1209 2767 hoc
1228 2750 1316 2776 genere
1416 2748 1433 2767 E
1443 2743 1603 2768 XAcxiTv
1614 2748 1644 2773 s,
1667 2750 1696 2773 a,
1716 2749 1770 2767 um.
1806 2741 1874 2767 Part.
1912 2740 1977 2766 Plin.
1993 2745 2028 2772 18,
2043 2744 2068 2769 18
2087 2738 2181 2765 Latior
2192 2737 2255 2764 haec
2268 2742 2364 2772 quarto
2376 2745 2422 2772 ge·
2434 2759 2443 2768 δ

279 2773 386 2798 Gronau.
400 2770 457 2806 Olafi
471 2781 496 2805 4,
509 2780 545 2797 20.
598 2772 682 2806 Igitur
697 2772 732 2796 Ex
753 2771 911 2802 Consulatu,
931 2773 967 2797 Ex
981 2774 1117 2806 Praetura,
1135 2776 1171 2800 Ex
1185 2777 1314 2809 Honore,
1377 2776 1454 2808 neri,
1474 2777 1516 2802 sed
1531 2778 1666 2803 exacutior
1681 2777 1710 2803 iu
1726 2785 1881 2803 mucronem
1897 2775 2034 2810 fastigiata.
2056 2774 2138 2802 Hard.
2156 2774 2268 2800 acutior.
2292 2773 2366 2809 Cous.
2379 2781 2421 2806 29,
2435 2798 2437 2802 .

277 2807 314 2833 Ex
329 2806 481 2840 Magistratu
495 2804 630 2841 certafimt
641 2817 649 2831 .-
684 2807 720 2831 Ex
734 2806 862 2835 Consule,
886 2806 1027 2838 etJimilia,
1050 2818 1098 2833 non
1118 2812 1190 2834 item:
1224 2811 1313 2844 quibus
1377 2813 1403 2836 6.
1420 2818 1443 2836 ee
1463 2819 1500 2844 17,
1518 2818 1553 2840 18.
2432 2806 2435 2814 Α

276 2843 440 2877 tamen-fauet
454 2841 526 2867 Caes.
541 2842 568 2866 B.
583 2842 612 2867 C.
627 2850 645 2873 1,
659 2844 694 2874 46
726 2842 763 2874 Q
779 2841 914 2879 Fulginius
932 2850 963 2867 ex
984 2842 1071 2875 primo
1084 2843 1184 2869 hastato
1200 2844 1313 2878 legionis
1414 2852 1514 2872 EXAC
1524 2853 1593 2872 VT1
1603 2852 1639 2878 o,
1658 2847 1726 2874 onis.
1744 2846 1765 2872 f.
1801 2833 1867 2873 pun..
1882 2853 1919 2881 17,
1934 2855 1964 2880 14
1984 2845 2086 2873 Calami
2098 2845 2219 2872 exacutio
2230 2842 2373 2870 medullam
2384 2834 2439 2870 new*

278 2877 335 2904 XV.
392 2878 430 2902 At
444 2875 615 2912 idJiaespeHum
629 2879 715 2902 merito
728 2878 822 2911 Lipflo,
844 2877 959 2912 nccfiitis
972 2876 1084 2910 asterium
1094 2897 1102 2909 ,
1127 2887 1169 2903 nec
1183 2879 1254 2904 valde
1266 2880 1312 2905 huc
1325 2888 1357 2916 73
1376 2879 1466 2906 nudet.
2435 2891 2438 2894 ’

277 2912 378 2938 videtur
393 2915 528 2938 conuenire.
585 2913 638 2937 Hoc
651 2912 745 2947 quidem
758 2912 856 2938 dubium
871 2922 917 2938 non
932 2910 964 2944 est
974 2932 981 2943 ,
1006 2913 1064 2938 hinc
1080 2919 1135 2939 orta
1154 2912 1196 2946 effe
1215 2918 1315 2940 nomina
1415 2922 1431 2941 E
1440 2922 1457 2941 x
1468 2921 1488 2941 Α
1498 2921 1516 2940 D
1528 2921 1548 2940 V
1561 2921 1576 2940 E
1586 2922 1604 2942 R
1614 2923 1627 2942 S
1635 2922 1655 2942 V
1665 2923 1689 2942 Μ
1698 2936 1706 2949 ,
1735 2923 1758 2943 et
1787 2923 1803 2943 Ε
1815 2925 1833 2944 x
1843 2924 1864 2944 A
1876 2923 1893 2943 D
1905 2923 1925 2943 V
1937 2924 1953 2944 E
1961 2923 1980 2942 R
1989 2923 2002 2943 s
2011 2923 2032 2942 V
2041 2923 2063 2942 S.
2096 2914 2163 2941 Adu.
2201 2913 2268 2940 Idem
2294 2913 2359 2949 quod
2384 2921 2428 2950 σι,
2471 2942 2473 2948 ,

271 2948 385 2984 sequiori
399 2948 497 2982 saeculo
520 2946 673 2982 vsttatiJJima
701 2948 867 2979 lii-consulis,
898 2947 1108 2980 Excubicularii,
1142 2949 1315 2983 Exniagistri,
1379 2949 1504 2982 aduerso,
1524 2950 1571 2984 ’l'fi
1589 2951 1652 2986 quod
1670 2956 1743 2978 ctiam
1757 2954 1851 2979 Datiuo
1869 2959 1892 2978 rt
1912 2951 2061 2986 Accusatiuo
2081 2952 2203 2984 iungitur.
2249 2949 2316 2975 Ter.
2340 2949 2426 2976 Adel.=

277 2982 444 3017 Erpraefetffi
458 2983 607 3016 praetorio,
624 2982 822 3017 Exquaefloris,
851 2983 992 3009 Extribuni
1008 2983 1073 3018 apud
1086 2984 1158 3010 [Ctos
1168 2985 1316 3020 praesertim
1380 2993 1408 3018 4,
1422 2994 1442 3014 2,
1456 2993 1488 3017 43
1514 2986 1588 3019 Apud
1609 2987 1693 3021 ipsum
1714 2988 1798 3014 lacum
1817 2988 1853 3014 est
1872 2987 1998 3022 pistrilla,
2018 2991 2044 3011 et
2063 2985 2234 3010 exaduersum
2253 2984 2288 3010 est
2306 2983 2417 3012 fabrica.

276 3018 382 3051 vfirata,
410 3027 510 3053 quorum
527 3015 700 3044 Auflomates
712 3018 872 3053 suppeditare
887 3017 967 3052 potest
986 3018 1091 3052 Briffon.
1110 3019 1137 3045 ae
1161 3021 1190 3045 V.
1205 3021 1229 3047 S.
1258 3022 1315 3047 Voc.
1382 3022 1412 3046 Et
1432 3020 1538 3046 Phorm.
1552 3030 1571 3052 1,
1590 3030 1615 3053 2,
1631 3030 1666 3056 47
1705 3023 1881 3050 Exaduersum
1903 3023 1928 3048 ei
1952 3022 2012 3047 loco
2032 3020 2180 3046 Tonstrina
2202 3025 2258 3046 erat
2278 3019 2415 3054 quaedam-

277 3054 313 3081 Ex
333 3063 358 3079 n.
381 3061 406 3087 7.
469 3053 581 3088 Pluscula
594 3056 642 3079 iam
663 3053 762 3079 dederat
781 3054 847 3079 Prtr.
869 3054 980 3080 Crinitus
1001 3054 1029 3079 <le
1049 3056 1114 3080 Hon.
1134 3056 1202 3091 Disc.
1223 3065 1263 3088 10,
1281 3067 1316 3083 12.
1334 3059 1365 3084 80
1382 3056 1503 3082 Priscian.
1519 3066 1543 3090 p.
1559 3065 1619 3091 1037
1645 3058 1820 3085 Exaduersum
1841 3059 1866 3084 ei
1886 3058 1945 3084 loco
1966 3065 2014 3091 pro
2031 3054 2184 3082 Aduersum.
2221 3055 2288 3082 Gell.
2305 3063 2332 3090 7,
2345 3065 2358 3086 7
2384 3057 2416 3082 ΙΙΙ
2434 3053 2438 3057 ’

278 3087 627 3124 Multafieppcditarepqffimt
641 3089 900 3122 InscriptioiiesVett.
914 3099 970 3125 ug.
985 3090 1019 3115 Ex
1029 3090 1157 3116 Comitib.
1194 3091 1229 3117 Ex
1239 3093 1316 3119 Com.
1381 3100 1414 3117 eo
1434 3091 1504 3126 quod
1525 3101 1572 3117 nos
1587 3093 1748 3128 Eaadurrstam
1767 3094 1894 3126 dicimus,
1913 3091 2065 3124 (Annianus
2078 3092 2173 3122 Ρθὸῐᾶ)
2194 3090 2330 3117 secundam
2341 3091 2416 3124 sylla·

279 3124 344 3151 Ord.
383 3125 419 3149 Ex
437 3124 565 3156 Consule,
590 3125 625 3150 Ex
640 3124 780 3150 Consulari
797 3125 951 3150 Prouinciae
964 3125 1102 3151 Vieimens.
1142 3127 1175 3151 Ex
1196 3127 1316 3154 Correclu
1382 3126 1442 3153 bam
1456 3127 1551 3154 debere
1564 3127 1622 3153 acui
1637 3128 1813 3160 existimabat,
1829 3129 1954 3164 quoniam
1968 3135 2033 3158 vna,
2053 3135 2106 3152 non
2120 3127 2184 3153 duae
2196 3127 2273 3153 essent
2286 3126 2418 3154 orationi·

278 3160 314 3186 Ex
330 3160 479 3185 Decurione
493 3166 515 3185 et
530 3161 558 3185 id
569 3169 644 3195 genus
654 3161 779 3195 plurima,
806 3159 855 3194 secl
871 3163 945 3186 ctiam
964 3161 1089 3187 Exconsul
1100 3181 1107 3193 ,
1133 3162 1318 3196 Expraescclus
1382 3169 1476 3196 partes.
1515 3164 1600 3198 Atque
1614 3163 1650 3189 ita
1665 3170 1787 3198 oportere
1800 3164 1868 3198 apud
1882 3163 2043 3190 Terentium
2057 3162 2118 3196 legi,
2131 3162 2250 3194 dicebat,
2264 3162 2291 3188 in
2305 3161 2346 3188 his
2358 3170 2418 3189 ver.

281 3202 327 3221 etc.
364 3204 422 3230 quae
441 3195 537 3221 Indices
562 3195 697 3228 «flendum.
750 3195 824 3231 Conf.
844 3198 939 3221 omnino
957 3197 1049 3222 Rittcr.
1069 3197 1102 3222 all
1122 3198 1178 3232 ch.
1201 3199 1317 3225 nourllar.
1382 3197 1450 3224 fibus
1468 3205 1512 3224 etc.
1566 3198 1647 3224 Plaut.
1662 3199 1752 3226 Bacch.
1767 3209 1793 3232 4,
1807 3208 1834 3234 7,
1846 3207 1876 3234 37
1908 3197 1996 3224 Video
2014 3198 2182 3224 exaduersum
2199 3197 2369 3225 Pistoclerum
2389 3202 2416 3225 et

281 3230 411 3262 Theodosii
420 3240 439 3259 1,
455 3241 466 3256 1
480 3230 578 3265 post.
629 3232 753 3257 Caeterum
766 3240 792 3256 ea
805 3234 902 3256 nomina
918 3233 990 3256 etiam
1004 3231 1150 3257 alisiunt‘lim
1171 3237 1317 3266 enunciata,
1331 3238 1360 3265 85
1382 3233 1547 3260 Bacchidem.
1603 3234 1658 3260 Cic.
1673 3235 1703 3260 de
1719 3235 1808 3261 Diuin.
1826 3244 1834 3261 1
1850 3244 1871 3261 c.
1885 3242 1917 3267 43
1944 3234 1995 3259 Ara
2009 3233 2162 3260 exaduersus
2177 3243 2237 3260 eum
2252 3233 2340 3261 locum
2353 3241 2415 3259 con-

279 3265 314 3291 Ex
330 3265 456 3297 Consule,
475 3273 524 3292 tum
539 3266 574 3292 Ex
595 3266 789 3298 Cubiculariis,
812 3266 847 3292 Ex
862 3266 993 3300 Magistris
1006 3274 1051 3292 etc.
1066 3267 1150 3293 (locent
1166 3268 1317 3301 Brrstbnius,
1382 3270 1478 3296 secrata
1490 3269 1534 3296 est.
1591 3269 1659 3303 Nep.
1675 3279 1695 3299 2,
1709 3279 1730 3301 3,
1744 3279 1762 3302 4
1782 3270 1955 3296 Exaduersuin
1970 3268 2081 3295 Athenas
2100 3269 2200 3295 classem
2219 3268 2416 3295 constituerent.

282 3301 449 3336 Frfsniusquc.
502 3301 559 3328 Vid.
571 3300 708 3336 siparatim
732 3308 748 3327 E
758 3309 775 3328 x
787 3307 804 3327 c
815 3308 834 3327 o
843 3308 864 3327 N
874 3309 887 3328 s
898 3308 916 3327 ν
926 3309 941 3328 L
950 3322 958 3334 ‚
983 3305 1014 3327 it.
1036 3309 1052 3328 E
1062 3310 1079 3329 x
1090 3310 1138 3339 Qv
1147 3310 1166 3329 Α
1178 3311 1192 3329 E
1202 3311 1214 3330 s
1223 3311 1244 3330 'r
1256 3310 1274 3330 0
1287 3312 1314 3331 R.
1380 3305 1411 3330 Et
1425 3310 1448 3336 8,
1463 3314 1488 3337 2,
1502 3312 1517 3339 7
1544 3304 1701 3331 Exaduersus
1713 3305 1913 3336 Thrasybulum
1932 3304 2067 3330 fortissime
2080 3305 2218 3339 pugnasset.
2253 3304 2328 3338 Apul.
2343 3304 2426 3332 Flor..
2446 3320 2447 3323 =

282 3336 370 3362 Omnia
387 3339 483 3375 rayequi
498 3346 546 3362 non
565 3336 597 3369 est
617 3336 695 3369 nostri
713 3335 830 3369 iifflituti.
999 3335 1019 3374 ff
1047 3345 1063 3370 7
1100 3340 1129 3363 ln
1148 3338 1317 3372 compositione
1380 3349 1403 3373 p.
1418 3348 1457 3372 333
1482 3341 1539 3366 Sese
1552 3340 1663 3374 quisque
1682 3340 1853 3367 exaduersum
1866 3341 2081 3375 quamproxime
2096 3340 2216 3366 collocat.
2251 3340 2287 3366 Ex
2301 3339 2413 3366 aduerso

274 3377 357 3406 primo
371 3372 536 3406 obscuramus,
556 3373 646 3407 Epom‘
659 3379 715 3398 ante
728 3373 762 3404 B,
782 3372 882 3403 Ebibo;
916 3379 973 3399 ante
986 3374 1026 3404 D,
1046 3372 1142 3403 Edic03
1177 3375 1211 3405 G,
1236 3375 1315 3407 Egrc-
1374 3375 1426 3401 vid.
1445 3378 1472 3400 in
1491 3382 1529 3402 Ex
1551 3385 1576 3401 n.
1597 3384 1617 3406 3.

280 3405 355 3435 dior,
381 3407 500 3440 Egclidus
514 3418 520 3438 ς
558 3409 567 3433 Ι
589 3408 779 3444 consonantem,
799 3408 899 3439 Eiici03
936 3409 972 3438 L,
1002 3408 1086 3434 Eludo
1101 3419 1108 3439 ς
1145 3409 1183 3442 Μ,
1201 3410 1316 3441 Emitto;
1328 3422 1363 3445 90
1418 3416 1434 3435 E
1444 3418 1461 3437 x
1471 3418 1491 3437 A
1505 3417 1523 3437 D
1537 3417 1555 3435 V
1567 3417 1640 3437 OGA
1651 3418 1700 3438 TV
1710 3418 1722 3437 s
1733 3431 1740 3442 ,
1761 3410 1779 3436 i.
1805 3419 1841 3436 m.
1875 3409 2009 3444 Angustia.
2025 3410 2057 3437 dc
2068 3411 2098 3437 C.
2112 3411 2143 3437 D.
2158 3419 2193 3442 22,
2207 3415 2220 3440 8
2243 3416 2359 3437 memorat
2371 3410 2414 3436 Sa·
2432 3423 2435 3436 ι

282 3440 320 3472 N,
336 3441 441 3471 Enitor3
477 3444 508 3474 R,
528 3444 623 3477 Erigo3
659 3443 874 3505 VCovss'onautem,
893 3443 997 3474 Euado;
1033 3445 1068 3470 Ex
1078 3453 1135 3470 uero
1144 3451 1200 3470 ante
1208 3446 1317 3480 reliquas
1382 3445 1480 3477 lutcin,
1501 3455 1567 3480 quae
1586 3445 1653 3471 facia
1672 3446 1707 3472 est
1722 3444 1878 3472 Innocentio
1894 3445 2059 3473 hxaduocato
2078 3446 2133 3481 (an
2146 3455 2177 3472 ex
2191 3445 2338 3472 aduocato?
2358 3444 2412 3472 vid.
2434 3447 2435 3450 ’

282 3476 383 3507 literas,
402 3477 534 3510 Exaudio,
553 3478 672 3510 Excedo,
696 3480 730 3504 Ex
753 3479 845 3510 aurio,
866 3479 963 3512 Exigo,
988 3479 1115 3510 Exorior,
1135 3480 1246 3514 Expers,
1266 3481 1314 3506 Ex·
1381 3487 1419 3507 Ex
1433 3489 1458 3506 n.
1474 3483 1512 3512 6.)
1533 3481 1652 3507 Vicariae
1666 3481 1854 3515 praefeclurae.

283 3510 376 3542 quiro,
405 3512 512 3544 Exsors,
539 3514 612 3546 (viti.
628 3515 714 3546 EXS.)
740 3514 876 3546 Extuudo,
900 3515 1016 3540 Exundo.
1072 3517 1139 3541 Arm·
1160 3516 1178 3541 F
1195 3514 1316 3550 posterior
1418 3522 1562 3542 EXAEDI
1574 3516 1665 3543 Pico
1677 3536 1685 3548 ,
1715 3521 1765 3542 Ere.
1810 3517 1820 3548 [
1836 3514 2011 3551 οἷνοικοδομέω]
2050 3516 2180 3552 Absoluere
2209 3514 2264 3541 aedi
2283 3516 2422 3542 cationem.'

282 3545 355 3569 llffl'ss
367 3548 394 3584 j’1
409 3547 426 3571 F
439 3554 563 3578 mutatur,
582 3557 609 3574 v!
625 3549 714 3576 Etlicio
724 3569 731 3581 ,
753 3549 862 3576 Effimdo
876 3557 920 3575 etc.
974 3549 1020 3577 Seli
1031 3553 1058 3576 in
1071 3552 1181 3577 columna
1195 3553 1316 3577 Diiiliana
1381 3551 1453 3577 Caes.
1467 3551 1495 3577 Β.
1510 3552 1539 3577 C.
1554 3560 1573 3582 1,
1591 3559 1615 3584 ις
1643 3551 1722 3584 Qiod
1740 3551 1866 3586 oppidum
1881 3552 2010 3578 Labienus
2023 3553 2206 3582 constituero,
2226 3551 2322 3584 suaque
2337 3559 2414 3585 pecu-

282 3579 422 3620 Exfociunt
436 3588 484 3615 pro
498 3582 637 3616 Effugiunt.
699 3587 727 3612 Sc
745 3593 871 3612 aratorum
891 3587 966 3611 aliam
985 3589 1105 3611 rationcm
1125 3585 1183 3618 iste,
1208 3589 1315 3624 exempla
1328 3593 1360 3619 95
1380 3587 1425 3612 nia
1439 3585 1629 3612 aedilicaucrat.
1686 3586 1860 3613 Exaedilicare
1872 3589 1998 3622 templum
2013 3588 2132 3622 Apollini
2151 3585 2205 3613 Cic.
2221 3586 2303 3612 Tusc.
2316 3594 2346 3617 2,
2369 3605 2375 3611 .
2403 3596 2419 3612 .·
2436 3610 2437 3614 ,

275 3617 406 3655 Jupcriora
431 3614 566 3647 ostendunt.
723 3592 745 3657 ἢ
778 3625 791 3650 8
826 3619 1025 3656 significationes
1043 3624 1114 3646 etiam
1134 3625 1160 3647 in
1179 3625 1317 3656 compositis
1380 3622 1462 3656 Super
1477 3622 1545 3648 tecla
1563 3621 1731 3648 exaedificant
1751 3629 1835 3648 turres
1859 3623 1922 3649 Plin.
1939 3633 1976 3656 io,
1991 3631 2029 3657 37.
2103 3623 2157 3649 Cic.
2173 3622 2248 3647 Verr.
2265 3629 2288 3653 ς,
2299 3629 2335 3655 47
2347 3630 2369 3647 c.
2384 3628 2413 3653 ¹9

256 3675 262 3683 ,
282 3649 392 3688 diuersas
406 3651 485 3690 babet.
539 3653 673 3686 simplicem
687 3655 754 3682 illam
768 3663 790 3682 et
800 3652 908 3691 pristiam
921 3656 1007 3691 struat
1021 3659 1047 3682 in
1062 3656 1175 3689 Efferre,
1193 3658 1295 3684 Eiicere
1306 3678 1315 3691 ,
1379 3658 1482 3684 Etenim
1495 3657 1536 3684 vel
1551 3657 1728 3691 Capitolium,
1747 3657 1808 3684 sicut
1822 3658 1887 3692 apud
1901 3660 2013 3685 maiores
2031 3658 2130 3685 nostros
2144 3656 2242 3682 facium
2256 3656 2306 3688 est,
2325 3655 2412 3690 publi-r

282 3684 395 3718 Egred¹2
419 3686 552 3717 humere,
573 3688 722 3723 Expellere,
742 3692 850 3726 Exigere
865 3698 926 3718 caet.
981 3693 1150 3718 Priiaearionrm
1173 3700 1243 3719 notat
1261 3703 1315 3720 cnm
1380 3701 1409 3719 cc
1422 3693 1501 3727 gratis
1515 3692 1612 3719 coactis
1626 3692 1723 3723 fabris,
1746 3694 1885 3728 operisque
1897 3695 2045 3729 imperatis,
2066 3691 2231 3718 exaedificari
2250 3698 2329 3726 atque
2342 3689 2420 3718 effici*

285 3720 610 3760 NominibiaesSubstantiuis,
631 3724 776 3757 Exanimis,
797 3728 902 3759 lkeors,
923 3727 1028 3759 Enodis,
1049 3728 1159 3761 Expers,
1179 3728 1314 3761 Exfilium,
1380 3729 1474 3762 potuit.
1547 3727 1618 3754 Idem
1638 3728 1669 3753 de
1689 3729 1762 3755 Orat.
1778 3738 1797 3760 i,
1814 3732 1860 3762 164
1880 3740 1901 3756 c.
1915 3738 1942 3762 33
1980 3730 2043 3756 Non
2062 3727 2170 3762 granere
2192 3727 2362 3754 exaedificare
2382 3724 2411 3752 id
2430 3752 2433 3754 .

282 3755 438 3797 Exsangtus,
460 3756 575 3797 Exsorsi
606 3760 661 3782 itt-m
674 3769 725 3785 cam
740 3761 897 3795 AdieHim'x,
917 3762 1053 3797 Egelidus,
1075 3763 1190 3793 Edurus3
1225 3771 1249 3790 ee
1261 3774 1314 3791 cum
1324 3768 1369 3786 100
1379 3772 1455 3797 opus,
1468 3763 1539 3798 quod
1559 3763 1701 3789 instituisti.
1774 3765 1887 3791 Mundus
1906 3765 2000 3791 diuino
2019 3762 2128 3790 consilio
2147 3762 2330 3793 exaedificatus
2354 3761 2411 3788 Cic.
2450 3767 2452 3769 ’

285 3790 373 3816 Verba
387 3791 540 3830 lixarmare,
558 3792 689 3832 ltnodffl‘q,
706 3796 850 3830 Etruniae,
871 3799 995 3829 Euirare;
1032 3801 1071 3824 cui
1090 3802 1249 3834 grammatice
1262 3809 1316 3825 con-
1381 3799 1458 3825 Acad.
1474 3808 1501 3831 4,
1516 3801 1560 3824 126
1572 3808 1592 3824 c.
1608 3808 1652 3831 40.
1721 3799 1895 3827 Exaedilicare
1910 3800 2058 3826 inchoatam
2078 3798 2227 3832 ignauiam,
2238 3806 2283 3833 per
2303 3794 2411 3823 transla-
2453 3803 2456 3810 ¹

278 3829 385 3851 trarimn
405 3826 454 3858 est,
468 3830 540 3861 scnju
556 3827 615 3852 idem
631 3828 795 3856 liflcmiuare.
867 3834 957 3864 Finem,
975 3835 1099 3867 Exparta‚
1117 3833 1231 3866 Effoeta,
1249 3835 1315 3861 Exo-
1379 3837 1483 3865 tionem,
1504 3834 1528 3860 h.
1544 3842 1562 3859 e.
1582 3835 1729 3860 Contiuuare
1749 3836 1830 3862 Plaut.
1843 3837 1924 3862 Trin.
1941 3845 1960 3868 i,
1975 3844 1999 3866 2,
2013 3841 2051 3865 93.
2215 3833 2235 3869 ἢ
2254 3841 2266 3858 2
2302 3831 2423 3858 Exaedir

278 3860 382 3887 lescere.
450 3860 653 3902 l²t·›2sel‘l1'o›1cni,¹
666 3863 808 3902 Exaudire,
834 3866 965 3899 Excitare,
992 3869 1164 3901 Ell‘eminare,
1190 3868 1314 3902 Efficere,
1379 3868 1456 3895 ficare
1469 3869 1571 3903 lasciuia
1583 3873 1673 3895 comica
1688 3878 1734 3905 pro
1750 3873 1839 3898 Eut-cre
1854 3872 1935 3897 domo:
1971 3870 2052 3895 l'laut.
2066 3868 2148 3895 Trin.
2162 3876 2184 3903 ς,
2199 3877 2223 3901 2,
2237 3877 2249 3901 3
2278 3868 2347 3894 Nam
2366 3874 2410 3894 eit-.-

278 3895 422 3936 Effingcre,
444 3897 589 3937 Emerum,
608 3897 694 3928 hum,
718 3900 844 3933 Explere,
865 3902 1015 3936 Explicare,
1033 3905 1243 3939 Eiprmiiittere‚
1265 3905 1312 3931 Ex·
1377 3903 1531 3930 aedificasset
1551 3913 1592 3929 mc
1610 3914 1640 3930 cx
1655 3905 1695 3931 his
1712 3906 1862 3938 aedibus,si
1881 3906 1980 3939 absque
1992 3910 2018 3931 te
2031 3904 2118 3936 foret,
2142 3913 2165 3939 q.
2181 3903 2204 3930 d.
2222 3913 2251 3930 cx
2264 3902 2363 3930 aedibus
2374 3907 2409 3928 m!

276 3940 399 3965 quirere,
416 3933 546 3967 Exseqm,
569 3932 730 3965 Extendere,
755 3936 896 3962 Extollere.
1001 3942 1176 3971 Eleuationem,
1198 3941 1310 3975 Exagge-
1323 3938 1487 3975 105fec1ffi’t‚
1500 3946 1529 3966 vt
1543 3939 1732 3974 Expeclorare,
1751 3942 1940 3969 Exterminare.

2279 3978 2408 4001 nimam-
