2479 4225
75 187 159 216 1131ἲ
349 227 354 233 .
472 176 487 215 1
520 228 528 230 ξ

37 659 42 667 “
79 651 113 678 ad
127 650 227 679 bellum
242 660 435 681 commoneant.

32 705 34 707 >
78 694 111 722 37
125 695 147 713 c.
164 696 189 713 12
207 688 333 724 legebatur
344 692 371 715 in
380 693 474 724 primis
485 691 648 726 editionibus,
668 692 712 718 Sin
726 697 813 718 autem
826 691 853 718 id
867 700 944 726 neges
954 712 961 725 ‚
979 693 1064 721 statim
1079 695 1124 721 ab·

45 1289 50 1291 ’
74 1283 178 1315 charis.
193 1299 218 1324 p.
233 1295 277 1320 181.

27 1453 33 1457 .
72 1438 123 1455 nae
136 1430 236 1457 rationi
251 1432 332 1465 Sapor
346 1433 476 1467 Quinem.
488 1443 509 1468 1,
523 1444 562 1468 1ο,
576 1443 602 1471 7.

21 2964 25 2967 Δ
68 2947 116 2974 ista
128 2947 159 2973 fit
171 2948 308 2981 angustior
322 2950 498 2984 iniquiorque
515 2950 646 2982 defensio,
662 2961 755 2986 quam,
774 2960 820 2980 etc.

55 3054 174 3080 vPenates
193 3055 261 3081 Hor.
276 3055 327 3081 od.
340 3064 366 3088 2,
380 3066 407 3089 4,
421 3065 454 3090 15.

30 3298 31 3302 ¹
71 3302 136 3328 Arte
150 3301 208 3326 Am.
223 3309 242 3332 1,
257 3309 305 3332 313.

31 3333 37 3351 ²
70 3333 199 3364 ossolere
213 3335 321 3362 defendi
343 3339 399 3370 Cic.
411 3340 482 3368 Fam.
498 3350 529 3373 11,
545 3350 586 3377 27,
603 3348 636 3373 18.

20 3411 25 3419 ⁸
71 3406 139 3434 dere.

70 3442 144 3470 Non.
159 3451 189 3474 2,
203 3451 270 3475 444.

22 3527 47 3542 γ.
71 3512 215 3547 iniquitate
229 3512 281 3538 loci
296 3512 499 3543 deterrerentur.

25 3797 28 3801 ’
71 3795 143 3822 Ν3111
162 3796 179 3822 si
203 3796 275 3831 quod
294 3797 437 3831 aliquando
455 3798 603 3826 seruierunt
621 3807 769 3836 temporum
791 3807 933 3843 iniquitate
956 3806 1043 3842 preffi,
1061 3814 1108 3835 etc,

45 3934 48 3936 Ὗ
72 3902 145 3934 quod
167 3911 215 3936 ego
233 3911 348 3937 vnquam
362 3912 422 3938 erga
436 3905 564 3931 Venerem
579 3906 670 3940 inique
685 3908 791 3937 fecerim
807 3914 816 3939 ζ

23 3936 36 3976 ,⁷
72 3936 129 3963 rius
145 3937 227 3964 Plaut.
239 3938 314 3972 Epid.
328 3950 352 3972 4,
367 3948 386 3968 1,
401 3946 442 3974 24⁴.

22 51 51 95 ,³:-
82 81 92 86 .«

574 160 757 219 Νι

593 265 760 294 Interccdere
782 266 937 303 inimicitias
954 274 1014 293 cum
1029 266 1122 302 aliquo

502 300 625 337 Persequi
644 302 717 329 Idem
732 303 794 330 Diu.
810 304 884 330 Verr.
898 303 946 340 66..
1022 303 1122 330 Ponere

71 334 118 360 'vel
128 331 261 368 deponere
280 333 336 360 Cic.
349 335 402 361 Att.
416 343 445 368 4,
459 344 491 367 13.
598 338 672 365 Idem
686 339 762 365 Vei-r.
773 346 795 371 5,
808 343 850 368 182
866 337 1029 364 Inimicitiae
1042 339 1100 364 sunt
1113 341 1121 366 ἔ

77 367 220 397 subeantur
233 368 337 395 labores
354 371 363 396 3
397 371 577 405 suscipiantur.
682 374 737 400 Cic.
750 374 802 401 Off.
818 382 839 414 ι,
854 378 867 404 8
889 371 958 399 Nam
973 379 1017 399 aut
1032 373 1121 400 inimi-

78 403 163 436 citias,
178 409 223 430 aut
237 404 367 438 laborem,
379 411 424 433 aut
439 407 536 434 sumtus
549 407 681 444 Suscipere
694 409 798 436 nolunt.

79 445 103 466 et
115 444 149 469 18.
184 454 230 460 -—
265 449 326 467 cnm
345 450 400 476 quo
431 441 500 477 Nep.
515 452 555 478 14,
569 453 604 476 ιο,
619 454 641 471 2.
734 444 832 472 Venire
843 443 876 470 ad
890 443 1045 471 inimicitias
1065 446 1121 473 Cic.

79 472 113 502 ad
127 475 164 508 Q
175 474 258 502 Fratr.
272 484 311 509 29.
329 479 372 512 qui
385 486 500 506 numerus
511 479 573 515 quid
577 479 628 514 Jibi
641 481 717 514 velit,
736 480 824 516 nqscio.
913 480 1014 506 Vocare
1028 481 1058 507 ad
1072 482 1122 508 ini-

98 270 158 289 uam
179 260 295 293 indietae
315 266 343 289 et
363 268 477 298 apertae.

104 297 135 324 ic.
151 305 200 332 pro
213 298 285 325 Cael.
299 306 326 330 3²
340 307 360 325 c.
377 308 411 331 13.

36 521 41 527 *
77 509 192 538 micitias
212 511 268 537 Cic.
284 512 354 538 Fam.
368 520 402 545 11,
416 521 438 546 3.
455 518 457 521 ’

115 550 125 571 1
137 551 159 571 N
172 552 180 571 1
189 552 214 572 M
226 548 238 572 ῑ
247 553 263 573 C
274 553 294 574 Ο
304 567 313 580 ,
332 551 383 574 dre.
420 548 557 584 [ἓχθραίνω
565 570 574 583 ,
588 549 680 584 ἓχᾶρδν
690 550 748 577 ησιιῖ
758 548 836 576 Gloffi
844 549 901 576 Lat.
911 549 956 576 Gr.
965 557 987 576 et
996 551 1041 578 Gr.
1050 551 1122 586 Lab]

77 581 211 612 Inimicum
224 581 323 618 facere.
360 584 428 610 Hor.
450 585 538 611 carm.
561 598 584 619 4,
603 594 639 619 ις,
663 595 694 612 20
721 585 752 612 Et
769 584 875 611 miseras
895 584 1013 612 inimicat
1034 587 1120 614 vrbes.
1136 601 1165 620 10
1182 593 1238 623 ris,
1256 591 1366 617 Initium
1379 597 1483 618 vocatur
1497 599 1504 614 .·
1540 596 1582 620 vt,
1599 590 1710 616 Initium
1725 591 1855 618 orationis
1874 592 1984 626 Quincti
1999 613 2004 619 .
2020 603 2048 627 4,
2062 602 2082 627 1,
2097 603 2115 621 1.

78 615 153 644 Adde
166 616 228 643 Stat.
239 617 332 645 Theb.
346 627 426 652 2,419
445 620 560 649 Hostiles
575 622 714 648 inimicent
726 620 822 647 claffica
834 626 947 653 turmas,
968 623 1026 649 Vet.
1035 623 1122 650 Schol.

507 656 584 692 Apud
596 656 795 692 QCiceronem
808 659 880 682 etiam
895 656 925 682 de
934 658 1124 685 Petit-Consul.

78 723 196 749 alienant
215 725 241 750 se
259 730 285 751 et
304 725 477 753 inimicantur
492 737 497 753 ε
533 727 598 763 quod
619 727 729 754 Corrado
749 734 772 754 e!
790 727 907 754 Lambino
921 727 1060 755 auc'ioribns
1069 729 1124 765 post

77 765 209 785 mutarunt
222 762 275 792 ica,
295 766 320 786 et
334 767 404 787 certe
417 761 547 789 abalienes
556 782 565 794 ‚
585 770 610 790 et
623 762 709 789 statim
718 782 726 795 ,
745 769 770 790 et
783 763 878 798 plures.

77 800 143 820 certe
157 794 282 821 Ciceronis
292 795 383 831 fratre
397 797 510 830 verbum,
530 797 635 831 ostendit
648 800 779 825 Horatius.
868 799 964 826 Auson.
984 800 1062 835 Epist.
1077 810 1121 836 24,

77 830 109 861 63
130 828 214 856 Liuor
225 829 274 856 vbi
288 830 406 858 iste¹tuus
422 829 459 866 (ὁ
475 833 604 868 Nemetis)
618 834 853 868 ferrugineumque
873 843 1004 862 venenum
1018 837 1122 871 Oppor-

77 869 143 891 tuna
158 864 210 891 tuis
224 865 345 893 inimicat
358 867 465 902 peEtora
477 868 553 895 fucis.
639 869 763 897 Sidonius
776 868 863 904 Apoll.
877 878 899 902 5,
912 878 940 902 19
948 878 991 906 pr.
1012 872 1121 899 Facinus

78 899 236 934 indignum,
257 903 383 936 quodque
394 911 442 929 nos
455 912 556 939 vosque
568 904 737 939 inimicasset,
755 905 803 932 nifi
822 904 942 940 protinus
961 907 1074 939 scissem,
1096 914 1121 935 te

77 935 183 963 nesciis:
195 937 355 964 faciendum.

78 972 107 1004 6,
119 978 132 1004 5
152 979 221 1006 quem
233 972 319 999 laudat
331 982 385 999 cum
399 975 503 1010 reliquis
516 976 608 1003 Sauara
621 976 655 1002 ad
672 976 761 1004 Sidon.
779 977 797 1002 1.
811 985 833 1003 c.
870 977 918 1003 Con
937 997 943 1004 .
958 984 1075 1006 AMICO.

116 1013 155 1033 in
165 1013 257 1034 1M1c
267 1009 292 1034 ’Ᾰ
303 1015 320 1034 1.
332 1015 342 1034 1
356 1014 369 1035 s
379 1028 389 1041 ‚
407 1018 429 1036 e.
450 1010 511 1038 Adi.
546 1010 724 1048 Aduerfizrius.
760 1011 849 1040 Sidon.
864 1012 911 1046 Epi
923 1013 942 1039 t.
956 1022 975 1046 1,
989 1023 1001 1047 3
1025 1014 1122 1042 Stimu-

77 1040 112 1068 Iis
125 1041 307 1069 inimicalibus
325 1044 444 1073 excitari.

116 1083 126 1103 1
137 1084 158 1103 N
169 1084 179 1103 1
190 1084 216 1104 M
226 1080 299 1105 ICE.
336 1078 406 1106 Adu.
443 1078 605 1117 [ἐχθρωδῶς]
642 1080 792 1116 Hqsiiliter,
810 1082 911 1118 aduersi>
929 1087 1009 1111 animo
1029 1092 1051 1112 et
1067 1095 1123 1112 con-

76 1115 169 1139 trario.

78 1147 198 1174 inimice.
292 1149 366 1176 Idem
379 1152 412 1177 de
424 1151 460 1178 N.
475 1152 507 1178 D.
522 1161 541 1185 1,
555 1160 568 1185 5
582 1162 603 1179 c.
617 1162 630 1186 3
651 1154 763 1180 Inimice
777 1153 908 1181 inseetari.

77 1182 194 1216 Quintio
207 1184 244 1210 66
256 1192 278 1210 e.
294 1193 319 1211 21
339 1186 517 1214 Inimiciffime
530 1193 608 1221 atque
623 1188 781 1215 insestlffime
800 1190 967 1218 contendere.

116 1224 126 1243 1
138 1225 159 1245 N
171 1225 181 1244 1
191 1225 215 1244 M
226 1225 235 1244 1
247 1220 312 1247 Ci‘r
321 1228 374 1248 ER.
404 1221 473 1249 Adu.
508 1222 654 1258 [ἐπεχθῑλς]
691 1225 800 1256 Accius,
818 1225 920 1253 Placare
939 1227 1039 1256 hostem
1052 1228 1123 1255 fero-

75 1261 134 1281 cem
168 1253 316 1282 inimiciter
347 1258 489 1284 accensum.
526 1257 593 1293 apud
615 1259 689 1286 Non.
715 1268 756 1293 11,
780 1270 819 1295 4¹·
895 1262 952 1289 Vid.
977 1263 1044 1290 Gell.
1059 1272 1083 1296 3,
1098 1270 1121 1295 8.

347 1292 469 1319 Priscian.
491 1302 515 1328 p.
533 1302 594 1321 1011.

112 1330 121 1349 1
134 1330 155 1350 N
168 1331 214 1351 1M
225 1332 235 1351 1
244 1333 266 1352 Τ
275 1332 296 1352 Α
305 1333 322 1353 Β
331 1328 364 1353 l'L
373 1334 382 1353 1
391 1334 421 1360 S,
445 1336 468 1354 e.
497 1328 558 1355 Adi.
595 1329 759 1366 [οἶμιῆωητσς]
794 1332 869 1367 de
890 1336 945 1367 quis
959 1336 1059 1360 imitari
1074 1345 1122 1361 non

66 1358 160 1394 potest.
196 1361 327 1388 Laudatur
347 1362 477 1396 Quinctil.
493 1372 516 1396 2,
531 1371 559 1398 17
572 1368 619 1397 (2)
643 1367 731 1400 Opera
746 1368 873 1402 quaedam
887 1369 963 1395 nobis
977 1370 1123 1397 inimitabi-

73 1394 120 1421 lia.
215 1396 329 1423 Certiora
344 1397 417 1424 Idem
434 1407 472 1431 10,
486 1408 509 1431 2,
520 1408 556 1432 ¹9·
594 1408 617 1427 et
628 1406 650 1433 8,
662 1410 686 1434 3,
699 1408 738 1435 25.
816 1405 818 1407 '
844 1404 1017 1432 Ininiitabilis
1031 1405 1123 1432 huma-

718 1437 786 1465 Vell.
800 1447 826 1471 2,
838 1447 883 1474 97,
896 1449 909 1472 3
941 1441 1050 1468 Morum
1064 1441 1121 1468 dul-

987 1156 1060 1184 Idem
1072 1167 1121 1192 pro

74 1464 140 1491 cedo
153 1465 332 1494 inimitabilis.

110 1506 151 1526 IN
162 1507 263 1528 INDE.
282 1502 352 1530 Adu.
389 1504 513 1540 [ἐκεῖθεν]
550 1506 587 1532 Ex·
601 1514 627 1532 eo
640 1507 700 1533 lom.
735 1508 796 1536 Liu.
834 1529 842 1536 .

69 1539 111 1566 tus
126 1535 219 1564 ininde
233 1537 327 1564 domos
340 1538 458 1567 abducti.
492 1543 572 1567 Locus
579 1540 689 1577 fortaffie
702 1551 842 1579 corruptus.

110 1578 121 1597 1
134 1578 157 1598 N
169 1579 178 1597 1
190 1578 212 1598 Ν
226 1579 285 1599 1T1
294 1581 317 1600 A
326 1580 415 1607 TVS,
444 1584 475 1608 a,
513 1585 568 1602 um.
603 1577 664 1604 Adi.
697 1580 756 1605 Non
789 1583 910 1616 inceptus.
947 1582 1041 1609 Claud.
1066 1584 1124 1610 Ma-

925 1530 932 1538 .
969 1511 1009 1538 Ita
1023 1512 1122 1539 exerci-

52 1612 148 1633 —mert.
166 1615 187 1633 c.
201 1616 241 1640 23.

110 1647 496 1672 1N1NTERPRETA1311.
510 1652 561 1679 rs,
600 1656 624 1674 e.

71 1676 151 1711 Vulg.
165 1678 250 1705 Hebr.
263 1686 286 1711 5,
302 1688 335 1706 11.
407 1681 483 1716 Cons-
502 1682 621 1710 Tertull.
637 1684 695 1710 adu.
712 1685 817 1712 Valent.
831 1696 851 1712 c.
867 1695 905 1720 ¹4·

111 1719 120 1737 1
130 1719 149 1738 N
161 1720 169 1739 1
179 1720 201 1738 N
209 1720 230 1739 ‘r
239 1721 256 1740 E
265 1721 280 1740 1.
290 1722 306 1741 L
316 1721 326 1740 1
337 1721 420 1742 6131
431 1722 447 1742 1.
458 1722 468 1742 1
478 1724 491 1744 s
502 1737 512 1750 ,
531 1726 554 1744 e.
593 1718 654 1746 Adi.
692 1720 904 1756 Inintelligibilis
928 1723 979 1750 Dei
998 1724 1123 1759 splendor

71 1747 195 1776 Ambros.
208 1747 285 1776 offic.
301 1758 322 1782 1,
335 1759 374 1784 ¹4·

109 1790 501 1820 1N1NVENT1131L1s,e.

71 1817 128 1844 tull.
139 1818 199 1845 adn.
214 1820 343 1854 Hermog.
364 1830 435 1854 c.45.
518 1846 521 1848 .

107 1858 530 1888 1N1NVEsT1GAazms‚
551 1855 574 1884 ἐ.
595 1857 655 1884 Adi.
692 1859 1058 1894 Tertull.adn.Marc.2,2.
1095 1867 1119 1887 et

541 1787 601 1815 Adi.
639 1789 843 1818 Ininuentibilia
856 1792 957 1819 iudicia
971 1793 1028 1818 eius
1051 1793 1122 1819 Ter-

50 1918 53 1924 .
69 1894 94 1920 ς,
107 1896 146 1921 ι4.
181 1891 212 1914 it.
227 1888 284 1915 adu.
298 1891 426 1924 Hei-mog.
440 1900 462 1917 c.
477 1899 519 1924 45.

107 1930 117 1949 1
129 1923 235 1963 151in
248 1931 307 1957 vs,
323 1934 352 1957 a,
371 1935 425 1952 um.
445 1926 507 1953 Adi.
543 1925 707 1964 [οἷνόμαλος]
745 1929 803 1956 Non
821 1937 940 1966 aequatus
957 1940 1002 1957 nec
1016 1933 1118 1967 planus,

69 1958 173 1992 Impar,
205 1957 361 1993 difficilisssf
375 1964 416 1987 cui
426 1968 478 1996 par
490 1961 590 1995 nonsts.
627 1963 688 1989 Liu.
708 1973 730 1996 2,
743 1973 769 1996 31
807 1964 874 1991 Cum
889 1967 988 2000 Aequis
1002 1967 1058 2000 post
1072 1967 1120 1992 ali-

70 1999 170 2027 quanto
184 1995 395 2028 pugnatum‘est‚
414 1996 503 2022 inuito
516 1997 624 2031 quidem
640 1999 768 2030 Consule,

63 2028 188 2054 'eundum
199 2034 256 2056 erat
268 2030 301 2056 ad
315 2030 408 2056 hostes.
479 2032 604 2058 Ascensus
624 2033 684 2059 Liu.
700 2038 738 2066 28,
753 2036 789 2060 16.
860 2035 934 2071 Conf.
947 2036 1019 2062 Idem
1029 2041 1117 2066 22‚28-

71 2064 146 2090 Caes.
165 2064 193 2090 B.
210 2065 242 2091 G.
265 2073 288 2096 2,
310 2074 338 2091 10
357 2072 381 2092 et
394 2073 436 2100 27.
539 2066 640 2093 Sallust.
657 2068 776 2102 Iugurth.
791 2077 823 2102 54
842 2070 976 2097 Praeterea
992 2071 1117 2106 iniquum

69 2098 120 2125 fibi
147 2105 280 2126 certamen
312 2110 370 2128 cum
392 2100 519 2128 hostibus.
554 2104 587 2129 al.
609 2104 767 2137 inimicum,
801 2107 863 2131 male
877 2106 944 2142 conf.
958 2107 1034 2141 Virg.
1046 2107 1116 2135 modo

68 2135 159 2169 Pugna
178 2135 280 2170 iniqua.
373 2136 497 2164 Paludem
517 2138 638 2173 iniquam
662 2140 758 2174 Tacit.
779 2141 845 2166 Ann.
867 2150 886 2173 1,
898 2144 939 2174 63,
951 2151 964 2174 3
985 2144 1055 2178 Qum
1068 2144 1116 2168 elu-

70 2167 141 2196 Hatu
154 2173 256 2197 nimium
270 2178 324 2198 erat
337 2171 460 2207 dtfficilis.

69 2206 138 2232 Ann.
152 2214 175 2240 2,
189 2214 212 2238 ς,
226 2219 248 2239 4.
446 2205 467 2245 fl
494 2217 508 2234 2
544 2208 666 2242 [o’c‘uoluoffi
680 2210 833 2245 παράνομος]
870 2212 921 2245 Qi
934 2218 1022 2237 contra
1034 2214 1116 2246 aequi-

68 2241 240 2281 tatemfacit,
257 2240 372 2275 iniustus.
409 2243 477 2271 Ter.
491 2244 572 2271 Andr.
588 2254 605 2277 1,
620 2253 641 2275 2,
657 2247 684 2271 16
703 2245 750 2272 Sed
765 2254 795 2270 ea
813 2253 883 2270 nunc
904 2254 945 2271 me
965 2247 1117 2281 exquirere,

69 2276 159 2311 iniqui
172 2278 252 2311 patris
265 2277 310 2303 est.
404 2278 477 2304 Idem
491 2280 587 2305 Heaut.
600 2287 624 2309 2,
639 2288 659 2311 1,
675 2288 684 2305 1
713 2281 799 2312 Quam
815 2279 903 2314 iniqui
918 2282 976 2307 sunt
990 2288 1072 2315 patres
1087 2283 1116 2308 in

67 2320 160 2338 omnes
173 2311 362 2343 adolescentes,
377 2312 492 2339 iudices.
598 2315 729 2341 Inimicus.
764 2315 831 2341 Ter.
847 2315 915 2342 Prol.
931 2317 1007 2343 Adel.
1023 2327 1034 2343 2
1048 2317 1117 2343 Post-

68 2356 150 2381 quam
169 2348 248 2378 Poeta
267 2347 342 2373 senfit
359 2348 515 2382 scripturam
534 2349 608 2375 stiam
626 2349 659 2376 ab
676 2350 775 2384 iniquis
788 2350 941 2383 obseruari,
957 2358 984 2378 et
996 2352 1156 2386 aduersa-60
1178 2367 1237 2384 rum
1257 2358 1378 2384 videmur
1394 2358 1471 2397 sacra
1495 2358 1638 2397 auspic-alia.

67 2382 124 2408 rios
137 2391 229 2416 rapere
243 2391 272 2408 111
283 2382 404 2416 peiorem
417 2390 517 2417 partem
526 2404 534 2416 ‚
549 2391 594 2410 etc.
667 2387 766 2416 Iratus,
784 2384 902 2421 infistus.
951 2389 1018 2415 Hor.
1032 2388 1114 2415 Serm.

68 2426 93 2450 2,
106 2424 131 2452 7,
145 2426 175 2451 14
209 2430 254 2437 -—
291 2419 446 2445 Vertumnis
460 2425 594 2453 quotquot
606 2420 681 2452 sunt,
696 2426 771 2447 natus
786 2421 896 2456 iniquis.
1101 2432 1114 2456 3

67 2454 173 2479 Dicitur
192 2452 219 2478 de
231 2456 299 2479 omni
312 2463 348 2485 rr,
365 2463 426 2488 quae
438 2453 549 2486 modum,
568 2456 608 2480 ve!
620 2462 685 2481 certe
696 2459 763 2482 vires
776 2455 873 2490 nqslras
886 2457 981 2484 excedit
993 2469 1002 2484 .·
1038 2460 1113 2493 Virg.

67 2489 167 2522 Georg.
181 2497 208 2521 4,
224 2496 272 2522 147
295 2489 396 2514 Verum
409 2488 471 2515 haec
484 2489 539 2524 ipse
553 2489 676 2524 equidem
691 2492 779 2525 spatiis
788 2493 906 2519 exclusus
921 2493 1022 2528 iniquis
1040 2495 1115 2521 Prae-

67 2529 152 2550 tereo.
195 2522 253 2549 Vni.
269 2523 342 2550 Seru.
355 2524 390 2549 ad
400 2525 444 2550 loc.
550 2524 617 2551 Ibid.
632 2535 649 2556 1,
664 2529 712 2560 164

67 2559 124 2585 stri.
194 2558 321 2592 Iniquum
334 2568 438 2585 merum
450 2558 518 2586 dixit
528 2560 586 2586 Val.
600 2561 683 2588 Flacc.
697 2570 720 2594 3,
735 2564 774 2595 65.
793 2566 810 2589 i.
825 2565 884 2590 Plus
897 2563 969 2598 iusto.
1013 2565 1018 2570 '
1041 2566 1115 2592 Idem

69 2603 93 2626 3,
107 2595 159 2628 486
184 2593 286 2620 Haeret
306 2594 388 2626 Hylas
405 2595 481 2622 lateri
494 2597 643 2632 greffitsque
655 2605 774 2625 moratur
786 2599 903 2634 iniquos.
975 2601 1113 2640 leercn.

67 2629 281 2661 San1.Carm.38
304 2638 330 2655 v.
345 2637 388 2665 713
420 2631 518 2657 Ennius
539 2632 594 2666 ipse
617 2639 691 2667 pater
710 2633 774 2660 dum
800 2635 894 2669 pocula
916 2635 989 2662 siccat
1012 2637 1050 2662 ini
1072 2645 1113 2663 ua.

68 2664 143 2699 Cous.
159 2665 244 2691 Burni.
255 2663 290 2690 ad
302 2664 386 2691 Flacc.
398 2672 421 2692 et
434 2666 565 2693 Sammon.
580 2667 650 2694 lker.
824 2668 844 2706 ff
872 2679 891 2703 4
925 2672 987 2697 Alia
1001 2672 1047 2698 Sub
1070 2682 1114 2698 an-

69 2702 125 2726 tina
139 2709 146 2724 :
183 2699 251 2726 Ter.
265 2700 329 2727 Eun.
344 2710 369 2733 2,
379 2710 400 2741 .¹’
414 2703 430 2727 6
458 2702 513 2736 Ego
535 2711 642 2737 quoque
663 2712 714 2729 vna
734 2712 829 2738 pereo,
849 2705 920 2739 quod
942 2705 1011 2731 mihi
1025 2707 1061 2733 cst
1074 2716 1155 2744 cci-70

69 2735 128 2762 rius
143 2745 149 2761 :
185 2744 219 2761 ne
232 2735 296 2761 istuc
309 2742 363 2763 tam
377 2737 472 2772 miquo
486 2738 586 2771 patiare
607 2739 715 2765 Animo.

69 2770 131 2804 quis
152 2770 226 2804 Virg.
240 2770 304 2797 Aen.
319 2780 357 2804 10,
371 2779 396 2806 7.

69 2806 149 2832 Casus
175 2806 250 2840 Virg.
269 2806 335 2833 Aen.
353 2809 384 2839 6,'
397 2814 457 2842 475.

810 2741 915 2767 Animis
937 2742 1040 2769 certatis
1060 2742 1112 2768 ini-

468 2773 566 2799 Animo
579 2773 743 2809 iniquiffimo
757 2776 829 2802 mori
847 2776 903 2802 Cic.
918 2776 950 2803 de
965 2777 1023 2804 Sen.
1038 2787 1058 2804 c.
1076 2787 1112 2810 23.

563 2809 620 2835 Cic.
639 2811 693 2836 Att.
712 2815 736 2842 8,
773 2830 779 2837 .
818 2831 824 2837 .
860 2813 920 2838 Mea
933 2821 999 2847 qnae
1012 2814 1114 2848 semper

44 2870 47 2871 .
67 2840 153 2867 fuerit
175 2842 317 2873 sententia,
338 2843 454 2877 primum
476 2842 508 2869 de
527 2852 588 2878 pace
604 2845 647 2871 vel
671 2845 763 2880 iniqua
784 2847 947 2874 Conditione
967 2849 1113 2876 retinenda.

67 2876 181 2903 Curatio
195 2877 289 2912 iniqua
309 2878 380 2905 Cael.
398 2878 486 2907 Aurel.
501 2881 575 2906 Acut.
592 2889 611 2911 1,
626 2888 659 2913 15,
673 2883 714 2907 26.
735 2880 875 2918 estpraua,
894 2885 1059 2917 incommoda,
1073 2885 1112 2911 ab-

60 2911 152 2948 surda.
258 2913 314 2939 Cic.
328 2922 377 2948 pro
389 2914 539 2947 Caecin.64
559 2916 624 2942 Puto
639 2922 664 2942 te
679 2917 764 2951 ipsum
776 2918 835 2944 Piso
849 2919 1112 2961 perspicere‚quanto

351 2986 450 3019 Legem
472 2986 600 3013 sancimus
629 2988 696 3015 Hor.
716 2988 797 3015 Serm.
818 2998 838 3021 1,
855 2956 1010 3025 3,67.1uc¹ex
1031 2957 1112 3019 {ligiis

391 3022 481 3047 Mente
494 3021 587 3057 iniqua
600 3022 670 3050 ferre
687 3024 789 3058 aliquid
821 3025 902 3051 Ouid.
921 3027 985 3053 Met'.
1005 3032 1032 3058 8,
1053 3030 1111 3062 634.

69 2983 134 3010 Met.
151 2991 185 3015 13,
201 2991 257 3016 ¹90·

68 3019 138 3044 Hor.
152 3018 205 3045 Od.
220 3027 240 3049 2,
256 3027 292 3050 10,
306 3028 324 3049 3-

70 3088 103 3114 de
116 3088 216 3115 a&ion.'
230 3095 293 3117 emt.
388 3093 505 3121 Pretium
529 3093 633 3127 pietatis
654 3095 786 3129 iniquum*
808 3096 888 3123 Ouid.
900 3098 979 3132 Epist.
989 3107 1035 3132 14,
1056 3108 1110 3131 ¹29·

69 3125 172 3157 Pugna,
193 3126 251 3151 Non
264 3135 341 3161 aequa
355 3133 378 3152 et
389 3131 486 3163 impar,
503 3137 587 3164 nempe
599 3138 670 3165 quum
677 3130 752 3165 pedes
762 3138 850 3158 contra
865 3136 968 3169 equitem
987 3134 1096 3161 decertat
1103 3146 1111 3161 .-

70 3159 149 3192 Virg.
163 3159 227 3185 Aen.
244 3169 281 3193 10,
294 3166 322 3191 88
365 3161 420 3182 '——
440 3172 441 3175 ¹
456 3165 543 3198 Pugna
577 3166 722 3200 congressus
754 3166 856 3202 iniqua.
960 3170 1110 3205 Sermones,

67 3202 115 3232 pro
129 3193 313 3222 Obtrectatiom·
329 3207 364 3224 us.
420 3200 477 3225 Cic.
491 3201 559 3226 Fam.
575 3209 595 3233 1,
608 3209 625 3233 9
644 3202 768 3236 Qiorum
781 3203 870 3238 iniqui
884 3205 1014 3232 sermones
1028 3215 1110 3240 quum

71 3230 104 3257 ad
127 3238 170 3255 me
193 3238 240 3264 per
259 3229 380 3259 homines
402 3234 591 3262 honestiffimos
616 3238 793 3270 perferuntur.

71 3264 195 3300 gentibus
214 3265 311 3293 Lucan.
323 3276 360 3300 10,
373 3276 409 3302 33.

514 3272 597 3298 Vultu
612 3272 650 3298 ini
672 3281 707 3299 uo
718 3273 832 3307 spe&are
843 3275 959 3310 aliquem
985 3278 1066 3303 Ouid.
1081 3277 1112 3304 de

500 3304 520 3343 q
551 3316 563 3340 ς
598 3282 676 3341 suist.
711 3309 755 3336 Me
768 3315 818 3336 ate
831 3318 923 3338 contra
936 3311 1044 3346 iniquos
1058 3322 1113 3339 rne-

108 3379 118 3398 1
127 3378 148 3397 N
159 3378 167 3397 1
178 3378 227 3410 QV
236 3378 256 3397 Α
265 3377 286 3410 Β
295 3378 321 3397 Ε.
355 3374 531 3411 [vocemqua]
575 3378 722 3406 Per-turbare
728 3400 737 3412 ,
762 3383 873 3416 iniquum
895 3390 1038 3418 aegrumque
1058 3383 1115 3410 red-

176 3406 304 3432 Laberius
313 3426 321 3439 ,
783 3417 787 3421 ·

111 3479 280 3517 1N‘1Qv'1'T
291 3483 351 3510 AS,
371 3478 426 3505 atis.
446 3480 468 3508 f.
501 3483 667 3521 [οἰνομαλῖοι]
703 3486 763 3513 Liu.
777 3494 804 3522 7,
817 3496 849 3522 34
869 3488 894 3515 Si
910 3488 941 3514 ab
955 3496 986 3516 eo
1002 3488 1112 3516 consilio

256 3548 261 3552 ,
287 3548 293 3552 ¹
336 3548 341 3552 ⁴
568 3521 636 3547 Add.
651 3521 724 3548 ldcm
737 3531 775 3556 21,
787 3532 822 3556 33.
893 3524 963 3551 Caes.
979 3524 1006 3550 B.
1022 3525 1080 3555 G.3,
1089 3534 1110 3551 2.

71 3549 219 3575 Contentus
254 3554 412 3582 iniquitate,
438 3551 492 3578 vid.
513 3558 694 3587 CONT1N130.
801 3559 928 3593 Iniquitas
959 3559 1110 3592 hominum,

892 408 965 433 Idem
979 409 1120 443 Fam.2,14
1142 415 1155 441 ς
1182 420 1303 448 paratum
1317 413 1367 445 est,
1386 413 1472 448 quod,
1493 420 1538 439 etr.

923 765 979 790 Non
992 765 1123 801 indignum
1138 771 1163 798 15
1185 768 1256 802 quod
1271 768 1352 795 initio
1367 767 1461 801 scripfi-

432 939 522 966 Utitur
536 943 609 966 etiam
624 942 664 967 10.
679 941 804 973 sarisber.
818 941 936 967 Policrat.
949 950 974 974 2,
983 950 1024 977 27.
1053 951 1121 979 5,17.
1134 953 1169 971 20
1184 948 1267 979 ualet,
1287 946 1331 972 Gr.
1343 945 1383 974 τὴν
1396 944 1486 980 dewy,
1493 944 1532 979 fic
1545 952 1573 970 vt
1585 953 1707 984 nunquam
1723 947 1817 977 ualeat,
1838 955 1881 972 mc
1904 946 1934 972 ea*

225 1113 283 1141 Cic.
299 1113 413 1149 Philipp.
428 1125 451 1148 2,
462 1125 497 1149 34
521 1117 576 1151 Ego
590 1123 693 1150 autem,
714 1119 777 1145 vide
790 1127 869 1153 qnam
882 1127 966 1147 tecum
979 1130 1053 1155 agani
1067 1131 1122 1148 non
1133 1132 1163 1157 25
1184 1126 1217 1150 26
1231 1133 1252 1150 c.
1265 1133 1286 1156 7.

1137 1488 1165 1515 31,-
1183 1481 1252 1506 tium
1267 1487 1297 1505 ex
1310 1487 1339 1505 re
1354 1478 1442 1512 aliqua
1463 1476 1593 1511 Quinctil.
1609 1485 1631 1510 2,
1647 1484 1684 1511 17.

659 1647 720 1675 Adi.
760 1649 852 1677 Sermo
885 1651 1165 1689 ininterpretabilis4o
1184 1658 1280 1684 Facere
1294 1656 1404 1682 initium
1418 1664 1431 1681 a
1444 1664 1472 1682 re
1485 1655 1573 1689 aliqua
1595 1654 1725 1688 Quinctil.
1739 1664 1766 1687 4,
1781 1662 1806 1680 2..

788 2001 851 2034 quia
866 2001 925 2026 ioco
945 2001 1041 2034 iniquo
1059 2001 1117 2027 snb·
1129 2014 1161 2039 50
1180 2006 1299 2032 scribon.
1316 2005 1361 2039 Ep.
1375 2004 1435 2030 med.
1623 2016 1624 2019 ¹

556 2175 683 2208 Iniquum
696 2175 890 2202 defensantibus
908 2185 1001 2210 agmen
1025 2177 1116 2203 Tacit.
1132 2186 1160 2212 55
1179 2181 1300 2216 quandam
1313 2180 1491 2216 antiquzjffimae
1504 2179 1669 2210 conditionis,
1687 2188 1710 2206 et
1723 2184 1857 2216 originum.

898 3240 973 3266 Sidus
989 3241 1110 3276 iniquum
1124 3249 1153 3277 85·

356 3409 475 3444 Aequum
488 3414 606 3441 animum
620 3414 769 3450 indignanti
780 3418 884 3452 iniquat
895 3419 1056 3446 contumelia
1070 3427 1110 3455 ap.
1123 3425 1158 3450 90
1174 3423 1275 3459 Salmas.
1284 3429 1313 3458 p.
1324 3432 1376 3456 352.

1171 3565 1285 3591 initiari.

1586 182 1608 240 I
1697 183 1739 223 N
1828 187 1843 225 I
2140 205 2227 235 '1122

1181 277 1256 309 gatus
1280 271 1325 299 Te
1339 271 1419 298 audio
1435 279 1493 298 cum
1508 271 1574 298 hero
1590 270 1677 298 nescio
1691 271 1757 305 quid
1770 277 1940 312 concertasse,
1959 280 1999 304 ait
2025 278 2170 315 Nunquam
2186 282 2227 308 vi-

1183 308 1211 334 di
1227 307 1345 342 iniquius
1359 307 1529 333 certationem
1542 312 1729 341 comparatam,
1753 316 1831 341 quam
1846 320 1911 344 quae
1924 313 2004 340 hodie
2018 315 2087 342 inter
2102 325 2150 343 nos
2164 317 2227 344 fuit,

1183 344 1238 377 Ego
1262 341 1410 377 vapulando
1437 342 1482 368 ille
1496 342 1663 369 verberando
1675 341 1761 368 defessi
1776 343 1871 370 sumus.
1967 349 2041 385 C⁰⁷¹f·
2057 351 2124 378 0011,
2140 360 2186 384 20,
2205 361 2226 379 1.

1183 379 1240 405 Cic.
1266 387 1315 413 pro
1327 378 1431 404 Cluent.
1445 385 1475 412 57
1490 387 1512 403 c.
1529 386 1554 404 21
1562 384 1606 413 pr.
1636 379 1691 404 lam
1707 377 1757 404 hoc
1771 387 1878 413 qnoque
1891 389 1971 415 prope
1983 385 2141 419 iniquissime
2155 397 2226 414 com-

1646 413 1689 440 Ne
1714 422 1774 440 eum
1797 414 2005 444 circumuentum
2023 421 2115 455 inique
2134 422 2223 457 iniqui

1184 449 1312 476 irrideant
1329 449 1396 476 Ter.
1408 449 1473 474 Hec.
1489 447 1556 475 Prol.
1570 457 1596 474 ν.
1614 456 1655 481 54.
1750 449 1846 485 Inique
1859 451 1951 484 pacisci
1971 454 2025 480 Cic.
2042 458 2115 483 Vei-r.
2134 465 2160 489 3,
2183 466 2223 492 37,

1184 485 1259 511 Idem
1272 485 1303 512 ad
1317 484 1388 511 Brut.
1401 493 1419 517 4
1449 484 1481 509 At
1504 483 1553 510 hoc
1574 484 1673 517 ipsum,
1694 484 1814 519 inquies,
1834 485 1927 521 inique
1949 486 2030 521 sacis,
2051 492 2098 525 qui
2121 492 2224 520 hostius

1182 520 1267 547 animi
1281 521 1308 546 in
1324 518 1464 554 Rempubl.
1478 517 1616 551 homines,
1634 519 1703 545 ciues
1715 520 1819 554 apelles.

1219 561 1313 582 1N1'r
1327 563 1335 581 1
1347 562 1416 586 VM,
1434 554 1452 580 i.
1472 562 1498 582 n.
1535 553 1636 589 [ἀρχὴ]
1671 556 1826 590 Principium
1838 562 1862 583 et
1875 557 1941 583 velue
1953 559 1979 583 in
1999 555 2073 591 reffiu
2092 565 2129 587 νει·
2145 566 2220 590 maio.

2166 599 2225 625 l'er.

2151 633 2226 660 Idem

1184 705 1208 730 3,
1222 706 1266 730 3,ι
1300 698 1413 732 Nequeo
1444 704 1562 723 mearum
1583 704 1673 723 rerum
1695 697 1803 723 initium
1826 698 1908 724 vllmn
1936 699 2060 726 inuenire
2090 701 2225 730 idoneum.

1183 733 1267 759 Initio
1277 752 1286 765 ,
1305 734 1453 764 Ablatinus,
1468 739 1517 767 pro
1530 733 1561 759 In
1575 734 1658 758 initio.
1722 732 1778 759 Cic.
1794 734 1866 760 Fam.
1882 743 1903 766 1,
1914 741 1932 769 7
1948 735 2092 771 Rcdeoque
2106 736 2138 763 ad
2151 738 2228 774 illud,

1568 767 1624 793 Cic.
1639 767 1671 794 de
1684 767 1758 794 Orat.
1773 776 1790 799 1,
1802 777 1842 795 121
1873 769 2089 798 Adolescentulus
2107 781 2171 799 vero
2193 773 2227 800 fic

1184 805 1212 830 in
1225 804 1306 830 initio
1320 802 1490 830 accusationis
1505 803 1666 829 exanimatus
1679 804 1752 836 sum,
1768 811 1813 830 etc.
1930 806 1986 831 Cic.
1999 806 2031 832 ad
2046 807 2118 835 Brut.
2131 817 2160 835 10
2174 810 2227 836 Cui

1184 839 1295 866 Consuli
1310 849 1363 866 non
1377 839 1479 865 animus
1494 837 1525 864 ab
1540 838 1636 870 initio,
1656 846 1708 865 non
1723 838 1788 865 fides
1802 838 1834 866 ad
1849 844 1998 867 extremum
2010 843 2103 869 defuit.
2182 846 2228 871 Pa-

1184 875 1284 910 pinian.
1299 874 1315 901 l.
1331 884 1369 906 123
1383 875 1416 901 D.
1430 874 1460 900 de
1473 874 1546 901 verb.
1563 874 1672 907 obligat.
1698 874 1724 900 Si
1737 874 1833 909 flagitii
1852 875 1984 909 faciendi,
2004 878 2046 903 vel
2068 878 2132 905 fac'ti
2152 881 2227 907 cansa

1184 910 1356 944 concepta‘iit
1378 910 1528 943 stipulatio,
1554 909 1587 935 ab
1609 909 1689 935 initio
1714 918 1767 936 non
1785 911 1873 937 valet:
1909 913 1929 937 i.
1952 913 2072 945 Omnino,
2084 916 2160 948 plane
2177 925 2227 942 non

1956 957 1983 973 ea
2005 947 2072 975 actio
2097 957 2226 985 competat.

1183 981 1224 1008 Ad
1238 981 1317 1008 initia
1336 981 1455 1008 Scribon.
1468 989 1511 1013 90.
1548 981 1578 1006 In
1595 981 1680 1006 initiis
1700 980 1851 1014 Id.22.134.
1865 988 1921 1015 179-
1957 983 2029 1010 Inter
2040 984 2118 1011 initia
2133 986 2226 1021 Id.Ep.

1184 1019 1278 1051 Comp.
1293 1025 1329 1049 19.
1346 1024 1383 1050 38.
1426 1017 1482 1043 Vid.
1506 1015 1585 1042 Rhod.
1601 1017 1660 1041 Lex.
1675 1015 1795 1045 Scribon.
1831 1017 1991 1050 Disciplinae
2003 1019 2081 1046 initia
2095 1020 2139 1055 Ep.
2153 1023 2227 1058 vulgo

1183 1055 1324 1087 Principia.
1393 1052 1480 1079 Initiis
1500 1051 1572 1077 Idem
1587 1059 1621 1076 ει.
1658 1053 1689 1076 it.
1710 1053 1753 1076 62.
1870 1051 1981 1079 Initium
1994 1054 2049 1081 irae
2076 1056 2145 1082 Ter.
2159 1058 2226 1084 Hec-

1184 1098 1206 1121 3,
1219 1097 1243 1119 2,
1258 1090 1295 1114 16.
1401 1087 1449 1114 Illa
1461 1086 1548 1118 initia,
1564 1094 1631 1120 quae
1644 1085 1743 1112 Graece
1757 1085 1886 1112 elementa
1899 1087 2022 1115 dicuntur
2049 1091 2103 1117 Cic.
2113 1092 2191 1118 Acad.
2205 1102 2227 1125 1,

1357 1123 1438 1150 Initia
1461 1132 1490 1148 ac
1518 1121 1639 1154 Semina,
1657 1121 1719 1147 idem
1739 1121 1873 1154 Quinctil.
1897 1130 1920 1154 2,
1943 1131 1987 1155 20,
2011 1127 2035 1150 6.
2108 1126 2228 1162 Abrupta

1184 1158 1257 1186 Ideni
1271 1167 1291 1191 3,
1306 1164 1329 1191 8,
1341 1161 1382 1189 68.
1475 1157 1626 1187 Mediocre,
1645 1156 1699 1182 vid.
1720 1162 1902 1184 Mssmocnts.
1975 1159 2041 1185 Veii.
2055 1164 2132 1195 2‚76,
2145 1174 2159 1194 4
2172 1163 2227 1190 οι)-

1184 1194 1333 1221 scuriffimis
1347 1194 1432 1220 initiis
1444 1199 1517 1220 natus
1533 1191 1697 1219 Saluidienus
1711 1200 1803 1226 parum
1817 1191 1930 1219 habebat
1951 1194 2079 1221 summam
2099 1199 2229 1236 accepisse,

1182 1230 1228 1261 ni,
1245 1237 1291 1256 etc.
1398 1230 1530 1261 Peritum,
1555 1228 1608 1255 vid.
1635 1234 1780 1254 PERITVS.
1885 1228 2069 1257 Praecedentia
2096 1232 2228 1265 Qinclil.

1184 1275 1194 1293 1
1209 1274 1328 1300 prooem.
1425 1265 1509 1291 Prima
1523 1264 1599 1290 initia
1614 1264 1735 1297 prospera
1748 1263 1855 1290 fuerunt
1874 1263 1965 1291 lustin.
1977 1275 2004 1299 4,
2017 1273 2042 1299 3,
2055 1268 2080 1292 6.
2170 1267 2227 1295 Cic.

1184 626 1266 654 Andr.
1282 636 1309 660 4,
1322 635 1347 660 2,
1361 629 1394 653 26
1412 627 1498 652 Immo
1512 625 1591 651 etiam
1604 626 1762 652 narrationis
1776 627 1872 661 incipit
1884 627 1951 654 mihi
1964 629 2080 656 initium.

1184 662 1250 688 Hec.
1263 670 1285 695 5,
1298 671 1321 694 3,
1334 671 1360 694 23
1376 662 1428 689 Hic
1443 660 1509 686 adeo
1523 660 1564 687 his
1578 660 1656 687 rebus
1669 661 1760 687 anulus
1775 662 1883 689 initium
1898 663 1949 690 fuit
1962 663 2141 691 inueniundis.

1133 1311 1165 1337 30
1184 1302 1217 1328 ad
1230 1302 1346 1328 Herenn.
1362 1308 1381 1332 1,
1397 1308 1427 1333 ¹4
1441 1309 1462 1326 c.
1476 1308 1490 1333 9
1511 1300 1575 1326 Rem
1596 1299 1715 1326 breuiter
1735 1305 1841 1326 narrare
1861 1299 2023 1333 poterimus,
2043 1300 2061 1327 fi
2075 1310 2130 1329 non
2143 1303 2176 1329 ab
2190 1305 2229 1330 vl-

1185 1338 1255 1364 timo
1266 1336 1347 1364 initio
1359 1342 1477 1370 repetere
1490 1335 1626 1366 volemus,
1643 1337 1661 1361 i.
1671 1337 1763 1369 primo.
1835 1334 1935 1374 Capere
1949 1336 2057 1362 initium
2076 1337 2149 1365 Caes.
2157 1340 2185 1366 B.
2194 1340 2226 1366 G.

1187 1381 1208 1405 ι,
1223 1381 1248 1399 2.
1319 1371 1452 1404 Qineiil.
1468 1380 1490 1403 2,
1505 1379 1526 1397 11
1545 1371 1599 1397 Iam
1613 1369 1675 1396 hinc
1689 1378 1753 1403 ergo
1766 1368 1844 1396 nobis
1859 1369 2006 1398 inchoanda
2020 1372 2056 1399 est
2071 1381 2100 1399 ea
2114 1382 2171 1407 pars
2186 1383 2227 1401 ar.

1184 1409 1234 1440 tis,
1254 1415 1286 1433 ex
1319 1415 1371 1442 qua
1402 1415 1493 1442 capere
1523 1405 1631 1432 initium
1665 1405 1756 1432 solent.
1828 1439 1833 1445 .
1852 1405 1988 1433 Destinare
2003 1407 2051 1434 fibi
2065 1415 2135 1435 certa
2147 1409 2226 1438 initia
2257 1427 2259 1429 ·

1184 1443 1314 1478 (Quinctil.
1328 1452 1354 1476 2,
1368 1451 1398 1468 11.
1468 1442 1537 1468 Dare
1549 1442 1659 1468 initium
1671 1441 1783 1467 alicuius
1795 1448 1835 1466 rei
1855 1441 1929 1467 Idem
1942 1450 1994 1474 3‚2.
2065 1443 2167 1471 Ducere
2174 1446 2227 1472 ini-

1755 1477 1857 1502 Ducere
1871 1485 1960 1504 rerum
1973 1477 2083 1505 initium
2096 1488 2124 1505 ac
2137 1480 2228 1516 legum

1185 1516 1292 1541 suarum
1305 1514 1443 1545 alicunde,
1462 1515 1579 1548 Incipere.
1623 1512 1680 1538 Cic.
1694 1511 1726 1537 de
1739 1511 1769 1537 L.
1783 1513 1883 1551 Agr-32,
1899 1520 1936 1547 17.
2021 1515 2064 1541 Sic
2083 1515 2137 1542 Att.
2150 1525 2182 1549 9,
2202 1525 2228 1544 ιι

1184 1552 1242 1578 Nec
1267 1559 1331 1576 vero
1353 1549 1464 1582 dubito,
1484 1549 1549 1584 quin
1571 1548 1711 1574 exitiosum
1733 1547 1831 1574 bellum
1845 1547 2012 1582 impendeat,
2028 1549 2102 1576 cuius
2117 1551 2228 1579 initium

1184 1586 1296 1612 ducetur
1327 1594 1341 1611 a
1367 1585 1446 1611 fame.
1550 1584 1643 1610 Facere
1656 1584 1780 1615 initium,
1802 1582 1879 1609 Idem.
1935 1585 1991 1611 Cic.
2005 1584 2117 1620 Philipp.
2131 1596 2176 1620 ¹4,
2194 1590 2228 1620 36

1185 1623 1264 1648 Pansa
1286 1621 1400 1651 Consul,
1421 1621 1566 1654 Imperator
1590 1619 1697 1645 initium
1722 1627 1780 1645 cum
1804 1617 1924 1645 hostibus
1942 1619 2103 1654 confligendi
2122 1623 2228 1650 fecerit.

1899 1655 1994 1681 Facere
2008 1656 2117 1682 initium
2131 1665 2146 1683 a
2158 1659 2229 1691 capi-

1947 1689 2053 1716 Habere
2066 1690 2145 1717 initia
2161 1692 2229 1718 Scri-

2062 1726 2168 1753 Induffi
2185 1728 2228 1755 his

1985 1760 2157 1788 Introducere
2176 1762 2227 1790 ini-

1183 1699 1209 1719 te
1227 1691 1348 1719 Sci-ibon.
1363 1691 1464 1727 Ep.fin.
1526 1705 1571 1712 ——
1606 1691 1641 1716 lzx
1655 1689 1800 1723 emplastris
1819 1697 1891 1728 ²:00⁸
1955 1724 1961 1728 .

1182 1728 1247 1754 bon.
1270 1730 1330 1754 206.
1400 1724 1535 1753 Parotidas
1557 1725 1636 1751 initia
1656 1724 1780 1750 habentes
1803 1722 1934 1750 discutere
1953 1723 1992 1750 ib.

1183 1763 1286 1794 initiis,
1306 1761 1396 1788 omnia
1414 1769 1477 1786 vera
1496 1760 1648 1793 diligimus,
1673 1759 1727 1784 vid.
1751 1763 1890 1797 ‘lupvcm
1990 1795 1994 1798 .

1182 1799 1266 1827 tium,
1286 1796 1339 1822 vid.
1358 1800 1560 1822 1NTR0Dvco.
1627 1793 1727 1819 Pellere
1748 1798 1858 1820 initium
1881 1794 2026 1827 sermonis,
2043 1796 2096 1823 vid.
2119 1804 2228 1826 raro.

1127 1840 1161 1865 45
1183 1828 1239 1858 cic.
1254 1832 1307 1856 Att.
1321 1839 1359 1863 ιο,
1374 1835 1399 1859 18
1421 1830 1454 1855 Vt
1469 1829 1537 1855 male
1551 1828 1684 1863 posuimus
1697 1827 1791 1860 initia,
1811 1828 1845 1855 [ic
1859 1835 1960 1856 caetera
1974 1831 2128 1864 sequuntur.
2164 1835 2227 1861 Pro-

1182 1866 1263 1893 ficisci
1273 1865 1381 1891 initium
1403 1865 1571 1896 Cic.Fam.9‚
1605 1884 1612 1890 .
1651 1883 1658 1891 .
1728 1864 1866 1897 Quaerere
1880 1865 1988 1891 initium
2005 1866 2135 1900 Id.ib.12,
2171 1889 2178 1895 .
2217 1889 2224 1896 .

1181 1903 1279 1929 Patere.
1294 1909 1315 1932 2,
1330 1906 1358 1931 88
1372 1907 1436 1926 extr.
1458 1900 1576 1926 immane
1590 1899 1671 1930 noui,
1689 1907 1718 1924 ac
1732 1899 1907 1926 renurreeturi
1922 1899 1987 1926 belli
2001 1901 2090 1928 ciuilis
2103 1903 2227 1932 restinxit

1181 1936 1301 1963 initium.
1407 1935 1515 1961 Sumere
1528 1935 1635 1960 initium
1657 1935 1741 1960 Varro
1754 1934 1784 1959 R.
1801 1934 1832 1960 R'.
1848 1943 1869 1965 2,
1882 1944 1910 1967 4,
1924 1943 1950 1967 9.
2022 1938 2152 1970 Quinctil.
2167 1945 2190 1972 8,
2198 1943 2225 1967 6.

1181 1971 1316 2005 Suscipere
1338 1970 1448 1996 initium
1484 1970 1540 1996 Cic.
1554 1970 1624 1996 Fam.
1659 1988 1666 2000 ‚
1703 1988 1710 1995 .
1827 1969 1950 1996 Tradere
1972 1970 2050 1998 initia
2069 1973 2224 2009 disciplinae

1630 1978 1657 2041 ξ
1673 2012 1689 2030 2.
1725 2003 1813 2030 Initia.
1850 2005 1995 2041 [μυςήρμκ]
2031 2009 2127 2035 Cereris
2135 2010 2224 2046 sacta,

1878 2041 1963 2067 Varro
1977 2044 2009 2068 de
2023 2042 2053 2069 R.
2069 2044 2099 2070 R.
2113 2053 2144 2077 3,
2163 2054 2189 2078 1,
2209 2053 2225 2079 5

1181 2077 1233 2103 Cui
1247 2076 1449 2102 consentaneum
1463 2075 1509 2107 cst,
1518 2076 1589 2109 quod
1603 2074 1679 2101 initia
1692 2081 1820 2101 vocantur
1834 2075 1991 2109 potissimum
2007 2086 2119 2113 ea,quae
2129 2082 2224 2109 Cereri

1180 2112 1246 2138 fiunt
1267 2113 1344 2137 sacra.
1387 2111 1446 2137 Vult
1461 2110 1583 2145 probare,
1602 2113 1680 2136 vitam
1699 2107 1816 2141 rusticam
1835 2109 1878 2143 effi
1894 2115 2001 2139 omnium
2019 2116 2223 2150 antiqufftrzam.

1178 2148 1210 2173 Et
1222 2147 1285 2181 sane
1305 2155 1398 2172 arcana
1419 2146 1463 2171 illa
1477 2145 1554 2180 sacra
1571 2145 1705 2177 habebant,
1725 2151 1841 2180 quantum
1858 2147 1944 2181 scitum
1974 2155 2224 2178 commemorationem

1912 2182 1986 2209 Idem
2006 2185 2090 2211 Varro
2106 2188 2138 2217 2,
2154 2196 2187 2219 4,
2205 2196 2224 2220 9

1178 2218 1199 2242 A
1215 2216 1295 2242 suillo
1309 2224 1405 2250 genere
1417 2214 1689 2250 pecorisimmolandi
1710 2216 1818 2242 initium
1838 2217 1953 2251 primum
1973 2219 2088 2246 sumtum
2108 2221 2226 2256 videtur,

1179 2252 1252 2278 cuius
1265 2251 1390 2285 vestigia,
1410 2251 1482 2286 quod
1496 2251 1581 2277 initiis
1595 2251 1699 2278 Cereris
1711 2251 1786 2286 porci
1798 2252 1986 2285 immolantur,
2003 2259 2028 2280 et
2047 2256 2118 2289 quod
2136 2257 2224 2285 initiis

1178 2287 1248 2321 pacis
1262 2286 1355 2313 foedus
1369 2295 1428 2313 cum
1441 2287 1554 2319 feritur,
1575 2296 1667 2321 porcus
1682 2287 1828 2318 occiditur,
1842 2289 1958 2328 'et-quod
1973 2290 2125 2323 nuptiarum
2140 2293 2223 2320 initio

1177 2323 1282 2357 antiqui
1295 2331 1368 2357 reges
1403 2336 1448 2342 —-
1483 2331 1594 2356 porcum
1608 2322 1754 2350 immolant.
1790 2323 1860 2348 Pacis
1874 2324 1952 2350 initia
1964 2331 1988 2350 et
2001 2326 2109 2353 initium
2119 2329 2224 2363 nuptia-

1747 2357 1802 2383 Cic.
1826 2357 1857 2384 de
1878 2358 1971 2393 Legib.
1988 2369 2011 2392 2,
2026 2364 2057 2393 36
2071 2371 2092 2388 c.
2108 2372 2138 2397 14
2158 2365 2224 2391 dicit

1178 2393 1305 2425 Mysteria
1323 2393 1450 2427 appellari
1469 2393 1561 2425 initia,
1581 2391 1679 2426 quibus
1700 2400 1731 2418 ex
1746 2393 1839 2427 agresti
1854 2394 1925 2428 vita,
1945 2396 2042 2423 exculti
2058 2398 2090 2424 ad
2103 2398 2224 2427 humani-

1177 2434 1257 2455 tatem
1273 2430 1374 2460 sumus,
1393 2435 1520 2462 tanquam
1531 2437 1561 2454 ea
1575 2427 1623 2454 sint
1638 2428 1708 2454 vitae
1721 2429 1860 2463 principia.
1951 2433 1993 2457 Ita
2014 2441 2135 2460 vocantur
2147 2439 2223 2463 etiam

1177 2463 1276 2497 Cybeles
1289 2461 1405 2497 mysteria
1419 2463 1533 2498 elfilcra.
1569 2467 1638 2497 Atys
1651 2464 1803 2497 (brbelemstc
1815 2465 1861 2491 allo
1879 2467 1947 2491 uitur
1960 2467 2028 2500 apud
2039 2468 2136 2496 Catuli.
2152 2474 2190 2504 61,
2202 2480 2221 2504 9

1176 2499 1240 2525 Tua
1254 2499 1342 2525 Mater
1354 2499 1446 2529 initia,
1463 2505 1509 2525 etc.
1599 2499 1698 2525 Arnob.
1715 2507 1728 2531 5
1740 2508 1764 2533 p.
1780 2502 1825 2530 169
1877 2501 1966 2534 ypriae
1982 2503 2091 2529 Veneris
2106 2505 2220 2533 abstrusa

1180 2048 1203 2068 ct
1219 2042 1265 2067 alii
1278 2043 1361 2072 ritus,
1381 2038 1538 2073 his-similes,
1557 2040 1659 2070 occulti,
1675 2039 1827 2065 dicebantur.

748 2543 793 2548 -—
829 2528 927 2562 Iniquo
946 2528 1062 2563 pondere
1074 2538 1114 2556 ra·
1126 2536 1158 2568 65
1176 2534 1224 2561 illa
1245 2534 1324 2561 initia
1343 2540 1552 2569 praetereamus,
1571 2542 1685 2567 quorum
1706 2534 1828 2561 conditor
1846 2535 1979 2562 indicatur
1993 2538 2102 2570 Cinyras
2116 2550 2161 2567 rex
2177 2542 2220 2568 fu.

1176 2571 1220 2596 iss'e
1235 2577 1280 2595 ete.
1374 2571 1405 2596 Ec
1417 2579 1442 2604 p.
1457 2574 1501 2601 184
1524 2569 1600 2595 Vnde
1619 2569 1701 2603 igitur
1721 2570 1863 2603 probamus
1882 2570 2003 2598 historias
2017 2573 2061 2600 has
2075 2584 2165 2603 omnes
2179 2586 2220 2604 re-

1176 2614 1236 2632 rum
1249 2605 1297 2631 effe
1309 2604 1438 2639 gestarum
1452 2604 1674 2638 conscriptiones?
1709 2605 1743 2630 Ex
1753 2605 1925 2632 sollemnibus
1939 2608 2036 2635 scilicet
2050 2611 2127 2637 sacris
2140 2619 2219 2647 atque

1175 2640 1318 2667 initiorum
1337 2641 1484 2672 mysteriis,
1501 2639 1544 2666 vel
1562 2649 1628 2674 quac
1643 2640 1713 2666 statis
1732 2640 1798 2667 fiunt
1816 2642 1980 2676 temporibus
1997 2653 2026 2670 ac
2044 2645 2136 2673 diebus
2148 2667 2155 2679 ‚
2176 2649 2220 2675 vel

1175 2684 1243 2710 quae
1257 2676 1286 2702 in
1300 2676 1391 2702 abdito
1406 2676 1546 2702 traduntur
1560 2676 1689 2707 initiatis,
1709 2677 1790 2702 moris
1805 2678 1907 2712 proprii
1918 2681 2093 2713 perpetuitate
2108 2683 2217 2712 scniata.

1174 2712 1270 2746 Neque
1284 2712 1356 2738 enim
1370 2711 1528 2738 credendum
1544 2711 1594 2742 est,
1614 2711 1666 2737 fine
1679 2712 1730 2737 suis
1743 2713 1895 2746 originibus
1909 2713 1971 2740 haec
1985 2716 2048 2749 else,
2069 2717 2164 2746 frustra
2180 2726 2218 2746 at-

1174 2756 1226 2782 que
1240 2748 1329 2774 inania
1342 2747 1417 2778 fieri,
1438 2756 1485 2773 nec
1499 2746 1598 2773 habere
1612 2747 1763 2774 coniunctas
1780 2749 1872 2782 primis
1891 2749 2103 2779 institutionibus
2123 2756 2218 2783 causas,

1173 2783 1263 2810 lustin.
1284 2791 1296 2816 ς
1313 2791 1353 2818 pr.
1382 2782 1531 2810 Alcibiades
1550 2782 1714 2809 insimulatur
1734 2784 1855 2815 mysteria
1874 2786 1977 2812 Cereris
1996 2787 2137 2815 initiorum
2172 2805 2217 2811 ——

1174 2819 1358 2845 enuntiauiss'e.
1473 2818 1617 2844 Initiorum
1637 2818 1692 2844 dies
1706 2818 1822 2845 dicmztur
1835 2830 1850 2845 α
1864 2821 1960 2852 Liuio,
1980 2823 2075 2857 Qcihus
2087 2825 2219 2860 sollemnia

1167 2853 1298 2890 sacrificia
1310 2853 1510 2885 celebrabantur,
1526 2857 1553 2879 in
1567 2853 1653 2889 quibus
1664 2854 1802 2894 nefas-erat
1817 2854 1888 2888 inqffie
1901 2865 1949 2882 non
1967 2860 2082 2885 initiatos
2096 2870 2103 2884 :
2139 2861 2219 2889 Acar-

1124 2894 1156 2922 75
1174 2898 1252 2916 naues
1266 2890 1371 2929 (inquit
1380 2898 1417 2929 3.¹²
1430 2890 1481 2924 14)
1495 2890 1548 2916 duo
1562 2890 1672 2916 iuuenes
1685 2899 1731 2930 per
1743 2890 1886 2917 initiorum
1901 2891 1956 2918 dics
1968 2902 2021 2919 non
2035 2894 2219 2929 initiati,tem-

1175 2925 1249 2959 plum
1269 2926 1375 2951 Cereris
1392 2925 1571 2958 imprudentes
1593 2925 1730 2959 religionis
1746 2935 1804 2952 cum
1820 2933 1921 2954 caetera
1942 2928 2017 2955 tui-ba
2034 2930 2134 2964 ingreffi
2148 2933 2216 2961 sunt.

1174 2960 1248 2987 Idem
1262 2969 1302 2992 39,
1316 2969 1339 2992 13
1360 2960 1432 2986 Tres
1452 2960 1481 2986 in
1500 2969 1569 2987 anno
1590 2960 1667 2987 statos
1688 2961 1742 2987 dies
1764 2960 1894 2994 habuisse,
1913 2963 2010 2997 quibus
2024 2965 2141 2992 interdiu
2155 2968 2216 2994 Bac-

1173 2996 1229 3023 chis
1250 2995 1435 3025 initiarentur,
1453 3002 1497 3022 etc.
1533 3001 1558 3022 et
1577 3005 1625 3030 pro
1646 2996 1730 3024 tribus
1750 2997 1777 3023 in
1795 3006 1865 3024 anno
1883 2998 1976 3025 diebus
1997 3001 2091 3034 quinos
2109 3002 2217 3037 lingulis

1174 3031 1303 3059 mensibus
1318 3031 1374 3057 dies
1387 3031 1530 3058 initiorum
1543 3031 1637 3058 fecisse.
1677 3034 1744 3059 Hinc
1757 3039 1862 3069 apparet
1874 3034 1953 3061 Initia
1966 3035 2018 3061 dici
2026 3043 2073 3070 pro
2086 3038 2215 3065 Initiatio-

547 3058 666 3086 Pondcra
684 3059 786 3094 leian.
800 3060 856 3086 inl.
872 3061 898 3088 Si
912 3063 971 3096 quis
990 3072 1005 3089 a
1017 3072 1059 3090 me
1077 3065 1109 3090 D.
1122 3071 1154 3097 30
1173 3068 1254 3093 nibus.
1292 3067 1423 3093 Erancvel
1436 3067 1569 3102 maiuscula
1582 3069 1623 3094 vel
1632 3070 1765 3104 minuscula
1778 3079 1786 3093 .·
1820 3069 1870 3095 vid.
1884 3070 1974 3105 Scalig.
1989 3070 2023 3096 ad
2035 3071 2144 3099 Tibull.

1210 3111 1219 3129 1
1229 3110 1250 3128 N
1261 3109 1271 3128 1
1280 3109 1301 3128 T
1311 3109 1320 3128 1
1329 3109 1350 3128 Α
1359 3109 1383 3128 M
1394 3109 1410 3129 F.
1421 3110 1441 3129 N
1451 3109 1471 3129 T
1481 3110 1502 3129 Α
1510 3122 1518 3134 ,
1537 3106 1624 3130 orum.
1652 3113 1676 3130 n.
1713 3105 1851 3138 Religionis
1874 3107 1962 3139 prima
1993 3105 2116 3142 dogmata.
2153 3107 2213 3136 Sen.

1174 3137 1252 3172 Epist.
1266 3146 1300 3170 90
1320 3139 1391 3164 Haec
1410 3138 1466 3163 eius
1481 3138 1648 3166 initiamenta
1660 3140 1733 3171 sunt,
1752 3139 1847 3173 quibus
1864 3148 1917 3165 non
1929 3141 2089 3175 municipale
2102 3144 2215 3175 sacrum,

1174 3174 1217 3200 scd
1247 3174 1338 3208 ingens
1369 3173 1481 3203 deorum
1511 3175 1705 3201 immortalium
1723 3175 1848 3207 templum
1871 3174 1982 3201 mundus
2006 3176 2049 3202 hic
2073 3179 2215 3207 reseratur.

1172 3209 1315 3236 Initiantur
1327 3209 1436 3236 maritus
1450 3216 1475 3236 et
1488 3218 1558 3237 vxor
1570 3210 1662 3237 liberis
1685 3209 1814 3243 Qiinclil.
1829 3210 1901 3237 Decl.
1917 3220 1926 3237 1
1940 3220 1964 3245 p.
1980 3220 2016 3243 31.

1210 3250 1346 3272 ΙΝΙΤΙΟ
1356 3265 1364 3277 ,
1402 3249 1455 3271 ὅτε.
1492 3246 1591 3279 [μυέω,
1609 3247 1701 3279 τελέω]
1737 3246 1821 3272 Sacris
1833 3246 1944 3273 imbuere.
1982 3247 2037 3273 Cic.
2052 3247 2083 3274 de
2097 3248 2133 3275 N.
2147 3249 2179 3275 D.
2193 3258 2214 3282 1,

1175 3289 1217 3311 119
1230 3280 1252 3306 c'.
1266 3289 1302 3314 42.
1322 3280 1377 3307 Vbi
1395 3280 1536 3307 initiantur
1553 3287 1640 3315 gentes
1660 3289 1767 3307 orarum
1781 3281 1897 3308 vltimae.
1933 3283 1970 3308 Ex
1983 3283 2068 3311 Poeta.
2137 3285 2212 3312 Idem

1173 3316 1256 3342 Tusc.
1271 3325 1288 3347 1,
1303 3325 1336 3349 29
1351 3326 1371 3342 c.
1385 3325 1409 3348 13
1431 3316 1624 3348 Reminiscere,
1643 3315 1770 3350 quoniam
1785 3316 1903 3343 initiatus
1919 3326 1955 3349 es,
1975 3317 2041 3352 quid
2052 3324 2144 3352 agatur
2155 3329 2213 3352 my.

1174 3351 1268 3378 stertis.
1363 3351 1436 3377 Idem
1450 3351 1482 3377 de
1496 3351 1587 3385 Legib.
1603 3360 1625 3384 ε,
1639 3360 1681 3377 22.
1769 3352 1834 3378 Plin.
1849 3361 1890 3384 3ο,
1905 3361 1917 3378 2
1936 3353 2044 3387 Magicis
2057 3355 2137 3381 etiam
2153 3364 2213 3382 coe.

1172 3387 1212 3412 nis
1227 3396 1287 3413 eum
1302 3387 1465 3414 initiaucrat.
1567 3387 1660 3413 Cereri
1674 3386 1814 3414 initiantur
1833 3388 1950 3414 Tertull.
1963 3388 1994 3414 de
2009 3389 2068 3415 Pall.
2083 3399 2104 3416 c.
2115 3400 2142 3423 4.
2156 3390 2211 3418 vid.

1479 3421 1601 3455 Arnob.5
1615 3432 1639 3457 p.
1654 3425 1695 3453 168
1732 3423 1798 3456 Qus
1810 3422 1845 3449 est
1858 3423 1994 3457 enim,qui
2008 3424 2111 3457 credat,
2130 3426 2213 3452 hone-

1173 3458 1244 3484 statis
1258 3458 1359 3493 aliquid
1374 3458 1401 3484 in
1414 3466 1443 3483 ea
1456 3466 1484 3483 re
1499 3458 1562 3489 effe,
1583 3467 1662 3492 quam
1675 3457 1781 3484 initiant
1796 3459 1860 3484 viles
1880 3459 1960 3484 Galli.
1995 3459 2023 3486 de
2038 3460 2124 3494 Jizcris
2138 3462 2212 3496 Cybe-

1173 3495 1216 3520 les.
1287 3495 1318 3520 Et
1337 3503 1361 3528 p.
1381 3500 1425 3527 170
1433 3499 1477 3527 pr.
1508 3493 1557 3519 Illa
1588 3493 1725 3525 mysteria,
1744 3493 1840 3527 quibus
1870 3493 1981 3527 Phrygia
2010 3495 2132 3522 initiatur
2164 3504 2211 3524 etc.

1173 3528 1304 3562 Qiinffll.
1320 3538 1340 3562 1,
1355 3537 1419 3559 2,20
1440 3529 1535 3562 Neque
1548 3529 1620 3555 enim
1634 3529 1668 3556 est
1682 3528 1792 3555 sanetius
1807 3529 1883 3555 sacris
1897 3529 2009 3562 iisdem,
2026 3539 2104 3564 quam
2118 3531 2211 3559 studiis

1354 3563 1420 3590 AM.
1436 3572 1469 3595 ιε,
1484 3573 1521 3596 ιο,
1537 3573 1575 3598 14.
1653 3565 1740 3590 Varro
1753 3564 1819 3625 ἔρια]
1831 3565 1903 3591 Νοη.
1917 3573 1941 3597 2,
1955 3573 1996 3597 3¹0
2016 3567 2105 3599 Qium
2121 3568 2211 3602 primo

71 3584 246 3623 [wfflth'm
263 3583 450 3624 παξρανᾶμημα]
466 3620 470 3621 ⁷
485 3588 590 3616 Iniuria
597 3598 639 3618 aut
651 3594 804 3629 malignitas.
839 3595 903 3620 Plin-
920 3602 956 3626 ¹2,
973 3603 1000 3626 19
1026 3595 1054 3621 Id
1070 3604 1109 3621 ac·
1120 3604 1152 3630 95
1171 3600 1232 3627 cibo
1246 3606 1271 3626 et
1284 3599 1394 3634 potione
1409 3599 1544 3626 initiarent
1558 3608 1668 3634 pueros,
1688 3600 1751 3625 sacri
1773 3599 1898 3626 cabantur
1916 3600 1948 3626 ab
1963 3600 2088 3628 Edulibus
2102 3603 2210 3635 Edusae,

32 3627 33 3656 j
73 3619 203 3646 cideritne
221 3618 257 3645 ob
276 3619 445 3659 iniquitatem
463 3626 686 3660 praepotentium,
705 3638 738 3654 an
757 3629 842 3662 forte,
862 3640 915 3656 non
930 3630 988 3656 satis
1002 3630 1108 3657 constat.

71 3655 226 3689 Omnesque
243 3663 285 3694 ea}
305 3655 459 3689 lfflql'itates
477 3658 653 3698 sui-quaestus
670 3666 744 3690 causa
758 3665 914 3692 constituisse
937 3665 993 3691 Cic.
1006 3666 1081 3692 Verr.
1095 3675 1108 3698 3

72 3698 95 3716 C·
113 3693 150 3716 16·
254 3690 311 3715 Cle·
327 3690 379 3716 Att-
394 3699 446 3722 ¹211
465 3692 544 3720 Nihil
555 3701 607 3722 tam
620 3700 762 3726 exercitum
774 3701 821 3727 css'e
835 3710 902 3727 nunc
916 3702 1109 3735 Romae,quam

71 3724 238 3756 candidatos,
258 3725 383 3755 ominbus
399 3726 592 3761 iniquitatibus.
612 3730 617 3742 ⁶
659 3735 788 3770 Iniqujtn
801 3737 943 3771 temporis,
963 3734 1109 3770 Difficultas

71 3767 96 3786 et
106 3762 216 3796 pericula
225 3762 368 3796 praefivztia
389 3762 443 3788 Cic.
458 3772 506 3795 pro
520 3764 594 3790 Rosc.
608 3766 695 3795 Amer.
711 3780 729 3797 1.
836 3773 876 3799 Sic
891 3773 950 3798 Liu.
964 3780 1001 3804 35,
1038 3791 1045 3797 .

71 3831 199 3866 Iniquitas
212 3834 347 3866 corporis,
367 3833 420 3859 vid.
439 3843 494 3859 mox
509 3840 736 3870 INlefiTlTAs.

78 3876 86 3886 s
109 3868 266 3905 INI’QVE.
291 3867 357 3894 Adu.
396 3868 574 3903 [παρανόμως]
613 3870 711 3904 Iniuste.
750 3876 831 3906 Plaut.
845 3879 901 3906 Cas.
915 3887 944 3911 3,
957 3886 992 3910 4,
1009 3886 1035 3909 27
1056 3878 1108 3904 Ant

930 3914 1026 3948 Inique
1039 3913 1110 3939 iniu-

545 3940 613 3968 Ter.
629 3942 739 3978 Adelph.
754 3953 775 3977 2,
789 3955 815 3980 2,
826 3956 847 3980 3.
966 3949 971 3954 '

228 3979 309 4001 vor..
345 3976 387 4002 11.

894 3948 992 3976 Sannio
1004 3952 1110 3976 interro-
1116 3959 1160 3986 [ος

1171 3644 1186 3661 3
1216 3636 1325 3669 potione
1359 3635 1466 3661 Potinae
1488 3635 1616 3662 ·nutricis.
1670 3635 1742 3661 forte
1756 3637 1802 3671 leg.
1821 3635 1999 3663 sacrificabant
2031 3644 2054 3663 et
2084 3640 2209 3665 nutrices.

1170 3671 1303 3703 Qiine'nl.
1318 3671 1433 3697 Deciani.
1447 3679 1467 3703 1,
1480 3677 1503 3702 13
1517 3680 1541 3704 p.
1556 3679 1580 3703 31
1601 3669 1675 3696 Alius
1691 3670 1805 3702 diceret,
1824 3671 1950 3698 maritum
1972 3678 1997 3698 et
2017 3681 2142 3705 vxorem,
2158 3673 2207 3699 nisi

1172 3705 1264 3732 liberis
1289 3706 1475 3737 initiarentur,
1495 3715 1549 3732 non
1577 3705 1721 3731 fortissimis
1749 3714 1891 3740 corporum
1922 3707 2036 3734 vinculis
2060 3708 2206 3734 inhaerere.

1170 3742 1238 3766 Asale
1250 3742 1296 3767 huc
1307 3743 1400 3768 relatur
1415 3740 1447 3773 2st
1460 3743 1526 3767 locus
1540 3740 1622 3767 Plauti
1637 3740 1720 3767 Calin.
1735 3750 1755 3771 2,
1770 3749 1792 3774 3,
1807 3750 1823 3773 9
1848 3741 1903 3776 Qli
1915 3742 2050 3777 postquam
2065 3751 2124 3768 amo
2137 3742 2207 3769 Cafi-

1083 3791 1090 3798 ·
1114 3783 1161 3801 100
1170 3785 1245 3807 nam,
1265 3777 1347 3811 magis
1359 3777 1439 3803 initio
1451 3775 1592 3802 munditiis
1605 3776 1763 3803 Munditiam
1777 3777 1987 3840 (ufferfhnam)
2005 3777 2118 3804 antideo.
2132 3780 2150 3803 ι’.
2164 3787 2209 3803 an-

1169 3818 1235 3843 tero,
1246 3812 1345 3846 supero.
1382 3812 1465 3837 Initio
1479 3811 1511 3843 est
1520 3813 1663 3847 principio,
1682 3815 1774 3847 primo.

1169 3855 1246 3877 zare,
1264 3853 1293 3872 vt
1306 3856 1326 3873 e.
1338 3857 1359 3873 c.
1380 3846 1498 3874 Tertull.
1525 3845 1557 3872 de
1576 3847 1728 3881 Monogam.
1747 3857 1769 3874 c.
1792 3853 1813 3877 8.
2187 3883 2191 3886 ι

1168 3879 1201 3913 est
1216 3881 1334 3908 inchoare
1347 3889 1371 3908 et
1383 3882 1516 3917 auspicari.
1551 3882 1680 3909 Firmicus
1693 3892 1718 3915 2,
1733 3891 1756 3910 12
1764 3890 1808 3919 pr.
1834 3884 1888 3912 Ver
1901 3882 2036 3912 initiatur,
2052 3890 2133 3916 quum
2151 3890 2206 3917 pri-

1170 3925 1240 3943 mam
1253 3917 1351 3943 Arietis
1366 3925 1466 3951 partem
1479 3916 1522 3943 Sol
1535 3917 1616 3945 fuerit
1628 3918 1761 3952 ingressus.

1844 3815 1885 3840 inc
1897 3811 2067 3847 Ecclfflasticis
2081 3810 2113 3844 est
2127 3812 2209 3847 bapti-

2006 3845 2026 3881 Ἴ
2046 3855 2061 3872 2
2098 3847 2205 3873 Initiari

1207 3959 1217 3978 1
1229 3958 1250 3978 N
1263 3957 1321 3979 1'1'1
1331 3959 1353 3980 A
1362 3959 1384 3980 N
1393 3959 1438 3980 TE
1447 3960 1459 3980 s
1468 3972 1477 3985 ‚
1492 3955 1536 3988 qui
1547 3956 1692 3982 initiantur.
1729 3954 1835 3982 Vitruu.
1849 3960 1866 3989 7
1875 3950 1955 3988 praef.
1962 3949 2068 3987 subfi’z.

1478 3995 1496 4023 7
1517 3988 1540 4016 ς
2141 3992 2204 4014 1111»
