2479 4225
94 187 174 258 1183
494 207 507 244 l
598 208 639 246 N
725 206 768 245 T

129 301 174 322 ΙΝ
187 289 418 327 TERLi'TVS,
440 302 471 326 a,
495 302 549 320 um.
607 293 679 321 Adi.
722 294 814 323 Codex
838 293 972 320 interlitus
1006 294 1061 321 Cic.
1086 303 1135 329 pro

94 331 199 359 Cluent.
218 339 239 356 0.
254 337 290 362 33.
384 330 525 356 Caenicnta
544 329 661 357 interlita
680 330 747 358 limo
779 331 839 357 Liu.
853 338 896 361 21,
918 337 949 355 11.
1042 331 1136 357 Murus

94 366 228 396 bitumine
242 364 375 391 interlitus
406 366 481 392 Curt.
494 373 516 398 ς,
530 373 549 397 1,
564 367 592 391 16
606 373 629 391 ct
644 373 682 399 ις.
749 365 873 393 Tabulae
884 369 1036 399 corruptae,
1055 372 1135 401 atque

94 401 228 431 interlitae
253 401 309 426 Cic.
327 401 402 426 Verr.
418 408 441 432 2,
455 409 502 433 104
522 410 543 426 c.
555 409 599 433 42.
649 402 651 404 ’
1046 416 1049 422 ι

131 441 368 463 1NTERLOCO
382 455 390 467 ‚
409 440 462 462 are.
510 436 580 462 Mela
595 444 651 468 2,1.

131 479 141 498 1
151 478 173 497 N
187 477 208 497 T
220 477 236 496 E
247 478 264 498 R
276 469 319 496 1.(’1
327 478 374 510 Qv
385 479 404 498 o
414 478 432 497 R
441 491 449 503 ,
471 470 604 505 loqueris,
632 472 735 498 locfitus
753 471 828 504 sum,
851 470 938 505 loqui.
976 468 1134 506 [διακόπτω]

92 508 152 536 Alio
165 508 292 542 loquente,
308 506 434 541 sermones*
446 507 626 543 intermisi-ere,
649 510 715 533 intr»-
733 507 821 539 ellare,
848 505 958 542 quasique
969 508 1136 534 interturbare

90 545 236 578 loquentem.
307 542 374 568 Ter.
390 543 485 568 Heaut.
497 552 525 577 4,
539 551 561 575 3,
577 551 599 574 13
633 544 714 577 Antip
736 542 769 568 ila
783 550 841 568 mea
855 542 936 568 nubet
950 542 1024 568 mihi.
1049 549 1071 569 s.
1091 543 1135 568 sic-

65 607 67 609 ,
90 578 152 605 cine
166 577 235 604 mihi
249 577 449 611 interloquere3
519 578 650 615 speciatim
665 579 841 613 interloquitur
856 579 975 610 Praetor,
1001 580 1120 614 Princeps
1130 598 1137 609 ‚

92 613 188 646 Iudex,
215 622 269 640 cum
288 616 355 638 inter
372 613 578 649 cognoscendum,
603 620 660 639 ante
671 613 839 649 sententiam,
863 613 959 648 alsqmd
976 621 1137 648 pronunciat.

91 649 162 676 Geli.
178 657 224 682 14,
240 657 255 675 2
285 648 370 674 Aliter
384 656 463 683 atquc
478 649 554 675 aliter
566 648 656 676 eadem
670 651 698 675 in
711 649 799 681 causa,
819 647 964 682 eodemque
978 650 1003 675 in
1017 656 1136 683 tempore

92 685 205 716 sentire,
225 690 251 710 et
267 684 412 718 interloqui
427 684 556 711 videatur.
661 684 731 711 Paul.
753 684 781 710 in
800 683 817 711 l.
837 684 864 710 iu
885 684 1037 711 testamento
1054 686 1086 711 D.
1102 685 1135 710 de

92 720 157 747 fidei
171 719 270 746 comiss.
285 718 374 745 libert.
398 721 428 746 In
442 719 611 752 testamento,
629 719 701 754 quod
716 719 860 754 perfeetum
877 729 929 745 non
942 727 1006 754 erat,
1016 721 1137 747 alumnae

93 757 155 782 suae
168 755 318 782 libertatem
331 760 357 780 et
369 753 432 781 lidci
447 756 577 782 conunisl'a
593 755 674 782 dedit.
731 757 821 789 Quum
839 755 928 781 onmia
949 756 1031 782 veluti
1051 756 1084 782 ab
1098 756 1138 782 in-

91 791 186 818 testato
205 790 256 816 filii
273 790 399 824 egissent:
436 790 545 825 quaesiit
564 792 726 825 Imperator,
757 800 790 818 an
805 799 836 817 ex
856 792 927 819 causa
948 791 1137 818 fideicommisii

93 826 248 853 manumissa
268 825 371 852 fuisset?
406 826 436 852 Et
454 826 626 853 interlocutus
645 827 694 858 est,
717 826 762 853 etsi
783 826 851 853 nihil
872 826 904 852 ab
925 827 1043 854 intestato
1065 833 1138 861 pater

91 862 219 898 petiisset:
256 862 314 896 pios
337 867 423 887 tamen
443 861 512 887 tilios
530 861 646 888 debuisse
665 862 851 889 manumittere
871 870 943 893 cam,
967 872 1046 898 quam
1066 868 1139 897 pater

93 897 232 924 dilexisset.
285 897 470 923 Pronuntiauit
487 896 571 931 igitur
583 897 655 924 1·οἐἱο
669 907 726 925 03111
740 897 934 930 manumissam,
953 905 978 925 et
991 898 1052 925 ideo
1059 898 1139 924 etiam

92 930 291 960 fideicommissa
305 932 331 958 ei
345 931 504 966 praestanda.
576 934 637 968 le.
652 933 677 959 in
694 934 710 960 l.
720 942 729 959 1
743 934 774 960 D.
787 933 818 960 de
831 933 931 959 constit.
941 934 1024 960 Ptine.
1045 933 1139 968 Qiod-

1579 209 1594 248 l
1684 209 1727 249 N
1819 210 1863 252 T
2156 221 2241 263 1186

1235 303 1512 329 iN'rnRMist,
1532 307 1559 329 a,
1579 306 1634 325 11111.
1666 297 1727 324 Adi.
1765 300 1841 333 Apul.
1854 301 1885 327 de
1900 302 1999 329 Mundo
2017 313 2041 339 p.
2057 312 2087 338 37
2113 304 2238 333 Intermi-

1199 341 1246 358 nus
1267 332 1357 366 lapsus.
1411 334 1506 359 Aaron.
1520 333 1597 368 Epist.
1613 336 1650 366 16,
1671 338 1695 365 38
1732 335 1810 368 Perge
1825 335 1842 360 ὁ
1862 337 1951 363 libelle
1964 345 1990 365 ct
2003 347 2075 366 vtere
2102 341 2236 369 Felicitate

1198 368 1350 395 intermina.
1404 369 1498 395 Auicn.
1513 369 1611 404 Perieg.
1625 377 1662 403 74
1687 369 1809 395 Oceanus
1831 371 1994 401 interminus.
2029 376 2238 409 CortJLl’rudcnt.

1200 404 1299 435 Hymn.
1314 403 1438 438 Epiphan.
1455 412 1494 438 37.
1514 412 1537 430 ct
1558 405 1616 431 adu.
1632 404 1778 436 Symmach.
1793 413 1819 438 2,
1834 409 1887 431 106.

1238 447 1245 464 1
1256 446 1275 465 N
1286 447 1307 465 Τ
1317 446 1332 465 1>ῑ
1343 446 1360 465 R
1372 446 1395 466 M
1410 438 1449 465 ϊΝ
1459 448 1477 466 0
1489 446 1504 465 R
1515 459 1523 470 ‚
1542 441 1589 466 ari.
1626 439 1787 476 [διαπειλέω]
1829 440 1905 467 Valde
1918 445 2019 475 minari,
2032 454 2085 470 cum
2096 449 2170 472 minis
2179 453 2237 482 pro-

1198 474 1280 501 hibere
1299 482 1322 500 ct
1341 475 1486 500 interdicere
1500 475 1568 501 Tcr.
1584 476 1648 501 Eun.
1671 484 1694 508 ς,
1712 485 1776 508 21¹⁴
1807 476 1879 510 Quid
1901 476 1939 502 ais
1959 478 2093 513 sacrilega?
2116 481 2238 508 isluccine

1200 511 1369 537 interminata
1382 511 1437 536 sum
1457 510 1518 536 hinc
1535 511 1624 536 abiens
1642 511 1712 537 tibi?
1780 511 1852 538 Idem
1866 511 1947 538 Andr.
1961 521 1982 546 3,
1996 521 2019 543 2,
2033 520 2058 539 111
2086 516 2238 544 intermina-

1199 551 1240 572 tus
1261 547 1359 571 111111ηο
1373 546 1486 572 faceres?
1507 555 1568 571 num
1588 547 1704 573 veritus?
1774 547 1944 574 interminari
1962 548 2043 573 vit-un
2064 549 2143 577 alicui
2158 553 2239 579 l'laut.

1199 582 1256 608 Cas.
1271 590 1292 614 3,
1309 590 1330 613 ς,
1345 586 1384 612 28.
1398 585 1417 607 ι’.
1438 583 1466 608 Se
1478 580 1670 617 intmftfturum
1681 585 1782 609 minari.
1817 582 1890 610 Idem
1903 583 1991 609 Pseud.
2003 591 2026 616 3,
2041 592 2061 615 1,
2074 592 2116 610 10:
2134 594 2156 612 tt
2170 589 2240 615 Asin.

1153 627 1183 646 10
1200 626 1229 650 2,
1248 625 1280 648 2,
1301 619 1343 648 96.

1237 657 1491 683 1NTERM1N0,
1509 655 1564 678 310.

1199 687 1342 714 terminat?

1236 730 1246 749 1
1258 730 1278 749 N
1287 730 1308 749 T
1318 730 1333 749 E
1344 729 1361 748 R
1371 728 1396 748 Μ
1405 729 1414 748 1
1424 728 1445 748 Ν
1455 728 1476 747 A
1486 728 1507 748 T
1516 728 1535 747 v
1545 729 1557 748 s
1567 742 1575 754 ‚
1593 730 1618 754 a,
1638 731 1692 747 11111.
1713 723 1780 748 Ρ31·1·.
1802 721 1909 757 Paffiue,
1945 724 2013 750 Hor.
2021 723 2102 759 Epod.
2116 733 2139 758 ς,
2152 734 2181 760 39
2200 727 2241 754 [ῃ.

1200 759 1345 794 terminato
1357 766 1417 783 cum
1432 758 1507 783 semel
1524 757 1589 784 fixae
1602 757 1664 784 cibo
1693 757 1859 783 intabuissent
1874 759 1994 792 pupulae.

1601 651 1676 678 Idem.
1714 652 1795 679 Plaut.
1809 652 1868 679 Mil.
1882 661 1907 686 2,
1921 661 1944 685 3,
1957 661 1990 687 4²
2019 654 2088 687 Qtis
2103 654 2185 682 homo
2200 658 2240 684 in.

1154 802 1180 828 ις
1238 801 1248 820 1
1258 800 1277 819 Ν
1289 801 1310 819 Τ
1322 799 1337 818 E
1349 799 1367 818 R
1377 799 1419 819 111
1431 800 1451 819 Ν
1464 799 1532 819 ATi
1545 800 1564 819 0
1574 812 1581 823 ,
1601 794 1669 819 onis.
1689 793 1708 818 f.
1729 793 1864 819 iustinian.
1879 793 1910 820 de
1924 795 1977 821 lur.
1992 794 2100 823 docend.
2113 794 2137 833 ᾗ.
2151 805 2172 829 7.

1238 830 1539 861 i'N‘rrRM1sci:0‚
1557 829 1602 860 ui,
1627 829 1705 854 istum
1723 831 1762 854 vel
1775 829 1874 860 ixtum,
1897 833 1950 855 ere.
1989 827 2172 867 [δὶκμίγνυμι]
2209 833 2242 860 In

1202 864 1280 893 medio
1301 864 1409 899 miscere.
1447 863 1512 890 Plin.
1529 872 1566 896 19,
1579 867 1595 890 6
1628 865 1805 890 intermisceri
1826 864 1982 897 satureiam,
2001 866 2127 900 quoniam
2149 867 2244 895 melius

1203 899 1352 934 proueniat.
1389 899 1519 925 Columcl.
1539 908 1572 932 11,
1590 909 1610 932 3.
1682 900 1761 926 Doris
1784 908 1871 926 amara
1895 901 1967 926 suam
1991 909 2045 927 non
2068 903 2244 931 intermisceat

1203 935 1302 961 vndam
1318 934 1391 968 Virg.
1407 935 1458 960 Ecl.
1473 943 1510 967 10,
1524 942 1546 967 5.
1613 934 1738 961 Turbam
1758 934 1930 969 indignorum
1947 935 2148 965 candidatorum
2164 939 2245 967 inter-

92 977 197 1003 cunque
211 968 294 1002 igitur
311 968 459 1002 Imperator
479 977 525 1003 per
545 969 682 1003 epistolam
701 975 725 995 et
739 968 954 1002 subscriptionem
968 970 1069 1000 statuit,
1093 969 1136 995 vel
1153 970 1335 1008 20‘miscendo
1349 970 1434 1004 dignis
1453 971 1512 996 Liu.
1526 979 1553 1003 4,
1569 972 1608 1003 56.

91 1004 250 1038 cognoscens
264 1003 400 1035 decreuit,
426 1003 469 1029 vel
483 1004 516 1031 de
528 1003 607 1038 plano
620 1004 795 1031 interlocutus
807 1004 860 1037 est,
878 1005 919 1031 vel
932 1004 1020 1032 edicio
1034 1013 1138 1040 praece-

96 1039 151 1074 pit,
172 1038 255 1072 legem
272 1039 320 1064 csse
333 1039 441 1065 constat.

131 1081 140 1100 1
152 1081 174 1100 N
188 1080 210 1100 T
221 1079 238 1100 E
247 1080 265 1099 R
277 1080 292 1099 1.
305 1079 324 1099 0
335 1079 352 1099 C
364 1080 382 1098 v
395 1080 416 1099 Τ
429 1079 467 1099 10
476 1093 483 1104 ,
503 1074 570 1100 onis.
589 1074 609 1100 f.
630 1072 808 1109 [μετ-οἱφσισις]
843 1074 965 1101 Sermonis
976 1078 1043 1102 inter
1061 1074 1139 1109 ofitio.

93 1108 164 1136 Geli.
181 1118 221 1142 14,
235 1117 248 1134 2
274 1109 315 1134 An
327 1117 358 1134 ex
374 1109 436 1141 vsu,
453 1117 538 1143 exque
551 1108 642 1135 officio
654 1109 685 1135 sit
697 1109 793 1136 iudicis
806 1118 862 1136 rem
876 1112 1028 1145 causamque
1040 1082 1074 1136 ge
1087 1119 1138 1145 qua

93 1144 244 1178 cognoscit,
282 1143 536 1171 interlocutionibus
565 1144 618 1171 suis
642 1144 680 1171 ita
703 1145 854 1179 exprimere
880 1153 957 1181 atque
979 1146 1139 1181 consignare.
1155 1157 1187 1184 2⁵

91 1179 224 1214 Quinctil.
240 1187 253 1211 ς
262 1198 271 1210 ,
290 1188 304 1211 7
336 1180 416 1206 Breui
430 1180 755 1214 interlocutionepatroni
769 1181 922 1208 refutandus
935 1181 979 1209 est.
1056 1183 1139 1208 Inter-

84 1214 196 1245 iocutio
208 1214 306 1240 iudicis
328 1215 425 1241 Iulian.
439 1215 467 1240 in
480 1215 497 1241 l.
510 1215 558 1249 qui
572 1216 666 1248 agnitis
680 1216 712 1241 D.
728 1215 761 1242 de
773 1223 871 1251 except.

128 1256 137 1274 1
152 1255 173 1275 N
188 1256 210 1276 Τ
222 1256 239 1276 E
248 1256 292 1276 RL
301 1251 323 1275 V
332 1255 348 1276 C
357 1257 416 1283 Eo,
436 1250 481 1282 xi,
500 1253 552 1276 ete.
589 1249 741 1285 [διαφαίνω]
795 1254 826 1279 In
839 1252 1019 1283 ηιε11101νεενε,
1043 1254 1084 1279 vel
1096 1253 1139 1280 In-

90 1289 158 1311 terea
171 1286 249 1311 lucere
258 1304 264 1315 ‚
284 1292 328 1311 aut
342 1287 413 1312 Inter
426 1284 524 1321 aliquid
534 1286 622 1312 lucere.
694 1287 754 1313 Liu.
772 1296 811 1323 ²9,
829 1296 858 1321 14
891 1289 961 1314 Duos
976 1287 1042 1314 soles
1056 1289 1141 1314 visos:

92 1325 120 1346 et
133 1320 212 1346 noete
226 1320 397 1346 interluxisi'e.
817 1323 822 1328 '

93 1355 194 1390 quibus
207 1356 278 1382 inter
291 1355 384 1389 gradus
398 1355 551 1389 dignitatis,
570 1357 748 1392 fortunaeque
761 1359 863 1394 aliquid
872 1359 1020 1385 interlucet.

91 1399 159 1418 rona
172 1391 312 1418 interlucet
324 1399 378 1417 non
391 1391 464 1424 sptss'a
477 1391 543 1418 viris
575 1392 652 1427 Virg.
675 1394 741 1420 Aen.
759 1403 792 1427 9,
813 1399 871 1428 508.

90 1426 225 1460 Quinem.
239 1427 308 1453 Deci
320 1435 357 1458 12,
373 1434 385 1451 2
404 1435 497 1460 p.243.

128 1469 139 1488 1
149 1467 172 1487 N
184 1468 206 1487 ‘r
218 1468 235 1488 Ε
245 1468 261 1488 R
272 1467 288 1487 1.
298 1467 319 1485 ν
331 1467 348 1488 c
358 1468 375 1488 Ε
385 1468 397 1487 s
407 1468 424 1488 c
435 1468 454 1487 o
467 1481 477 1494 ,
497 1464 550 1489 ere.
596 1463 675 1490 Gloff.
690 1464 736 1490 Gr.
751 1464 809 1490 Lat.
824 1462 947 1498 διαφαίνω.

127 1503 138 1522 1
150 1503 172 1522 Ν
187 1502 209 1522 T
221 1498 391 1529 ERLVCO,
412 1501 465 1524 310.
502 1496 689 1534 [baudulfo]

83 1531 255 1568 pullulantes,
267 1538 314 1567 per
328 1533 460 1558 interualla
475 1534 591 1569 rejectare.

86 1567 192 1603 ‘pariter
205 1568 362 1594 interlucata
375 1568 500 1594 densitate
514 1578 666 1602 ramorum,
687 1571 735 1604 qui
748 1570 796 1597 sint
808 1572 975 1606 superuacui.

129 1609 139 1628 1
150 1609 173 1628 N
187 1609 209 1628 Τ
221 1610 237 1630 Ε
247 1610 264 1629 R
274 1610 290 1629 1.
299 1610 319 1628 v
330 1609 346 1630 C
355 1610 376 1630 A
388 1609 410 1629 Τ
421 1610 456 1629 10
465 1623 473 1635 ,
495 1605 561 1630 onis.
594 1605 613 1631 f.
656 1602 851 1641 [διακαίθαρσις]

91 1672 193 1700 limma.
245 1673 334 1700 Eadem
346 1674 440 1700 dicitur
455 1675 606 1702 Collucatio
619 1676 744 1703 Varroni.

127 1715 136 1734 1
148 1715 170 1734 N
185 1714 208 1734 Τ
220 1714 236 1734 Ε
245 1715 264 1735 R
275 1715 291 1734 1.
303 1715 324 1734 v
335 1716 353 1736 D
363 1716 393 1741 Ε,
411 1717 451 1745 ap.
464 1711 550 1737 Anast.
567 1712 595 1737 in
608 1709 738 1739 Cornelio
750 1721 799 1739 vox
813 1712 908 1748 vitiosa
915 1719 964 1748 pro
979 1713 1008 1739 in
1019 1712 1144 1739 Tellure.

95 1744 155 1772 Vid.
173 1745 283 1771 Nardin.
298 1745 366 1771 Rom.
386 1746 440 1771 Vct.
455 1749 481 1778 6,
496 1756 530 1779 13.

124 1785 170 1805 1N
184 1786 206 1806 'r
219 1781 318 1806 ERLV
330 1787 396 1813 Do,
416 1783 471 1808 ere.

91 1813 196 1841 lubrica
214 1815 304 1849 pisces.

123 1855 166 1874 1N
179 1856 201 1875 Τ
214 1851 403 1883 ΕκιῦΝις,
424 1859 449 1877 e.

89 1884 236 1914 interluni,
255 1887 274 1910 i.
291 1885 374 1911 illuni.

502 1850 564 1877 Adi.

126 1926 136 1945 1
145 1926 167 1945 N
177 1925 199 1945 Τ
211 1926 228 1945 Ε
237 1925 255 1944 R
266 1926 281 1944 1.
290 1920 310 1945 1ῗ
322 1925 342 1944 Ν
355 1926 428 1945 1νΜ
437 1939 444 1951 ,
465 1919 484 1946 i.
504 1928 531 1945 n.
567 1917 695 1953 [σύνοδος]
730 1921 836 1946 Dicitur
849 1919 883 1946 Id
889 1919 1003 1955 spatium
1017 1923 1146 1980 tempssfiss

1106 1964 1144 1980 ln.

977 1998 1058 2024 quem
1070 1989 1142 2015 diem

86 1956 116 1981 in
131 1963 177 1990 quo
194 1963 238 1980 nec
250 1956 356 1989 amplius
369 1956 428 1980 luna
440 1962 514 1981 vetur
523 1962 642 1990 apparet,
667 1964 711 1980 nec
721 1954 803 1980 adhuc
816 1964 878 1980 noun
893 1955 1005 1981 videtur.

89 1991 133 2021 16,
147 1997 178 2021 39
210 1990 283 2015 Inter
298 1998 390 2015 omnes
410 1991 550 2019 conuenit,
576 1989 707 2015 vtiliffime
720 1989 749 2015 in
763 1989 836 2015 coitu
850 1990 940 2014 lunae:

87 2023 138 2050 alii
152 2024 344 2056 interlunium,
364 2024 409 2050 alii
426 2024 522 2051 silentis
537 2025 615 2051 lunae
627 2024 768 2058 appellant.
811 2024 883 2050 idem
901 2029 942 2056 18,
961 2033 1000 2057 32.

88 2061 177 2086 Carm.
192 2068 211 2092 1,
224 2067 262 2092 25.
277 2068 301 2086 11
325 2059 449 2086 Thracio
464 2059 606 2086 bacchante
619 2060 702 2094 magis
718 2060 765 2085 sub
778 2059 848 2085 inter
883 2060 970 2086 Lunia
984 2064 1073 2086 vento.

125 2101 135 2120 1
147 2101 170 2120 N
182 2100 204 2121 Τ
213 2101 230 2121 Ε
240 2101 257 2120 R
269 2101 284 2120 L
295 2101 315 2120 V
327 2100 346 2121 O
355 2115 364 2128 ,
384 2096 429 2127 ui,
450 2101 525 2122 utum
535 2115 544 2128 ,
566 2097 620 2121 ere.
659 2094 819 2129 [διακλύζω]
857 2096 1012 2131 Interjizcerc.

88 2166 130 2192 sos
153 2165 276 2192 interluit
295 2175 412 2201 aequore
431 2172 543 2194 montes.
596 2167 625 2192 de
648 2168 796 2192 Trinacria.

86 2201 167 2228 vrbes
193 2202 267 2236 Virg.
281 2202 346 2228 Aen.
361 2211 382 2234 3,
395 2206 446 2234 418.

75 2236 174 2271 -posiea
189 2238 282 2263 vinum
296 2237 404 2264 sumito.
441 2240 460 2263 i.
481 2238 554 2264 Inter
572 2237 634 2263 duos
652 2236 725 2262 aaut
738 2245 826 2261 manus
839 2237 932 2262 iduato·

87 2281 129 2305 41,
144 2279 184 2304 25.
219 2279 243 2298 et
255 2272 338 2299 Solin.
353 2275 422 2305 c.56.

84 2327 86 2329 ,
122 2314 419 2338 1NTERLVV1Es,
439 2306 475 2332 ei.
500 2306 521 2332 f.

84 2342 175 2369 versis.
211 2343 282 2368 Nam
298 2341 517 2376 quotquotsunt‚
536 2349 628 2367 omnes
643 2340 748 2374 angusta
762 2340 908 2367 interluuie
921 2339 1094 2372 diuiduntur,
1121 2343 1141 2366 ι’.

75 2378 153 2413 freto
163 2397 172 2409 ,
193 2385 238 2411 quo
250 2378 421 2403 interluuntur
434 2376 530 2412 infidae
545 2377 718 2402 Britannicae.

121 2419 132 2438 1
144 2418 166 2437 N
179 2419 200 2438 T
209 2419 226 2438 Ε
235 2419 254 2438 R
264 2419 288 2438 M
297 2410 319 2438 Ᾱ
329 2419 349 2437 Ν
363 2419 380 2438 Ε
390 2418 409 2437 0
420 2431 429 2444 ,
448 2416 502 2438 erc.
519 2414 523 2417 '
540 2409 735 2445 [διαμιμνοίζω]
772 2412 809 2437 Ex
816 2411 889 2437 Inter
903 2416 926 2436 et
938 2411 1052 2442 Maneo3
1073 2409 1141 2446 quast

83 2449 191 2475 Mancre
204 2449 280 2473 inter.
352 2448 451 2473 Lu'can.
466 2448 491 2478 6,
506 2453 543 2480 47
569 2446 742 2480 oper-umque
755 2452 783 2472 vt
797 2447 898 2472 summa
912 2446 1026 2478 reuirat,
1051 2446 1141 2472 Defes-

85 2483 128 2510 sus‘
145 2483 240 2509 Caesar
253 2481 348 2508 mediis
362 2482 521 2507 intermanet
535 2481 613 2515 agris.

82 2519 154 2550 tudo,
167 2527 214 2553 qua
229 2518 366 2552 Pompeium
379 2517 626 2548 circumuallauerat,
652 2523 682 2543 vt
699 2516 796 2553 quando
811 2516 862 2553 ipst
875 2524 949 2552 opera
961 2517 1064 2552 suorum
1075 2519 1140 2543 reui-

79 2554 136 2590 sere
155 2552 267 2585 volebat,
291 2553 449 2588 defatigatus
468 2552 587 2587 quiescere
607 2560 735 2589 cogeretur
754 2555 782 2579 in
801 2552 891 2586 mediis
910 2555 998 2589 agris,
1027 2561 1071 2579 nec
1090 2561 1139 2578 vno
1156 2562 1187 2594 ⁶5
1204 2556 1224 2582 ti
1245 2556 1381 2582 intermisti
1401 2555 1519 2581 silescunt
1542 2555 1623 2582 Ouid.
1638 2556 1723 2582 Trist,
1744 2565 1771 2586 2,
1790 2565 1835 2589 15¹·

86 2588 161 2624 cursu
174 2597 264 2614 omnem
277 2591 438 2616 munitionem
446 2586 526 2623 posti-t
541 2587 642 2615 ambire.

124 2631 136 2650 1
148 2629 170 2650 N
182 2629 254 2650 TER
264 2631 288 2650 M
298 2631 314 2650 E
325 2630 344 2649 D
354 2630 363 2649 1
374 2629 393 2649 V
405 2631 433 2655 s,
451 2632 481 2657 a,
500 2632 554 2649 um.
591 2623 651 2650 Adi.
688 2621 839 2657 [δἰοἱμεσσς]
876 2621 1042 2654 Inter-rems,
1060 2625 1138 2649 inter-

84 2663 178 2691 iacens.
234 2659 290 2685 Cic.
306 2660 334 2685 in
348 2661 458 2686 Orat.2t
473 2661 518 2685 c.6
542 2658 584 2684 Est
595 2665 683 2685 autem
699 2657 808 2693 quidam
823 2658 996 2690 inter-ieetus,
1013 2659 1139 2684 interme-

81 2695 146 2726 ,dius
159 2699 185 2722 et
199 2694 270 2729 quasi
283 2700 459 2730 temperatim,
479 2701 525 2721 etc.
561 2694 609 2721 Sed
622 2695 721 2721 Gruter.
742 2695 812 2720 Inter
825 2694 874 2720 hos
889 2693 1002 2719 medius.
1057 2694 1137 2720 Varr.

742 1501 834 1526 Ramos
847 1504 933 1531 uiuos,
953 1499 1003 1536 st'd
1016 1500 1143 1526 inutiliter
1160 1509 1189 1535 35
1207 1502 1287 1528 bores
1310 1501 1486 1527 frondescere.

646 1535 713 1560 Plin.
728 1542 767 1569 17,
781 1544 806 1567 23
833 1536 1000 1570 Deputantur
1014 1545 1074 1562 cum
1088 1536 1144 1562 vite

905 1607 971 1633 Plin.
987 1614 1024 1640 17,
1038 1614 1073 1640 27
1102 1607 1144 1632 In-

88 1637 230 1665 terlucatio
246 1638 388 1664 arboribus
402 1639 522 1673 prodest,
549 1639 593 1666 sed
613 1649 736 1667 omnium
754 1650 887 1669 annorum
904 1641 1048 1669 trucidatio
1061 1642 1143 1668 inuti-

1156 1687 1195 1712 40
1209 1686 1234 1706 et
1252 1679 1409 1711 crebritate,
1428 1684 1454 1704 et
1472 1677 1655 1711 magnitudine
1667 1674 1818 1702 officiorum
1831 1685 1953 1703 meorum
1973 1678 2090 1704 farciam.

524 1782 622 1808 Auson.
636 1782 741 1809 Moseil.
757 1789 785 1816 75
815 1782 1010 1809 interludentes
1022 1783 1145 1809 examina

1074 2025 1142 2052 Hor·
1162 2032 1194 2057 50
1208 2029 1281 2054 mitti
1296 2027 1365 2053 finit.

88 2129 121 2156 de
134 2131 211 2164 Rapt.
225 2130 344 2164 Proserp.
360 2139 380 2163 1,
395 2139 438 2164 143
473 2145 517 2150 —
537 2131 611 2165 rupit
624 2130 740 2157 confinia
752 2131 857 2158 Nereus
886 2131 996 2161 Viciom
1014 2094 1144 2156 0111111111ῗὶ

901 2167 998 2192 Pontus
1021 2165 1144 2191 interluit

562 2203 631 2228 Cato
646 2200 678 2226 de
692 2202 723 2227 R.
733 2202 763 2227 R.
778 2209 799 2226 c.
813 2208 855 2232 132
879 2201 974 2226 Manus
988 2200 1127 2226 interluito
1137 2218 1144 2230 ‚

988 2234 1062 2270 Conf.
1082 2235 1143 2260 Liu.

577 2305 684 2331 Solinus
698 2314 719 2331 0.
727 2312 755 2338 35
776 2308 845 2337 (22)
883 2305 939 2331 Rex
953 2313 1020 2330 vnus
1033 2304 1069 2330 est
1083 2305 1142 2331 vni-

1150 2390 1185 2415 60
1204 2380 1339 2406 reuocaui.

656 2484 674 2507 i.
700 2483 786 2508 Tanta
805 2487 859 2508 erat
878 2484 1026 2507 munitionis
1044 2484 1142 2517 mag-ni-

1240 1013 1249 1031 1
1260 1013 1282 1032 Ν
1292 1013 1313 1032 Τ
1323 1013 1338 1032 Ε
1348 1012 1364 1031 R
1374 1012 1439 1032 Mis
1449 1012 1469 1030 T
1480 1012 1499 1031 v
1510 1013 1522 1031 s
1532 1025 1540 1037 ,
1558 1014 1586 1036 a,
1605 1013 1659 1030 um.
1680 1005 1747 1031 Part.
1784 1005 1844 1031 Liu.
1853 1014 1891 1037 10,
1904 1014 1937 1032 20
1957 1006 2101 1033 intermisti
2115 1007 2243 1036 hostibus.

1239 1049 1278 1068 IN
1289 1048 1310 1067 T
1319 1048 1336 1068 Ε
1345 1048 1363 1067 R
1372 1048 1395 1067 M
1405 1049 1412 1067 1
1423 1049 1441 1067 x
1451 1048 1472 1067 Τ
1481 1047 1501 1066 v
1510 1046 1522 1065 s
1532 1060 1540 1072 ,
1561 1049 1590 1071 a,
1611 1049 1665 1065 um.
1692 1040 1758 1065 Part.
1796 1040 1886 1066 lustin.
1899 1049 1923 1072 2,
1935 1047 1958 1071 8,
1970 1051 1981 1073 3
2008 1043 2171 1070 Intermixtis
2188 1054 2245 1072 mu-

1204 1076 1325 1103 lieribus.
1373 1076 1456 1103 Scrib.
1471 1077 1548 1110 Larg.
1562 1075 1687 1108 Compos.
1702 1082 1754 1108 207
1779 1076 1828 1101 His
1842 1075 1950 1101 adiectis
1964 1082 1990 1102 et
2006 1079 2175 1106 intermixtis.

1241 1119 1251 1138 1
1262 1119 1284 1138 N
1295 1119 1315 1138 T
1325 1119 1340 1137 F
1352 1118 1370 1137 R
1383 1119 1407 1138 M
1416 1119 1424 1138 1
1434 1118 1486 1137 881
1498 1116 1517 1137 O
1527 1130 1534 1143 ‚
1562 1116 1779 1136 1NTERMissvs
1788 1130 1797 1143 ,
1823 1110 1875 1136 vid.
1903 1117 2124 1141 1NTERMtT'1'O.

1242 1154 1251 1173 1
1263 1154 1284 1173 N
1295 1155 1317 1174 T
1325 1154 1340 1174 Ε
1351 1154 1368 1173 R
1378 1155 1402 1173 M
1413 1154 1419 1172 1
1430 1153 1450 1172 'r
1460 1152 1480 1172 'r
1490 1153 1509 1173 0
1517 1166 1525 1179 ,
1544 1146 1572 1172 isi
1582 1165 1590 1178 ,
1610 1145 1683 1172 11111111
1692 1165 1700 1177 ,
1727 1147 1779 1171 ere.
1816 1144 1967 1179 [διαλάπω]
2005 1149 2075 1178 Inter
2093 1158 2152 1184 opus
2170 1152 2248 1185 requi-

1203 1182 1296 1219 escere,
1314 1189 1336 1209 ct
1355 1182 1389 1211 ad
1406 1188 1498 1217 tempus
1519 1181 1640 1215 definere,
1659 1180 1861 1215 Intermiffionem
1872 1182 1912 1207 vel
1930 1183 2134 1217 intercapedinem
2147 1184 2248 1219 facere,

1203 1228 1252 1244 non
1266 1221 1418 1244 continuare.
1455 1217 1511 1244 Cic.
1525 1218 1556 1243 de
1571 1218 1646 1243 Orat.
1659 1225 1683 1249 3,
1697 1221 1744 1249 284
1768 1216 1923 1242 Continenti
1941 1223 1966 1243 et
1986 1217 2131 1245 intermisso
2145 1220 2248 1253 spiritu.

1204 1253 1272 1281 Plin.
1286 1263 1325 1286 10,
1338 1256 1373 1286 46
1401 1252 1502 1279 Bibunt
1522 1260 1583 1278 aues
1597 1252 1686 1282 suffitu,
1706 1260 1737 1277 ex
1752 1251 1785 1277 iis
1799 1251 1894 1286 quibus
1909 1252 1987 1286 longa
2003 1254 2059 1280 sunt
2072 1255 2155 1287 colla,
2169 1256 2249 1282 inter-

1204 1290 1354 1319 mittentes,
1371 1294 1396 1314 et
1407 1289 1492 1322 capite
1512 1288 1661 1322 resupinato
1674 1287 1768 1324 veluti·
1778 1287 1944 1313 infundentes
1959 1287 2017 1315 tibi.
2085 1290 2158 1318 Caes.
2174 1291 2202 1317 B.
2217 1291 2250 1318 G.

501 1319 575 1361 14⁶¹„
589 1329 609 1353 1,
622 1330 651 1352 42
663 1329 728 1348 extr.
749 1323 856 1349 Seruius
869 1323 992 1350 conditor
1004 1323 1142 1386 oi·dinu(pi,
1156 1335 1187 1359 30
1207 1333 1233 1355 1,
1253 1329 1281 1357 38
1321 1323 1464 1358 Reliquum
1491 1323 1617 1358 spatium,
1645 1331 1696 1356 qua
1717 1324 1815 1349 flumen
1832 1323 2003 1356 intermittit,
2024 1333 2100 1351 mons
2123 1327 2250 1354 continet.

1115 1367 1143 1384 o-

929 1394 988 1422 Vid.
1006 1395 1092 1422 Burm.
1109 1394 1144 1421 ad

1206 1360 1279 1387 Idem
1295 1359 1361 1386 ibid.
1375 1368 1403 1391 4,
1416 1367 1440 1391 31
1460 1359 1497 1384 Ex
1511 1367 1544 1386 00
1557 1357 1629 1392 quod
1643 1357 1744 1384 obsides
1759 1357 1820 1385 dare
1834 1358 2037 1392 intermiserant,
2050 1360 2111 1386 fore
2126 1361 2152 1387 id
2162 1362 2249 1396 ,quod

1206 1395 1321 1427 accidit,
1334 1395 1538 1429 suspicabantur.
1604 1390 1668 1420 tic.
1682 1393 1733 1419 Off.
1748 1401 1770 1425 2,
1784 1403 1812 1426 ²4
1838 1394 1961 1420 Acriores
1975 1401 2062 1422 autem
2076 1396 2177 1423 moi-sus
2192 1398 2251 1424 sunt

1205 1431 1366 1457 intermissae
1387 1430 1533 1461 libertatis,
1552 1437 1631 1464 quam
1650 1434 1774 1455 retentae.
1844 1429 1917 1455 Idem
1930 1430 2014 1456 Tusc.
2030 1439 2050 1463 1,
2065 1434 2099 1464 69
2135 1433 2186 1459 l-lic
2206 1441 2251 1459 au-

1208 1466 1329 1498 tem,vbi
1342 1465 1501 1496 habitamus,
1514 1473 1567 1491 non
1582 1464 1735 1490 intermittit
1749 1465 1795 1490 suo
1809 1469 1929 1499 tempore
1941 1466 2042 1492 caelum
2056 1468 2198 1500 nitescere,
2212 1477 2252 1494 ar-

1559 1500 1614 1526 Cic.
1631 1499 1663 1525 de
1676 1499 1734 1526 Fin.
1755 1507 1778 1532 ς,
1814 1519 1820 1526 .
1858 1520 1865 1526 .
1903 1501 1960 1527 Nec
1980 1509 2044 1528 vero
2062 1502 2251 1537 intermittunt,

1208 1544 1253 1564 aut
1267 1536 1480 1563 Admirationem
1494 1544 1585 1562 earum
1599 1543 1705 1565 reruni,
1720 1543 1785 1569 quae
1800 1536 1857 1561 sunt
1876 1535 1909 1562 ab
1924 1537 2040 1571 antiquis
2055 1544 2189 1572 repertae,
2206 1547 2252 1566 aut

1207 1572 1441 1606 inuestigationem
1453 1579 1595 1597 nouarum.
1669 1570 1740 1597 Bella
1753 1570 1799 1596 diu
1815 1571 1955 1597 intermissa
1970 1573 2037 1599 Hor.
2052 1574 2139 1599 Carm.
2155 1583 2183 1606 4,
2199 1583 2218 1606 1,
2233 1583 2252 1601 ι.

1207 1608 1264 1635 Cic.
1279 1608 1350 1633 Fam.
1364 1616 1385 1639 3,
1401 1616 1410 1633 1
1442 1606 1526 1639 Quod
1544 1614 1626 1641 quum
1640 1605 1677 1632 ita
1688 1605 1734 1638 sit,
1749 1605 1882 1640 perficiam
1896 1607 2033 1641 profecto,
2053 1617 2081 1634 vt
2100 1609 2172 1643 longi
2188 1615 2254 1636 tem-

1208 1643 1281 1679 poris
1293 1644 1413 1674 vsuram,
1434 1651 1485 1677 qua
1498 1642 1631 1668 caruimus
1645 1641 1787 1667 intermissa
1800 1641 1887 1668 nostra
1902 1642 2107 1675 Conmetudine,
2123 1650 2147 1670 et
2161 1644 2255 1678 gratia,

2161 1679 2253 1705 Tacit.

1209 1717 1277 1741 Ann.
1294 1726 1321 1745 ⁴,
1338 1722 1360 1745 13
1397 1715 1431 1739 At
1449 1712 1599 1745 Tiberim,
1618 1711 1687 1736 nihil
1707 1712 1850 1737 intermissa
1869 1720 1958 1737 rerum
1972 1712 2059 1744 Cura,
2079 1713 2186 1748 negotia
2205 1723 2254 1749 pro

1201 1750 1309 1776 solatiis
1323 1748 1470 1781 accipiens,
1484 1748 1525 1772 ius
1545 1748 1647 1772 ciuium
1656 1765 1665 1777 ,
1678 1754 1767 1779 preces
1779 1746 1912 1772 sociorum
1930 1747 2066 1774 traciabat.
2138 1749 2181 1776 Ne
2194 1751 2255 1784 quis

1208 1794 1223 1811 a
1246 1794 1286 1810 1110
1301 1784 1364 1809 Dies
1382 1783 1576 1808 intermittatur
1588 1781 1644 1805 Cic.
1659 1780 1713 1806 Att.
1728 1785 1751 1812 8,
1768 1789 1801 1806 12.
1866 1781 1935 1808 Ter.
1949 1782 2023 1809 Adel.
2043 1792 2067 1816 3,
2089 1793 2108 1815 1,
2128 1786 2145 1810 6
2183 1785 2253 1812 Nam

1209 1826 1346 1852 nunquam
1359 1826 1441 1842 vnum
1461 1815 1617 1841 intermittit
1629 1815 1721 1845 Diem,
1737 1816 1802 1848 quin
1816 1817 1916 1851 semper
1929 1819 2025 1844 veniat.
2091 1820 2162 1846 Caes.
2177 1821 2205 1846 B.
2220 1821 2253 1848 G.

620 1851 754 1877 Ammian.
770 1859 815 1883 19,
829 1859 858 1877 12
883 1851 973 1876 Noc'te
986 1850 1106 1884 squalida
1117 1855 1144 1876 et
1161 1855 1196 1881 45
1210 1861 1233 1886 ς,
1248 1858 1275 1884 38
1304 1852 1400 1885 Neque
1414 1851 1494 1877 Diem
1509 1852 1595 1885 neque
1607 1850 1712 1876 110άῖοι11
1733 1852 1899 1886 intermittit,
1913 1853 2112 1888 peditatumque
2128 1855 2152 1882 se
2168 1855 2254 1882 subse·

1208 1897 1255 1923 qui
1270 1887 1353 1914 iubet.
1381 1886 1457 1914 .Aa'd.
1473 1886 1539 1912 ibid.
1553 1888 1578 1916 6,
1592 1894 1617 1917 9.
1688 1887 1758 1912 Caes.
1774 1888 1800 1913 Β.
1815 1888 1844 1913 C.
1860 1895 1882 1918 3,
1897 1896 1920 1919 13
1945 1888 2023 1921 Qtod
2044 1898 2187 1924 properans
2206 1900 2254 1918 no-

1210 1924 1279 1950 61011]
1300 1922 1354 1948 diei
1380 1922 1568 1952 coniunxerat,
1587 1929 1673 1954 neque
1696 1921 1750 1947 Iter
1772 1922 1957 1949 intermiserat.
2043 1924 2100 1951 Cic.
2119 1926 2172 1952 Att.
2193 1935 2214 1959 ς,
2235 1935 2253 1959 9

1209 1957 1366 1989 Dionysium
1390 1958 1492 1990 semper
1512 1955 1654 1989 equidem,
1667 1961 1695 1981 vt
1718 1956 1780 1989 scis,
1796 1957 1894 1989 dilexi,
1907 1958 1949 1984 sed
1971 1959 2094 1993 quotidie
2114 1961 2197 1995 pluris
2216 1962 2254 1988 fa-

1209 1994 1251 2019 cio
1261 2012 1268 2024 ,
1290 1998 1315 2017 01
1329 2000 1371 2017 1110
1384 1991 1491 2018 hercule
1504 1992 1532 2017 111
1546 1991 1638 2025 primis
1653 1992 1723 2024 quod
1743 1997 1769 2017 te
1781 1999 1864 2024 amat,
1879 2002 1926 2019 nec
1939 1993 1979 2020 tui
1993 1995 2158 2022 Mentionem
2172 1998 2253 2024 inter-

1436 2027 1555 2060 Negotia
1569 2027 1712 2060 cuiuspiam
1726 2028 1807 2054 Paull.
1823 2029 1850 2054 in
1864 2029 1880 2054 l.
1894 2037 1955 2054 nam
1968 2034 1993 2055 et
2006 2030 2112 2056 Seruius
2121 2032 2153 2058 D.
2163 2031 2194 2058 de
2209 2042 2253 2060 ne·

1208 2070 1263 2098 got.
1283 2063 1368 2095 gestis.
1441 2062 1531 2088 Nocte
1551 2062 1694 2088 intermissa
1712 2062 1785 2088 Caes.
1800 2064 1827 2089 B.
1844 2063 1876 2089 G.
1897 2071 1916 2095 1,
1931 2071 1974 2098 27.
2045 2066 2118 2092 Idem
2133 2066 2160 2094 B.
2175 2068 2206 2094 G.
2228 2076 2253 2101 3,

1208 2108 1242 2131 29
1265 2096 1402 2124 Eiusmodi
1421 2097 1583 2131 tempestates
1605 2098 1663 2122 sunt
1682 2098 1849 2131 consecutae,
1862 2099 1902 2125 vti
1918 2099 1991 2133 Opus
2011 2102 2152 2128 necessario
2171 2103 2254 2130 inter-

1208 2134 1369 2160 mitteretur.
1440 2133 1506 2157 Piin.
1521 2131 1600 2165 Epist.
1613 2139 1639 2165 7,
1652 2139 1685 2163 31,
1697 2140 1709 2163 3
1743 2133 1893 2168 Eademque
1907 2134 2033 2162 firmitate
2051 2137 2134 2164 animi
2155 2138 2254 2165 labori-

1208 2169 1259 2194 bus
1272 2167 1388 2199 suffecit,
1408 2175 1458 2200 qua
1471 2175 1540 2192 nunc
1554 2167 1647 2193 &tium
1661 2167 1768 2201 patitur.
1804 2169 1885 2203 Qiod
1905 2169 2011 2204 quidem
2032 2172 2174 2207 paullisper
2192 2183 2252 2200 cum

1209 2211 1301 2236 magna
1322 2202 1365 2228 sua
1384 2201 1459 2228 laude
1480 2202 1633 2233 intertrAit,
1648 2208 1673 2228 et
1692 2204 1787 2238 posuit.
1858 2205 1989 2232 Praelium
2012 2207 2086 2233 Caes.
2108 2208 2135 2234 R.
2148 2209 2180 2236 G.
2194 2217 2216 2241 3,
2231 2218 2253 2239 5.

1207 2238 1282 2265 Idem
1300 2238 1326 2263 Β.
1344 2238 1376 2263 G.
1395 2246 1419 2269 ς,
1439 2246 1465 2269 33
1505 2239 1599 2264 Caesar
1618 2238 1760 2273 intermissa
1779 2239 1960 2273 Profefflone,
1983 2249 2013 2267 ac
2032 2242 2156 2270 omnibus
2174 2244 2253 2271 rebus

1208 2273 1357 2308 postpositis
1370 2292 1377 2303 ,
1404 2281 1523 2307 magnam
1546 2280 1644 2307 partem
1664 2274 1797 2308 equitatus
1817 2275 1850 2301 ad
1869 2284 1930 2301 eum
1951 2276 2140 2311 insequendum
2162 2281 2253 2307 mittit.

1208 2310 1264 2335 Cic.
1280 2309 1363 2334 Tusc.
1378 2317 1397 2338 1,
1417 2317 1426 2334 1
1459 2309 1549 2336 Retuli
1569 2318 1612 2335 me
1624 2309 1703 2335 Brute
1721 2316 1747 2336 te
1766 2310 1888 2336 hortante
1907 2312 2037 2345 maxime,
2057 2313 2089 2340 ad
2101 2323 2130 2340 ea
2149 2315 2250 2349 Studia,

1206 2353 1273 2379 quae
1288 2350 1390 2370 retenta
1408 2344 1514 2376 animo,
1527 2345 1630 2370 remissa
1648 2345 1829 2378 temporibus,
1845 2345 1926 2380 longo
1947 2347 2089 2376 interuallo
2109 2349 2253 2378 intermissa

1354 2413 1359 2418 .
1413 2379 1469 2405 Cic.
1505 2399 1512 2406 .
1551 2398 1559 2405 .
1611 2378 1661 2405 Etsi
1673 2388 1732 2418 ‘ego
1751 2380 1778 2406 id
1798 2381 1919 2415 Tempus
1942 2384 2132 2411 intermiseram
2153 2387 2251 2420 potius,

1205 2423 1284 2449 quam
1305 2414 1456 2440 omiseram.
1512 2439 1515 2442 ,
1529 2414 1652 2448 Tempus
1671 2416 1847 2443 intermittere
1860 2426 1874 2444 a
1890 2417 1982 2445 labore
2003 2419 2074 2446 Caes.
2090 2421 2117 2447 Β.
2132 2422 2164 2448 C.
2180 2430 2199 2455 1,
2213 2430 2251 2456 39.

1204 2449 1342 2477 Triennio
1361 2449 1506 2475 intermisso
1523 2449 1620 2476 Pallad.
1634 2458 1665 2481 11,
1679 2455 1701 2480 8.

1241 2491 1282 2510 1Ν
1293 2490 1314 2510 Τ
1325 2491 1370 2510 ER
1380 2491 1404 2510 M
1414 2492 1421 2510 1
1432 2491 1533 2517 ssvs,
1553 2494 1583 2517 a,
1610 2494 1664 2511 um.
1692 2485 1783 2512 Partic.
1820 2484 2052 2523 [διαλελαμμένος]
2088 2491 2249 2518 intermissus

1205 2520 1273 2547 ordo
1286 2520 1353 2546 Plin.
1367 2528 1409 2554 37,
1424 2529 1457 2546 12.
1495 2521 1526 2546 Et
1540 2529 1576 2552 17,
1590 2528 1602 2552 ς
1622 2521 1735 2553 Quoties
1751 2521 1892 2548 intermissa
1906 2523 2008 2550 cultura
2021 2525 2131 2558 quieuit.
2182 2527 2250 2554 Ven-

1229 2591 1233 2595 ”
1472 2590 1477 2595 ⁸
1637 2591 1641 2596 ⁸
1927 2559 1992 2585 Pltn.
2006 2560 2085 2594 Epist.
2106 2570 2126 2592 2,
2141 2569 2169 2596 17
2183 2570 2248 2590 extr.

1203 2593 1279 2618 Litus
1302 2597 1397 2617 ornant
1421 2597 1548 2617 varietate
1576 2591 1731 2626 ,ξι-3111111113,
1757 2601 1827 2618 nunc
1849 2594 1972 2621 continua
1982 2614 1990 2627 ,
2014 2605 2083 2621 nunc
2106 2596 2249 2625 intermissa

1202 2626 1291 2653 Teeta
1303 2626 1448 2659 villarum,
1469 2635 1537 2661 quae
1556 2627 1685 2661 praestant
1704 2626 1845 2654 multarum
1863 2629 1972 2656 vrbium
1985 2630 2089 2658 faciem.
2161 2634 2248 2661 Verba

1201 2662 1283 2689 Ouid.
1304 2663 1367 2688 Met.
1391 2670 1415 2693 1,
1432 2664 1485 2694 746.

1238 2706 1279 2725 1N
1292 2704 1314 2723 Τ
1324 2704 1441 2724 ERMis
1452 2703 1530 2727 svs,
1551 2696 1590 2723 fis.
1611 2706 1647 2724 m.
1678 2696 1832 2734 [διάλειφις]
1866 2700 1934 2726 Plin.
1949 2709 1976 2734 9,
1990 2711 2021 2735 29
2048 2701 2179 2730 Lusciniis
2192 2703 2248 2730 die-

86 2729 121 2757 de
136 2731 169 2757 R.
181 2730 213 2756 R.
229 2738 251 2762 3,
265 2738 294 2762 5,
309 2739 333 2757 11.
365 2731 396 2757 111
416 2730 544 2756 lateribus
557 2728 649 2757 dextra
661 2735 686 2755 et
700 2729 801 2756 sinistra
814 2730 931 2764 porticus
944 2729 1018 2761 sunt,
1038 2729 1138 2763 primo·
1168 2748 1185 2766 0
1202 2733 1251 2760 bus
1264 2743 1292 2760 ac
1306 2733 1430 2760 11ορ1111115
1444 2740 1503 2765 xv,
1518 2733 1637 2766 garrulus
1652 2733 1704 2759 sine
1723 2734 1868 2762 intermissu
1884 2743 1982 2763 cantus.

85 2766 162 2794 ribus
183 2765 314 2792 columnis
337 2765 448 2800 lapideis
469 2765 636 2792 intermediis
656 2764 801 2791 arbusculis
822 2762 970 2791 humilibus
990 2764 1136 2792 ordinatae.

85 2800 136 2830 Sed
147 2802 180 2828 al.
199 2809 247 2835 pro
261 2802 302 2827 vel
313 2810 375 2835 prae
392 2800 497 2827 mediis.
547 2800 663 2827 Nondum
677 2804 759 2836 igitur
764 2801 834 2836 finis
847 2797 1010 2827 auctoritatis
1022 2801 1102 2827 habet.

124 2842 528 2867 1NTERMENSTRVVS,
565 2836 619 2862 vid.
639 2840 960 2864 INTERMESTRIS.

120 2878 131 2897 1
144 2879 166 2897 N
179 2878 200 2897 T
209 2879 253 2899 ER
264 2879 288 2898 M
298 2879 315 2899 Ε
326 2878 346 2898 0
356 2893 366 2905 ,
394 2876 447 2898 are.
504 2869 632 2906 [διοδεύω]
688 2873 737 2898 Per
758 2872 862 2898 medium
883 2881 962 2898 meare
973 2892 981 2904 ‚
1007 2877 1031 2897 et
1044 2870 1135 2906 fluere.

86 2907 212 2939 Plin.;,3o
223 2908 368 2943 Longeque
375 2906 541 2934 clarissimum
550 2906 623 2934 Asiae
631 2908 869 2943 Pergamum‚quod
878 2907 1017 2934 intermeat
1026 2907 1136 2934 Silenus.

124 2949 134 2968 1
146 2949 168 2968 N
181 2949 201 2968 T
211 2950 227 2969 E
236 2949 255 2969 R
266 2950 290 2970 M
299 2951 316 2970 Ε
326 2951 339 2971 s
348 2949 396 2970 TR
406 2950 416 2969 1
426 2950 439 2975 s
451 2963 460 2975 ,
477 2951 501 2969 e.
538 2942 599 2969 Adi.
635 2943 678 2977 [ἓν
690 2940 794 2978 cardiu]
835 2943 1011 2970 intermestris
1024 2942 1083 2968 luna
1099 2942 1137 2968 di-

86 2980 156 3005 citur
169 2979 353 3012 Interiunium,
370 2986 394 3006 et
407 2981 487 3004 coitus
501 2979 582 3005 lunae.
652 2979 719 3005 Plin.
735 2982 771 3010 16,
784 2987 815 3011 39
841 2979 969 3014 Idemque
983 2979 1061 3010 mox,
1078 2978 1136 3005 Nisi

65 3012 76 3017 ’
86 3013 248 3041 intermestri
263 3014 326 3040 luna
341 3019 421 3049 atque
437 3013 593 3046 dimidiata,
619 3022 653 3041 ne
670 3021 760 3049 tangas
781 3016 927 3042 materiem.
983 3014 1058 3051 CO'Zf·
1078 3021 1139 3041 iN-

87 3055 423 3077 TERMENSTRVVS.

123 3092 134 3111 1
147 3091 171 3110 N
184 3090 207 3111 ‘r
218 3092 294 3112 ERM
305 3091 322 3111 Ε
335 3092 356 3111 Ν
369 3093 382 3113 s
393 3091 539 3120 Tvas,
554 3094 584 3117 a,
604 3094 658 3112 um.
679 3084 740 3112 Adi.
761 3083 898 3120 [συνόδων]
935 3085 1013 3113 Idem.
1049 3087 1138 3112 Varro

88 3120 166 3147 deR.
180 3121 212 3147 R.
227 3129 248 3153 1,
259 3128 306 3157 37,
319 3130 330 3148 1
364 3121 445 3154 Quod
458 3130 473 3147 a
487 3130 557 3147 noua
570 3121 632 3148 luna
643 3121 735 3148 crescit
747 3120 780 3148 ad
792 3121 912 3156 plenam,
933 3128 959 3148 et
972 3122 1034 3148 inde
1047 3122 1138 3148 rursus

24 3160 26 3163 ·
46 3176 51 3181 .
87 3155 120 3183 ad
134 3164 232 3182 nouam
245 3157 335 3184 lunam
349 3157 489 3188 decrescit,
514 3157 602 3192 quoad
621 3157 711 3184 veniat
726 3156 759 3183 ad
780 3157 1030 3190 intermenstruum‚
1054 3166 1068 3184 a
1082 3166 1136 3192 quo

87 3191 132 3218 die
146 3190 245 3219 dicitur
257 3191 320 3219 luna
333 3193 382 3219 effe
394 3199 524 3223 extrema,
544 3199 570 3219 et
583 3193 678 3227 prima.
749 3192 797 3220 Sed
808 3192 871 3219 idem
885 3193 916 3219 de
926 3194 992 3219 L.L.
1008 3201 1030 3226 ς,
1044 3202 1060 3219 2
1072 3202 1096 3227 p.
1103 3199 1137 3226 45

89 3233 154 3254 extr.
189 3227 211 3252 A
232 3227 364 3254 mensibus
384 3228 559 3255 intermestri·
574 3228 677 3261 dietus,
702 3228 774 3264 quod
794 3230 920 3263 putabant
943 3229 1013 3255 inter
1036 3229 1136 3263 prioris

88 3261 183 3289 mensis
197 3262 352 3290 senescentis
366 3270 498 3291 extremos
511 3264 583 3296 dies,
610 3269 636 3290 et
651 3273 749 3291 nouam
769 3264 859 3291 lunam
878 3265 926 3290 effe
945 3264 1032 3294 diem,
1055 3273 1134 3298 quem
1154 3268 1183 3298 85
1201 3268 1352 3301 stirpescere
1374 3273 1399 3294 et
1419 3268 1569 3294 intermori.

89 3298 246 3332 diligentius
259 3299 342 3326 Attici
354 3301 401 3330 ἔνην
414 3300 457 3334 11,ᾳῖ
469 3301 519 3325 νέαν
532 3300 711 3335 appellarunt,
736 3299 768 3326 ab
783 3308 815 3327 eo
824 3320 832 3333 ‚
854 3300 925 3335 quod
947 3308 980 3326 eo
995 3300 1038 3326 die
1051 3300 1134 3334 potest

88 3333 180 3361 videri
192 3340 309 3360 extrema
321 3341 347 3361 et
361 3336 445 3370 prima
458 3335 527 3362 luna.
599 3334 640 3369 Est
654 3345 711 3372 ergo
724 3335 805 3362 eadem
815 3345 855 3363 res
867 3335 1040 3362 intermestris
1056 3342 1079 3361 et
1095 3335 1134 3362 in-

88 3369 281 3396 termenstruus
294 3369 357 3396 dies.
412 3371 487 3406 Conf.
501 3372 633 3398 Ammian.
649 3380 691 3403 20,
705 3380 727 3404 3.
829 3372 897 3399 Plin.
912 3376 945 3403 18,
960 3380 986 3404 3²
1015 3371 1134 3398 Maxime

85 3405 292 3441 *intermenstrua
311 3405 430 3440 (Luna)
451 3407 618 3442 dimidiaque
631 3407 782 3434 stercorato.

39 3469 43 3472 ,
127 3443 494 3473 1NTERMET1VM‚i.
533 3452 560 3469 n.

88 3476 169 3504 Gloss.
182 3477 242 3503 Vct.
297 3475 372 3511 Conf.
389 3477 489 3513 Salmas]
504 3479 589 3505 Exere.
606 3480 671 3505 Ptin.
683 3486 712 3514 p.
727 3482 784 3514 460.

42 3520 45 3527 .
125 3519 134 3537 1
148 3519 171 3537 N
183 3517 204 3537 T
213 3518 229 3538 E
239 3517 258 3537 R
267 3518 292 3538 M
303 3509 338 3537 ic
349 3517 368 3538 ο
379 3530 386 3543 ,
406 3511 450 3543 111,
467 3517 518 3539 are.
539 3512 713 3549 [διαλάμποι]
740 3516 772 3540 In
784 3513 862 3540 medio
869 3512 1005 3549 splendere.
1040 3513 1134 3540 Claud.

89 3547 122 3574 de
135 3548 210 3581 Rapt.
223 3547 340 3581 Proserp.
356 3555 383 3579 1,
396 3552 435 3580 183
456 3548 576 3576 Rutilum
589 3551 704 3585 squamis
717 3550 867 3577 intermicat
879 3558 981 3575 aurum.
1060 3548 1133 3575 Idem

89 3583 168 3623 Cons}
183 3582 260 3623 Proh.
275 3589 321 3608 etc.
340 3584 382 3608 26.
487 3583 551 3610 Stat.
562 3585 654 3613 Theb.
670 3595 713 3619 12,
731 3593 777 3620 252
804 3586 823 3612 Ε
836 3585 946 3621 speculis
964 3583 1081 3611 moriens
1095 3585 1134 3610 in-

88 3624 210 3645 termicet
224 3619 294 3653 ignis

124 3661 134 3680 1
144 3661 167 3681 N
179 3660 199 3679 T
208 3660 225 3680 Ε
233 3661 252 3680 R
261 3638 333 3680 M’ic
341 3659 362 3679 A
371 3659 393 3679 Ν
403 3659 416 3679 s
424 3671 432 3684 ,
452 3652 529 3680 antis.
564 3655 657 3684 Partic-

88 3689 138 3716 bus
153 3689 283 3717 astrorum
302 3687 459 3715 luminibus.

124 3732 134 3751 1
142 3733 165 3752 Ν
176 3732 196 3751 Τ
204 3732 221 3751 Ε
230 3732 249 3751 R
259 3732 283 3751 Μ
293 3732 301 3750 1
313 3732 334 3750 Ν
343 3725 392 3750 AT
400 3730 421 3749 v
431 3731 444 3751 s
453 3743 460 3754 .
477 3732 492 3750 a
500 3743 508 3755 ,
527 3733 582 3751 um.
601 3726 661 3754 Adi.
681 3727 825 3763 [ἐντέροις-ος]
861 3726 934 3762 Qod
944 3732 967 3752 ct
981 3727 1134 3752 interminus

90 3759 192 3792 dicitur,
200 3761 257 3788 Sine
268 3761 382 3787 termino.
418 3759 474 3786 Cic.
483 3759 515 3785 de
523 3759 558 3786 N.
568 3760 598 3786 D.
609 3769 628 3792 1,
637 3770 669 3796 54
675 3771 696 3789 c.
704 3772 739 3790 20
757 3763 908 3797 Confugitis
917 3763 947 3788 ad
957 3762 1035 3788 deum
1045 3772 1050 3787 ε
1060 3762 1135 3787 0111115

710 3655 829 3683 [3613111.
842 3658 867 3690 6,
879 3665 912 3683 20
939 3655 1134 3683 Intermicanti-

89 3805 196 3831 operam
210 3795 333 3831 profesto
353 3804 407 3822 non
426 3794 622 3826 desideraretis,
643 3797 661 3822 si
680 3798 833 3826 immensam
852 3805 877 3825 et
895 3798 1091 3824 interminatam
1104 3797 1132 3823 in
1141 3812 1188 3831 100
1199 3808 1281 3834 prope
1298 3801 1500 3826 intermortuam
1518 3799 1620 3832 generis
1639 3800 1694 3833 sui,
1706 3801 1804 3826 virtute
1822 3808 1958 3827 renouare.

88 3840 181 3858 omnes
195 3838 280 3866 partes
292 3830 502 3865 magnitudinem
515 3831 656 3865 regionum
670 3833 803 3861 videretis.
850 3836 946 3861 Patere.
962 3842 984 3866 2,
996 3841 1032 3865 33,
1045 3841 1061 3859 2
1091 3833 1133 3858 In-

88 3868 229 3894 terminata
249 3867 378 3901 cupiditas
395 3866 512 3901 imperii.
566 3866 645 3901 Apul.
658 3866 691 3893 de
704 3869 806 3897 Mundo
820 3877 883 3897 extr.
910 3870 973 3896 Non
987 3869 1022 3895 est
1037 3868 1066 3894 in
1080 3868 1132 3895 hoe

89 3902 190 3928 mundo
203 3902 307 3938 aliquid
324 3903 533 3929 interminatum.
802 3916 805 3919 ·

125 3944 134 3962 1
147 3943 169 3963 Ν
180 3944 202 3964 Τ
211 3945 228 3964 Ε
237 3945 289 3964 RM
301 3946 308 3964 1
319 3946 341 3965 Ν
350 3946 368 3965 A
380 3944 481 3965 111115
490 3957 496 3968 ‚
516 3945 539 3964 e.
558 3936 620 3963 Adi.
654 3936 767 3965 Hieron.
779 3940 858 3974 Epist.
872 3950 918 3973 132.
956 3939 1046 3967 Sidon.
1055 3938 1131 3975 Epist.

89 3979 116 4005 2,
128 3979 155 4007 7.
188 3973 325 4008 Angustin.
341 3973 373 4000 de
387 3974 447 4001 Ciu.
461 3973 514 4001 Dei
530 3981 567 4006 19,
580 3981 612 4000 11.
630 3978 654 3998 et
667 3972 786 4000 Tertull.
798 3977 859 4004 adu.
870 3978 953 4005 Marc.
965 3985 991 4010 2,
1005 3984 1026 4009 3.

245 4016 268 4037 v
276 4016 295 4037 o
303 4017 330 4037 1..
366 4010 400 4038 11.
821 4028 838 4035 0

1148 3100 1182 3126 80
1201 3090 1257 3117 Cic.
1274 3091 1345 3116 Fam.
1362 3092 1399 3122 16,
1410 3097 1450 3122 25.

602 3442 803 3475 intermetium,
826 3442 856 3469 τὸ
874 3441 971 3476 μιταξῦ
986 3442 1134 3479 κοιμητήριον
1148 3455 1185 3481 90
1199 3445 1256 3472 dius
1273 3445 1363 3478 fimilis
1381 3444 1529 3480 exspiranti.

1238 2776 1248 2795 1
1259 2776 1280 2795 Ν
1291 2776 1312 2796 T
1322 2776 1338 2796 Ε
1349 2776 1366 2794 R
1375 2775 1399 2795 M
1410 2776 1419 2794 1
1432 2776 1444 2795 s
1454 2776 1465 2795 s
1477 2775 1512 2795 10
1523 2788 1531 2800 ,
1552 2770 1620 2795 onis.
1640 2769 1661 2795 f.
1697 2768 1853 2805 [δεοίλειψις]
1896 2773 1998 2798 l'acatio
2011 2772 2041 2799 ab
2054 2774 2137 2809 aliquo
2151 2784 2248 2802 munere

1196 2811 1244 2840 per
1265 2804 1367 2840 aliquod
1383 2811 1486 2839 tempus.
1523 2805 1579 2831 Cic.
1593 2805 1625 2831 de
1640 2805 1677 2831 N.
1692 2805 1723 2831 D.
1741 2814 1759 2835 1,
1775 2813 1811 2838 113
1833 2806 1889 2832 Nec
1901 2812 1987 2834 tamen
2002 2808 2095 2839 video,
2109 2811 2247 2842 quomodo

1201 2847 1326 2868 vereatur
1339 2840 1387 2867 iste
1400 2840 1462 2866 deus
1476 2840 1565 2867 beatus
1581 2849 1614 2866 nc
1626 2841 1751 2874 intereat,
1767 2850 1848 2876 quum
1864 2842 1915 2868 sine
1929 2843 1980 2870 vlla
1992 2844 2178 2871 intermissione
2191 2846 2248 2879 pul-

1201 2877 1289 2910 setur,
1310 2876 1476 2911 agiteturque
1495 2882 1647 2903 atomorum
1671 2876 1821 2903 incursione
1842 2879 2005 2912 sempiterna.
2076 2880 2133 2906 Cic.
2153 2881 2206 2906 Off.
2227 2890 2252 2914 1,

1156 2921 1189 2950 75·
1203 2920 1230 2944 19
1243 2921 1265 2938 0.
1279 2914 1294 2938 6
1314 2912 1427 2938 Virtutis
1441 2912 1513 2938 enim
1526 2912 1581 2937 laus
1595 2912 1682 2938 omnis
1697 2912 1725 2938 in
1737 2911 1843 2938 aftione
1857 2913 1983 2940 consistit:
2001 2923 2015 2940 a
2029 2923 2079 2949 qua
2094 2922 2178 2941 tamen
2193 2916 2246 2943 sae-

1202 2956 1233 2982 pe
1250 2947 1279 2973 fit
1299 2946 1470 2979 intermissio,
1490 2947 1622 2982 multique
1642 2946 1740 2974 dantur
1755 2947 1889 2977 adsiudia
1911 2949 2017 2976 reditus.
2090 2951 2246 2979 intermislio

1201 2982 1399 3009 consuetudinis
1420 2983 1476 3009 Cic.
1491 2983 1562 3009 Fam.
1577 2991 1600 3016 ς,
1615 2991 1652 3018 17.
1723 2983 1880 3010 intermissio
1899 2985 2085 3019 epistolarum,
2110 2987 2213 3013 Vacatto
2231 2996 2248 3013 a

1194 3018 1335 3055 scribendo.
1372 3019 1444 3045 idem
1458 3019 1528 3044 Fam.
1544 3026 1570 3053 7,
1585 3027 1609 3051 13
1642 3019 1739 3054 Neque
1755 3019 1805 3045 alia
1825 3019 1876 3046 vlla
1893 3020 1944 3046 fuit
1958 3023 2033 3047 causa
2051 3021 2246 3048 intermillicnis

1202 3054 1389 3088 epistolarum,
1411 3053 1460 3080 11111
1475 3053 1545 3088 quod
1564 3054 1611 3080 vbi
1627 3056 1702 3087 esses,
1717 3055 1792 3089 plane
1807 3055 1962 3082 nesciebam.
2017 3056 2166 3082 Literarum
2179 3058 2246 3092 apud

1506 3088 1597 3117 Officii
1610 3090 1683 3116 Idem
1698 3090 1729 3116 de
1742 3091 1826 3116 Amic.
1841 3096 1854 3120 8
1873 3101 1894 3116 c.
1908 3100 1932 3117 2.
2004 3091 2065 3117 Sine
2079 3092 2245 3120 intermissio.

1200 3134 1234 3152 ne
1247 3125 1367 3152 Sci-ibon.
1384 3130 1436 3155 180.
1457 3127 1476 3151 i.
1494 3129 1615 3152 continue.
1657 3125 1724 3152 Add.
1739 3126 1858 3152 Frontin.
1874 3126 1905 3152 de
1919 3126 2036 3160 Aquaed.
2051 3136 2071 3152 2.

1238 3167 1247 3186 1
1258 3168 1279 3187 N
1295 3167 1316 3187 Τ
1329 3167 1345 3187 Ε
1354 3168 1406 3188 Rirl
1417 3159 1436 3188 ὅ
1445 3167 1463 3187 R
1474 3167 1510 3187 10
1520 3168 1550 3194 R,
1563 3167 1682 3188 mortuus
1697 3162 1762 3191 sum,
1777 3162 1856 3187 mori.
1872 3162 1937 3196 Dep.
1958 3160 2151 3197 [glaz-otwinus]
2173 3164 2245 3189 Peni-

1201 3203 1242 3222 tu5
1255 3200 1333 3227 mori,
1351 3198 1392 3223 ve!
1404 3198 1485 3232 dQum
1498 3197 1595 3232 aliquid
1605 3196 1676 3231 fieret
1689 3200 1760 3223 mori.
1797 3197 1863 3223 Cato
1878 3206 1899 3223 c.
1914 3199 1953 3223 161
1979 3198 2048 3224 Nam
2066 3198 2083 3223 si
2099 3198 2242 3231 defringes,

1201 3232 1293 3267 stirpes
1316 3232 1394 3263 fient,
1412 3238 1438 3258 et
1461 3232 1687 3259 intermorientur.
1743 3232 1809 3258 Plin.
1833 3240 1869 3264 19,
1883 3237 1896 3262 8
1931 3233 2001 3259 Nam
2026 3233 2043 3259 si
2068 3232 2244 3268 defringatur,

1640 3268 1695 3294 Cic.
1709 3276 1758 3302 pro
1771 3267 1866 3294 Milon.
1881 3276 1906 3294 12
1934 3268 2072 3295 Declarant
2091 3268 2168 3295 huius
2183 3271 2244 3295 Am-

1201 3303 1270 3329 busti
1278 3303 1360 3330 Trib.
1376 3303 1458 3338 plebis
1472 3303 1533 3329 illae
1547 3304 1736 3330 intermortuae
1750 3303 1904 3336 conciones,
1919 3304 2015 3338 quibus
2030 3303 2149 3338 quotidie
2158 3313 2244 3331 meam

1199 3339 1345 3373 potentiam
1360 3339 1492 3366 inuidiose
1504 3338 1702 3365 criminabatur.
1717 3341 1734 3365 i.
1749 3339 1891 3375 languidae
1905 3347 1927 3364 et
1941 3338 2060 3375 dqfefflze.
2104 3340 2160 3366 Cic.
2171 3340 2242 3368 Fam.

1200 3378 1227 3407 6,
1243 3377 1272 3401 16
1294 3376 1319 3401 Si
1335 3375 1436 3401 nullum
1457 3372 1576 3400 officium
1589 3380 1664 3400 tuum
1677 3374 1746 3408 apud
1760 3383 1802 3401 me
1816 3375 2051 3401 intermoriturum
2066 3375 2207 3402 existimas.

1236 3417 1245 3435 1
1260 3417 1282 3436 Ν
1299 3417 1321 3437 T
1339 3417 1355 3436 E
1370 3417 1389 3436 R
1405 3416 1428 3435 M
1445 3415 1464 3435 ο
1480 3416 1499 3435 R
1515 3415 1535 3435 T
1553 3416 1573 3435 v
1591 3417 1612 3435 V
1627 3417 1655 3441 s,
1677 3418 1706 3442 a,
1733 3419 1787 3436 um.
1838 3411 1907 3436 Inter
1928 3418 2028 3436 mortem
2049 3412 2175 3446 vitamque
2196 3419 2243 3437 me-

1584 3446 1778 3473 Intermortuae
1795 3445 1891 3471 vuluae
1910 3445 1978 3472 vitio
2000 3445 2066 3471 Plin.
2080 3454 2105 3477 32
2126 3455 2146 3471 c.
2163 3455 2191 3472 10
2203 3446 2242 3483 sc.

1200 3482 1328 3512 mulieres,
1348 3484 1366 3507 i.
1387 3479 1510 3515 hjficrica
1523 3480 1632 3515 paffione
1646 3480 1711 3516 quafi
1721 3480 1905 3516 strangulatae.
1975 3481 2043 3507 Suet.
2056 3481 2088 3507 de
2102 3481 2204 3508 Neron.
2219 3490 2242 3508 c·

1199 3525 1235 3549 42
1253 3516 1389 3551 Postquam
1403 3515 1518 3542 Galliam
1532 3523 1557 3541 et
1570 3516 1709 3550 Hispanias
1723 3516 1856 3542 desciuisse
1868 3516 1993 3550 cognouit
2003 3536 2010 3548 ,
2027 3516 2170 3551 collapsus,
2188 3517 2242 3544 ani-

1199 3560 1300 3586 moque
1312 3552 1380 3578 maie
1393 3550 1480 3577 frasso
1492 3550 1539 3576 diu
1553 3557 1579 3577 et
1590 3551 1642 3577 sine
1656 3560 1720 3578 voce
1734 3559 1759 3577 et
1775 3560 1856 3586 prope
1870 3551 2046 3578 intel-mortuo
2059 3552 2148 3579 iacuit.
2184 3553 2241 3579 Cic.

1200 3587 1228 3613 in
1244 3588 1329 3613 Pison.
1344 3590 1371 3613 16
1399 3585 1479 3620 Qtod
1498 3592 1585 3612 autem
1603 3588 1686 3613 maius
1701 3587 1829 3613 indicium
1850 3586 2013 3620 exspetiatis,
2026 3587 2094 3613 nihil
2110 3588 2180 3614 inter
2193 3596 2241 3614 vos

1147 3633 1180 3660 95
1199 3629 1225 3649 et
1239 3623 1381 3650 Catilinam
1400 3622 1656 3662 interfuiss‘ffifluam
1676 3622 1746 3655 quod
1767 3622 1875 3648 eandem
1895 3622 1968 3648 illam
1984 3632 2090 3649 manum
2111 3631 2142 3649 ex
2162 3625 2241 3648 inter-

1199 3658 1313 3685 mortuis
1326 3657 1456 3684 Catilinae
1475 3657 1597 3691 reliquiis
1616 3658 1782 3684 concitastis?
1854 3658 1903 3683 Res
1918 3658 2092 3685 intermortua
2112 3656 2190 3684 Ouid.
2206 3665 2239 3682 ex

1199 3694 1274 3720 Pont.
1290 3703 1312 3726 2,
1326 3702 1348 3726 5,
1364 3700 1385 3725 ς.
1456 3692 1513 3719 Cic.
1529 3702 1576 3727 pro
1589 3693 1708 3719 Muraen.
1724 3695 1751 3719 16
1768 3702 1789 3719 c.
1805 3699 1821 3727 7
1848 3694 1951 3719 Etenim
1970 3694 2085 3720 eiusdem
2105 3692 2186 3718 animi
2202 3697 2239 3717 at-

1199 3737 1251 3763 que
1270 3729 1372 3762 ingenii
1392 3728 1444 3761 est,
1463 3728 1572 3762 posteris
1592 3728 1659 3759 suis,
1686 3729 1758 3763 quod
1778 3729 1917 3762 Pompeius
1936 3730 2013 3760 fecit,
2038 3726 2237 3765 amplitudinem

1199 3765 1331 3797 nominis,
1358 3773 1435 3799 quam
1456 3772 1509 3789 non
1528 3765 1670 3797 acceperit,
1691 3763 1807 3791 tradere:
1845 3770 1886 3796 et,
1902 3770 1929 3791 vt
1946 3766 2065 3792 Scaurus,
2080 3763 2238 3787 Memoriam

2012 3798 2101 3824 Mores
2110 3816 2118 3828 ,
2131 3796 2238 3828 Pei-diti,

1195 3838 1309 3870 corrupti
1325 3835 1405 3861 Plaut.
1419 3835 1501 3861 Trin.
1518 3842 1537 3866 1,
1550 3842 1570 3866 1,
1583 3842 1609 3868 7.
2099 3866 2104 3871 .
2157 3866 2162 3870 Ι
2179 3865 2184 3870 -

1234 3877 1356 3897 INTER
1368 3877 1391 3897 Μ
1404 3876 1452 3896 ov
1463 3876 1522 3900 no,
1538 3872 1590 3895 ere.
1626 3869 1756 3896 Rusticari
1775 3875 1800 3896 tc
1818 3870 1904 3896 asseris
1918 3888 1925 3899 ‚
1950 3873 1975 3894 et
1995 3866 2118 3893 ducendis
2136 3865 2238 3906 vitibus

1198 3911 1243 3932 aut
1262 3905 1403 3932 arboribus
1423 3905 1567 3931 inserendis
1585 3905 1691 3931 crudam
1711 3905 1866 3932 seneEtutem
1884 3905 1989 3932 fouere,
2010 3912 2062 3927 non
2083 3901 2131 3927 1100
2145 3901 2238 3927 literae

1198 3948 1257 3967 tuae
1272 3941 1373 3975 sapiunt
1397 3956 1441 3961 --
1465 3940 1532 3967 alios
1551 3940 1633 3968 sulcos
1658 3940 1719 3968 stilo
1743 3942 1919 3971 interamna,
1938 3937 2003 3964 alios
2021 3936 2239 3980 ordinesupangis

1141 3985 1187 4013 [ος
1197 3976 1343 4009 Symmach.
1358 3982 1380 4009 8,
1395 3978 1426 4005 68
1446 3977 1497 4007 (al.
1511 3978 1563 4010 69)

1394 4019 1411 4046 7
1436 4011 1457 4037 L
2116 4011 2240 4033 111Το11-
