2479 4225
35 195 162 253 '¹04⁸
480 200 496 239 I
577 200 621 240 N
704 198 738 240 C
1563 193 1580 234 Ῑ
1669 194 1713 234 Ν
1800 197 1834 238 C
2141 220 2234 259 1042

0 321 3 323 ,
71 296 118 320 tur
129 298 162 317 ex
173 289 274 316 Graeco
288 288 420 324 originem
435 288 556 317 trahere:
592 287 664 323 quod
678 286 810 314 Hesiodus
822 284 944 313 omnium
959 291 1051 324 rerum
1069 283 1121 310 ini-
1185 283 1328 311 cisionibus
1347 282 1523 310 disserendum
1542 283 1588 311 cst.
1650 284 1791 312 Particulas
1811 293 1834 312 et
1854 287 1992 326 incisiones
2012 290 2171 321 circuituum
2183 296 2232 332 sen

0 350 4 358 ‚
43 338 47 343 <
71 327 142 355 tium
159 325 207 353 esse
222 325 322 351 dixerit
335 324 423 351 chaos.
527 323 673 351 Diomedes
687 332 697 350 1
711 325 786 362 Pz3⁶¹
800 328 865 348 extr.
897 319 998 346 Inchoo
1013 319 1120 346 inchoa-
1178 320 1340 356 periodorum
1354 326 1440 351 uocat‚
1465 329 1525 354 quae
1544 328 1567 346 et
1579 320 1685 347 membra
1699 327 1723 347 et
1735 320 1829 355 incisa,
1848 324 1901 355 Jruc
1913 327 1965 351 cola
1978 334 2002 352 et
2011 336 2130 355 commata
2143 330 2231 357 dicun-

72 362 117 394 vi;
143 360 177 388 sie
190 359 331 387 dicendum
343 366 417 394 putat
431 360 515 386 Iulius
528 359 675 390 Modestus,
696 367 759 393 quia
772 357 802 384 sit
814 355 987 390 compositum
1008 363 1023 380 a
1036 355 1100 395 chao
1110 375 1119 388 ,
1184 363 1235 382 tur.
1288 355 1362 395 0⁰an
1376 354 1444 381 Ibid.
1459 364 1480 380 c.
1492 358 1536 388 64.
1608 356 1718 390 lucilio,
1737 360 1755 383 ι’.
1769 357 1888 392 (mesura,
1922 361 1973 386 vicl.
1985 363 2009 388 h.
2019 364 2099 399 iasub
2112 371 2228 395 emino.

29 423 34 428 ,
72 397 155 427 initio
166 405 265 423 rerum.
342 395 391 422 Sed
407 395 516 422 Verrius
529 400 555 421 et
568 395 673 422 Flaccus
686 394 715 421 in
730 393 859 428 postrema
878 390 976 423 syllaba
987 390 1120 430 adspiran-
1221 397 1230 416 1
1242 397 1264 417 N
1274 397 1308 430 ci
1318 397 1330 417 s
1341 398 1360 416 v
1370 397 1389 416 R
1398 397 1420 416 Α
1431 409 1440 422 ,
1460 399 1498 416 ae.
1538 391 1557 417 f.
1594 391 1694 426 [τομή]
1751 393 1837 419 Eadem
1849 402 1909 427 quac
1921 397 2013 428 incisio.
2068 400 2134 427 Pliu.
2151 410 2184 434 ιι,
2198 412 2230 436 39

74 432 137 460 dum
151 431 339 467 probauerunt.
410 431 501 458 Cohum
516 430 587 457 enim
607 429 676 465 apud
699 435 801 456 veteres
824 427 951 453 mundum
978 425 1119 460 significat,
1142 437 1156 464 ς
1184 425 1235 452 Ρ111
1247 426 1322 453 recisi
1337 434 1390 452 non
1404 431 1431 451 vt
1445 424 1527 452 herba
1540 426 1572 452 ab
1588 427 1640 460 ipsa
1656 427 1768 454 incisura
1782 434 1919 462 augentur.
2002 433 2132 462 Incism.ae
2153 442 2230 465 ctiam

71 467 143 496 vnde
162 466 337 494 substruo'tum
355 466 480 493 incohare.
551 464 729 501 Tranquillus
747 471 853 500 quoque
872 461 914 488 his
934 461 1068 488 assentiens
1086 463 1119 488 li-
1183 461 1301 488 dicuntur
1313 465 1340 487 in
1353 461 1480 493 manibus,
1500 470 1560 496 quae
1572 464 1646 499 vulgo
1658 464 1747 489 Lineoe
1764 471 1893 490 vocantur.
1963 465 2081 502 Plin.11,
2096 480 2125 502 52
2157 475 2229 502 Con,

72 503 145 532 bello
166 503 212 529 suo
233 502 380 538 pleniffimo
397 502 491 529 aedem
509 500 660 528 incohatam
679 501 716 529 ita
734 498 860 526 disseruit.
960 498 1068 524 Scaurus
1085 498 1117 524 de
1182 502 1223 523 tra
1237 497 1329 531 longae
1340 497 1389 523 effe
1402 496 1472 523 vitae
1486 496 1612 523 incuruos
1626 499 1758 531 humeris,
1785 505 1811 526 et
1825 499 1854 525 in
1868 508 1947 526 manu
1964 510 2015 528 vna
2028 502 2088 530 duas
2100 508 2229 538 incisuras

72 537 202 573 Orthogr.
218 548 243 573 p.
257 547 315 571 225¹
335 538 396 564 med.
435 536 563 565 Inchoare
583 546 644 564 cum
659 534 835 571 adspiratione
850 531 1033 564 scribendum,
1054 542 1118 568 quo-
1183 532 1274 566 longas
1287 533 1420 560 habentes.
1463 531 1539 558 Idem
1553 540 1592 565 ις,
1607 542 1639 560 11.

0 602 1 606 ,
70 572 145 602 niam
157 582 172 600 a
185 574 251 601 chao
265 574 381 606 dictum,
405 572 478 608 quod
489 573 573 599 fuerit
588 572 697 599 initium
715 569 835 597 onmium
853 576 953 595 rerum.
1025 569 1118 595 Contra
1221 575 1229 593 1
1243 575 1264 595 N
1274 570 1314 595 Cf
1323 576 1335 595 s
1347 574 1367 594 v
1377 575 1408 608 s,
1427 577 1458 598 a,
1470 576 1534 608 .¹¹¹¹¹·.
1569 569 1660 595 l’artic.
1716 569 1906 606 [τετμημένος]
1959 572 2026 599 Ρ1111.
2043 582 2074 604 11,
2088 582 2119 610 37
2144 579 2227 608 Incisa

28 606 31 610 ’
69 609 172 638 Probus
188 610 293 637 Cathol.
312 618 336 644 p.
352 611 416 643 1486
432 608 494 635 med.
526 608 645 641 Incoho,
667 605 789 638 incolas,
809 603 944 631 incohaui.
1000 604 1117 639 Qiidam
1135 617 1165 636 10
1183 612 1281 630 cornua
1294 604 1455 630 nascentium
1467 612 1496 629 m
1509 603 1623 629 diuersas
1637 610 1720 638 partes
1734 611 1900 640 torquentur.
1988 609 2102 635 Carmen
2115 612 2230 644 incisum

26 648 29 652 ’
68 650 163 682 putant
174 646 290 672 inchoare
304 645 368 678 dici,
388 643 586 679 imperitissime.
639 643 710 670 Nam
721 649 808 676 neque
820 639 876 675 post
888 644 905 665 C
919 639 1022 666 literam
1035 647 1055 666 Η
1071 641 1117 666 La.
1183 639 1211 665 in
1225 640 1344 679 sepulcro
1370 639 1424 665 Cic.
1438 639 1471 665 de
1482 638 1583 665 Scncct
1598 642 1626 665 61
1643 649 1664 665 c.
1680 649 1717 675 ¹7-
1806 643 1929 676 Elogium
1943 642 1972 669 in
1982 645 2102 679 sepulcro
2115 647 2229 678 incisum

72 681 130 708 tina
143 681 225 708 verba
238 686 348 715 regunt,
366 681 480 715 exceptis
493 679 646 707 nominibus
658 677 759 710 tribus,
779 675 903 706 Pulcher,
922 674 1039 707 Orchus,
1053 676 1118 702 Lur-
1183 675 1222 702 Id.
1237 684 1265 701 111
1277 676 1362 701 Pison.
1378 683 1414 706 72.
1431 708 1438 715 ⁶
1520 675 1606 717 Vena-
1616 675 1708 717 Tacit3
1722 678 1787 703 Ann.
1802 680 1845 709 16,
1861 686 1904 710 19,
1919 687 1944 704 2.
2000 680 2058 707 μω,
2072 682 2230 720 [diu-siffin-

70 716 131 743 eho.
188 717 285 751 Neque
301 722 320 743 ο
335 717 429 749 litera,
456 721 516 742 ante
535 722 554 742 o
573 715 685 741 alterum
699 713 857 739 Latinorum
869 709 1015 737 verborum
1033 712 1118 745 prima
1219 717 1262 737 1N
1274 713 1409 742 ciSVM,
1429 717 1447 735 1.
1468 718 1495 735 n.
1532 709 1662 744 [τμημα,
1681 715 1791 745 mmm]
1826 714 1960 753 Qqnfffl·
1973 723 1999 748 9,
2014 725 2042 749 4,
2057 725 2101 744 ¹22
2129 719 2231 748 “affore

69 752 182 788 persona
194 752 335 786 reperitur.
376 752 460 786 Igitur
474 751 545 786 quod
557 750 661 777 Plautus
674 748 762 784 posuit
774 747 857 778 reboo,
880 754 936 772 non
949 746 1055 780 Latine,
1075 746 1119 772 sed
1183 744 1216 779 est
1231 746 1323 772 Sensus
1336 754 1391 771 nou
1403 744 1509 779 expleto
1521 754 1633 772 numero
1648 747 1800 778 conclusus,
1818 749 1951 783 plerisque
1972 760 2029 784 pars
2052 754 2182 788 membri,
2201 762 2231 783 vt

71 788 174 815 Graece
186 787 285 822 posuit.
332 788 405 814 Hanc
418 790 554 822 opinionem
568 787 685 813 louimms
700 786 828 811 Pomanus
845 782 957 818 agnoscit
977 781 1009 808 de
1029 781 1119 815 Adspi-
1138 792 1164 819 ¹⁵
1183 783 1277 808 Domus
1291 780 1339 807 tibi
1351 780 1456 820 deerat?
1492 787 1519 806 at
1531 781 1643 820 ἐνράψας.
1701 783 1808 809 Pecunia
1816 785 1971 819 superabat?
1996 794 2023 813 at
2037 790 2129 824 egebas.
2187 792 2206 818 F
2209 793 2230 818 i-

30 819 34 827 ¹
71 823 179 852 nfione
194 831 211 849 2
231 829 256 850 et
266 822 367 850 videtu,-
380 823 488 859 probare
507 820 615 856 Vqffius,
631 824 658 846 in
672 821 769 855 etymol.
824 818 871 846 Sed
890 816 1000 851 Lapides
1014 824 1064 853 pro
1079 818 1120 843 In-
1182 823 1231 843 unt
1247 816 1327 843 etiam
1347 816 1455 850 singulis
1477 816 1567 842 verbis
1585 817 1681 844 incisa:
1718 824 1761 851 vt,
1787 819 1921 852 Dixunus,
1938 820 2009 853 testes
2029 824 2089 850 dure
2109 826 2230 854 volumus,

70 857 142 885 choo
154 859 242 885 laudat
259 859 388 885 cellarius.
443 857 510 886 Add.
530 859 589 885 Viri
601 854 672 883 dotti
683 855 718 882 ad
735 855 840 882 Sueton.
859 853 932 879 Caes.
941 862 961 878 c.
969 854 1015 886 46.
1032 866 1039 871 ·
1049 859 1073 879 et
1086 852 1121 879 ad
1182 852 1298 880 Incisum
1312 851 1363 881 est,
1382 853 1509 878 Diximus.
1563 852 1716 879 Membrum
1737 854 1772 879 est
1785 855 1871 880 sensus
1884 857 2000 883 numeris
2014 860 2167 894 conclusus,
2185 863 2230 890 sed

70 894 134 922 Lim
146 903 195 927 29,
209 903 252 927 23,
265 903 286 926 3,
1182 896 1198 914 a
1212 894 1270 915 toto
1283 895 1395 921 corpore
1408 886 1550 921 abruptus,
1567 894 1592 914 et
1605 897 1652 922 per
1667 889 1691 914 se
1704 888 1772 915 mhil
1787 887 1918 923 efficiens,
1937 891 1964 917 id
1979 893 2070 929 enim,
2091 897 2113 923 Ο
2126 897 2231 926 οαΙΙῘάοε

106 935 329 961 1NCHOANS,
346 930 424 956 antis.
478 928 572 955 Partic.
626 926 770 954 Inehoante
789 924 876 951 mense
889 923 988 950 Martio
1021 923 1117 951 Pallad.
1181 924 1306 954 homines,
1325 922 1472 956 perfeetum
1491 923 1542 949 cst:
1579 931 1603 949 at
1616 930 1749 950 remotum
1763 934 1778 951 a
1793 927 1916 957 caeteris,
1940 928 1997 955 vim
2016 938 2071 956 non
2089 931 2183 966 habet,
2200 940 2230 961 vt

69 965 149 993 Febr.
165 972 183 992 t.
198 973 238 999 25.
310 963 498 991 Inchoantibus
512 962 706 991 canicularibus
719 960 813 988 diebus
839 959 912 986 Idem
927 960 975 985 Iul.
990 965 1009 986 t.
1020 967 1046 994 7.
1132 972 1168 991 20
1182 968 1230 993 per
1242 959 1267 985 se
1281 966 1389 990 manus,
1408 965 1432 984 et
1445 967 1496 992 pes,
1515 965 1540 984 ct·
1554 965 1636 993 caput.
1693 961 1760 986 Haec
1772 960 1827 987 ille:
1864 969 1894 988 vt
1906 969 2035 998 appareat,
2047 975 2099 992 eum
2111 968 2191 995 incisa
2203 975 2230 997 et

107 1009 117 1028 1
128 1007 148 1026 N
157 1007 203 1028 CH
212 1006 232 1027 O
241 1007 263 1027 Α
274 1006 296 1027 'r
308 1006 328 1026 v
339 1007 369 1033 s,
388 1009 417 1032 a,
437 1009 492 1026 um.
528 999 621 1027 Partic.
657 996 787 1031 [κ’τελῆς]
832 993 1005 1030 Imperfct‘sus.
1057 995 1115 1021 Cic.
1181 995 1238 1020 cola
1252 1002 1349 1020 numero
1363 994 1515 1028 {yllabarum
1533 997 1634 1024 metiri;
1663 994 1762 1030 finfiem
1781 996 1878 1030 quidem
1889 998 1914 1032 s.
1927 1004 2078 1033 sententiam
2093 1003 2231 1038 absolutam

69 1036 104 1063 de
116 1037 152 1064 N.
168 1037 201 1062 D.
214 1044 246 1066 2,
263 1044 291 1068 33
326 1037 413 1070 Atque
430 1036 511 1062 etiam
530 1035 549 1062 si
563 1044 578 1062 a
594 1033 689 1069 primis
701 1031 885 1065 inchoatisque
897 1031 995 1057 naturis
1009 1030 1041 1057 ad
1054 1031 1115 1057 vlti-
1181 1030 1303 1065 affignare
1318 1036 1340 1054 et
1355 1029 1438 1055 inciso
1454 1037 1477 1055 et
1491 1030 1560 1056 colo.
1618 1031 1658 1056 Sic
1671 1038 1745 1055 ettam
1759 1031 1815 1057 Cic.
1828 1032 1856 1057 in
1869 1033 1943 1059 Orat.
1956 1043 1993 1060 211
2007 1045 2027 1061 c.
2035 1038 2068 1063 62
2093 1039 2170 1072 Qae
2184 1050 2229 1067 ne-

67 1081 126 1100 mas
138 1071 322 1106 personasque
334 1072 461 1097 volumus
475 1070 627 1106 procedere.
720 1067 868 1094 Pestilentia
881 1075 895 1093 a
914 1066 1056 1100 pecudibus
1077 1067 1116 1092 in·
1182 1066 1236 1092 scio
1249 1073 1295 1090 cur
1307 1074 1390 1099 quum
1402 1065 1495 1091 Graeci
1506 1064 1633 1097 κόμματα
1646 1071 1672 1090 et
1685 1066 1755 1090 κῶλα
1772 1067 1919 1097 nominant,
1938 1078 1985 1095 nos
1997 1079 2051 1096 non
2065 1074 2134 1100 reete
2147 1076 2230 1103 incisa

68 1107 164 1135 choata
188 1106 307 1133 Macrob.
321 1107 374 1133 Sat.
390 1114 418 1142 7,
431 1109 456 1133 6.
527 1105 704 1134 Abinchoato
717 1103 810 1129 domos
825 1102 957 1128 exstruere
985 1102 1117 1128 Columel.
1182 1108 1207 1127 et
1219 1100 1340 1127 membra
1352 1101 1482 1127 dicamus:
1518 1108 1540 1126 et
1550 1100 1698 1136 praesertim
1711 1109 1738 1126 n.
1752 1109 1794 1127 222
1808 1110 1829 1127 c.
1837 1104 1870 1127 66
1884 1104 1940 1137 sqq.
1994 1109 2069 1132 Atius
2083 1114 2161 1136 omnis
2173 1121 2230 1139 ora-

67 1153 94 1176 4,
105 1151 135 1175 3,
149 1151 168 1169 1.
203 1144 222 1168 i.
251 1141 280 1168 de
291 1151 361 1169 nouo.
431 1135 700 1169 Praeclare'inchoata
711 1138 810 1170 multa,
837 1137 952 1173 perfe&a
969 1146 1023 1164 non
1036 1138 1113 1172 plane
1131 1150 1164 1177 25
1179 1140 1216 1163 tio
1227 1136 1351 1162 diuiditur
1364 1145 1379 1175 ᾳ
1395 1139 1497 1163 Graecis
1509 1139 1536 1162 in
1545 1135 1678 1175 periodos,
1696 1137 1765 1169 cola,
1784 1143 1807 1163 et
1819 1146 1946 1164 commuta.
2003 1142 2122 1169 Periodus
2141 1144 2174 1178 qs?
2187 1148 2228 1173 ab·

66 1178 125 1204 Cic.
137 1177 170 1204 de
183 1177 255 1204 Clar.
269 1178 396 1204 Orat.126
409 1187 431 1204 c.
439 1186 476 1211 33.
590 1175 715 1202 Inchoata
727 1179 807 1209 atque
823 1173 899 1200 rudia
913 1174 999 1208 pueris
1013 1174 1115 1199 excide·
1171 1172 1257 1208 fi71uta
1271 1181 1293 1198 e.-
1303 1170 1420 1207 pei-jesia
1434 1174 1460 1198 in
1474 1173 1585 1198 oratione
1592 1174 1728 1207 sententia.
1782 1173 1855 1199 Coton
1865 1181 1930 1208 pars
1942 1172 1975 1206 est
1982 1178 2091 1210 permar
2139 1181 2230 1208 Lan-„3

65 1218 130 1242 :unt
154 1211 194 1239 Id.
210 1212 243 1239 de
255 1213 329 1240 Orat.
345 1222 365 1247 1,
378 1222 400 1244 5.
505 1212 631 1239 Mancum
643 1217 723 1245 atque
737 1209 891 1236 inchoatum
916 1208 953 1235 Id.
969 1209 1022 1236 Off.
1034 1218 1054 1241 1,
1070 1217 1116 1241 154
1178 1217 1232 1235 cum
1247 1208 1377 1246 Cicerone
1388 1207 1540 1233 membrum
1558 1213 1581 1233 et
1597 1207 1643 1233 hoc
1659 1207 1757 1234 dicunt.
1814 1210 1911 1236 Comma
1927 1211 2030 1247 demque
2048 1214 2149 1241 membri
2163 1223 2230 1251 pars

65 1257 90 1276 e.
97 1256 140 1282 43.
174 1248 243 1274 Add.
259 1248 329 1277 Ibid.
344 1258 354 1281 3
373 1255 431 1283 e.7.
523 1247 589 1274 Plin.
604 1246 687 1280 praef.
701 1246 791 1280 operis
801 1265 810 1278 ,
832 1246 859 1271 de
873 1246 974 1271 Graecis
988 1244 1116 1279 pingendi
1180 1242 1230 1276 est,
1247 1241 1358 1278 etJet‘i‘io
1373 1242 1507 1277 quaedam:
1544 1242 1657 1269 incisum
1671 1243 1767 1269 Cicero
1780 1247 1900 1271 nominor.
1957 1247 2022 1283 Ergo
2027 1247 2054 1281 Ji
2065 1250 2167 1277 Latinis
2174 1261 2230 1279 ver-

66 1282 238 1318 fingendique
250 1283 450 1315 conditoribus,
484 1295 528 1303 ——
547 1282 667 1309 absoluta
681 1290 778 1316 opera,
803 1286 828 1307 et
843 1280 888 1307 illa
901 1289 1006 1315 quoque
1017 1300 1025 1312 ,
1046 1289 1114 1315 quae
1179 1279 1277 1305 bis-vti
1296 1279 1463 1310 voluerimus,
1488 1278 1613 1309 dicemus,
1643 1279 1743 1305 Omnem
1767 1283 1903 1307 orationem
1921 1290 1950 1307 ex
1967 1285 2229 1320 comprehensionibus,

67 1319 192 1346 mirando
204 1328 259 1346 non
274 1320 415 1352 satiamur,
433 1317 559 1353 pendenti
572 1317 652 1344 titulo
665 1317 834 1352 inscripsisse,
853 1322 898 1348 vt,
916 1316 1019 1350 Apelles
1036 1316 1115 1342 facie·
1129 1328 1162 1352 30
1179 1314 1307 1345 membris,
1326 1320 1348 1340 et
1360 1311 1577 1354 inczsssfonstare.
1632 1314 1828 1349 Comprehenfio,
1845 1317 1871 1351 s.
1892 1317 2031 1351 Ambitus,
2051 1318 2085 1353 est
2097 1326 2230 1350 continua.

64 1354 128 1387 bat,
149 1360 194 1381 aut
215 1355 363 1388 Polycletus
377 1364 383 1380 :
418 1358 544 1394 tauquam
562 1353 686 1380 inchoata
705 1353 808 1387 semper
825 1357 881 1379 arte
898 1357 923 1378 et
943 1351 1116 1386 imperfeoia,
1178 1353 1215 1377 tio
1230 1350 1375 1381 verborum,
1389 1346 1571 1382 construbsione
1586 1349 1754 1376 Grammatico
1766 1361 1780 1376 a
1787 1352 1817 1386 se
1825 1352 1985 1386 pendentium
2005 1360 2029 1380 et
2040 1355 2229 1393 deuint‘iorum,

26 1402 29 1420 ;
53 1388 111 1418 ‘eu--
182 1391 335 1417 Portentum
354 1389 472 1416 hominis
478 1408 487 1421 ‚
512 1397 561 1416 nee
573 1389 723 1416 absolutum
742 1397 757 1415 a
769 1393 879 1420 natura,
903 1387 944 1413 sed
961 1393 1060 1414 tantum
1074 1387 1114 1413 in-
1179 1386 1255 1412 donec
1267 1386 1411 1412 ultimorum
1428 1386 1584 1425 cumprimis
1596 1386 1764 1420 copulatione,
1781 1390 1821 1412 vti
1834 1391 1940 1415 circulus
1953 1390 2066 1424 quidam,
2081 1392 2229 1429 ficstmfn.

20 1417 41 1430 '¹'
65 1425 191 1452 ehoatum
224 1427 292 1453 Suet.
307 1424 401 1453 Claud.
418 1434 440 1452 e.
460 1434 482 1458 3.
586 1423 816 1452 inauditiuneulae
830 1424 907 1449 rudes
921 1422 1112 1457 inchoataeque
1178 1425 1218 1449 tia
1225 1421 1392 1484 pegficiatur:
1427 1427 1472 1454 vt,
1499 1419 1548 1447 111ίί
1568 1429 1663 1448 vereor
1678 1421 1796 1455 Iudices,
1820 1431 1854 1448 ne
1866 1431 1942 1458 turpe
1956 1425 2001 1457 sit,
2018 1434 2068 1460 pro
2085 1427 2228 1457 fortissimo

34 1459 36 1461 ’
64 1461 134 1488 Gell.
149 1468 173 1494 ς,
186 1469 225 1488 21.
340 1461 407 1488 Plin.
424 1469 464 1493 ις,
479 1469 490 1488 1
518 1460 637 1488 Primum
649 1459 770 1487 omnium
784 1458 881 1492 cruda,
900 1465 980 1494 atque
997 1459 1116 1486 nondum
1179 1458 1242 1484 viro
1275 1458 1343 1484 icere
1356 1457 1526 1492 incipientem
1540 1457 1647 1484 timere:
1671 1458 1837 1493 minimeque
1850 1459 1954 1490 deceat,
1974 1470 2057 1495 quum
2071 1462 2109 1489 T.
2123 1465 2228 1492 Annius

26 1516 29 1517 .
64 1496 207 1525 inchoatae
228 1496 400 1524 maturitatis,
1134 1505 1162 1531 33
1181 1493 1251 1521 Milo
1265 1494 1318 1528 ipse
1330 1493 1413 1528 magis
1424 1494 1456 1520 de
1469 1493 1545 1528 Reip.
1558 1494 1657 1526 salute,
1678 1503 1757 1529 quam
1771 1494 1802 1520 de
1818 1495 1862 1520 sua
1874 1495 2059 1530 perturbetur,
2076 1507 2119 1525 me
2131 1500 2163 1526 ad
2171 1501 2229 1529 eius

29 1560 32 1562 ,
103 1539 115 1558 1
124 1540 145 1559 N
156 1537 174 1558 c
185 1538 207 1558 H
218 1539 237 1559 O
247 1539 269 1559 A
278 1539 303 1559 Μ
312 1539 329 1560 Ε
340 1539 362 1559 Ν
371 1539 392 1559 Τ
401 1538 473 1563 VM,
491 1530 511 1557 i.
532 1540 558 1558 n.
594 1531 674 1559 Mart.
683 1530 784 1566 Capell.
799 1541 810 1564 3
825 1539 899 1565 p.93.
935 1531 1008 1559 Idem
1018 1538 1031 1564 5
1044 1539 1069 1566 p.
1078 1537 1117 1566 71.
1180 1530 1284 1556 causam
1304 1529 1394 1556 darem
1413 1530 1497 1556 animi
1517 1530 1727 1564 magnitudinem
1747 1530 1841 1557 afferre
1862 1539 1915 1557 non
1934 1533 2003 1566 posse
2016 1543 2022 1557 :
2059 1539 2145 1561 tamen
2163 1535 2229 1563 haec

66 1574 92 1596 et
106 1567 175 1603 conf.
189 1570 206 1594 6
227 1577 252 1602 p.
263 1573 314 1600 ¹89·
334 1574 381 1595 etc.
1181 1566 1247 1593 noui
1261 1565 1357 1592 iudicii
1369 1575 1440 1592 noua
1453 1566 1540 1592 forma
1554 1571 1634 1592 terret
1646 1566 1752 1597 oculos,
1772 1567 1820 1601 qui
1834 1575 1993 1602 quoctuique
2005 1568 2164 1603 inciderint,
2184 1581 2229 1598 ve-

27 1621 30 1623 *
70 1621 72 1624 ψ
103 1611 113 1630 1
123 1609 145 1629 N
155 1610 172 1630 c
181 1609 202 1629 H
211 1610 230 1629 o
239 1611 261 1630 Α
270 1611 292 1630 T
301 1611 311 1630 1
321 1611 340 1630 ο
349 1622 357 1635 ,
377 1601 445 1628 onis.
463 1602 484 1628 f.
520 1601 644 1628 Ambros.
659 1601 690 1628 de
704 1603 769 1628 Voc.
784 1602 862 1629 Gent.
874 1611 907 1635 2,
919 1611 940 1635 3.
978 1600 1117 1636 Augustin.
1181 1607 1265 1629 terem
1277 1601 1495 1628 consuetudinem
1512 1602 1567 1628 fori
1587 1607 1612 1627 et
1629 1602 1767 1635 pristinum
1781 1610 1886 1628 morem
1899 1602 2063 1630 iudiciorum
2076 1607 2229 1639 requirunt.

27 1650 30 1656 ·
62 1639 142 1675 Epist.
157 1647 208 1666 222.
225 1646 271 1666 etc.
306 1642 337 1666 it.
354 1637 387 1665 de
400 1636 492 1664 Genesi
503 1637 563 1664 adu.
577 1637 695 1665 Manich.
714 1646 736 1664 c.
752 1645 787 1670 14.
824 1645 848 1664 ct
867 1638 900 1665 de
914 1639 981 1665 Gen.
995 1637 1027 1664 ad
1039 1637 1079 1664 lit.
1093 1645 1118 1668 2,
1179 1638 1318 1665 Membrum
1331 1637 1363 1671 qli
1372 1646 1436 1673 pars
1449 1636 1682 1673 comprehensionis,
1713 1644 1759 1670 ut,
1777 1637 1827 1663 Etsi
1847 1646 1944 1665 vercor
1963 1639 2084 1671 Iudices,
2108 1649 2140 1665 ne
2153 1648 2231 1676 turpe

64 1683 91 1708 ¹5
107 1673 213 1711 subfin.
1129 1685 1167 1711 40
1180 1674 1226 1706 sit,
1247 1682 1295 1708 pro
1310 1673 1448 1700 fortissimo
1461 1673 1522 1699 viro
1535 1673 1624 1698 dicere
1639 1673 1808 1707 incipientem
1822 1673 1927 1699 timere.
1983 1674 2098 1699 Incisum
2117 1675 2151 1707 ty?
2164 1683 2232 1710 pars

92 1717 111 1736 sl
121 1717 143 1736 N
151 1716 168 1736 C
177 1716 197 1736 H
206 1715 225 1736 O
234 1715 255 1736 A
265 1710 305 1735 'ri
315 1714 336 1735 V
348 1713 370 1735 V
381 1714 412 1741 S,
429 1717 460 1742 a,
478 1717 535 1735 11111.
571 1708 633 1735 Adi.
668 1707 820 1744 [α’ρκτικὸς]
862 1708 921 1736 Vid.
930 1709 1009 1736 Mart.
1017 1707 1116 1743 Capell.
1180 1710 1281 1736 membri
1289 1729 1296 1740 ,
1316 1717 1346 1735 vt
1354 1729 1363 1741 ,
1381 1708 1430 1735 Etfi
1443 1717 1540 1734 vercor
1554 1707 1657 1733 Iudices
1665 1727 1672 1737 ‚
1692 1716 1724 1733 ne
1739 1713 1816 1741 turpe
1830 1707 1869 1733 fit.
1922 1708 2127 1742 Quemadmodum
2148 1718 2232 1738 autem

64 1753 79 1778 3
99 1754 124 1780 p.
140 1750 182 1778 84.
1177 1747 1205 1771 in
1219 1751 1271 1771 tres
1284 1745 1330 1770 has
1340 1751 1427 1778 partes
1439 1745 1520 1769 omnir
1532 1746 1613 1768 oratio
1626 1742 1765 1774 diuiditur,
1785 1745 1823 1767 ita
1844 1745 1897 1768 tria
1903 1744 1967 1777 sunt
1979 1744 2149 1780 etiamsig-rza,
2175 1750 2230 1782 qm·-

102 1787 112 1806 1
124 1787 146 1806 N
156 1785 173 1806 C
183 1785 204 1805 H
213 1785 234 1807 0
243 1786 266 1806 A
276 1786 298 1806 Τ
307 1787 316 1805 1
325 1786 374 1806 VA
385 1799 393 1811 ‚
428 1778 516 1805 Verba
533 1778 638 1814 οἷρκτικοέ
647 1797 655 1809 ,
679 1788 746 1812 quae
758 1788 814 1806 rem
828 1777 910 1804 modo
924 1778 1074 1805 inchoatam
1090 1783 1117 1804 et
1178 1780 1223 1805 bus
1236 1777 1431 1814 distinguantur.
1488 1779 1554 1803 Nam
1567 1776 1742 1815 comprehensio
1763 1780 1790 1802 in
1808 1775 1905 1812 pumsso
1919 1777 2056 1814 signatur,
2085 1783 2131 1806 hoc
2152 1783 2232 1810 modo.

61 1815 182 1849 futuram
194 1814 357 1849 significant,
379 1819 409 1842 vt
421 1814 563 1847 Horresco,
577 1814 657 1846 idest,
675 1815 778 1848 incipio
791 1813 914 1846 horrere,
928 1820 975 1840 etc.
1012 1813 1116 1840 Charis.
1178 1814 1310 1840 membrum
1325 1822 1382 1839 uero
1394 1815 1423 1838 in
1434 1811 1489 1847 ipsa
1501 1811 1707 1846 comprehenstone
1722 1812 1813 1838 duobus
1818 1812 1938 1849 signatur
1945 1813 2066 1849 punffis,
2084 1816 2130 1841 hoc
2143 1818 2232 1844 modo.-

61 1857 76 1883 3
96 1859 121 1884 p.
137 1858 192 1881 223.
1132 1854 1168 1880 45
1179 1848 1243 1882 (fid
1250 1855 1325 1874 extra
1341 1848 1482 1883 comprrhcn
1495 1855 1572 1873 Ionem
1585 1856 1632 1873 vno
1645 1854 1742 1874 tantum
1756 1849 1878 1882 notatur)
1905 1849 2019 1875 Incisum
2027 1850 2184 1885 J'enn‘circulo
2201 1856 2230 1879 in

101 1892 110 1911 1
123 1892 146 1911 N
155 1892 171 1911 c
183 1890 203 1910 H
215 1890 234 1911 o
246 1889 268 1911 Α
279 1890 301 1910 Τ
311 1890 356 1911 OR
366 1903 374 1916 ‚
390 1884 456 1910 oris.
496 1892 532 1910 m.
588 1882 711 1910 Prudent.
725 1884 808 1918 praef.
822 1884 941 1910 Hamart.
953 1889 990 1917 27
1017 1881 1115 1909 Mortis
1172 1882 1304 1918 Jinfirnm
1312 1890 1412 1918 partem
1423 1889 1539 1918 vergente
1544 1882 1678 1918 signatur,
1698 1884 1745 1908 hac
1756 1887 1862 1915 ratione,
1890 1902 1906 1910 ,.
1939 1885 2014 1919 Conj.
2029 1886 2084 1912 Cic.
2097 1888 2143 1913 ιιι,
2155 1896 2175 1913 ς,
2184 1890 2229 1914 66,

59 1919 210 1948 inchoator.
267 1919 342 1956 Conf.
357 1919 496 1954 Augustin.
511 1918 544 1945 de
558 1919 651 1945 Gener.
666 1918 751 1946 adlit.
768 1928 777 1945 1
787 1939 795 1951 ‚
808 1928 847 1952 14.
1216 1925 1256 1945 ΙΝ
1269 1925 1287 1945 c
1300 1921 1333 1944 is
1343 1926 1363 1944 v
1375 1925 1388 1944 s
1400 1938 1408 1950 ,
1430 1917 1468 1943 fis.
1497 1927 1534 1943 m.
1589 1918 1718 1956 [τμῆσις]
1769 1918 1835 1943 Plin.
1852 1920 1888 1949 16,
1903 1927 1931 1945 12
1957 1919 2083 1948 Fructum
2097 1922 2231 1956 quaedam

99 1962 185 1983 lNcl
195 1962 212 1981 Β
222 1961 257 1986 0,
276 1958 328 1982 are.
381 1956 442 1981 Vet.
456 1954 542 1981 Schol.
563 1954 597 1980 ad
614 1955 731 1981 quenal.
745 1963 788 1986 10,
806 1963 855 1986 230
893 1952 1021 1980 Hirundo
1042 1952 1114 1979 filios
1176 1955 1303 1989 proximo
1317 1962 1386 1979 anno
1406 1953 1438 1979 ab
1453 1953 1536 1978 incisu
1551 1951 1710 1985 largiuntur.

62 1992 124 2018 (iios
141 1990 240 2017 iucibat
250 2009 258 2021 ,
280 1993 298 2015 ι’.
311 1989 392 2016 cibum
404 1992 439 2015 iis
452 1993 480 2014 in
492 1999 519 2015 os
527 1992 637 2024 ingerit.
1215 1995 1224 2013 1
1235 1995 1280 2014 Nc
1289 1990 1299 2013 i
1309 1996 1321 2014 s
1332 1995 1340 2013 1
1352 1994 1387 2014 Μ,
1425 1986 1493 2013 Adu.
1530 1984 1662 2021 [τμήδην]
1717 1988 1765 2014 Per
1782 1987 1878 2023 incisa,
1897 1989 2020 2025 vefinfiff
2031 1993 2102 2018 intra
2121 1993 2177 2019 VII
2189 1993 2234 2020 vet

20 2020 23 2025 ’
100 2031 282 2055 1N01CVR‚
301 2025 366 2050 uris.
402 2023 463 2049 Adi.
500 2023 687 2059 Immansuetus.
741 2021 846 2054 Festus,
867 2030 900 2048 ex
909 2020 1041 2053 Pacuuio,
1062 2021 1113 2047 Re·
1131 2030 1164 2057 50
1182 2025 1253 2051 VIII
1265 2021 1504 2058 Syllabasfiniatur.
1571 2022 1628 2048 Cic.
1641 2023 1669 2048 in
1683 2024 1756 2049 Orat.
1771 2032 1813 2054 213
1832 2033 1853 2049 c.
1866 2026 1895 2055 63
1923 2026 1996 2052 Haec
2011 2026 2118 2060 quidem
2137 2028 2190 2055 dno
2204 2031 2228 2056 0

28 2071 31 2074 ·
55 2062 150 2097 „prime
165 2061 310 2087 incicorem
324 2058 497 2086 iracundiam.
1176 2061 1265 2087 Marce
1285 2057 1387 2093 Druse,
1411 2065 1510 2092 patrem
1528 2067 1543 2083 α
1556 2058 1638 2093 pello,
1665 2057 1735 2084 binis
1756 2058 1866 2091 pedibus
1887 2059 2006 2093 incisim,
2031 2061 2127 2089 deinde
2145 2073 2229 2091 mem.

27 2126 30 2127 .
100 2095 330 2127 1NciD0‚=idi‚
349 2095 432 2125 isum,
453 2094 525 2121 dere.
562 2092 673 2126 [τέμνω
690 2091 788 2124 κόπτω,
803 2091 973 2127 ἒνχαροῖττω]
1024 2092 1060 2117 Ex
1080 2092 1112 2117 In
1176 2094 1293 2126 burim,
1322 2095 1362 2119 Tu
1383 2093 1464 2119 dicere
1479 2093 1532 2127 sole
1548 2102 1592 2125 as,
1611 2093 1713 2129 fixeram
1727 2093 1769 2126 ssffi'
1782 2094 1970 2128 Rempublicam.
2060 2099 2164 2125 Incifini
2183 2106 2230 2128 aut

63 2139 88 2160 et
101 2131 190 2159 Caedo
203 2130 374 2166 compositum,
392 2136 421 2156 vt
437 2129 565 2165 Insscare,
585 2135 682 2163 Partem
695 2131 733 2154 rei
747 2126 853 2154 caedere.
924 2127 1000 2160 Virg-
1013 2127 1066 2152 Ecl.
1082 2135 1093 2157 3
1102 2145 1112 2158 ,
1177 2129 1348 2156 membratim
1361 2128 1464 2162 aliquid
1477 2128 1570 2154 efferre
1607 2127 1647 2154 Id.
1663 2128 1729 2154 ibid.
1742 2137 1789 2161 223
1807 2138 1828 2155 c.
1841 2131 1886 2164 67.
1981 2132 2087 2160 I'ncisim
2105 2140 2131 2161 et
2144 2144 2229 2162 mem-

43 2189 45 2193 .
65 2177 90 2196 11
122 2169 209 2202 Atque
222 2167 291 2193 mala
303 2166 372 2192 vites
386 2165 502 2193 incidere
520 2164 588 2191 falce
605 2161 732 2189 nouellau.
818 2162 886 2188 Plin.
905 2169 948 2191 12,
961 2170 991 2194 14
1018 2163 1110 2194 Quini
1175 2164 1274 2192 bratim
1288 2163 1398 2189 trastata
1411 2163 1500 2189 oratio
1523 2162 1561 2188 Id.
1575 2163 1698 2196 ibid.22;
1713 2167 1784 2199 c.67.

16 2197 19 2199 ⁵
51 2203 184 2231 *incidant
197 2210 238 2229 eas
250 2201 369 2229 arbores.
420 2200 494 2238 Conf.
515 2199 584 2226 Ibid.
604 2208 624 2226 c.
647 2207 683 2231 25.
799 2196 1009 2223 Articulamenta
1025 2196 1159 2231 incisa-55
1213 2206 1223 2224 1
1234 2206 1254 2225 N
1267 2205 1285 2225 C
1297 2206 1306 2224 1
1315 2205 1327 2224 s
1337 2205 1363 2224 E.
1398 2197 1481 2225 Aliud
1492 2198 1559 2224 Adu.
1596 2199 1681 2232 [κα-ια’
1694 2200 1842 2234 κόμματα]
1881 2201 1956 2228 Idem.
1993 2202 2050 2229 Cic,
2063 2203 2092 2230 in
2103 2205 2178 2232 orat,
2188 2214 2228 2233 212

12 2234 13 2238 Ἰ
62 2239 184 2267 Scribon.
198 2246 247 2269 214.
331 2237 387 2271 Qli
400 2236 469 2263 mihi
481 2236 573 2263 Pinnas
586 2233 751 2264 inciderant,
775 2233 872 2258 nolunt
894 2231 997 2256 easdem
1010 2231 1112 2270 renasci
1175 2244 1197 2261 c,
1210 2237 1241 2267 63
1271 2236 1334 2269 on
1349 2239 1438 2261 autem
1449 2233 1532 2269 paeto,
1541 2234 1631 2261 deceat
1644 2235 1743 2268 incise,
1769 2235 1974 2262 membratimue
1994 2237 2047 2264 dici
2056 2258 2065 2271 ,
2087 2240 2144 2265 iam'
2154 2241 2229 2269 vide-

27 2285 31 2288 *
62 2275 120 2301 Cic.
136 2275 191 2301 Att.
205 2282 233 2306 4,
246 2281 272 2299 2.
379 2272 471 2298 Tacit.
485 2272 553 2297 Ann.
566 2271 604 2301 16,
616 2278 643 2301 19
677 2268 773 2302 Neque
787 2274 874 2293 tamen
889 2274 1012 2300 praeceps
1027 2272 1113 2293 vitam
1174 2270 1274 2298 bimus,
1315 2269 1384 2297 Add,
1398 2278 1439 2302 223
1456 2279 1478 2295 c,
1493 2271 1537 2304 67,

62 2310 182 2344 expulit,
201 2308 243 2335 sed
256 2307 349 2334 incisas
361 2315 456 2337 venas,
484 2312 512 2332 vt
524 2305 632 2331 libitum
645 2303 774 2337 obligatas
788 2322 796 2334 ,
819 2302 921 2337 aperire
939 2303 1061 2334 rursum,
1085 2308 1112 2328 et
1210 2313 1251 2333 IN
1263 2311 1280 2332 c
1292 2313 1301 2332 1
1311 2313 1323 2332 s
1334 2313 1352 2332 0
1362 2312 1397 2336 R,
1417 2305 1481 2332 oris.
1510 2306 1546 2332 ιη’.
1589 2306 1640 2338 Vt,
1667 2304 1764 2332 Dentes
1778 2306 1906 2332 incisores
1920 2307 1988 2342 opud
1999 2308 2128 2343 Medicas,
2146 2311 2229 2347 Rapa.

60 2345 165 2379 alloqui
177 2343 286 2370 amicos.
321 2341 390 2369 Add.
404 2341 460 2367 Cic.
475 2340 507 2366 de
522 2343 568 2367 Ar.
581 2340 657 2374 Resp.
669 2348 691 2365 c.
700 2341 736 2365 16.
809 2337 1112 2374 Insculpereetiamfigni-
1173 2351 1215 2369 ees
1228 2344 1256 2367 in
1269 2344 1338 2377 equu-
1349 2347 1422 2368 vocat
1434 2342 1527 2375 Veget,
1542 2350 1570 2374 4,
1584 2349 1603 2372 1,
1616 2349 1635 2367 1.

51 2379 120 2416 fient
137 2389 145 2405 .·
186 2381 304 2414 varieque
331 2375 494 2410 construitur.
582 2376 696 2401 Incisum
718 2376 848 2400 marmori
885 2374 954 2399 Suet.
976 2372 1009 2399 de
1038 2374 1109 2413 Clar.
1119 2380 1156 2405 60
1209 2384 1318 2404 1NCIS
1329 2383 1347 2403 o
1358 2383 1393 2403 RI
1405 2384 1424 2402 V
1435 2383 1477 2408 M,
1498 2376 1518 2402 i.
1539 2385 1565 2402 n.
1619 2375 1716 2402 Sarisb.
1732 2383 1755 2410 ς,
1768 2384 1796 2403 ιο
1822 2377 1850 2403 Si
1861 2377 2016 2405 incisorium
2030 2380 2116 2414 aptius
2134 2381 2228 2416 fuerit,

61 2415 180 2442 Gratum.
198 2421 236 2448 17.
330 2412 397 2439 Plin.
411 2413 440 2440 in
454 2413 546 2445 Paneg.
560 2419 622 2443 c.54
635 2417 700 2436 extr.
729 2410 809 2443 Quod
823 2418 872 2444 ego
886 2408 970 2435 titulis
983 2409 1110 2435 omnibus
1175 2413 1302 2444 cultellus,
1314 2419 1379 2446 Pars
1392 2410 1682 2447 minmoefiwdlefftlis,

60 2450 199 2486 speciosius
214 2457 292 2480 neor,
323 2449 430 2482 quando
449 2455 503 2472 non
522 2446 656 2478 trabibus,
679 2451 725 2472 aut
743 2445 810 2471 saxis
829 2454 927 2471 nomen
946 2449 1037 2475 tuum,
1063 2444 1107 2470 sed
1212 2453 1280 2474 1Nc
1292 2454 1430 2479 1vas,
1450 2455 1481 2479 a,
1499 2455 1555 2473 um.
1593 2447 1654 2474 Adi.
1691 2445 1835 2482 [o'e'mmor]
1871 2449 1944 2484 Quod
1957 2450 2065 2476 incidere
2078 2453 2119 2478 vel
2130 2453 2229 2480 caedere

60 2485 243 2513 monumentis
262 2488 384 2510 aeternae
404 2482 489 2508 laudis
502 2481 639 2507 inciditur.
745 2481 802 2507 Cic.
825 2481 857 2507 de
877 2479 978 2507 Sene&
993 2482 1020 2506 61
1040 2489 1062 2506 c.
1080 2488 1110 2514 17
1173 2484 1302 2510 nonlicet,
1377 2481 1460 2509 Ouid,
1474 2482 1539 2509 1:3st
1555 2491 1584 2513 2,
1603 2491 1650 2516 435
1683 2483 1776 2509 Monte
1796 2484 1843 2509 su„
1856 2485 1983 2518 Exquffio
1997 2486 2087 2512 muln-S
2104 2488 2228 2515 infidum

29 2527 32 2533 ¹
59 2522 167 2550 Notum
181 2520 216 2547 cst
229 2525 316 2546 totum
329 2526 433 2544 carmen
447 2517 557 2543 incisum
571 2517 600 2543 in
614 2516 741 2551 sepulcro.
848 2516 923 2543 Idem
935 2517 964 2542 in
981 2516 1063 2542 Pison.
1078 2523 1110 2548 92
1173 2519 1266 2552 annis,
1293 2519 1404 2545 Iunonis
1419 2527 1528 2552 magnae
1542 2519 1666 2549 nomine,
1686 2518 1760 2543 lucus
1775 2525 1838 2544 crat.
1903 2523 1975 2552 Alii,
1998 2524 2071 2547 etiam
2083 2524 2168 2549 Burm.
2183 2525 2226 2550 1„-

61 2557 189 2591 ldemque
201 2561 231 2582 vt
244 2555 317 2585 esset,
348 2553 420 2588 quod
436 2553 463 2579 in
477 2553 528 2579 basi
543 2558 715 2587 tropaeorum
728 2551 829 2584 incidi,
847 2551 1010 2586 inscribique
1019 2552 1108 2586 posset.
1126 2553 1159 2586 65
1175 2554 1295 2581 caeduus.
1368 2554 1449 2581 Ouid.
1464 2555 1555 2580 Amor.
1569 2562 1592 2586 3,
1606 2562 1624 2585 1,
1639 2559 1700 2588 1pr.
1720 2554 1774 2587 (al.
1788 2554 1935 2587 Incaedua)
1965 2557 2018 2583 Stat
2031 2564 2105 2584 vetus
2119 2565 2144 2585 ct
2158 2560 2226 2586 mul-

62 2593 178 2621 Incisum
190 2599 219 2617 ac
232 2596 353 2616 notatum
369 2590 398 2616 in
410 2589 588 2616 monumentis
601 2597 691 2615 rerum
704 2588 834 2622 gestarum
866 2587 902 2614 Id.
917 2596 966 2622 pro
987 2588 1063 2613 Font.
1077 2596 1111 2619 31.
1176 2597 1217 2618 tos
1229 2590 1335 2617 incidua
1349 2589 1413 2616 filua
1428 2598 1475 2624 per
1487 2597 1579 2615 annos.

60 2628 184 2656 Incidere
200 2627 227 2651 in
240 2633 300 2653 aere
331 2625 387 2652 Cic.
402 2626 478 2651 Verr.
491 2633 526 2657 4,
546 2632 601 2657 145.
694 2625 732 2651 Id.
746 2624 814 2650 ibid.
829 2632 858 2656 2,
874 2631 918 2656 154
949 2623 1064 2649 Incisum
1081 2623 1110 2648 in
1212 2633 1222 2651 1
1232 2632 1281 2652 Nc
1292 2625 1332 2652 sD
1345 2632 1364 2652 ο
1377 2645 1384 2657 ,
1403 2626 1459 2657 idi,
1479 2626 1551 2651 asum
1561 2643 1569 2657 ,
1589 2626 1643 2650 ere.
1680 2623 1832 2659 [ἐμπίπτω]
1888 2625 1925 2652 Ex
1939 2626 1969 2652 Iu
1984 2634 2007 2653 et
2020 2628 2102 2656 Cado.
2158 2631 2227 2658 Plin.

31 2674 33 2677 ·
64 2664 156 2690 rabula
169 2670 257 2688 aenea.
316 2660 373 2687 Vid.
387 2661 442 2687 Cic.
457 2660 570 2694 Philipp.
585 2669 597 2691 3
613 2669 635 2686 c.
649 2668 683 2686 12.
752 2659 826 2685 Idem
836 2667 885 2693 pro
901 2658 1064 2684 Corn.Balb.
1080 2666 1107 2689 53
1176 2670 1208 2693 2,
1226 2669 1260 2696 27
1291 2661 1339 2687 Sed
1358 2670 1388 2687 ea
1404 2659 1539 2692 accidiss'c,
1567 2669 1620 2686 non
1640 2661 1704 2694 quia
1723 2659 1785 2686 haec
1804 2660 1873 2687 facia
1890 2662 1950 2688 sunt
1964 2663 2095 2691 arbitror:
2131 2675 2228 2694 verum

62 2698 144 2732 Qiod
158 2697 268 2733 quidem
282 2705 365 2730 nuper
378 2697 406 2723 in
420 2697 542 2722 columna
555 2704 634 2721 aenea
646 2694 817 2721 meminimus
833 2693 889 2728 post
900 2693 984 2720 rostra
998 2693 1110 2719 incisum
1174 2696 1239 2723 haec
1253 2695 1316 2723 ideo
1336 2696 1419 2729 facin,
1446 2697 1509 2731 quia
1529 2696 1647 2722 incasura
1662 2702 1735 2722 emm
1750 2696 1806 2722 3113,
1915 2698 1955 2723 Ad
1968 2704 2065 2726 terram
2081 2701 2176 2728 incidit
2193 2702 2227 2729 de

61 2741 88 2760 et
103 2733 276 2768 perscriptum
290 2732 374 2757 fuiss‘e.
481 2731 547 2757 Plin.
560 2730 638 2764 Epist.
652 2735 676 2763 8,
691 2732 717 2761 6,
733 2738 757 2761 13
788 2730 853 2756 SCta
867 2730 895 2755 in
907 2738 949 2755 aes
964 2728 1111 2755 incidereu-
1122 2739 1159 2767 70
1173 2734 1304 2759 vulnerato
1330 2732 1404 2766 Virg.
1419 2733 1484 2759 Aen.
1499 2740 1536 2763 12,
1551 2733 1610 2763 926.
1684 2731 1739 2758 Cic.
1754 2732 1824 2759 Fam.
1842 2739 1855 2764 ς
1867 2751 1875 2764 ‚
1889 2738 1902 2762 8
1930 2733 1993 2759 Non
2007 2745 2050 2761 me
2063 2737 2179 2764 fortuito
2193 2738 2227 2765 ad

62 2776 117 2796 tur.
189 2769 245 2795 Cic.
259 2767 374 2801 Philipp.
390 2775 422 2799 2,
436 2768 470 2793 26
503 2765 576 2801 Qud
589 2767 672 2793 tum3.
694 2765 764 2800 quod
778 2765 830 2791 erit
843 2765 879 2792 ita
893 2765 1007 2799 gestum,
1028 2764 1054 2791 id
1070 2765 1112 2790 lex
1174 2774 1248 2794 tuam
1262 2769 1467 2802 amplitudinem
1482 2768 1548 2794 meis
1562 2766 1657 2793 officiis
1669 2767 1878 2801 amplee'lendam
1891 2769 2017 2796 incidiffe.
2090 2772 2181 2807 Liu.5‚
2195 2775 2228 2800 26

62 2805 132 2832 erit?
158 2810 184 2830 et
199 2805 228 2831 in
242 2812 283 2830 aes
298 2802 381 2829 incidi
400 2801 547 2829 iubebitis?
619 2801 690 2828 Suet·
704 2802 777 2828 Caes·
791 2810 812 2827 <⁸-
827 2806 854 2831 28
887 2803 923 2826 AC
936 2809 999 2826 mox
1012 2800 1069 2834 lege
1084 2800 1113 2826 in
1174 2804 1255 2830 Multi
1268 2804 1331 2830 caeli
1345 2803 1534 2838 vulneratique
1548 2803 1632 2837 prim,
1646 2812 1724 2837 quam
1732 2809 1856 2837 pauentes
1874 2805 1956 2838 portis
1969 2806 2125 2834 inciderent.
2167 2809 2227 2836 Vid.

63 2849 106 2867 aes
121 2840 211 2866 incisa.
282 2838 402 2865 Nomina
419 2837 527 2864 ciuitate
540 2837 701 2863 donatorum
715 2837 743 2863 in
755 2836 843 2862 tabula
856 2836 938 2862 incisa
969 2836 1025 2863 Cic.
1039 2838 1111 2862 Fam.
1173 2849 1230 2866 mox
1244 2840 1376 2866 incidens.
1473 2840 1529 2866 Cic.
1544 2847 1592 2873 pro
1604 2839 1709 2865 Plancio
1723 2847 1751 2873 17
1766 2844 1809 2868 c.8
1834 2840 1965 2873 Equidem
1979 2842 1996 2867 fi
2010 2843 2133 2877 quando,
2151 2850 2180 2871 vt
2188 2844 2228 2877 fit,

13 2880 17 2887 ’
62 2885 96 2909 13,
108 2883 150 2910 37,
245 2874 304 2900 Sen-
317 2873 350 2900 de
364 2874 455 2900 Benef.
467 2883 495 2907 4,
511 2878 540 2903 28
570 2874 741 2899 Frumentum
756 2872 893 2907 publicum
912 2887 958 2892 --
977 2872 1111 2907 accipiunt
1175 2875 1262 2902 136101
1273 2875 1301 2902 in
1313 2875 1408 2908 turba,
1434 2884 1490 2901 non
1509 2875 1587 2901 illum
1606 2875 1716 2907 accuse,
1734 2875 1782 2909 qui
1797 2874 1833 2901 cst
1848 2877 1876 2901 in
1890 2877 1989 2903 summa
2003 2879 2072 2905 sacra
2086 2880 2145 2911 via,
2166 2890 2227 2908 cum

18 2935 20 2942 ,
62 2913 116 2939 fine
130 2910 233 2938 delcetu
246 2919 368 2940 morum,
385 2909 507 2944 quisquis
523 2909 620 2935 incisus
634 2908 678 2935 est.
715 2909 756 2935 sic
769 2909 845 2935 Gron.
859 2917 887 2934 ex
900 2908 976 2934 MSS.
1041 2908 1109 2934 Plin.
1129 2913 1162 2942 ’ῖς
1175 2910 1270 2944 εὲσᾶἀ
1284 2911 1397 2937 Fabium
1409 2911 1541 2938 fornicem
1554 2910 1690 2945 impellor:
1726 2911 1768 2936 sed
1784 2919 1844 2936 etun
1853 2930 1860 2942 ‚
1880 2913 1930 2946 qui
1943 2913 1972 2938 111
1985 2923 2028 2940 me
2041 2915 2125 2948 ipsum
2138 2916 2228 2944 incur-

62 2949 124 2975 Pan.
145 2949 178 2974 26
190 2966 198 2979 ‚
218 2954 232 2978 3
272 2946 371 2972 Omnes
400 2960 446 2965 -—-
471 2944 570 2979 recipi,
592 2943 676 2970 incidi
694 2943 785 2970 iuffisti
814 2947 841 2969 in
858 2944 955 2970 tabulas
973 2946 1109 2980 congiarii.
1174 2947 1211 2974 rit
1223 2952 1302 2981 atque
1314 2946 1418 2973 incidit.
1510 2947 1542 2972 Et
1553 2954 1588 2978 99
1604 2955 1625 2972 c.
1642 2954 1673 2979 41
1700 2946 1769 2972 Cum
1783 2945 1827 2973 hie
1843 2947 1871 2972 in
1886 2956 1929 2973 me
1941 2949 2035 2976 incidit
2047 2970 2054 2982 ‚
2075 2951 2228 2986 complexus

14 2998 17 3012 ,=
62 2983 133 3011 Add.
150 2987 197 3014 28,
219 2983 245 3007 6.
312 2980 377 3015 Fagi
390 2981 486 3007 incisae
498 2990 556 3007 mea
570 2981 679 3006 nomina
693 2980 796 3006 seruant
829 2980 910 3006 Ouid.
925 2978 1004 3013 Epist.
1026 2987 1057 3012 5,
1080 2988 1113 3005 21.
1178 2982 1230 3014 est,
1250 2981 1444 3017 conspersitque
1456 2981 1581 3008 lacrimis.
1653 2983 1685 3008 Et
1697 2981 1777 3008 Acad.
1792 2991 1820 3014 4,
1835 2989 1860 3011 18
1872 2985 1917 3009 c.6
1940 2984 1970 3010 In
1988 2985 2013 3010 id
2029 2986 2112 3020 ipsum
2122 2987 2227 3020 incidit,

64 3019 168 3045 Literas
180 3017 273 3044 cortici
288 3016 394 3043 arboris
422 3016 489 3042 Plin.
507 3019 534 3042 16
543 3036 551 3048 ‚
573 3024 597 3048 9.
702 3016 837 3041 Marmora
850 3016 931 3041 incisa
942 3015 1012 3041 notis
1043 3016 1111 3041 Hor.
1176 3018 1249 3052 quod
1263 3017 1383 3044 timebat.
1438 3017 1487 3045 Sed
1498 3017 1582 3044 editur
1593 3018 1679 3043 melius
1687 3036 1695 3048 ‚
1711 3018 1737 3043 se
1751 3017 1848 3044 induit.
1953 3021 2066 3055 Metaph.
2122 3024 2178 3049 Cic.
2194 3024 2227 3050 de

64 3056 153 3081 Carm.
166 3062 194 3087 4,
210 3057 239 3085 8,
253 3061 287 3085 13.
355 3051 439 3079 Incisa
452 3051 542 3078 tabula
558 3050 701 3085 hisrliteris
712 3071 720 3083 ,
741 3051 858 3086 Iupiter,
876 3057 921 3077 etc.
950 3050 1012 3077 Liu.
1028 3052 1061 3083 6,
1081 3059 1112 3083 29
1175 3055 1280 3080 Inuent.
1295 3062 1316 3084 2,
1332 3056 1362 3083 68
1377 3062 1397 3079 c.
1406 3061 1439 3079 22
1468 3053 1554 3083 Certi,
1573 3052 1662 3087 quiin
1675 3061 1766 3079 omnes
1787 3053 1917 3090 (caustis)
1936 3055 2070 3088 incidant,
2091 3057 2143 3083 loci
2153 3068 2227 3092 prae-

64 3095 131 3116 extr.
202 3089 259 3114 Cic.
274 3097 322 3122 pro
337 3088 471 3118 Milon.88
502 3086 689 3113 Incidebantur
707 3087 761 3113 iam
779 3087 853 3113 domi
872 3087 955 3121 leges,
978 3096 1045 3120 quae
1064 3095 1112 3112 nos
1123 3092 1157 3118 80
1175 3089 1322 3115 [ει-10111011
1343 3089 1461 3123 possunt,
1492 3091 1511 3114 i.
1538 3092 1582 3124 qui
1593 3091 1751 3116 conueniant.
1943 3088 1964 3127 fl
1986 3099 2002 3117 2
2038 3092 2083 3117 Ad
2095 3102 2162 3125 eum,
2183 3097 2228 3129 qui

26 3141 31 3143 -
64 3123 160 3151 nostris
174 3124 255 3150 seruis
268 3123 430 3151 addicerent.
487 3123 560 3159 Conf.
574 3122 612 3149 Id.
621 3122 732 3157 Philipp.
743 3131 752 3149 1
766 3131 832 3149 c.10.
940 3122 1022 3156 Leges
1037 3121 1112 3155 ligno
1175 3127 1250 3161 vulgo
1263 3125 1334 3160 cafias
1346 3130 1466 3157 vocatur,
1481 3130 1505 3150 ct
1511 3124 1634 3160 fortunae
1647 3127 1743 3160 magis,
1764 3132 1835 3158 quam
1849 3123 1947 3157 consilio
1959 3126 2095 3159 tribuitur,
2112 3136 2226 3156 euentum

65 3162 133 3188 Hor.
149 3158 182 3186 de
199 3159 263 3185 Arte
283 3160 354 3186 Po'e't.
369 3168 427 3193 399.
517 3159 631 3185 Incisum
644 3157 786 3193 grandibus
799 3158 885 3184 literis
899 3167 998 3184 nomen
1017 3158 1045 3183 in
1059 3158 1111 3184 basi
1175 3162 1352 3197 rqurrijblet.
1410 3160 1466 3187 Cic.
1481 3160 1554 3187 Fam.
1568 3169 1598 3191 2,
1616 3162 1635 3186 6
1665 3159 1747 3192 Qiod
1758 3160 1787 3185 in
1800 3159 1827 3184 id
1840 3159 1965 3193 Reipubl.
1978 3167 2079 3196 tempus
2093 3172 2146 3190 non
2160 3164 2226 3192 inci.

66 3196 124 3223 Cic.
147 3195 224 3221 Verr.
245 3202 280 3226 4,
303 3201 348 3229 74.
446 3194 532 3221 Verba
556 3193 675 3220 incidere
696 3194 761 3220 ceris
809 3194 890 3220 Ouid.
913 3194 978 3220 Met.
1001 3202 1018 3226 9
1028 3211 1036 3223 ‚
1059 3199 1112 3226 528.
1177 3195 1263 3228 deris,
1290 3196 1333 3222 sed
1353 3196 1466 3223 veneris.
1538 3195 1612 3222 Idem
1630 3195 1711 3221 Tusc.
1727 3203 1752 3226 1,
1789 3213 1797 3220 .
1835 3214 1840 3220 .
1876 3196 1906 3221 In
1920 3196 2057 3224 seruorum
2079 3199 2181 3226 ferrum
2198 3205 2227 3228 et

64 3229 88 3269 ff
107 3240 119 3263 3
155 3228 304 3265 Abfinzdere
317 3237 340 3256 et
346 3230 490 3266 praecidere
499 3230 635 3267 fignificat.
694 3230 751 3256 Cic.
765 3229 796 3255 de
811 3230 884 3256 Orat.
898 3236 928 3259 2,
942 3231 987 3260 336
1013 3229 1111 3255 Incidi·
1176 3240 1269 3258 manus
1287 3232 1427 3259 incidisset.
1494 3231 1542 3259 Sed
1553 3229 1710 3263 Substantiua
1720 3237 1839 3265 ponemus
1858 3232 1966 3267 aliquam
1978 3235 2063 3259 multa.
2124 3236 2181 3262 Cic.
2196 3236 2226 3263 in

65 3272 111 3294 tur
123 3266 195 3292 enini
206 3264 293 3290 omnis
307 3265 360 3293 iam
373 3265 547 3299 deliberatio,
567 3265 585 3292 fi
600 3265 759 3300 intelligitur
770 3274 824 3291 non
844 3265 913 3300 poss'e
926 3264 1002 3296 fieri,
1028 3271 1072 3291 aut
1092 3265 1110 3291 si
1129 3259 1159 3289 35
1177 3267 1256 3295 Catil.
1272 3277 1294 3300 2,
1310 3277 1341 3293 20
1365 3268 1397 3293 In
1411 3272 1512 3294 tantum
1528 3270 1577 3293 Aes
1590 3266 1707 3292 alienum
1722 3265 1881 3292 inciderunt.
1910 3266 1912 3284 ¹
1990 3269 2062 3295 Idem
2076 3269 2108 3295 de
2121 3272 2226 3299 Ιηιιςῃῐ,

65 3301 196 3329 necessitas
210 3299 326 3326 affertur.
417 3301 522 3329 Ludum
537 3301 656 3328 incidere
679 3302 748 3328 Hor.
761 3301 838 3334 Epist.
853 3310 871 3332 1,
884 3309 922 3332 14,
934 3302 974 3332 36-
1004 3306 1054 3334 pro
1071 3301 1112 3326 Fi·
1176 3312 1199 3334 1,
1211 3308 1243 3333 80
1279 3304 1369 3330 Nemo
1381 3303 1464 3337 potest
1477 3311 1531 3329 vno
1545 3301 1684 3335 adspet'stu,
1702 3310 1789 3336 neque
1804 3302 1963 3335 praeteriens
1977 3304 2005 3329 in
2020 3306 2146 3332 [imorem
2160 3308 2226 3335 inci.

66 3341 131 3365 nire.
201 3336 311 3362 Neruos
323 3335 429 3363 virtutis
456 3338 514 3365 Cic.
528 3337 608 3365 Acad.
624 3346 651 3369 1,
665 3344 702 3369 35.
772 3337 878 3363 Neruos
892 3335 984 3370 populi
998 3336 1112 3363 Romani
1177 3339 1247 3365 dere.
1325 3340 1357 3365 In
1377 3339 1572 3373 Cogitationem
1609 3335 1647 3362 Id.
1669 3337 1740 3362 Fam.
1761 3347 1794 3370 4,
1815 3345 1840 3369 9.
1934 3340 1989 3365 Cic.
2011 3340 2042 3365 tle
2066 3342 2173 3369 Amicit.
2193 3351 2226 3376 34

66 3373 143 3400 Idem
157 3380 207 3407 pro
220 3371 250 3397 L.
264 3371 326 3404 Agr.
340 3378 365 3402 2,
375 3374 411 3404 46
424 3381 445 3399 c.
455 3378 490 3403 18.
594 3374 691 3399 Po‘e‘ma
703 3371 734 3398 ad
748 3373 883 3399 Caesarem
893 3392 900 3405 ,
919 3371 992 3405 quod
1005 3380 1112 3406 compo-
1176 3375 1258 3409 Qod
1272 3374 1291 3400 fi
1309 3374 1416 3409 longius
1435 3375 1463 3400 in
1476 3372 1594 3400 amicitia
1607 3372 1727 3406 111·οιιεῦὶί
1741 3373 1834 3405 essent,
1861 3378 1947 3400 tamen
1963 3376 2036 3408 saepe
2054 3376 2208 3404 {abelae'nari
2217 3398 2226 3411 ,

66 3410 185 3441 sueram,
202 3405 295 3437 incidi,
329 3408 348 3431 i.
366 3407 456 3434 tabulis
469 3407 554 3443 incisis
569 3408 671 3435 aboleas.
709 3407 748 3434 Id.
763 3409 799 3441 Q
813 3409 882 3434 Frat.
897 3416 918 3439 3,
934 3416 954 3438 1,
967 3416 994 3440 4.
1047 3408 1109 3434 Liu.
1176 3410 1194 3437 fi
1209 3411 1238 3436 in
1252 3411 1363 3437 honoris
1378 3409 1583 3436 Contentionem
1597 3408 1753 3434 incidissent.
1845 3408 1877 3434 In
1896 3410 2077 3444 Cupiditatem
2096 3412 2224 3447 imperio.

22 3460 25 3467 .
67 3453 106 3478 32,
120 3452 152 3479 37
164 3456 170 3468 l
182 3441 287 3476 Qubus
301 3440 450 3474 longiorem
459 3444 555 3471 exorsis
569 3444 718 3471 orationem
733 3443 821 3470 breuis
835 3443 1020 3477 interrogatio,
1034 3444 1112 3469 cessu-
1125 3447 1162 3473 90
1176 3455 1252 3478 rum,
1273 3445 1425 3478 honorum,
1443 3444 1578 3478 gloriaeue
1607 3443 1679 3469 Idem
1694 3443 1745 3469 Ost:
1761 3451 1779 3473 1,
1791 3445 1834 3469 26.
1905 3445 1943 3471 Id.
1959 3447 2013 3472 Att.
2024 3456 2050 3479 9,
2064 3456 2076 3479 ,-
2109 3449 2133 3474 Si
2149 3450 2222 3476 enim

67 3481 148 3508 rusne
161 3479 194 3505 iis
217 3477 303 3504 tribus
321 3475 432 3503 Vl'bibus
451 3479 526 3511 esset,
553 3481 701 3507 sermonem
721 3479 831 3510 incidit,
856 3487 939 3514 quum
958 3477 1112 3505 mandatum
1176 3481 1246 3509 rofre
1259 3482 1436 3508 ambulauerit
1450 3481 1486 3511 is,
1505 3480 1550 3515 qui
1568 3479 1634 3505 hanc
1654 3479 1790 3513 epistolam
1811 3478 1888 3511 tulit,
1912 3480 1940 3506 in
1955 3481 2039 3516 ipsum
2053 3488 2129 3510 tuum
2144 3485 2224 3513 Diem

29 3512 32 3528 ³
67 3515 119 3543 sibi
133 3514 166 3541 de
179 3514 220 3540 his
238 3512 398 3539 nominatim
417 3520 542 3547 negarent
560 3515 718 3550 quidquam.
833 3514 893 3549 Spes
914 3514 1011 3544 incisa,
1043 3516 1113 3549 Quae
1175 3517 1282 3544 incidit.
1317 3520 1336 3543 i.
1358 3517 1444 3543 Eodem
1458 3515 1497 3541 di?
1510 3525 1556 3551 quo
1562 3514 1691 3550 sperabas.
1764 3513 1820 3540 Cic.
1836 3515 1889 3541 Att.
1900 3518 1927 3548 6,
1944 3525 1952 3542 1
1977 3518 2120 3553 Faciesquc
2128 3518 2180 3553 mc,
2196 3522 2225 3547 in

66 3550 163 3578 decidit
172 3570 178 3581 ,
196 3555 221 3576 et
233 3558 281 3589 qua
288 3545 457 3584 frustramur.
510 3549 570 3576 Liu.
582 3560 604 3583 3,
617 3557 645 3584 58
670 3553 762 3586 Itaque
775 3551 818 3584 spe
832 3551 911 3577 incisa
924 3548 1013 3585 prius,
1032 3559 1112 3584 quam
1176 3562 1256 3588 quem
1271 3553 1349 3578 Dicin
1363 3553 1481 3579 Romana
1494 3551 1612 3577 incidant
1625 3549 1760 3582 mysteria,
1779 3550 1929 3577 certiorem.
1955 3555 1973 3578 i.
1991 3554 2045 3588 Qu
2057 3554 2097 3580 dee
2108 3564 2223 3592 agentur.

67 3586 204 3622 praedicta
215 3583 270 3611 dies
282 3583 392 3623 adesset,
418 3583 517 3617 Appius
535 3592 648 3614 mortem
667 3587 715 3614 sibi
735 3586 872 3613 consciuit.
946 3585 1019 3611 Idem
1033 3594 1064 3616 2,
1087 3592 1112 3618 ις
1175 3588 1250 3615 Idem
1265 3587 1332 3614 ibid.
1347 3595 1380 3623 7,
1397 3596 1407 3614 1
1437 3588 1519 3614 Nune
1530 3586 1619 3613 incido
1640 3586 1668 3612 in
1683 3585 1830 3612 Discrimeu
1851 3586 1946 3622 ipsum.
2053 3591 2084 3616 In
2098 3592 2224 3618 Eri-orem

29 3639 32 3649 <
68 3628 134 3649 extr.
164 3621 212 3656 Spe
227 3620 304 3647 omni
323 3619 424 3646 reditus
443 3619 532 3646 incisa.
636 3622 768 3657 Singultus
787 3621 868 3649 verba
892 3621 1011 3649 incidens
1050 3621 1112 3647 Stat.
1124 3624 1157 3651 95
1178 3624 1310 3657 inffil.
1325 3632 1354 3655 2,
1369 3631 1404 3657 ες.
1493 3623 1548 3650 Cic.
1563 3623 1615 3649 Att.
1630 3630 1666 3651 12,
1703 3641 1710 3647 .
1748 3640 1754 3646 .
1791 3621 1815 3646 1s
1828 3620 1928 3648 dicitur
1938 3623 2057 3651 incidisse
2071 3626 2097 3652 in
2111 3628 2222 3654 flumem

69 3657 162 3686 Theb.
176 3665 208 3690 9,
224 3661 282 3691 884·
1176 3659 1231 3685 iam
1244 3659 1273 3684 iu
1286 3659 1381 3686 Asiam.
1392 3657 1394 3659 ’
1442 3660 1473 3685 In
1486 3657 1689 3684 emendatioribus
1702 3655 1826 3682 codicibus
1836 3658 1944 3692 legitur,
1973 3660 1998 3685 Is
2018 3660 2118 3688 dicitur
2131 3663 2225 3688 vidisse

31 3718 33 3720 ,
105 3700 115 3719 1
127 3699 150 3719 Ν
161 3698 179 3719 C
190 3698 284 3724 Isto,
308 3689 374 3717 anis.
401 3689 421 3716 f.
478 3689 601 3724 [τμῆσις,
618 3691 713 3728 τόμος]
766 3692 878 3725 Incisio,
897 3692 1046 3728 Chirurgiae
1060 3698 1113 3726 ope·
1177 3703 1211 3721 an
1223 3696 1351 3727 Eumeni,
1369 3703 1401 3720 an
1417 3694 1446 3720 in
1466 3693 1532 3720 Asia.
1604 3691 1675 3718 Idem
1691 3693 1766 3718 Verr.
1781 3699 1812 3723 2,
1831 3697 1871 3722 182
1915 3694 1979 3720 Sane
1997 3695 2102 3723 homini
2120 3704 2223 3731 praeter

66 3731 136 3756 ratio
161 3727 282 3754 Scribon.
297 3728 359 3753 206.
445 3725 578 3752 Columel.
592 3727 623 3753 de
635 3727 784 3755 Arboribus
798 3738 820 3754 c.
835 3734 862 3760 8,
878 3737 890 3760 3
920 3728 994 3754 Infra
1008 3728 1110 3753 incifio-
1175 3730 1334 3764 opinionem
1353 3730 1500 3764 improuiso
1520 3726 1612 3755 incidi.
1715 3728 1746 3753 In
1763 3726 1931 3755 Febriculffln
1973 3730 2010 3757 Id.
2030 3732 2098 3757 Fam.
2120 3739 2164 3763 10,
2180 3741 2219 3759 21.

68 3773 130 3791 nem
143 3771 169 3791 et
181 3763 362 3797 alligaturam,
385 3759 452 3787 falce
465 3766 556 3792 acuta,
579 3760 673 3789 leuiter
690 3764 774 3790 vitem
791 3764 930 3790 vulnerato
949 3772 982 3789 ex
1000 3769 1113 3797 Vtraque
1176 3766 1208 3792 In
1222 3766 1337 3792 Foueam
1352 3766 1480 3800 quoniam
1494 3763 1588 3790 incidit
1604 3762 1694 3793 belua,
1715 3762 1844 3789 obruatur
1869 3765 1924 3791 Cic.
1939 3766 1992 3792 Att.
2006 3775 2033 3798 4,
2048 3775 2081 3792 12.
2148 3767 2219 3793 Ter.

68 3805 154 3835 parte,
177 3803 207 3825 vt
226 3798 267 3825 his
283 3797 370 3832 potius
385 3796 466 3831 plagis
481 3795 580 3822 humor
592 3795 697 3829 defluat,
711 3808 790 3833 quam
803 3808 834 3826 ex
850 3799 976 3826 incisione
988 3798 1112 3825 abundet.
1121 3803 1169 3821 100
1178 3802 1274 3827 Heaut.
1288 3810 1317 3833 3,
1331 3810 1355 3832 1,
1374 3810 1398 3833 33
1436 3802 1465 3827 In
1480 3799 1588 3826 eandem
1602 3798 1732 3824 Fraudem
1747 3807 1779 3824 ex
1792 3797 1840 3825 hac
1852 3807 1881 3826 re
1892 3820 1901 3833 ‚
1918 3807 1997 3835 atque
2010 3810 2040 3826 ex
2054 3801 2099 3827 illa
2112 3801 2221 3829 incides.

67 3835 118 3863 Sed
131 3833 271 3872 legendum,
298 3840 328 3859 vt
348 3834 441 3869 legitur
459 3830 546 3863 hodie,
577 3831 649 3857 Infra
667 3832 831 3866 insitionem,
858 3842 896 3867 et,
924 3843 956 3861 ex
979 3834 1111 3860 insitione.
1178 3836 1209 3861 In
1223 3837 1352 3862 Furorem
1366 3843 1393 3863 et
1404 3836 1531 3862 insaniam
1556 3834 1612 3861 Cic.
1626 3834 1653 3860 in
1667 3834 1751 3860 Pison.
1766 3837 1811 3867 46.
1920 3838 2005 3862 Varro
2018 3836 2048 3861 de
2063 3837 2131 3863 KR.
2146 3846 2174 3869 3,
2191 3846 2221 3871 14

67 3871 143 3906 Saepe
163 3876 242 3896 autem
259 3869 358 3904 misceri
378 3868 437 3895 haec
454 3869 553 3893 nomina
565 3869 593 3892 in
615 3866 686 3893 MSS.
707 3868 871 3898 Columellae
882 3890 890 3901 ‚
916 3870 1066 3905 obseruatum
1084 3873 1113 3895 in
1179 3871 1219 3897 Ita
1231 3876 1259 3896 vt
1272 3871 1301 3896 in
1314 3872 1430 3906 aliquem
1445 3870 1572 3904 Lapidem
1585 3870 1693 3901 incidat,
1714 3869 1802 3896 aelate
1815 3870 1954 3905 diffipetur.
2027 3870 2083 3898 Cic.
2098 3873 2131 3898 de
2140 3873 2220 3907 Legg.

19 3903 24 3909 ’
69 3907 160 3932 Lexico
177 3900 215 3932 νὲὶ
233 3903 339 3937 rusticae
358 3913 383 3931 v·
395 3912 421 3940 g·
438 3913 468 3937 5,
487 3912 528 3934 Π,
553 3911 576 3928 2·
664 3902 761 3929 Onom.
780 3905 839 3932 Vet.
871 3906 966 3933 Incisio
978 3925 985 3937 ,
1004 3903 1113 3934 διακοπῆ.
1179 3916 1192 3933 2
1216 3906 1287 3933 Ν3111
1302 3915 1395 3934 eorum
1409 3915 1458 3941 ego
1471 3907 1498 3932 in
1510 3905 1607 3932 Libros
1621 3905 1714 3932 incidi.
1786 3906 1855 3932 Ter.
1869 3906 1973 3932 Phorm-
1988 3913 2006 3936 1,
2018 3914 2031 3937 3
2044 3926 2051 3937 ,
2068 3915 2093 3939 23
2124 3908 2179 3941 Ego
2194 3910 2223 3936 in

68 3940 164 3967 Incisio
177 3939 242 3974 apud
255 3941 393 3967 Oratores:
438 3939 494 3965 Cic.
507 3937 536 3964 in
548 3938 623 3963 Orat·
637 3945 689 3963 200
709 3946 730 3963 c·
744 3940 773 3963 61
796 3940 1011 3976 Dicendumque,
1032 3950 1112 3976 quan·
1178 3951 1240 3969 eum
1254 3941 1337 3968 incidi
1348 3942 1443 3968 infelix
1455 3942 1556 3967 Locum
1566 3961 1573 3972 ,
1591 3947 1620 3967 vt
1631 3949 1719 3976 neque
1733 3941 1803 3968 mihi
1817 3941 1873 3967 eius
1886 3941 1916 3966 sit
1931 3941 2080 3972 amittendi,
2100 3951 2146 3968 nec
2161 3944 2223 3970 reti-

68 3982 110 4004 tos
124 3975 250 4004 circuitus
265 3974 352 4002 facere
365 3974 471 4003 deceat:
503 3973 589 4008 deque
607 3981 701 4000 eorum
715 3973 865 4010 particulis,
889 3983 916 4005 et
935 3983 1062 4014 tanquam
1075 3977 1168 4005 111-[05
1177 3976 1260 4005 nendi
1272 3977 1357 4012 copia.
1475 3977 1532 4004 Cic.
1546 3976 1599 4005 Off.
1613 3984 1632 4012 1,
1646 3985 1676 4010 32.
1707 3978 1771 4011 Quo
1787 3977 1928 4013 impetrato
1939 3976 1968 4003 in
1982 3978 2112 4004 maximos
2124 3978 2224 4006 Luctus

224 4017 309 4039 vot..
343 4011 379 4039 II.
1371 4015 1388 4040 6
1412 4013 1450 4045 Q,
2119 4013 2223 4042 incidit.
