2479 4225
288 158 362 202 379
662 142 705 184 H
792 142 827 183 E
921 139 951 179 B
1789 136 1832 176 H
1920 136 1956 177 Ε
2041 137 2076 177 c
2358 0 2449 185 33]

287 239 346 266 Cic.
360 237 412 263 Ate.
428 239 456 266 8,
469 242 481 266 3
505 232 604 260 Nullus
617 238 720 267 apertus
736 231 900 267 priuatorum
914 226 1007 260 dolor,
1023 226 1157 254 bonorum
1170 231 1258 253 autem
1270 226 1330 253 esset
1389 237 1443 255 cum
1464 226 1570 263 epitheto
1588 224 1729 260 Apollinis,
1752 227 1796 260 qui
1807 224 1897 261 frater
1915 221 2013 252 Dianae
2032 225 2082 259 (sl,
2107 227 2204 255 ἓκατος,
2229 225 2377 256 ἕκατηβᾶλης
2395 179 2450 255 miii

288 272 400 307 aliquis,
420 270 462 296 sed
476 268 572 301 hebes,
589 275 618 295 vt
632 269 704 294 solet.
774 265 843 291 letus
860 263 956 295 hebes,
998 265 1023 289 ui
1042 272 1090 289 non
1109 269 1237 298 penetrat,
1262 261 1328 301 quast
1391 264 1577 294 ἕκατηβελέτης.
1623 262 1681 288 Cum
1705 268 1728 300 qr
1739 260 1792 296 ipfii
1807 263 1877 297 longe
1897 262 2019 287 iaculetur
2030 261 2123 288 „dl-05·
2179 261 2331 288 Triformis
2354 260 2408 288 eade
2437 258 2449 272 u<

289 306 524 342 retustferramenti
544 303 626 331 Ouid.
640 304 746 332 Met.12‚
759 305 794 329 85-
899 298 958 338 Cic.
986 307 1006 339 ,e
1019 298 1055 325 N.
1071 299 1182 337 D.¹2‚*17
1201 296 1329 324 Hebetlo-
1391 301 1488 326 ratione
1499 298 1591 324 dicitur
1613 297 1668 323 Sen.
1683 296 1790 330 Hippol.
1806 305 1869 329 412,
1895 302 1925 322 vt
1945 297 2009 322 alias
2028 298 2121 323 Diana.
2193 297 2299 332 RurJiem
2320 297 2384 322 Aen.
2396 270 2451 359 ἢ

290 352 332 373 ra,
347 348 375 367 vt
388 341 436 367 fin&
447 340 587 367 hominum
602 338 708 372 Ingenia
722 340 828 369 propter
841 333 906 359 caeli
923 333 1070 368 pleniorem
1082 342 1211 359 naturam.
1259 331 1328 359 Add.
1392 342 1446 368 247
1478 336 1550 360 Voce
1569 341 1663 359 vocans
1684 333 1815 364 Hecaten,
1845 331 1971 366 caeloque
1985 331 2146 367 Hereboque
2159 338 2302 366 potentem.
2374 333 2451 367 Prot„⁴

290 378 329 404 ld.
342 377 410 403 Phil.
430 385 473 408 10,
493 381 515 406 8.
583 376 732 401 Iumentum
753 369 832 395 hebes
850 368 931 402 afinus
963 370 1040 404 Apul.
1053 370 1118 396 Met.
1135 377 1163 394 10
1180 377 1205 402 p.
1221 370 1284 400 246,
1304 376 1329 400 9.
1359 375 1372 401 5
1386 369 1490 404 serpina
1502 371 1607 396 alternis
1620 367 1794 403 apudfiaeperos
1806 365 1848 400 est,
1861 374 1884 393 et
1895 367 1962 402 apud
1973 370 2080 402 inseror.
2134 368 2180 394 Sca
2198 369 2253 395 Cic.
2267 367 2299 393 dc
2312 367 2348 393 N.
2360 367 2391 392 D.
2403 365 2451 408 33¹¹}

291 413 348 439 Lux
380 412 474 438 Auien.
488 412 558 437 Arat.
572 419 593 436 c.
607 414 662 441 435.
731 404 830 431 Oculus
854 404 919 431 Plin.
935 413 974 437 ιι,
987 407 1029 432 26.
1085 403 1244 430 Hebetiores
1252 402 1331 429 Oculi
1394 406 1430 436 46
1448 410 1503 435 018
1529 404 1673 438 Qlomodo
1686 410 1772 429 autem
1787 408 1877 437 potest,
1896 403 1914 428 si
1927 403 2054 429 Latonam
2066 401 2140 428 deam
2155 409 2238 436 putas,
2253 404 2369 429 Hecaten
2380 404 2451 439 nott⁸¹³

290 449 360 475 Suet.
373 447 439 474 Ner.
452 454 517 479 c.;1.
586 445 622 469 Os
651 439 731 466 Ouid·
746 448 777 466 ex
791 440 865 466 Pont-
878 448 904 473 1,
919 449 956 471 ιο,
969 447 994 475 7.
1065 439 1207 466 Rhetorica
1222 438 1331 464 forenfis
1394 445 1500 472 putare,
1528 449 1595 475 quae
1619 446 1700 465 matre
1725 437 1826 464 Asteria
1849 438 1885 464 est
1897 458 1904 470 ,
1924 438 2015 464 sorore
2037 439 2169 464 Latonae?
2204 447 2237 464 an
2251 439 2313 464 haec
2327 433 2451 472 quounl

290 484 347 510 Cic.
362 483 393 509 de
407 483 465 509 Fin.
479 489 504 513 2,
516 482 558 513 67.
626 476 716 501 Sensus
741 474 778 501 Id·
795 475 874 501 Atad·
889 484 924 509 4⁷
936 484 960 507 31
977 484 998 502 c·
1011 480 1034 506 8.
1107 474 1145 501 Id.
1159 475 1187 501 in
1198 474 1272 501 Orat.
1290 481 1332 505 2¹9
1393 475 1447 501 Dea
1461 475 1513 501 est?
1549 476 1672 501 Vidimus
1688 475 1757 500 enim
1771 473 1827 499 eius
1841 482 1897 499 aras
1911 473 2072 508 delubraque
2087 474 2115 499 in
2135 474 2253 500 Graecia.
2310 473 2354 499 Sin
2374 472 2406 499 ha
2436 469 2438 473 '

292 519 336 546 Ne
351 518 482 552 Spondeus
496 513 601 548 quidem
613 510 731 537 funditus
745 510 780 536 est
793 511 983 545 repudiandus:
1020 510 1065 537 etsi
1080 509 1152 545 quod
1167 509 1203 536 est
1216 519 1230 536 e
1244 509 1331 543 longis
1395 509 1442 536 dea
1454 510 1505 542 est,
1524 520 1570 537 cur
1582 519 1635 536 non
1649 517 1673 535 et
1686 509 1860 536 Eumenides?
1934 511 2020 536 Aliter
2033 509 2114 535 Ouid.
2129 510 2193 535 Met.
2207 517 2240 543 7,
2254 517 2302 543 174
2335 508 2392 534 Ibat
2403 517 2447 539 an..

293 554 410 585 duabus,
430 550 550 578 hebetior
562 546 668 572 videtur
681 551 705 572 et
718 546 834 578 tardior3
870 545 949 573 habet
963 551 1050 572 tamen
1061 545 1181 572 stabilem
1199 543 1330 580 quendam
1347 549 1376 568 10
1393 545 1512 579 antiquas
1526 547 1636 572 Hecates
1649 545 1781 571 Perseidos
1795 553 1860 570 aras.
1914 544 2032 571 Perseida
2048 550 2135 574 vocat,
2161 545 2185 570 h.
2201 554 2220 570 e.
2241 544 2328 580 Persae
2337 544 2418 578 fillum

292 596 319 616 et
332 598 385 616 non
400 591 530 621 expertem
547 581 683 615 dignitatis
697 581 816 616 gradum.
887 583 943 609 Cic.
957 582 1029 608 Fam·
1044 587 1067 614 8,
1084 590 1108 614 ¹3
1141 581 1238 614 Neque
1251 578 1331 606 hebes
1386 579 1440 614 fiue
1454 581 1494 606 illc
1507 582 1570 608 Solis
1575 582 1665 617 filius,
1685 588 1708 606 et
1719 583 1809 607 Aeetae
1816 580 1905 615 frater
1913 580 1986 614 fuit,
2003 587 2032 606 vt
2050 580 2132 606 tradit
2144 580 2285 606 Diodorut:
2314 579 2368 613 fine
2381 577 2447 605 Crx't

293 625 325 652 ad
341 623 379 655 id,
394 621 462 656 quod
475 618 568 644 melius
583 616 613 644 fit
626 617 835 651 intelligendum.
941 617 980 643 Id.
998 617 1030 644 de
1041 618 1114 644 Orat.
1127 625 1153 651 1,
1173 621 1220 649 248
1251 613 1333 641 Aliud
1388 619 1489 651 potius,
1509 623 1532 642 et
1552 617 1686 650 Eurybim’,
1715 617 1831 642 Titanici
1850 618 1964 651 generis,
1988 622 2017 641 vt
2030 615 2132 649 Hesiodo
2142 617 2225 649 placet
2241 618 2267 641 in
2287 616 2418 651 Theogoni
2441 619 2442 622 ’

292 660 328 686 est
340 659 409 685 enim
424 656 470 681 ess‘e
483 652 611 679 artificem
625 653 742 679 eiusdem
757 652 875 687 generis,
894 657 975 687 atque
989 653 1069 687 artis,
1088 651 1160 678 aliud
1174 652 1202 678 in
1215 659 1332 677 commu·
1394 651 1470 678 Solem
1477 651 1569 687 serunt
1587 653 1604 686 (
1607 655 1644 678 ait
1657 651 1782 678 Diodorus
1795 652 1842 679 Sic.
1854 661 1881 685 4,
1894 660 1925 685 45
1927 651 1947 684 )
1966 650 2025 676 duos
2035 651 2172 686 procreasti>
2182 658 2283 685 pueros,
2302 652 2402 677 Aeetam
2414 646 2449 676 ἐ

292 696 320 721 ni
333 695 386 720 vita
399 697 424 717 et
444 689 549 723 vulgari
568 688 710 715 hominum
731 687 920 715 consuetudine
944 697 998 714 non
1016 687 1139 715 hebetem
1159 696 1205 713 nec
1228 686 1331 713 rudem.
1395 687 1499 722 Per-fin:
1534 691 1625 715 Aeetas
1638 690 1664 712 in
1679 687 1766 713 Colcho
1779 689 1911 723 regnauit,
1927 696 1954 711 tn
1973 686 2100 713 Thaurica
2117 687 2217 721 Perfer,
2243 685 2354 712 crudeles
2372 685 2453 716 (1th

291 730 378 757 Hebes
390 725 463 760 gustu
490 724 623 751 Columel.
637 731 661 756 3,
674 732 694 749 2.
804 722 920 751 Hebetes
933 723 1069 758 voluptate
1082 722 1224 750 admissarii
1259 722 1333 748 Idem
1353 729 1378 756 ις
1394 721 1520 758 effer-ique.
1577 725 1613 750 Ex
1628 722 1699 757 Persi
1718 723 1816 748 Hecate
1836 729 1892 748 orta
1912 720 1960 754 ςβ,
1979 721 2103 757 superans
2121 723 2225 748 audacia
2239 725 2408 755 immanitateq
2430 709 2460 745 fl

291 768 317 796 6,
328 772 350 795 3,
365 764 402 794 36.
474 760 531 786 Cic.
545 760 597 786 Att.
613 768 638 791 9,
652 768 685 785 20
714 758 762 785 Tu
776 759 872 793 quaeso
887 759 983 792 cogita,
996 759 1061 794 quid
1075 758 1185 785 deinde:
1221 766 1282 783 nam
1289 765 1332 784 me
1389 764 1504 793 Patrem,
1533 765 1562 784 vt
1575 767 1635 794 quae
1648 760 1759 784 cruciatu
1771 758 1895 784 hominum
1908 758 1995 788 laetas
2014 766 2052 783 eos
2065 763 2115 792 pro
2129 757 2200 792 feris
2211 764 2322 792 appetere
2330 757 2435 795 sagitti
2447 784 2450 786 ,

289 799 410 826 hebetem
425 795 558 822 molestiae
573 794 753 821 reddiderunt.
789 795 814 820 b.
825 802 844 820 e.
865 795 969 820 Lentum
977 802 1000 820 et
1013 794 1122 825 tardum,
1137 803 1167 820 ac
1179 793 1333 829 languidum.
1395 793 1553 829 consueuerit.
1605 793 1652 820 Sed
1663 792 1696 819 ad
1707 802 1799 819 venena
1812 792 1945 827 mortifera
1956 792 2107 826 conficienda
2120 793 2240 828 Jimnnum
2254 791 2367 824 stadium
2388 797 2442 826 off,

287 834 383 868 Snperl.
438 831 503 857 Plin.
519 839 551 863 9,
570 839 601 862 30
638 830 729 856 Tanta
748 829 854 856 solertia
868 829 1025 856 animalium
1038 829 1207 857 hebetillimis
1226 836 1334 864 quoque
1394 838 1494 864 rumque
1505 829 1660 864 impendens,
1677 832 1763 863 prima
1775 832 1899 854 aconitum
1920 831 2034 860 inuenit,
2068 831 2120 854 vim
2140 835 2301 863 naturamque
2322 824 2453 865 curasquuffil

290 868 334 895 est.
389 867 463 902 Conf.
473 868 496 899 ,F
498 866 542 892 est.
557 873 579 892 et
592 865 664 892 Non.
679 873 711 897 2,
725 869 787 898 408.
1394 867 1514 890 veneniin
1528 865 1599 897 cibis,
1613 874 1671 900 quos
1684 864 1786 890 aduenis
1798 863 1871 890 dabat
1880 883 1887 895 ‚
1901 869 2011 899 experta.
2067 864 2118 889 His
2132 863 2203 890 rebus
2211 863 2337 893 admodum
2344 862 2453 896 edoflagl

325 908 420 930 HEBE
431 909 451 928 o
461 922 469 934 ‚
491 905 543 927 ere.
580 900 593 933 [
601 898 785 934 ἅμέξλύνομαι]
823 899 938 926 Hebetem
950 897 1000 933 effi.
1054 900 1115 927 Liu.
1131 909 1176 933 23,
1188 907 1221 934 45
1254 898 1334 926 Nunc
1348 907 1384 926 20
1391 902 1501 934 primum
1516 909 1605 926 veneno
1617 906 1715 935 patrem
1722 898 1825 935 sustulit
1835 909 1842 923 :
1878 899 1964 925 deinde
1983 908 2059 935 regno
2079 898 2194 932 afflatum,
2219 900 2334 933 templum
2345 893 2454 930 statuti*

287 948 320 965 ne
333 938 436 965 ferrum
447 937 543 964 hebet?
577 944 610 962 an
623 936 746 962 dexterae
758 936 880 970 torpent?
921 936 1001 962 Verba
1007 935 1071 972 sunt
1083 936 1218 963 Annibalis
1225 934 1286 971 filos
1297 938 1336 960 in-
1397 935 1493 961 Dianae
1503 956 1510 968 ‚
1525 939 1565 961 cui
1575 943 1677 971 practer
1690 938 1838 970 nauigantes
1851 934 2141 970 hojpitessacrificabat,
2161 932 2304 967 existimans
2317 942 2343 959 ea
2355 930 2448 966 crude&

286 976 421 1009 crepantis.
492 971 584 999 Tacit.
598 972 687 998 Germ.
703 979 744 1004 ις,
756 980 770 997 2
798 971 847 1005 Ipli
867 970 980 1003 hebent,
1015 974 1034 997 i.
1066 978 1165 1006 torpent
1183 973 1247 1002 orio,
1271 971 1338 996 nihil
1396 971 1468 996 litate
1476 970 1548 1006 suum
1564 980 1648 997 nomen
1662 972 1756 997 clarius
1763 970 1893 1005 futurum.
1945 969 2001 1003 Post
2012 971 2078 997 ‘haec
2089 969 2170 1005 nupflt
2185 971 2290 1002 Aeetae,
2310 966 2449 1005 genuitque}

286 1016 374 1046 agunt.
469 1009 526 1035 Irae
542 1007 641 1034 hebent
665 1008 727 1035 Stat.
743 1006 835 1034 Theb.
847 1015 880 1039 11,
893 1009 946 1039 386.
1019 1007 1128 1042 Sanguis
1141 1006 1243 1042 gelidus
1256 1005 1335 1032 hebet
1396 1005 1485 1032 liberos
1507 1013 1572 1037 tres,
1597 1008 1700 1038 Circen,
1728 1006 1856 1037 Medeam,
1880 1006 2030 1041 Aegialium.
2101 1005 2198 1032 Perseis
2223 1014 2314 1040 quoque
2337 1001 2451 1032 vocanti-f

287 1046 365 1080 Virg.
379 1045 444 1071 Aen.
460 1052 483 1077 ς,
498 1046 555 1077 396.
1398 1041 1460 1068 Stat.
1475 1041 1565 1068 Theb.
1580 1051 1607 1075 4,
1621 1047 1672 1076 482
1704 1042 1751 1068 Tu
1773 1042 1862 1075 separe
1885 1049 1962 1067 coetu
1981 1040 2094 1073 Elysios,
2122 1040 2222 1072 Persei,
2242 1041 2300 1075 pios
2312 1037 2445 1074 virgaque‘

324 1087 344 1107 H
354 1087 370 1107 Ε
379 1086 395 1107 Β
404 1087 421 1107 E
431 1087 443 1107 s
454 1085 471 1106 C
483 1086 516 1110 0,
554 1080 607 1105 ere.
658 1079 671 1112 [
686 1076 850 1111 ἆμζλύνομκι
861 1097 870 1110 ,
888 1076 1039 1112 ἐμαυρέμαι
1051 1077 1064 1111 ]
1125 1077 1239 1104 Hebetem
1263 1075 1335 1112 fieri.
1349 1085 1381 1112 25
1397 1077 1499 1111 potenti
1513 1078 1628 1103 Nubilus
1637 1079 1714 1104 Arcas
1731 1077 1852 1112 (inferus
1865 1077 2031 1110 Mercurius)
2050 1083 2122 1111 agat:
2159 1075 2245 1102 deinde
2259 1078 2347 1111 impios
2355 1076 2440 1103 ducem

287 1115 344 1144 Cic.
358 1116 441 1142 Tusc.
457 1124 476 1145 1,
489 1122 520 1149 73
540 1123 560 1140 c.
569 1123 600 1146 3ο
632 1114 731 1140 Mentis
743 1113 811 1139 acies
826 1114 934 1147 seipsam
946 1113 1067 1146 intuens,
1085 1121 1276 1147 nonnunquam
1290 1111 1336 1138 he·
1397 1112 1441 1138 dos
1454 1112 1498 1138 dat
1515 1113 1669 1148 Tisiphonae.
1737 1114 1793 1139 Val.
1809 1113 1908 1146 Argon.
1922 1112 1953 1143 6,
1967 1120 2022 1145 494
2058 1112 2165 1138 Perseia
2180 1112 2286 1138 Hecate.
2359 1110 2440 1140 Ouidi

285 1151 380 1179 bescit.
415 1154 434 1177 i.
454 1148 601 1184 Uestali-fior
613 1155 637 1174 et
649 1148 820 1183 remiffiorfit.
911 1148 966 1175 Cic.
980 1148 1009 1174 in
1021 1148 1100 1175 Catil.
1114 1158 1132 1182 4
1164 1149 1238 1176 Num
1252 1157 1335 1174 vnum
1397 1148 1464 1174 Fast.
1479 1156 1498 1179 1,
1513 1157 1553 1181 141
1590 1150 1644 1175 Ora
1659 1147 1735 1175 vides
1748 1150 1860 1174 Hecates
1875 1148 1903 1174 in
1917 1154 1969 1174 tres
1984 1149 2120 1181 vergentia
2134 1155 2233 1182 partes,
2248 1147 2352 1177 Serui-t,
2372 1152 2399 1173 vt
2411 1147 2440 1174 in
2454 1159 2455 1163 ¹

287 1187 359 1213 diem
373 1186 459 1220 postea
472 1186 501 1211 L.
515 1184 684 1211 Saturninum
698 1183 955 1218 Tribunumplebis,
975 1190 1001 1211 et
1021 1185 1049 1211 C.
1069 1185 1213 1211 Seruilium
1229 1192 1301 1209 mors
1320 1190 1335 1209 a
1396 1189 1483 1210 ternas
1497 1185 1609 1218 compita
1624 1184 1692 1210 sec'la
1707 1184 1772 1210 vias.
1845 1183 1890 1218 Isis
1903 1184 1947 1209 illa
1960 1183 2026 1219 apud
2040 1184 2117 1218 Apul.
2128 1192 2147 1209 11
2163 1186 2251 1217 p.364,
2267 1192 2285 1216 4
2299 1181 2336 1208 ed.
2349 1181 2440 1209 Florid.

288 1222 412 1256 Reipubl.
429 1229 513 1255 poena
525 1225 657 1246 remorata
680 1219 733 1245 est?
768 1224 794 1246 at
813 1227 861 1245 nos
882 1219 1036 1246 vicesimum
1054 1220 1108 1246 iam
1127 1220 1199 1246 diem
1219 1220 1336 1253 patimur
1396 1222 1469 1245 etiam
1487 1220 1636 1256 Hecatense
1650 1218 1692 1253 effi>
1704 1222 1839 1256 gloriatur.
1853 1222 1860 1229 ¹
1911 1219 2050 1245 Claudian.
2064 1219 2096 1246 de
2110 1220 2195 1254 Raptu
2211 1219 2280 1245 Pros.
2295 1227 2313 1249 1,
2327 1226 2352 1249 ις
2378 1215 2447 1244 Ecce

287 1257 427 1283 hebescere
441 1257 523 1282 aciem
539 1255 635 1281 horum
648 1254 822 1281 auctoritatis.
892 1255 931 1281 Id.
946 1254 1023 1281 Acad.
1031 1264 1058 1288 4,
1072 1259 1089 1282 6
1103 1264 1124 1282 c.
1135 1264 1147 1281 2
1166 1255 1233 1288 Quis
1246 1263 1334 1288 repre·
1350 1263 1382 1288 30
1397 1255 1491 1289 procul
1505 1261 1589 1281 ternas
1605 1257 1702 1281 Hecate
1715 1255 1814 1282 variata
1829 1254 1924 1288 figuras
1938 1255 2078 1287 Exoritur,
2099 1255 2221 1288 (Tauri,
2243 1255 2327 1285 Canis,
2341 1255 2446 1280 ctLeab'

286 1292 384 1319 hendet
396 1292 515 1317 nostrum
530 1290 615 1317 otium
625 1310 633 1322 ,
658 1290 706 1324 qui
720 1291 748 1316 in
762 1299 794 1316 eo
808 1298 863 1316 non
877 1291 958 1317 modo
971 1291 1145 1326 nosmetipsos
1157 1289 1296 1317 hebescere
1310 1295 1335 1316 et
1396 1299 1451 1317 nae.
1513 1292 1543 1317 Et
1557 1294 1585 1316 in
1599 1291 1686 1317 Rufin.
1705 1300 1714 1317 1
1723 1311 1730 1323 ‚
1743 1300 1783 1324 ¹55
1809 1291 1915 1324 Saepius
1928 1289 2077 1316 horrendos
2090 1292 2181 1317 Manes
2190 1310 2198 1322 ,
2219 1289 2348 1322 sacrisque
2363 1288 2454 1316 citaui‘

285 1328 413 1362 languere
428 1327 566 1358 nolumus,
587 1326 629 1352 sed
644 1326 724 1352 etiarn
738 1331 767 1352 vt
781 1326 904 1360 plurimis
918 1326 1063 1360 prosimus,
1082 1326 1231 1353 enitimurz
1398 1326 1547 1353 Noeturnis
1559 1328 1684 1353 Hecaten.
1762 1327 1889 1360 lst‘Virg.
1906 1327 1970 1352 Aen.
1985 1335 2018 1359 4,
2034 1328 2086 1359 609
2119 1326 2267 1359 Nocturnis
2286 1325 2383 1351 Hecate
2397 1325 2441 1355 tria

325 1370 345 1389 H
357 1369 372 1389 Γ.
382 1369 397 1389 Β
408 1362 424 1389 ἒ
433 1369 454 1389 ‘r
463 1369 498 1393 o,
522 1366 574 1388 are.
615 1360 771 1395 [οἷμζλύνω,
791 1360 928 1395 duur-vadai]
973 1361 1121 1388 Obtundere.
1176 1362 1236 1388 Liu.
1251 1368 1292 1395 37,
1304 1368 1335 1393 41
1398 1362 1451 1388 viis
1464 1362 1563 1389 vlulata
1577 1371 1623 1396 per
1636 1362 1724 1388 vrbes.
1781 1364 1818 1388 De
1831 1363 1929 1388 Hecate
1938 1382 1947 1394 ,
1961 1362 2109 1396 praejbrtim
2121 1361 2273 1388 Triformis
2285 1359 2316 1393 cst
2326 1380 2334 1392 ‚
2352 1367 2375 1386 ct
2389 1356 2455 1394 vt'avc]¹

282 1404 325 1435 pr.
355 1399 386 1425 Et
399 1398 496 1424 humor
510 1403 567 1423 toto
581 1396 638 1422 fere
650 1398 726 1458 graui
739 1402 842 1423 armatu
856 1396 924 1423 nihil
939 1396 1041 1431 gladios
1060 1404 1105 1424 aut
1117 1397 1170 1432 pila
1185 1396 1335 1423 hebetabat.
1395 1407 1452 1424 rum
1460 1397 1484 1433 J:
1499 1401 1631 1424 tristiorum
1646 1405 1668 1423 ct
1680 1400 1840 1432 compitorum
1853 1397 1911 1428 dea,
1931 1397 2057 1433 eademque
2070 1397 2137 1430 adeo,
2151 1406 2210 1432 qnae
2224 1398 2309 1423 Diana
2317 1396 2342 1431 J:
2358 1395 2442 1429 Lunai,

286 1435 360 1468 Idem
375 1439 398 1466 8,
413 1443 440 1460 10
474 1434 542 1459 Cum
556 1431 638 1458 hastas
672 1431 818 1460 ebetassent.
907 1433 999 1458 Aciem
1019 1433 1102 1465 ferri,
1136 1432 1189 1459 vid.
1210 1440 1231 1459 A
1241 1438 1258 1458 C
1269 1438 1335 1459 1138.
1353 1438 1381 1464 35
1397 1433 1530 1470 diligenter
1543 1436 1609 1469 egit,
1631 1434 1778 1459 Graecorum
1785 1433 1930 1467 praestrtim
1944 1434 2003 1458 Iocis
2016 1433 2117 1466 allatis,
2143 1435 2212 1458 Ευεν.
2227 1433 2287 1458 Otto
2308 1432 2337 1457 de
2355 1433 2442 1458 Tutela

285 1472 367 1496 Attus
381 1469 480 1496 terreni
494 1474 609 1495 mentem
623 1467 746 1495 hebetant
777 1468 853 1501 Virg.
869 1468 932 1494 Aen.
947 1470 971 1499 6,
985 1475 1042 1502 732.
1064 1486 1070 1495 .
1125 1468 1195 1495 Cura
1213 1468 1336 1494 tristitiae
1397 1472 1495 1495 viarum
1508 1479 1529 1501 1,
1544 1469 1693 1503 8P·136J21·
1748 1469 1785 1493 Dc
1800 1476 1880 1493 coena
1890 1468 2000 1493 Hecates
2013 1468 2143 1503 disputant
2154 1471 2208 1494 viri
2220 1467 2289 1492 doeh·
2301 1467 2442 1493 adreci-on.

285 1505 426 1532 hebetatur
439 1505 504 1530 vino
526 1504 591 1530 Plin.
606 1512 642 1537 23,
655 1512 673 1530 1.
744 1504 857 1530 Dentem
871 1502 961 1533 herbis
976 1511 1001 1530 et
1014 1504 1130 1530 carmine
1154 1505 1199 1530 Sil.
1216 1509 1245 1536 8,
1283 1523 1289 1529 .
1327 1521 1335 1529 .
1398 1513 1419 1530 c.
1436 1512 1482 1536 135.
1540 1505 1587 1530 Res
1603 1502 1636 1536 est
1650 1505 1760 1529 Graeca:
1797 1506 1824 1529 in
1837 1506 1925 1529 triuiis
1933 1509 2060 1538 ponuntur
2073 1504 2123 1530 cibi
2140 1505 2217 1535 viles,
2241 1512 2301 1538 quos
2320 1503 2440 1538 diripismt

287 1542 416 1568 Flammas
446 1539 527 1567 Ouid.
540 1540 602 1566 Met.
615 1547 642 1573 7,
657 1547 711 1565 210.
819 1539 907 1566 Flatus
926 1538 1078 1572 hebetatus,
1111 1540 1164 1566 vid.
1186 1539 1288 1571 Flatus=
1307 1541 1335 1565 in
1394 1542 1568 1575 pauperrimi,
1586 1546 1631 1564 etc.
2230 1558 2232 1562 ,

288 1583 306 1604 12
319 1584 334 1602 L
346 1583 375 1603 ο.
447 1575 546 1610 Fulgor-
559 1574 724 1609 speculorum
739 1573 877 1601 hebetatur
913 1576 981 1601 Plin.
997 1585 1018 1607 7,
1035 1584 1068 1609 ις.
1159 1576 1261 1602 Lunam
1274 1583 1335 1601 con·
1434 1581 1454 1601 H
1466 1581 1481 1600 13
1491 1581 1507 1601 c
1517 1581 1538 1601 A
1548 1581 1569 1601 Τ
1580 1575 1595 1601 Ε
1607 1573 1619 1600 ἴ
1629 1580 1687 1605 vs,
1703 1582 1733 1607 a,
1755 1582 1808 1600 um.
1846 1573 1908 1600 Adi.
1945 1572 2104 1608 [Ἔκατὴίος]
2152 1574 2203 1606 Vt,
2224 1573 2344 1600 Carmina
2357 1573 2438 1599 Heca-

287 1611 362 1639 venit
375 1610 468 1637 vmbra
480 1617 563 1637 terrae
579 1610 697 1636 hebetari
723 1610 796 1637 Idem
810 1620 833 1640 2,
848 1619 881 1642 13-
952 1611 1059 1638 Neruas
1075 1610 1154 1645 prisci
1169 1611 1277 1638 roboris
1292 1609 1336 1636 he·
1345 1620 1382 1645 40
1397 1610 1451 1637 te'ia
1476 1610 1558 1636 Ouid.
1574 1611 1640 1636 Met.
1655 1618 1693 1641 14.
1712 1618 1758 1642 44.

287 1647 376 1674 betari
412 1646 499 1672 Valer.
512 1646 622 1671 Maxim.
635 1653 662 1678 7,
676 1654 699 1671 2.
734 1646 762 1670 dc
777 1647 808 1672 (l.
825 1645 934 1672 Metello.
1011 1647 1111 1674 Oculos
1124 1646 1230 1673 hebetat
1242 1643 1336 1672 allium
1433 1653 1454 1672 H
1464 1652 1479 1671 E
1491 1652 1508 1671 C
1521 1654 1542 1672 Α
1553 1652 1574 1672 Τ
1586 1647 1621 1671 151
1633 1652 1662 1677 S,
1678 1645 1735 1671 'idos
1749 1645 1788 1671 uel
1800 1643 1860 1670 i'dis.
1880 1644 1899 1670 f.
1936 1644 2018 1671 Ouid.
2033 1644 2094 1671 Met.
2110 1646 2136 1676 6,
2153 1652 2193 1677 ¹³9
2208 1643 2294 1671 Postea
2307 1642 2441 1668 discedens

288 1683 354 1710 Plin.
368 1690 416 1713 20,
430 1683 454 1707 6.
525 1680 623 1706 Oculos
635 1679 755 1719 hebetari
774 1670 896 1706 fbulbis
916 1687 988 1715 putat
1007 1683 1114 1709 Diocles
1145 1682 1219 1709 Idem
1240 1691 1290 1714 20,
1309 1690 1335 1715 9.
1398 1682 1478 1708 succis
1492 1680 1652 1708 Hecateidos
1667 1680 1782 1712 herbae,
1801 1679 1910 1714 Sparsit,
1928 1686 1973 1706 etc.
2048 1681 2111 1707 Sunt
2124 1683 2165 1715 qui
2185 1681 2227 1707 hoc
2239 1682 2334 1704 nomine
2350 1677 2444 1716 Herba?

288 1717 337 1744 Tu
351 1723 454 1751 poteras
465 1715 565 1742 virides
580 1723 671 1749 pennis
684 1715 807 1742 hebetare
822 1715 970 1749 smaragdos
1002 1717 1083 1744 Ouid.
1098 1719 1190 1744 Amor.
1206 1726 1234 1750 2,
1254 1723 1285 1748 6,
1300 1725 1336 1743 21.
1398 1727 1477 1744 omncs
1491 1718 1623 1753 venenosas
1636 1717 1796 1753 intelligant,
1815 1722 1898 1750 utpote
1912 1716 1999 1751 quihus
2013 1715 2127 1741 utebatur
2141 1717 2253 1745 Hecate,
2273 1714 2359 1739 mulir»-
2376 1714 2444 1737 :ena-

288 1753 386 1779 Oleum
400 1751 506 1778 hebetat
518 1760 619 1778 venena
630 1751 719 1776 omnia
755 1750 820 1776 Plin.
837 1759 882 1782 23,
896 1759 914 1783 4
927 1758 950 1776 et
965 1756 986 1780 8.
1094 1753 1171 1786 Apul.
1188 1753 1288 1778 Florid.
1309 1761 1335 1783 3,
1396 1752 1454 1786 fica.
1510 1753 1552 1779 Sic
1566 1760 1589 1778 et
1602 1751 1738 1778 Medeides
1753 1751 1849 1777 herbae
1863 1752 1980 1777 dicuntur
1993 1751 2075 1778 Ouid.
2089 1751 2121 1778 de
2136 1753 2198 1778 Arte
2211 1751 2269 1776 Am:
2280 1757 2304 1777 2,
2320 1755 2370 1773 101.
2423 1757 2435 1783 ''.

287 1795 318 1822 17
346 1786 470 1813 Profeeto
484 1792 512 1812 vt
530 1786 632 1819 gladius
650 1786 697 1811 vsu
717 1785 884 1819 splendescit,
909 1785 958 1811 fitu
984 1785 1121 1821 rubiginat
1135 1797 1140 1812 z
1176 1787 1212 1813 ita
1232 1795 1286 1812 vox
1306 1787 1335 1811 in
1348 1791 1382 1817 45
1399 1787 1495 1812 Caelius·
1506 1796 1545 1818 ιι,
1565 1796 1592 1812 21
1618 1793 1642 1811 et
1654 1788 1803 1820 aliiputant
1815 1786 2115 1821 Aconitumstgnificari,
2139 1790 2208 1811 cuius
2224 1781 2408 1818 inuentmxfue

286 1823 382 1856 vagina
398 1821 493 1846 silentii
506 1820 611 1858 condita
626 1821 735 1846 diutino
747 1828 855 1854 torpore
868 1820 1015 1848 hebetatur.
1110 1821 1258 1853 Hebetare,
1285 1828 1335 1856 pro
1398 1822 1497 1848 Hecate
1513 1828 1592 1847 mater
1608 1820 1724 1854 Medeae,
1750 1828 1778 1846 vt
1792 1820 1861 1846 modo
1875 1821 1992 1846 vidimus.

286 1858 382 1884 Hebcre
395 1853 518 1891 usurpaſje
537 1864 585 1880 non
604 1857 698 1880 nemini
717 1855 817 1881 videtur
837 1856 893 1880 Cic.
906 1857 959 1881 Att.
975 1866 1008 1889 4,
1023 1859 1068 1889 16,
1087 1857 1149 1883 med.
1184 1858 1270 1883 Locus
1290 1857 1336 1883 ille
1435 1863 1480 1882 ΗΕ
1490 1862 1507 1882 C
1518 1863 1571 1883 AT
1583 1862 1602 1882 O
1615 1863 1634 1882 N
1644 1876 1653 1888 ,
1671 1857 1772 1882 Graecis
1779 1862 1873 1882 centurn
1881 1855 1931 1888 est,
1949 1855 2049 1887 ἑκατὸν,
2070 1855 2134 1881 vnde

272 1892 372 1920 -animi
396 1890 493 1921 nostri,
524 1889 573 1916 vbi
598 1888 739 1915 hebetabat
764 1888 913 1915 stomachus
938 1890 1004 1915 olim
1014 1909 1022 1922 ‚
1058 1892 1200 1918 concaluit.
1231 1891 1336 1927 fiabaud.
1433 1897 1626 1918 HECATOM
1636 1898 1652 1917 Β
1663 1898 1694 1922 Ε,
1709 1899 1744 1917 es.
1765 1891 1785 1916 f.
1824 1890 1989 1924 [ἑκατόμβη]
2046 1890 2172 1924 Sacrificii
2184 1898 2270 1924 genus,
2282 1891 2309 1913 in
2323 1897 2369 1924 quo
2381 1889 2418 1920 ri,

287 1929 324 1956 Vt
338 1928 439 1962 digerat
453 1925 534 1952 multa
549 1924 629 1951 cruda
642 1924 758 1950 facilius:
793 1924 817 1950 h.
831 1933 851 1950 e.
882 1924 930 1950 Vbi
942 1927 1018 1958 prius
1037 1926 1078 1950 Ian
1099 1926 1183 1957 uehat,
1203 1932 1225 1950 et
1240 1927 1338 1951 viribus
1399 1925 1440 1951 hic
1448 1926 1614 1959 seruabatur,
1640 1932 1670 1951 vt
1689 1931 1802 1950 centenae
1817 1926 1862 1958 sui
1875 1929 1972 1960 generis
1984 1924 2154 1950 mactarentur
2167 1922 2293 1949 masmae.
2365 1923 2419 1949 Ou

287 1962 437 1991 coftrim'bur
450 1971 498 1987 non
509 1959 770 1997 optimefurtgebatur.
826 1959 874 1986 Sed
883 1957 950 1985 recte
964 1962 1018 1986 uiri
1029 1959 1060 1986 do
1089 1963 1100 1986 i
1118 1960 1172 1987 Vbi
1191 1959 1337 1987 stomachus
1355 1965 1386 1991 30
1400 1961 1463 1985 Met.
1477 1964 1500 1989 8,
1516 1967 1558 1991 132
1583 1961 1655 1985 Vota
1668 1959 1729 1985 Ioui
1743 1960 1831 1984 Minos
1845 1966 1983 1985 taurorum
1996 1968 2108 1993 corpora
2123 1965 2226 1985 centum
2240 1959 2334 1985 Soluit.
2396 1959 2408 1985 I
2424 1973 2426 1979 ι

286 1998 424 2027 habitabat
437 1997 519 2029 olim,
537 1995 694 2027 tencantur,
716 1995 777 2021 callo
790 1993 910 2021 obdufflcs
923 1993 965 2027 est.
1400 1994 1515 2029 Capitol.
1530 1994 1603 2021 Balb.
1619 2003 1641 2021 11
1670 1995 1794 2020 Tantum
1806 1995 1865 2020 sane
1878 1994 1994 2020 laetitiae
2007 1994 2034 2020 in
2047 1995 2175 2025 Balbino,
2195 1995 2242 2029 qui
2256 1995 2312 2029 plus
2327 1992 2443 2023 timeb
2457 2010 2459 2014 ·

325 2041 347 2060 H
358 2041 374 2060 E
383 2040 452 2060 HET
461 2038 577 2064 ATVS,
597 2039 612 2057 a
621 2051 629 2063 ,
648 2040 703 2057 um.
740 2031 808 2056 Part.
863 2031 984 2064 Corpore
996 2029 1121 2058 hebetato
1154 2030 1223 2057 Suet.
1239 2029 1334 2056 Claud.
1400 2036 1429 2057 vt
1445 2030 1627 2056 Hecatomben
1639 2030 1746 2057 faceret.
1784 2028 1856 2064 qnod
1869 2030 1922 2056 tale
1935 2029 2090 2056 sacrificium
2104 2030 2153 2056 est:
2188 2031 2302 2056 Centum
2319 2039 2379 2056 arae
2393 2039 2408 2056 v
2425 2035 2445 2061 lsi

289 2079 312 2097 c.
325 2078 351 2096 2.
423 2068 562 2094 Germanis
579 2066 709 2093 hebetatis
723 2073 863 2100 parumper
894 2066 1024 2091 Ammian.
1034 2074 1078 2099 27,
1093 2075 1117 2094 2.
1188 2066 1260 2092 Tela
1292 2065 1337 2091 Sil.
1400 2066 1460 2092 loco
1474 2066 1638 2100 caespiticiae
1650 2065 1835 2098 exstruuntur,
1855 2072 1880 2092 et
1894 2065 1926 2092 ad
1939 2075 1981 2092 eas
1997 2072 2101 2092 centum
2116 2067 2186 2096 sues,
2204 2073 2307 2092 centum
2323 2075 2386 2092 oues
2394 2062 2448 2097 mi*

289 2108 335 2137 16,
372 2123 380 2130 .
415 2124 422 2130 .
493 2104 570 2130 Vires
582 2102 744 2136 reipublicae
757 2099 894 2127 hebetatae
927 2100 1019 2126 Iustin.
1031 2102 1058 2132 6,
1073 2106 1103 2132 8,
1117 2109 1138 2126 2.
1401 2101 1514 2127 §tantun
1571 2101 1642 2128 Nam
1655 2101 1672 2127 si
1688 2101 1890 2135 imperatorium
1904 2101 2060 2128 sacrificium
2075 2102 2120 2133 fit,
2138 2107 2243 2128 centum
2264 2101 2367 2132 leones,
2389 2098 2444 2163 τῇ

327 2145 422 2166 ΗΕΒΕ
432 2145 526 2166 TESC
538 2147 575 2171 o,
595 2139 647 2169 Ere.
685 2137 812 2164 Hebctari.
866 2135 935 2162 Plin.
949 2140 986 2168 28,
998 2143 1016 2170 7
1041 2135 1090 2161 Sed
1103 2140 1206 2169 praeter
1218 2134 1269 2160 alia
1283 2143 1337 2172 cer·
1355 2138 1384 2163 55
1401 2141 1456 2161 tum
1472 2136 1591 2169 aquilae,
1609 2143 1635 2162 et
1649 2144 1750 2163 caetera
1763 2136 1919 2163 huiusmodi
1931 2137 2056 2163 animalia
2069 2135 2175 2163 ceule-na
2193 2137 2340 2164 feriuntur:
2375 2145 2409 2171 qu
2423 2140 2426 2144 “
2450 2144 2459 2160 :w

289 2182 349 2203 tum
363 2175 399 2201 est
410 2175 492 2201 aciem
505 2174 534 2200 in
548 2173 638 2200 cultris
655 2173 792 2199 tonsorum
806 2170 981 2198 hebetescere.
1089 2170 1176 2196 Dolor
1193 2168 1339 2195 hebetescit
1401 2171 1510 2204 quidem
1527 2171 1623 2196 Graeci
1636 2172 1770 2204 quondam
1784 2173 1870 2198 secisse
1883 2172 2023 2205 dicuntur,
2041 2182 2122 2207 quum
2131 2173 2278 2207 pestilentia
2287 2171 2444 2199 laborarent.
2464 2175 2465 2178 ’

290 2211 411 2239 Scribon.
424 2212 495 2242 c.56.
566 2209 689 2235 Aliorum
703 2208 758 2234 loca
772 2207 847 2235 affert
871 2206 957 2233 Rhod.
974 2207 1001 2233 in
1015 2206 1078 2232 Lex.
1092 2205 1212 2232 Scribon.
1400 2206 1492 2232 quen.
1508 2205 1556 2231 Sat.
1574 2214 1611 2237 12,
1627 2214 1666 2231 101
1690 2207 1808 2232 Existunt
1824 2207 1870 2240 qui
1886 2208 2040 2240 promittant
2056 2209 2238 2234 hecatomben.
2392 2205 2413 2245 fl
2430 2214 2444 2233 B

328 2252 349 2272 H
364 2252 378 2271 Ε
389 2252 404 2272 Β
414 2251 429 2270 Ε
439 2252 460 2272 Τ
470 2250 589 2277 AT10‚
608 2244 676 2270 onis.
707 2244 727 2270 f.
776 2241 943 2277 [daciam]
998 2242 1065 2268 Plin.
1078 2246 1119 2274 28,
1133 2243 1149 2267 6
1177 2240 1300 2266 Medetur
1312 2243 1339 2266 et
1400 2241 1581 2272 Hecatombe‚
1607 2241 1690 2267 Satira
1709 2242 1826 2276 quaedam
1841 2243 1968 2268 Varronis
1981 2243 2103 2277 inscripta
2110 2243 2183 2278 fun,
2209 2247 2235 2269 in
2251 2253 2298 2278 qua
2311 2241 2445 2278 desacrffl-
2469 2262 2471 2268 1

292 2281 450 2309 lumborum
467 2280 574 2312 dolori,
598 2279 739 2306 oculorum
757 2277 941 2311 hebetationi,
965 2283 1053 2304 mente
1074 2282 1171 2312 captis,
1198 2282 1223 2303 et
1242 2275 1339 2304 melan-
1399 2279 1447 2303 ciis
1461 2277 1564 2312 agebat,
1583 2276 1839 2312 fitmtuosaqaefizcra
1852 2278 2055 2311 reprehendebat,
2082 2287 2212 2312 vce-umque
2229 2279 2381 2315 sacrificium
2402 2276 2444 2311 tffi
2469 2294 2473 2307 z

291 2318 411 2345 cholicis.
1351 2310 1387 2336 60
1395 2318 1476 2348 purae
1489 2318 1511 2338 et
1526 2315 1638 2337 interrae
1659 2315 1749 2338 mentis
1765 2319 1850 2347 preces
1871 2313 1979 2338 docebar.
2017 2309 2082 2344 quod
2099 2313 2228 2343 probabile
2241 2314 2279 2347 fit
2301 2313 2444 2348 ιἠᾹπι-ἱεηιέ

329 2359 350 2379 Η
359 2360 375 2379 Ε
385 2359 400 2379 Β
410 2359 424 2379 Ε
434 2358 486 2378 ΤΑ
495 2357 516 2378 'r
526 2357 544 2377 0
556 2356 575 2376 R
586 2369 595 2383 ,
609 2349 675 2376 ὀι-ῖς.
696 2358 732 2376 m.
767 2347 844 2383 Apud
855 2347 932 2382 Apul.
970 2367 977 2375 .
1015 2369 1022 2377 .
1393 2348 1544 2385 fragmenta
1557 2321 1639 2378 iliius,
1652 2347 1699 2382 Jiab
1713 2348 1757 2373 hoc
1769 2349 1844 2373 titulo
1857 2357 1872 2372 a
1885 2350 1951 2374 viris
1966 2345 2047 2372 dobin·
2058 2354 2087 2371 ex
2101 2346 2194 2372 Nonio
2206 2347 2314 2373 collet‘la.
2466 2365 2468 2370 .

329 2394 350 2414 H
360 2395 376 2414 E
384 2394 400 2414 13
411 2394 425 2413 r
436 2393 457 2413 T
468 2388 517 2414 Ᾱτ
525 2393 546 2412 R
555 2393 564 2412 1
573 2393 592 2413 x
600 2405 609 2417 ‚
628 2385 686 2411 icis.
704 2385 723 2410 f.
759 2382 926 2418 [οἰμίξλυτῑς]
963 2383 1121 2411 Hebetatrix
1134 2380 1227 2409 vmbra
1242 2387 1338 2414 terrae,
1437 2390 1457 2409 H
1467 2390 1482 2409 Ε
1491 2390 1507 2410 c
1515 2390 1537 2409 A
1545 2388 1567 2407 Τ
1576 2389 1595 2409 o
1604 2389 1629 2408 M
1640 2388 1655 2408 P
1666 2389 1685 2407 v
1696 2390 1708 2409 s
1716 2401 1723 2413 ,
1744 2383 1811 2408 odis.
1848 2391 1886 2408 m.
1923 2382 2004 2417 Piscis
2017 2384 2131 2415 centipes.
2167 2382 2231 2408 Plin.
2248 2390 2280 2413 ¹3,
2293 2389 2334 2414 43·
2406 2381 2410 2384 “
2463 2352 2464 2407 l

291 2424 348 2459 Qus
361 2423 488 2449 hebetatur
496 2421 541 2456 seu
553 2420 697 2456 obscuratur
711 2422 781 2446 Luna
810 2419 876 2445 Plin.
891 2427 916 2450 2,
929 2427 961 2451 13.
1435 2425 1455 2445 Η
1468 2425 1483 2444 E
1495 2425 1511 2445 C
1520 2425 1571 2444 ΑΤ
1583 2424 1602 2444 O
1613 2424 1638 2444 Μ
1649 2423 1664 2443 1²
1675 2417 1692 2444 ⁸1²*
1702 2426 1717 2444 L
1727 2425 1745 2444 Ο
1756 2424 1769 2444 S
1782 2438 1791 2451 ,
1813 2418 1831 2444 i.
1853 2418 1872 2444 f.
1890 2416 2115 2450 [Ἕκατέμπυλος]
2150 2417 2218 2443 Vrbs
2231 2417 2264 2443 est
2273 2416 2438 2448 Parthorum,

329 2465 348 2484 H
361 2459 559 2489 EBETVDO‚
577 2456 637 2482 inis.
674 2455 694 2482 f.
748 2454 868 2482 Macrob.
888 2455 977 2480 Somn.
998 2454 1066 2490 Scip.
1088 2462 1113 2485 1,
1133 2462 1165 2487 14
1194 2451 1339 2479 Hebetudo
1400 2454 1477 2488 regni
1491 2460 1567 2488 caput
1599 2454 1664 2484 Plin,
1679 2456 1711 2486 6,
1727 2462 1752 2486 ις
1773 2460 1796 2479 ct
1807 2460 1838 2486 25
1856 2460 1922 2479 extr.
1990 2454 2018 2479 A
2037 2460 2132 2478 centum
2146 2455 2230 2487 portis
2248 2452 2359 2477 dicitur:
2382 2460 2439 2477 nam
2477 2454 2479 2462 ¹

291 2495 424 2522 sensuum.
1352 2491 1384 2522 65
1401 2490 1480 2521 στήλη,
1495 2497 1572 2524 porta
1587 2489 1689 2515 dicitur.
1740 2491 1783 2516 Ita
1797 2493 1870 2514 etiam
1881 2489 2001 2515 dicuntur
2013 2487 2138 2514 Thebae.
2186 2487 2244 2513 Via.
2260 2486 2386 2512 Ammian.
2400 2494 2443 2517 22,

328 2536 349 2556 H
359 2537 376 2556 Ε
386 2535 402 2556 Β
411 2535 446 2561 o,
461 2528 530 2555 onis.
560 2535 596 2553 m.
633 2523 729 2558 [ἥξων]
771 2528 790 2551 i.
808 2525 857 2553 Sol.
877 2522 972 2557 exstare
984 2528 1012 2550 in
1025 2526 1084 2551 Vet.
1097 2524 1216 2557 inscript.
1231 2523 1342 2554 dicitur,
1401 2527 1438 2552 16.
1496 2527 1588 2559 Nempe

285 2565 334 2602 sed
346 2565 425 2601 nescio
439 2564 489 2590 vbi.
546 2562 623 2589 Nihil
633 2561 720 2587 docent
731 2560 806 2586 Indd.
824 2562 978 2586 Gruteriani.
1033 2560 1081 2587 Sed
1092 2559 1212 2586 Macrob.
1224 2558 1275 2584 Sat.
1283 2566 1301 2589 1,
1315 2563 1341 2587 18
1438 2567 1459 2587 H
1470 2567 1485 2587 E.
1497 2567 1514 2587 c
1525 2568 1547 2587 A
1557 2565 1577 2584 Τ
1589 2564 1609 2585 o
1621 2565 1644 2585 N
1653 2566 1666 2586 s
1676 2565 1697 2585 T
1707 2565 1750 2586 YL
1759 2564 1780 2585 ο
1793 2564 1815 2585 Ν
1824 2578 1833 2592 ‚
1859 2558 1878 2585 i.
1920 2568 1946 2585 n.
2004 2559 2120 2585 Porticus
2141 2564 2236 2583 centum
2257 2557 2379 2583 columnis*
2389 2563 2444 2582 con.-

291 2600 421 2628 Bacchum
434 2598 607 2633 Neapolitani
620 2596 754 2623 celebrant
770 2595 882 2622 Hebona
894 2598 1110 2632 cognominantes:
1133 2600 1235 2630 poterat
1248 2595 1342 2628 aliquis
1394 2594 1479 2630 stans.
1522 2593 1603 2621 Mela,
2426 2593 2430 2596 ·

286 2637 414 2673 fiael'picari
432 2634 528 2665 ἡβῶντα
537 2653 545 2666 ,
560 2633 732 2669 pubescentem.
1440 2636 1460 2656 H
1468 2637 1484 2656 E
1493 2637 1509 2657 C
1518 2636 1538 2655 T
1548 2637 1568 2655 A
1578 2649 1586 2661 ,
1622 2629 1676 2655 vid.
1695 2635 1715 2655 H
1723 2635 1739 2655 E
1749 2636 1770 2655 T
1780 2635 1802 2655 Τ
1812 2637 1843 2656 Α.
2356 2644 2373 2648 -
2444 2639 2446 2642 v

315 2665 352 2697 Ἠ
363 2677 378 2697 Ε
390 2677 405 2697 Β
415 2677 433 2696 R
442 2677 463 2697 Α
472 2676 488 2696 E
497 2676 517 2694 V
528 2676 540 2695 S
549 2688 557 2701 ,
577 2668 595 2694 i.
625 2677 661 2694 m.
699 2664 841 2701 [²1³]G‘eoe2‘05]
877 2666 971 2694 dicitur
986 2665 1099 2693 Iudaeus.
1141 2664 1198 2691 Vid.
1213 2663 1341 2690 di&iona-
1350 2667 1387 2695 70
1438 2672 1459 2691 H
1469 2672 1486 2692 E
1496 2672 1512 2692 C
1522 2672 1543 2692 T
1553 2671 1572 2691 0
1581 2671 1599 2691 R
1608 2683 1615 2695 ‚
1635 2665 1699 2690 oris.
1721 2674 1756 2690 m.
1786 2663 1914 2698 [Ἕκτωρ]
1950 2664 2047 2690 Priami
2060 2669 2083 2689 et
2093 2662 2202 2689 Hecubae
2202 2660 2285 2697 filius,
2293 2659 2444 2698 fortiffimus

294 2707 365 2733 rium
388 2705 584 2731 Hebraicorum
609 2702 751 2730 nominum
777 2708 817 2736 ap.
842 2702 955 2729 Hieron.
1067 2701 1200 2735 Liquores
1221 2698 1341 2725 Hebraei
1399 2704 1443 2727 vir
1455 2708 1478 2727 ec
1488 2707 1568 2737 propa
1589 2701 1700 2726 naculum
1716 2702 1898 2732 Troianorum,
1918 2699 1948 2725 ab
1955 2699 2053 2725 Achille
2066 2696 2227 2734 irzterfetlus.
2281 2699 2349 2724 Hor.
2359 2697 2410 2723 Car

293 2742 356 2768 Stat.
370 2741 434 2766 Silu.
448 2748 470 2772 ς,
484 2748 503 2770 ι,
515 2748 566 2771 213.
602 2740 665 2765 Puto
678 2737 816 2772 Balsamum
824 2738 940 2773 intelligi.
1012 2737 1084 2762 Arat.
1098 2745 1121 2766 2,
1135 2744 1188 2768 924
1214 2734 1340 2762 Hebraeo
1401 2745 1428 2768 2,
1442 2746 1468 2770 4,
1485 2746 1513 2763 10
1540 2737 1560 2762 A
1582 2741 1667 2762 emtus
1680 2735 1782 2762 Hector
1794 2734 1924 2762 Tradidit
1937 2734 2002 2761 fellis
2016 2735 2119 2761 leuiora
2133 2733 2193 2760 tolli
2206 2734 2329 2767 Pergama
2342 2732 2405 2758 Grai
2443 2735 2450 2742 ⁸

294 2777 414 2804 sermone
427 2775 537 2802 locutus.
609 2774 700 2800 Tacit.
711 2772 779 2798 Hist.
795 2779 818 2804 ς,
832 2780 858 2804 2,
872 2775 887 2797 6
917 2772 1023 2798 Terrae
1039 2771 1183 2798 Hebraeae.
1401 2775 1420 2798 i.
1434 2772 1560 2806 jactliora
1573 2771 1796 2807 expugnatu-fuere
1808 2773 1945 2808 Pergama,
1962 2770 2062 2806 Jicblato
2082 2768 2204 2796 Hectore.-
2240 2769 2268 2795 de
2286 2778 2332 2804 quo
2351 2768 2414 2795 chor

333 2818 353 2837 Η
364 2818 379 2838 Ε
390 2818 405 2838 Β
414 2818 432 2837 R
442 2818 463 2837 Α
472 2817 483 2835 1
494 2816 511 2836 C
520 2817 540 2835 V
549 2816 572 2844 s,
586 2818 610 2841 a,
623 2818 676 2835 um.
697 2807 756 2833 Adi.
793 2806 882 2833 Plebes
892 2806 1040 2834 Hebraicae
1059 2807 1340 2841 Alcin1.5,544et564.
1401 2807 1460 2834 Seu.
1471 2808 1577 2835 Troad.
1591 2815 1639 2840 124

333 2853 353 2873 H
364 2854 404 2874 ΕΠ
413 2854 431 2873 R
442 2853 462 2872 Α
473 2851 541 2872 ICE.
577 2844 646 2871 Adu.
682 2843 800 2869 Lanam.
814 2851 847 2875 4,
860 2851 876 2877 7
896 2850 960 2869 extr.
1359 2845 1392 2873 75
1598 2841 1730 2868 Columen
1745 2842 1860 2876 patriae,
1881 2849 1956 2868 mora
1970 2841 2103 2872 fatorum,

332 2888 353 2908 Η
363 2889 379 2909 Ε
389 2889 405 2909 Β
416 2889 463 2909 Rv
473 2887 501 2912 S,
519 2880 538 2908 i.
565 2889 601 2906 m.
638 2877 755 2913 [Ἕβρος]
815 2878 1044 2913 Thraciaefluuius
1057 2875 1098 2910 est,
1115 2880 1142 2903 in
1158 2885 1225 2912 quem
1245 2875 1341 2911 Orphei
1599 2878 1647 2904 Tu
1673 2877 1829 2911 praelidium
1849 2877 1995 2912 Phrygibus
2020 2876 2103 2908 fellis,

294 2924 368 2952 caput
379 2914 534 2952 prostffum,
553 2924 624 2951 quum
642 2915 742 2941 Cicones
761 2923 811 2939 cum
826 2912 992 2949 confirment.
1063 2912 1145 2940 Ouid.
1159 2914 1223 2940 Met.
1242 2920 1273 2942 2,
1293 2919 1343 2945 257
1598 2913 1647 2939 Tu
1661 2922 1751 2940 murus
1767 2923 1839 2944 eras3
1864 2912 2035 2946 humerisque
2048 2912 2100 2937 tuis

295 2952 419 2981 Membra
450 2952 535 2979 iacent
558 2950 662 2977 diuersa
683 2950 750 2975 locis
764 2960 769 2974 :
805 2955 880 2983 caput
909 2949 1013 2979 chre,
1048 2949 1185 2983 lyramque
1227 2947 1341 2981 Excipis.
1600 2949 1676 2975 Stetit
1696 2948 1741 2975 illa
1759 2949 1850 2975 decem
1867 2948 1933 2975 fulta
1952 2957 1998 2982 per
2020 2955 2100 2973 anuos

296 2991 334 3016 Dc
347 2992 405 3015 viuo
417 2988 498 3015 adhuc
511 2987 626 3022 Orpheo,
642 2984 782 3019 Hebrique
795 2985 879 3010 tenuit
894 2985 1006 3019 impetus
1020 2984 1091 3011 dulei
1105 2993 1180 3011 mora
1206 2982 1314 3010 Phaedr.
1328 2991 1341 3014 3
1599 2984 1705 3010 Tecum
1724 2984 1835 3017 cecidit,
1860 2985 2026 3017 summusque
2043 2982 2101 3008 dies

296 3033 336 3060 pr.
350 3032 389 3057 59.
462 3023 585 3049 Martian.
599 3024 614 3048 6
640 3019 760 3047 Hebrum
773 3019 897 3052 Odryfiae
909 3021 984 3046 niues
998 3020 1145 3054 complent,
1167 3020 1215 3055 qui
1228 3020 1297 3045 inter
1304 3018 1342 3044 di·
1356 3020 1389 3047 80
1599 3020 1724 3046 Hecloris
1756 3020 1826 3047 idem
1853 3020 2005 3054 patriaeque
2033 3017 2094 3043 fuit.

294 3060 385 3086 versos
396 3058 526 3086 Barbaros
540 3058 624 3084 fluens
634 3077 641 3089 ‚
658 3057 738 3082 etiam
752 3055 862 3082 Ciconas
878 3056 984 3090 perluit.
1039 3057 1090 3082 Hic
1102 3056 1131 3082 ab
1144 3054 1341 3090 Oeagroflumi-
1403 3053 1478 3087 Virg.
1492 3052 1556 3079 Aen.
1571 3061 1582 3084 3
1595 3073 1602 3085 ,
1620 3063 1666 3087 343
1705 3055 1888 3082 Andromache
1906 3053 2029 3080 Hectoris
2046 3060 2132 3082 antea,
2162 3061 2226 3077 nunc
2244 3051 2330 3077 Heleni
2342 3051 2430 3089 conitus
2455 3080 2457 3084 .

295 3105 325 3122 ne
342 3102 422 3122 ortum
437 3094 523 3121 habet:
559 3093 623 3120 vnde
637 3092 766 3126 Oeagrius
780 3089 865 3117 didius
879 3091 952 3125 Virg.
967 3092 1064 3125 Georg.
1079 3102 1096 3124 4
1106 3110 1112 3122 ‚
1130 3094 1188 3125 463.
1261 3090 1341 3116 Habet
1402 3092 1543 3124 interrogat
1556 3088 1584 3114 de
1597 3090 1718 3124 Ascanio,
1742 3091 1842 3125 Ecquid
1856 3092 1883 3116 in
1894 3090 2028 3123 antiquam
2042 3087 2187 3118 virtutem,
2213 3087 2424 3121 animosquervn·
2436 3108 2437 3111 ,
2449 3111 2457 3126 Ἀ

297 3140 397 3163 arenas,
412 3140 441 3156 cx
479 3129 548 3155 uibus
564 3129 691 3164 colligitur
704 3137 802 3153 aurum.
911 3127 1041 3152 Arenosus
1066 3126 1148 3153 Ouid.
1162 3126 1227 3153 Fast.
1242 3135 1270 3158 3,
1282 3133 1341 3160 737.
1402 3125 1439 3151 les
1453 3125 1483 3150 Et
1496 3130 1567 3158 pater
1581 3125 1679 3151 Aeneas
1696 3132 1721 3152 et
1734 3126 1879 3152 auunculus
1892 3126 1987 3151 excitat
2000 3124 2110 3150 Hector,
2181 3124 2254 3157 Virg.
2269 3123 2332 3147 Aen.
2349 3130 2374 3153 1,
2395 3123 2444 3159 27ΑΔ

296 3166 392 3198 Celer,
426 3168 454 3191 vi
474 3186 479 3191 .
504 3171 634 3192 CELER.
704 3161 833 3190 Fluuialis
848 3170 877 3187 ex
890 3162 947 3188 Seu.
962 3162 1032 3187 Med.
1047 3162 1065 3187 s.
1081 3167 1093 3191 8
1112 3163 1238 3188 laudatur.
1294 3159 1341 3188 Sed
1403 3161 1464 3187 Ter
1478 3160 1576 3186 circum
1595 3161 1688 3187 Iliacos
1709 3169 1858 3196 raptauerat
1877 3161 1993 3187 Hectora
2011 3167 2116 3185 mlerSt
2152 3159 2363 3191 Exanimumque
2380 3163 2445 3189 auro

296 3202 364 3228 nihil
376 3201 425 3227 tale
438 3199 516 3227 Index
531 3199 671 3227 Schroetlcr.
749 3198 824 3232 Virg.
840 3198 903 3224 Aen.
919 3206 946 3229 1,
964 3205 1003 3229 321
1035 3196 1064 3222 de
1079 3198 1219 3233 Harpalyce
1229 3217 1238 3229 ,
1258 3197 1341 3223 Volu-
1359 3196 1388 3225 85
1403 3205 1497 3230 corpus
1510 3194 1639 3222 vendebat
1654 3196 1775 3223 Achilles.
1843 3196 1923 3223 Ouid.
1937 3195 1969 3221 de
1982 3196 2046 3221 Arte
2059 3197 2117 3221 Am.
2133 3203 2152 3225 1,
2166 3204 2214 3227 441
2236 3193 2354 3220 Hcc'lora
2368 3191 2444 3224 dona-

298 3245 422 3271 cremque
436 3236 499 3270 fuga
512 3235 689 3269 praeuertitur
702 3233 832 3260 Hebrum.
889 3232 935 3260 Sed
948 3234 1033 3267 placet
1048 3236 1135 3259 merito
1153 3232 1261 3259 eruditis
1278 3234 1341 3260 Rut-
1405 3231 1450 3258 bat
1475 3231 1580 3258 Priamo
1605 3240 1680 3266 prece
1712 3239 1800 3259 motus
1835 3232 1958 3258 Achilles.
2048 3229 2193 3258 Homicida
2229 3229 2332 3256 Hector
2377 3228 2442 3254 Hor.

297 3271 409 3308 gcrfiana
424 3270 559 3298 emendatio
573 3270 602 3297 ab
618 3271 707 3296 Huctio
721 3273 794 3296 etiam
807 3268 941 3305 adaprant,
961 3269 1070 3295 Eurum.
1403 3265 1486 3302 Epod.
1504 3274 1547 3300 17,
1568 3274 1601 3292 12.
2338 3272 2345 3283 ν
2364 3271 2367 3274 “

1443 3309 1463 3328 H
1472 3309 1488 3328 E
1497 3308 1541 3329 CT
1551 3299 1649 3329 &REV
1658 3309 1671 3328 s
1681 3321 1688 3333 ‚
1710 3310 1740 3335 a,
1759 3312 1814 3332 um.
1850 3301 1908 3329 Adi.
1918 3300 2012 3338 poffiff
2049 3300 2205 3336 [Ἕκτόμος]
2261 3300 2330 3326 Gens
2345 3297 2442 3324 Hecto·
2464 3327 2465 3330 Ἴ

678 3331 710 3362 H
806 3332 834 3361 E
933 3331 960 3362 C
1405 3346 1449 3364 rea
1460 3357 1466 3368 ‚
1493 3339 1561 3372 Qeae
1577 3337 1607 3363 ab
1627 3337 1733 3364 Hester.»
1744 3338 1816 3365 duxit
1827 3341 1955 3374 originem.
2028 3338 2134 3364 Coniux
2168 3337 2244 3370 Virg.
2261 3337 2325 3362 Aen.
2341 3343 2369 3367 3,
2389 3338 2443 3367 488·
2463 3365 2465 3372 y

335 3384 396 3404 HEC
405 3375 474 3410 Ᾰιῐῖ,
489 3386 525 3403 es.
540 3377 560 3403 f.
579 3374 711 3411 [Ἑκάλη]
736 3374 1136 3411 Nomenpauperrimaefeminae,
1144 3373 1209 3409 apud
1216 3374 1298 3400 Ouid.
1311 3373 1342 3400 de
1358 3378 1393 3401 90
1406 3374 1508 3408 Corpus
1535 3373 1607 3399 Idem
1620 3373 1686 3399 ibid.
1701 3382 1723 3403 2,
1738 3382 1791 3407 543.
2428 3371 2432 3375 ”

302 3412 377 3438 Rem.
390 3414 481 3439 Amor.
494 3420 548 3447 747
576 3414 630 3439 Cur
643 3421 721 3438 nemo
737 3412 773 3438 est
786 3411 917 3444 Hecalen,
934 3411 1006 3437 nulla
1021 3410 1057 3437 est
1074 3419 1141 3444 quae
1148 3411 1245 3444 ceperit
1254 3411 1343 3436 Irum3
1444 3415 1463 3435 H
1474 3416 1489 3435 Ε
1500 3415 1517 3435 C
1526 3406 1546 3435 &7
1555 3414 1597 3435 ΒΑ
1608 3427 1616 3439 ,
1635 3417 1673 3434 ae.
1701 3409 1720 3434 f.
1756 3406 1883 3442 [‘E›215Cn]
1940 3409 2008 3435 onr
2020 3411 2087 3445 regis
2101 3410 2220 3445 Priami„
2233 3416 2304 3442 quam
2326 3401 2464 3432 Homerus*

301 3446 404 3481 Nempe
418 3448 489 3482 quod
513 3449 580 3474 alter
600 3456 693 3482 egens,
723 3448 806 3474 altera
829 3456 927 3481 pauper
951 3452 1014 3473 erat.
1068 3446 1142 3482 Conf.
1162 3445 1238 3479 Apul.
1253 3446 1316 3471 Met.
1333 3453 1342 3471 1
1399 3443 1483 3479 filiam
1497 3446 1630 3478 Dymanta·
1640 3444 1722 3476 dixit,
1748 3444 1819 3479 idque
1832 3443 1928 3478 sensisti·
1947 3445 2046 3471 uidetur
2064 3442 2145 3470 Ouid.
2165 3444 2228 3469 Met.
2243 3452 2281 3475 ις,
2301 3450 2346 3476 575
2376 3442 2444 3474 Ergo
2462 3441 2464 3449 ⁴

303 3490 329 3514 p.
343 3490 379 3507 112
392 3501 400 3514 ‚
423 3493 459 3514 40
489 3483 610 3509 Theseus
623 3493 676 3509 non
689 3483 725 3509 est
737 3483 884 3517 aspernatus
901 3483 1009 3509 Hecales
1023 3490 1086 3508 anus
1100 3481 1245 3516 hospitium
1258 3487 1343 3507 tenue.
1407 3479 1466 3505 aliis
1481 3479 1578 3506 latrass'e
1597 3478 1755 3510 Dymantida
1775 3480 1863 3505 flebile
1884 3481 1967 3506 visum
1981 3480 2025 3505 est.
2081 3479 2218 3513 Euripides
2239 3487 2304 3504 vero
2321 3486 2374 3503 non
2392 3476 2443 3508 Dy-

303 3516 368 3541 Plifl-
383 3525 417 3545 22,
431 3525 470 3544 22.
506 3519 608 3545 Petron.
623 3529 642 3544 c.
653 3527 703 3551 105.
738 3519 827 3545 Barth.
840 3518 873 3545 ad
884 3518 946 3544 Stat.
959 3517 1049 3544 Theb.
1061 3526 1086 3550 2,
1099 3522 1151 3550 582.
1184 3523 1207 3543 et
1222 3518 1303 3543 Bentl.
1311 3516 1345 3543 ad
1408 3516 1520 3546 mantis,
1539 3513 1579 3540 scd
1594 3514 1671 3540 Cissei
1685 3514 1767 3540 filiam
1781 3515 1919 3542 'sluacum
1932 3516 2000 3550 regis
2012 3515 2060 3541 esse
2074 3515 2156 3540 dixit:
2192 3523 2270 3548 quem
2281 3515 2402 3547 sequutus
2409 3510 2442 3537 est

304 3551 407 3584 Fragm.
422 3552 574 3579 Callimachi
590 3564 613 3588 p.
628 3563 680 3587 314.
1360 3556 1392 3582 95
1409 3550 1484 3584 Virg.
1501 3552 1564 3576 Aen.
1579 3557 1621 3580 ιο,
1635 3557 1689 3583 704
1723 3564 1768 3569 —
1789 3558 1812 3576 ct
1826 3551 1882 3577 sace
1896 3560 2038 3585 praegnans
2067 3551 2157 3576 Cill'cis
2170 3551 2259 3583 regina
2276 3550 2352 3575 Parin
2367 3550 2449 3574 creat-⁷

340 3592 360 3611 Η
369 3592 387 3625 Eu
397 3591 414 3611 C
427 3593 446 3624 Α)
457 3593 478 3610 Μ
492 3593 507 3612 E
518 3594 535 3612 D
547 3596 567 3614 Α
580 3609 587 3620 ,
623 3590 674 3616 md„
696 3595 712 3615 E
721 3595 736 3615 C
745 3596 766 3615 A
778 3594 802 3614 Μ
813 3593 828 3614 Ε
838 3594 856 3615 D
867 3594 897 3614 A.
1407 3587 1477 3620 Qua
1493 3593 1631 3620 praegnans
1645 3585 1830 3618 somniaucrat,
1845 3588 1869 3612 se
1882 3588 2013 3613 accensam
2025 3587 2108 3612 facem
2123 3594 2212 3619 parere
2221 3605 2228 3616 ,
2253 3594 2319 3618 quac
2334 3583 2442 3617 patriam
2462 3595 2463 3598 ¹

339 3627 360 3647 H
370 3628 386 3646 E
395 3627 441 3647 CA
450 3626 498 3646 ΤΑ
510 3628 524 3647 Ε
534 3629 552 3647 ν
563 3630 575 3648 S
585 3643 593 3654 ‚
612 3625 630 3649 i.
652 3634 685 3650 m.
721 3626 833 3659 Sculptor
846 3621 912 3659 apud
924 3621 988 3648 Plin.
1001 3629 1037 3654 33,
1052 3629 1080 3648 12
1100 3628 1123 3648 et
1135 3630 1176 3654 34,
1193 3627 1216 3651 8.
1406 3628 1488 3647 totam
1502 3621 1683 3647 inflammaret.
1740 3622 1803 3647 Ideo
1822 3631 1903 3656 porro
1914 3623 1941 3648 in
1954 3631 2044 3648 canem
2059 3622 2181 3648 conuersa
2196 3620 2303 3654 tingitur
2318 3618 2440 3649 Hecuba,

343 3662 364 3681 Η
375 3662 415 3682 EC
425 3653 515 3686 ᾹΤΕ,
532 3666 565 3681 cs.
584 3658 603 3682 f.
625 3658 753 3692 [Ἑκάτη]
779 3658 1003 3694 nomeninfabuh's
1012 3657 1274 3692 Poctarltmjrequerzs,
1282 3665 1344 3692 quat
1406 3658 1477 3691 quod
1492 3665 1572 3691 quum
1586 3655 1641 3690 post
1658 3657 1773 3682 euersam
1789 3658 1905 3684 'l'roiain
1919 3658 2021 3692 captiua
2035 3666 2047 3682 a
2059 3657 2164 3683 Graecis
2179 3655 2335 3686 duceretur,
2358 3661 2383 3680 et
2397 3654 2442 3679 Po-

296 3690 403 3727 sabulas
417 3694 483 3717 inter
490 3696 520 3724 st
533 3694 662 3718 conciliare
672 3713 679 3725 ‚
708 3702 753 3720 aut
776 3698 802 3719 in
825 3694 933 3720 ordinem
953 3692 1080 3729 redigere,
1104 3695 1184 3728 nest-io
1206 3702 1238 3719 an
1251 3695 1344 3728 anquis
1407 3692 1494 3724 lydori
1510 3700 1602 3725 corpus
1615 3691 1643 3716 in
1659 3700 1730 3717 mare
1743 3694 1942 3727 praecipitatum
1956 3692 2115 3727 agnouiss⁴et‚
2138 3692 2217 3725 seque
2232 3691 2259 3717 in
2277 3690 2360 3716 maria
2372 3696 2450 3724 prae-.

303 3729 446 3753 tcntauerit.
504 3725 619 3755 Nollrum
632 3731 678 3753 trit
691 3733 822 3763 praecipua
837 3731 965 3756 Poetarum
978 3730 1128 3763 altorumque
1151 3730 1205 3754 loca
1221 3728 1267 3754 huc
1288 3738 1342 3753 con-
1353 3739 1400 3756 100
1407 3727 1517 3762 cipitare
1535 3726 1630 3757 vellet,
1651 3727 1736 3752 nimio
1755 3728 1848 3755 dolore
1870 3729 1984 3754 ina-niter
1996 3727 2102 3754 Graecis
2117 3728 2320 3752 conuiciaretur.
2376 3726 2440 3751 Haec

303 3768 402 3799 gercrr:
437 3758 596 3792 historiarum
610 3769 632 3786 ει
645 3762 729 3793 μύθων
745 3767 865 3790 rationem
885 3767 1020 3800 relitiqucre
1037 3766 1106 3790 aliis.
1163 3763 1343 3798 Confitetifflma
1405 3763 1521 3789 Seruius.
1574 3760 1646 3796 Conf.
1661 3763 1778 3789 luucnal.
1796 3773 1833 3796 10,
1847 3772 1891 3798 271
1918 3764 2014 3790 Torua
2026 3763 2119 3789 canino
2133 3763 2250 3789 Latrauit
2264 3761 2344 3788 riftu.
2385 3757 2440 3787 Vid-

303 3796 549 3836 igitarfignificatio'
559 3797 590 3823 el!
600 3815 608 3827 ‚
636 3806 687 3821 cum
698 3801 801 3831 ponitur
815 3806 858 3833 pro
874 3802 973 3832 Diana,
993 3798 1048 3833 fine
1068 3800 1137 3825 Luna
1147 3818 1155 3831 ‚
1175 3799 1219 3834 seu
1245 3800 1344 3834 Prostr-
1405 3804 1529 3824 cruos
1539 3803 1575 3822 sr
1585 3802 1609 3822 M
1618 3803 1648 3822 A.
1721 3799 1787 3825 Suet.
1805 3800 1835 3825 T
1837 3800 1903 3825 iber.
1918 3808 1939 3825 c.
1953 3807 1996 3833 70.
2031 3805 2054 3824 ct
2069 3798 2133 3824 Plin.
2147 3807 2174 3831 4,
2190 3806 2220 3823 11.
2277 3795 2385 3831 Hecuba
2395 3801 2440 3830 pro
2451 3798 2458 3802 ·

299 3838 373 3868 pina.
436 3832 504 3858 Vnde
518 3832 592 3865 V1rg.
607 3831 670 3856 Aen.
683 3841 709 3863 4,
722 3841 758 3863 511
780 3834 1023 3870 Tergeminamque
1036 3835 1153 3861 Hecaten
1166 3835 1217 3860 tria
1230 3835 1343 3868 virginis
1403 3833 1499 3867 Qumis
1512 3831 1592 3857 vetula
1605 3832 1718 3859 Martial.
1733 3843 1759 3865 3,
1773 3842 1813 3867 75.

304 3876 351 3894 ora
365 3867 472 3893 Dianae.
528 3869 619 3901 Nempe
631 3870 658 3891 ιἰι
671 3868 738 3892 caelo
749 3868 821 3893 Luna
835 3867 882 3901 ist,
907 3871 990 3896 Diana
1012 3873 1038 3896 in
1053 3871 1143 3901 Siluis,
1167 3869 1234 3904 apud
1246 3870 1345 3905 inse-rm·
1440 3873 1460 3892 H
1471 3873 1511 3892 EC
1522 3866 1537 3891 Ῡ
1546 3872 1562 3891 R
1575 3873 1594 3892 Α
1605 3886 1612 3898 ,
1632 3877 1669 3893 ac.
1690 3870 1709 3895 f.
1730 3862 1843 3906 [Ἑιῖυραὶ]
1862 3871 1949 3897 Latine
1956 3870 2043 3898 Socrm·
2050 3868 2158 3897 dicaam
2172 3877 2217 3903 quo
2226 3870 2320 3894 nomine
2334 3860 2441 3896 dietaest

305 3903 467 3937 Proserpina.
522 3903 599 3929 Porro
614 3904 782 3938 cognationem
794 3904 901 3938 aliquam
919 3906 1005 3932 habere
1019 3905 1119 3932 videtur
1136 3905 1246 3931 Hecates
1260 3907 1394 3934 ηοηκηιος
1403 3901 1549 3928 Comoedia
1562 3901 1697 3931 Tereum.
2376 3931 2385 3938 υ

2304 3939 2440 3963 HRDL-'imo
