2479 4225
46 185 105 223 213
434 169 682 210 DIS
1529 173 1770 216 DIS

2117 197 2182 235 214

46 259 118 287 mina
131 267 196 293 pura
209 258 282 291 sient,
296 257 471 286 dinerenabit.
497 256 585 292 Exstat
597 261 655 286 item
668 261 695 285 in
707 257 788 285 Notis
795 256 910 284 Tironi·
924 262 948 283 et
960 257 1079 285 Senecae.
1179 265 1198 286 D
1207 266 1218 286 1
1227 265 1309 287 SSEP
1318 267 1338 287 Α
1349 267 1394 288 Ro
1406 280 1414 294 ,
1438 265 1491 290 fire.
1529 264 1604 297 Quae
1623 264 1788 299 temporibus
1811 266 1962 302 disseparata
1982 271 2056 303 sunt,
2081 272 2183 300 animo-

46 294 119 331 Conf·
133 294 241 321 C3ffi0d·
254 294 300 328 EP·
314 296 339 325 ⁶³
351 296 376 320 ⁶·
1144 303 1203 321 nnn
1224 296 1417 329 praesumtione
1438 299 1582 333 iunguntur
1601 300 1698 327 Nazar.
1719 301 1811 335 Paneg.
1826 303 1991 332 Constantini
2009 315 2063 341 cap.
2078 316 2102 334 2.
2139 311 2181 336 ΑΙ,

82 336 142 356 Dis
151 337 164 356 s
174 328 261 361 11110,
279 330 354 362 erui,
369 335 466 362 ertum,
487 330 540 355 ὅτε.
576 330 589 364 [
596 327 730 362 διασκείρω,
742 327 911 361 κατασπεζρω]
947 327 993 354 Suo
1006 326 1079 363 quod·
1143 330 1286 365 Disparata,

45 373 89 401 que
101 365 152 391 Ioco
166 365 267 397 serere,
292 368 310 391 i.
321 366 454 401 plantare,
474 366 513 391 vel
519 364 650 401 seminare.
670 398 675 402 ι
701 362 830 402 Columel.
841 370 885 401 .¹¹’
900 370 924 394 3,
935 370 969 395 29
995 364 1079 390 Panax
1179 372 1390 393 Dissm’ARA
1403 373 1488 401 Tio,
1510 370 1578 397 onis.
1613 370 1633 397 f.
1668 370 1869 405 Disseparationi
1889 382 1982 401 eorum
2003 386 2087 412 neque
2100 380 2183 407 (ὤρη,

45 405 160 435 vtroque
173 405 291 434 tempore
304 400 375 427 laeui
388 406 413 426 ct
427 399 531 426 suba&
543 406 612 427 terra
624 397 748 425 rarissime
761 396 902 437 disseritur.
952 399 995 438 Sic·
1005 401 1079 438 minim
1104 406 1118 432 ς
1144 402 1274 428 orientem
1283 422 1290 433 ‚
1308 410 1393 437 neque
1407 404 1571 432 occidentem
1585 405 1752 433 interuenisse
1768 407 1850 433 Latro
1862 408 1935 435 Decl.
1951 411 1978 435 in
1990 413 2067 439 Catil,

46 443 87 469 11,
105 444 135 467 2,
152 444 184 467 30
208 435 285 462 Bacas
303 436 371 462 lauri
390 441 415 462 ct
436 436 530 467 myrti,
552 440 766 472 caeterorumque
783 432 912 473 viridium
933 433 1030 473 semina
1051 442 1079 459 in
1179 443 1336 464 nissERP
1348 443 1384 468 ο,
1404 440 1456 464 cre.
1494 440 1598 467 Lucret.
1614 443 1704 475 61546
1722 443 1786 469 Late
1804 442 1948 477 disserpunt
1968 447 2028 472 inde
2047 455 2184 478 tremores,

46 470 145 498 areolas
163 471 293 497 disserere.
388 470 506 498 Macrob.
522 479 542 501 2,
556 477 585 502 14
609 477 638 495 ex
652 468 748 494 Susum
762 468 855 499 Poe'ta,
873 469 932 508 ⁸Suo
948 469 1002 507 post
1017 469 1079 495 inde
1179 478 1198 498 D
1215 480 1222 499 1
1239 479 1252 497 s
1266 479 1278 500 s
1294 480 1303 499 1
1317 478 1334 499 c
1345 478 1356 499 1
1367 478 1403 505 o,
1438 475 1489 500 cre.
1533 476 1607 512 saepe
1628 476 1662 511 est
1680 480 1709 504 in
1728 478 1799 504 bonis
1818 479 1908 512 libris,
1922 487 1973 515 pro
1991 482 2103 510 Dissicio
2141 486 2184 513 vbi

43 511 153 532 reucntu
173 506 223 539 (ex
236 504 318 540 Persia
329 507 421 532 milites
433 504 591 538 Ataxandri)
619 504 679 531 Hoc
693 511 774 537 genus
786 503 899 543 arboris·
911 505 929 537 (²
935 505 1077 539 Persicam)
1142 507 1194 533 vid,
1218 516 1244 534 ῃ,
1263 516 1287 535 2.
2111 505 2120 518 ³

45 539 73 566 in
87 540 207 575 praelatis
220 541 313 567 finibu'
328 541 414 568 GraiIs
428 543 487 568 Diti·
497 547 580 566 ruere.
816 547 833 564 2.
869 539 984 573 Differo,
1010 536 1078 571 [δια.
1180 549 1219 569 Di
1233 550 1244 569 s
1259 549 1271 569 s
1285 540 1379 570 fDEo
1389 560 1396 574 ‚
1413 542 1465 574 5dj,
1486 547 1537 571 fre,
1574 544 1754 584 [ffloefflfwm’
1769 545 1895 582 mmai,
1907 549 2050 585 “smmis-w]
2086 554 2183 588 Dlffin-

45 577 171 611 λέγομαι]
205 577 268 604 idem
281 576 355 612 fere,
379 577 444 613 quod
465 576 582 609 Dis'puto.
636 573 722 613 Varro
741 572 780 613 dc·
802 593 817 615 .'
831 574 861 599 L.
876 582 899 608 ς,
913 582 929 609 7
950 584 973 610 p.
986 582 1019 614 57
1031 581 1076 610 pr·
1097 590 1126 608 10
1142 580 1193 604 tire
1215 579 1365 605 vehementer
1384 583 1407 603 et
1425 578 1620 612 cmustmultaie:
1670 584 1726 610 Cic.
1740 583 1772 610 de
1786 585 1894 611 Amicit.
1908 594 1925 612 2
1948 587 1975 613 P.
1995 586 2112 621 Sulpicio
2128 598 2183 617 vte-

45 611 103 638 Cum
123 611 151 638 Δρ
169 612 241 639 υρνρο
261 613 371 647 Disputo
391 611 502 646 disgffivt,
526 608 605 642 Quod
622 608 735 635 dicimus
755 608 855 635 disserit
872 617 957 644 partes
972 629 980 642 ,
1012 616 1076 636 item
1143 612 1207 639 bare
1224 614 1353 645 multum,
1373 622 1455 647 quum
1475 615 1497 640 is
1514 615 1543 641 Τ
1546 615 1632 643 ribun.
1647 619 1731 652 plebis
1751 620 1857 653 capitali
1875 620 1941 648 odio
1961 631 1975 648 a

44 654 134 680 areas,
154 648 316 675 translaticio
334 657 416 683 aeque
433 655 464 674 ex
475 645 542 679 agris
556 643 640 670 verbo
654 644 763 671 vtimur.
800 645 870 670 Nam
889 652 917 672 vt
931 645 1014 672 olitor
1028 645 1078 671 dis-
1143 648 1191 682 qni
1210 654 1265 675 tum
1278 654 1333 675 crat
1345 649 1458 680 Consul,
1476 649 1613 678 dissideret.
1996 623 2034 656 Q
2046 624 2184 659 Pompfflo'

45 682 108 709 serit
128 683 156 709 in
174 691 246 711 areas
263 684 302 709 sui
322 684 446 718 cuiusque
464 680 565 715 generis
576 688 616 705 res
626 699 633 710 ,
657 679 690 706 sic
704 680 732 706 in
746 681 868 707 oratione
886 681 933 715 qui
947 681 1025 713 facit,
1039 681 1078 707 di·
1143 683 1305 717 Caepionem
1317 684 1456 717 referrem,
1471 685 1518 710 nisi
1532 686 1610 712 nimis
1624 654 1859 722 Equelgpinngpnic
1862 656 2012 725 1115111111ξῇ
2024 658 2183 722 81:335:de

45 718 136 744 sertus.
231 719 334 745 Lucret,
350 721 376 751 6,
393 725 445 751 940
469 717 530 748 Qua
549 715 580 742 de
599 715 720 742 disserere
735 716 890 750 aggredior,
908 715 1014 743 firmare
1033 725 1077 743 ne-
1142 719 1250 745 sedisset.
1320 719 1387 745 Non
1399 720 1512 746 consiliis
1526 721 1611 748 solum
1625 728 1651 749 ct
1663 725 1771 757 studiis,
1792 726 1834 752 sed
1847 727 1928 753 armis
1947 728 2027 755 ctiam
2049 736 2075 756 et
2094 731 2183 757 castris

44 754 107 779 cesse
120 752 164 780 est.
235 754 381 781 Commode
398 752 531 782 disserere,
563 750 615 777 vid.
628 757 815 778 COMMODVS.
911 751 1076 791 Variedisse-
1096 765 1122 791 ¹5
1141 753 1320 780 dissidebamus
1333 754 1388 780 Cic.
1403 764 1452 789 pro
1466 756 1583 782 Marcell.
1597 766 1630 790 31.
1701 761 1799 787 Animo
1818 767 1843 788 et
1855 763 1992 789 voluntate
2012 764 2130 793 diffidere
2150 767 2183 793 ab

43 788 118 815 rebat
130 789 162 815 de
175 790 354 823 magnitudine
367 785 472 821 imperii
485 786 552 812 Tac.
567 794 587 818 1,
601 794 632 812 11.
704 787 832 813 Interdum
861 789 944 813 onitur
957 788 1076 823 absolute:
1142 790 1232 824 aliquo
1249 790 1305 815 Cic.
1318 790 1393 816 Vei-r.
1409 797 1432 822 ς,
1447 795 1492 820 181.
1563 793 1636 820 Odio
1649 795 1763 829 quodam
1780 802 1858 831 atque
1878 798 1990 825 discidio
2011 799 2130 828 diffidere
2148 802 2182 828 ab

44 823 101 850 Cic.
117 823 149 851 de
162 823 218 851 Fin.
234 834 260 857 i,
273 834 298 858 3¹
323 823 369 851 Sed
382 828 406 849 et
419 821 654 856 argumentandum
672 826 697 848 et
710 828 827 848 accurate
859 822 1030 853 iss'erendum,
1051 829 1078 850 et
1141 825 1232 859 aliquo
1246 824 1320 851 Idem
1332 834 1381 859 pro
1394 825 1476 852 Balbo
1490 834 1529 857 50.
1587 830 1670 865 Neque
1687 837 1768 857 tamen
1779 831 1876 868 semper
1888 837 1926 860 ita
1945 835 2071 862 vchcmens
2084 838 2184 864 verbum

44 859 194 886 rationibus
216 858 364 895 conquisitis
387 857 418 884 de
441 858 577 891 voluptate
605 864 631 883 et
656 857 749 884 dolore
771 857 955 891 disputandum
977 864 1076 892 putant.
1142 859 1184 894 est.
1222 861 1292 887 Haec
1307 860 1387 886 verba
1401 861 1471 887 idem
1484 862 1642 897 significant,
1659 874 1691 891 ne
1713 875 1745 892 ue
1758 866 1811 892 vlla
1828 877 1857 893 re
1871 869 1960 904 aliqua
1974 870 2091 898 dislidcnt
2113 873 2182 900 Gen.

44 894 119 921 ldem
132 895 224 922 Diujn,
239 904 249 922 1
278 904 298 921 c.
310 901 346 928 47
375 892 479 919 Malunt
497 893 619 919 disserere
639 892 707 919 nihil
725 893 772 919 esse
791 894 820 918 in
841 893 979 928 auspiciis,
997 903 1076 928 quam
1142 904 1174 928 13,
1188 903 1225 928 23.
1298 895 1397 922 Doftus
1413 906 1428 922 a
1441 906 1495 923 non
1510 898 1618 925 indofto
1632 899 1686 926 dissi
1707 905 1733 926 et
1752 901 1807 927 Cic.
1820 902 1892 930 Fam.
1908 913 1944 936 η,
1958 912 1982 939 7.
2088 908 2183 936 Horat,

45 930 111 965 quid
126 930 156 957 fit
170 931 290 957 ediscere.
394 929 450 954 Cic.
465 928 497 955 dc
514 929 610 955 Natur.
623 929 703 955 Deor.
717 936 741 961 3,
752 929 786 961 96
805 938 825 954 e.
838 938 882 961 40.
919 928 992 955 Idem
1006 931 1075 956 Fam.
1089 940 1124 959 20
1141 932 1229 958 Carm.
1243 939 1267 961 2,
1280 938 1306 962 2,
1321 936 1346 961 18
1373 932 1497 959 Dissidens
1512 933 1584 967 plebi
1597 944 1708 962 numero
1721 935 1859 962 beatorum
1895 940 1995 967 Eximit
2009 942 2100 969 virtus.
2158 945 2183 971 A

47 973 83 996 12,
96 974 112 1000 7
133 966 213 999 Qiod
225 972 307 992 antem
322 968 347 989 et
364 962 391 989 in
405 964 498 990 Senatu
515 964 635 998 pluribus
649 963 737 991 verbis
751 963 873 996 differui,
893 963 951 990 dixi
968 965 997 990 in
1016 974 1078 992 con·
1142 967 1168 993 se
1182 967 1239 1000 ipso
1253 965 1378 997 diffidere,
1397 969 1536 1003 secumque
1549 969 1699 997 discordare
1712 971 1808 998 Cic.de
1820 973 1876 998 Fin.
1886 982 1906 1005 1,
1919 980 1956 1006 58.
2027 977 2182 1006 Temeritas

45 1001 136 1031 tione,
155 1003 182 1027 in
195 1009 226 1027 co
238 1000 317 1027 velim
331 998 410 1025 fidem
424 1008 508 1026 meam
526 999 631 1027 liberes.
739 998 794 1024 Cic.
809 1008 857 1033 pro
874 1000 966 1026 Flacco
978 1009 1011 1033 42
1027 1001 1083 1027 Sed.
1141 1011 1156 1029 a
1174 1002 1299 1036 sapientia
1314 1002 1414 1029 dissidct
1427 1004 1571 1037 plurimum
1588 1005 1644 1031 Cic.
1657 1005 1710 1033 Off.
1723 1014 1740 1032 2
1764 1015 1786 1033 c.
1800 1015 1825 1033 2.
1897 1009 1978 1036 Ouid.
1998 1011 2063 1038 Fast.
2083 1022 2110 1046 3,
2132 1017 2183 1041 662

44 1035 76 1062 de
97 1041 145 1063 noc
163 1036 238 1068 teste,
262 1041 371 1069 totoque
391 1035 576 1062 Mithridatico
596 1034 713 1061 disseruit
733 1040 759 1060 et
779 1035 910 1061 subtiliter
930 1043 954 1062 et
973 1037 1077 1070 copiose
1143 1038 1214 1064 Haec
1227 1045 1350 1072 quoqne,
1365 1046 1443 1072 qnam
1456 1039 1589 1072 referam,
1605 1041 1705 1067 nostras
1724 1041 1847 1076 peruenit
1867 1043 1900 1068 ad
1913 1052 1987 1070 aures
2024 1047 2117 1081 Fama,
2134 1059 2184 1077 nec

48 1073 87 1105 Q
97 1070 255 1098 Hortensius.
347 1070 421 1096 Idem
435 1070 467 1097 de
479 1072 553 1098 Orat.
568 1079 588 1103 1,
602 1078 633 1105 37
663 1071 734 1096 Haec
749 1078 798 1103 ego
810 1079 869 1096 cnm
888 1072 947 1104 ipsis
960 1071 1077 1098 Philoso-
1143 1081 1158 1099 a
1178 1074 1237 1099 veri
1255 1071 1355 1099 diffidet
1373 1073 1418 1100 illa
1436 1074 1496 1101 tide.
1567 1075 1659 1102 Multis
1675 1076 1753 1103 rebus
1772 1084 1830 1104 cnm
1844 1077 1892 1104 illo
1913 1078 2014 1106 dissidet
2032 1083 2087 1108 Cic.
2102 1085 2184 1113 Acad.

47 1107 106 1142 phis
121 1106 287 1138 tumAthcnis
300 1105 460 1132 disserebam.
498 1108 527 1132 [ξι
541 1106 573 1132 de
583 1106 722 1137 Oi·at·.2,11
740 1106 871 1132 Permulta
883 1107 914 1132 de
926 1107 1077 1142 eloquentia
1095 1121 1126 1147 25
1142 1117 1170 1141 4,
1183 1117 1226 1142 ¹43
1249 1117 1270 1134 c.
1284 1115 1330 1142 47.
1444 1110 1592 1137 Conueniet
1604 1112 1686 1143 nulli,
1707 1112 1755 1146 qui
1772 1113 1858 1139 secum
1878 1113 1978 1141 dissidet
1992 1116 2046 1150 ipse
2067 1119 2133 1145 Cato
2155 1121 2186 1146 in

46 1151 105 1169 cum
113 1142 226 1169 Antonio
238 1140 419 1173 diil'eriiiss'c,ct
431 1148 555 1176 tanquam
569 1141 597 1167 in
605 1141 693 1167 schola
705 1149 788 1175 prope
802 1141 834 1167 ad
841 1142 1003 1169 Graecorum
1016 1152 1077 1169 con·
1142 1144 1208 1170 Dist.
1279 1144 1319 1170 Ad
1334 1144 1448 1171 Herenn.
1462 1155 1478 1171 z
1496 1154 1518 1173 c.
1532 1154 1548 1178 9
1569 1147 1638 1173 Cum
1651 1147 1771 1174 voluntas
1789 1149 1924 1182 scriptoris
1941 1159 2001 1177 cum
2018 1153 2114 1187 scripto
2134 1155 2186 1181 dis.

45 1178 207 1204 suetudinem
222 1176 394 1211 disputanisse.
431 1178 470 1203 De
484 1177 593 1204 materia
606 1178 690 1212 aliqua
703 1177 825 1203 disserere
838 1177 927 1209 Col.2‚
937 1187 983 1209 1,2.
1020 1179 1078 1205 Cic.
1143 1178 1225 1207 fidere
1238 1178 1382 1206 videbitur.
1453 1181 1510 1208 Cic.
1525 1181 1639 1217 Philipp.
1656 1190 1690 1215 11,
1707 1190 1731 1216 15
1753 1184 1789 1209 Ex
1805 1193 1858 1218 qno
1871 1182 1987 1212 iudicare
2003 1187 2120 1222 debetis,
2141 1198 2185 1219 me

47 1215 100 1240 Att.
108 1221 132 1245 9,
140 1221 169 1245 32
185 1214 215 1238 In
225 1212 264 1238 his
276 1222 324 1246 ego
338 1222 380 1239 me
394 1212 631 1239 consultationibus
641 1219 804 1244 exercenS‚et
816 1212 938 1239 disserens
946 1214 975 1240 in
982 1220 1078 1241 vtram-
1142 1223 1197 1241 non
1212 1223 1272 1240 cum
1285 1214 1395 1241 homine
1407 1216 1508 1249 solere,
1528 1217 1571 1244 sed
1590 1227 1650 1244 cum
1672 1219 1746 1244 causa
1760 1219 1886 1246 dissidere.
1976 1221 2048 1249 Idem
2063 1225 2141 1251 Acad.
2155 1234 2186 1258 4,

45 1257 96 1284 que
108 1256 212 1283 partem,
220 1254 274 1274 tum
283 1249 389 1280 Graece,
398 1256 453 1274 tum
462 1249 596 1281 Latine‚et
605 1248 707 1274 abduco
716 1256 855 1282 parumper
867 1249 986 1277 animuin
998 1259 1012 1276 a
1021 1259 1077 1276 mo·
1144 1259 1187 1283 132
1211 1251 1250 1276 De
1262 1259 1314 1284 qua
1327 1250 1374 1284 qui
1389 1251 1515 1285 diffident,
1535 1252 1567 1279 de
1579 1253 1654 1280 omni
1669 1254 1739 1280 vitae
1751 1255 1854 1282 ratione
1867 1255 1994 1284 diffident.
2065 1260 2120 1286 Cic.
2131 1262 2185 1286 Att.

47 1283 135 1310 lestiis.
173 1283 294 1310 idlrusc.
305 1293 324 1316 1,
346 1304 352 1310 .
375 1304 380 1310 .
401 1286 430 1310 In
444 1290 582 1319 vti-amque
596 1290 696 1318 partem
709 1284 792 1310 multa
805 1283 971 1312 disseruntur.
1006 1287 1078 1313 Inter
1096 1298 1128 1322 30
1143 1293 1170 1347 Ξ,
1184 1288 1198 1311 6
1226 1286 1291 1312 Non
1305 1286 1407 1313 retium
1425 1296 1467 1313 nie
1480 1289 1507 1314 in
1520 1289 1598 1315 tantis
1612 1288 1690 1316 rebus
1705 1298 1720 1316 a
1734 1290 1859 1325 Pompeio
1873 1291 1998 1320 diffidere.
2067 1296 2140 1322 Inter
2158 1297 2185 1322 se

44 1328 89 1346 cos
102 1318 229 1345 disseritur
247 1321 318 1345 Idem
335 1320 366 1345 de
381 1321 438 1346 Fin.
452 1329 478 1352 2,
492 1329 513 1352 3.
589 1319 658 1346 Ibid.
673 1329 690 1350 1,
704 1328 732 1352 19
756 1321 796 1345 An
811 1327 897 1353 partus
915 1321 1023 1348 ancillae
1038 1321 1078 1348 sit-
1163 1321 1263 1347 iffident
1281 1327 1307 1348 et
1320 1320 1485 1355 discordant,
1511 1324 1564 1351 uid.
1577 1330 1695 1352 DICORD
1705 1332 1734 1352 Ο.
1777 1327 1833 1353 Cic.
1847 1327 1879 1353 de
1891 1328 1949 1354 Fin.
1965 1337 1974 1355 1
1995 1338 2016 1355 c.
2030 1335 2064 1360 18.
2136 1332 2186 1358 Lc-

44 1364 78 1382 ne
92 1355 119 1381 in
130 1354 218 1381 fructu
237 1354 370 1381 habendus
379 1376 386 1388 ,
404 1355 541 1382 disseretur
560 1356 631 1382 inter
643 1355 775 1389 Principes
795 1356 910 1382 ciuitatis
928 1357 954 1384 P.
969 1357 1078 1384 Scaeuo·
1143 1357 1214 1384 viter
1226 1357 1296 1383 inter
1309 1357 1334 1383 se
1348 1356 1464 1384 diffident
1479 1357 1550 1385 Idem
1563 1360 1615 1386 Att.
1625 1369 1645 1393 1,
1659 1369 1696 1387 io.
1769 1362 1953 1390 Sueton.Tib.
1967 1371 2013 1399 c.7
2034 1366 2103 1392 Cum
2116 1367 2186 1393 Iulia

45 1389 106 1422 lam,
124 1390 293 1425 Marcumque
307 1391 456 1417 Manilium.
528 1391 584 1418 Cic.
599 1391 630 1417 de
644 1391 751 1417 Amicit.
763 1399 790 1423 33
812 1391 908 1418 Audite
921 1401 1003 1424 vcro,
1022 1393 1078 1419 viri
1144 1393 1232 1427 primo
1257 1393 1424 1419 concorditer
1443 1394 1534 1426 vixit3
1573 1403 1636 1421 mox
1654 1395 1776 1428 dissedit,
1800 1404 1827 1424 et
1847 1399 1983 1432 aliquanto
2005 1401 2129 1434 granius,
2155 1409 2184 1429 vt

42 1425 155 1460 optimi,
173 1434 216 1457 ea,
233 1435 300 1461 qnae
317 1426 458 1461 saepissime
477 1426 547 1453 inter
564 1436 606 1453 me
626 1432 651 1452 et
671 1426 820 1461 Scipionem
839 1427 871 1453 dc
892 1428 1007 1454 amicitia
1029 1428 1080 1455 dis·
1143 1428 1222 1455 etiam
1242 1435 1368 1463 perpetuo
1384 1429 1526 1456 recubaret.
1595 1431 1639 1457 Ad
1655 1435 1794 1458 inanimata
1812 1435 1983 1461 translatum:
2018 1436 2083 1463 Plin.
2102 1444 2147 1472 37,
2166 1447 2186 1472 4

43 1460 201 1488 serebantur.
274 1462 364 1489 Vitam
380 1462 491 1489 alicuius
507 1462 628 1489 disserere
641 1463 746 1497 Lampr.
760 1462 788 1488 in
801 1462 875 1489 Alex.
890 1463 948 1489 Seu.
969 1473 990 1489 c.
1004 1472 1044 1496 30.
1097 1477 1126 1504 33
1144 1464 1255 1490 Adamas
1275 1463 1374 1490 diffidet
1393 1473 1453 1491 cum
1471 1470 1591 1500 magnete
1603 1466 1690 1501 lapide
1711 1468 1739 1494 in
1753 1473 1871 1502 tantum,
1890 1475 1919 1496 vt
1932 1470 2006 1496 iuxta
2019 1471 2116 1506 positus
2133 1474 2187 1500 fer-

76 1501 301 1530 DisSERENS,
323 1498 398 1525 entis.
435 1498 529 1525 Partic.
565 1499 624 1525 Cic.
639 1498 692 1524 Att.
705 1506 731 1530 9,
744 1506 771 1531 4.
799 1506 822 1524 et
838 1498 870 1524 de
882 1499 939 1525 Fin.
954 1508 963 1526 1
984 1508 1004 1525 c.
1019 1504 1042 1529 8.
1144 1509 1205 1527 rum
1226 1508 1280 1526 non
1302 1500 1416 1534 patlatur
1437 1500 1559 1528 abstrahi.
1649 1502 1722 1529 Idem
1747 1511 1799 1536 24,
1820 1512 1830 1530 1
1858 1506 1978 1538 Qercus
2002 1513 2028 1532 ct
2052 1507 2110 1534 olea
2131 1513 2188 1536 tam.

79 1539 308 1566 DIssERTio,
326 1534 393 1560 onis.
423 1534 442 1560 f.
478 1533 546 1560 Idem
557 1533 621 1569 quod
633 1532 788 1566 Diſjkrtatio.
826 1533 943 1567 Gell.19‚
958 1543 986 1562 iz
1006 1536 1038 1561 In
1048 1543 1080 1561 ca
1144 1535 1273 1570 pertinaci
1300 1535 1365 1562 odio
1397 1535 1536 1569 dissident,
1573 1541 1603 1564 vt
1629 1537 1711 1565 altera
1743 1538 1772 1565 in
1800 1539 1907 1567 alterius
1939 1541 2030 1568 scrobe
2052 1542 2188 1578 -depaffitae

43 1565 193 1594 dissertione
207 1567 392 1595 huiuscemodi
406 1570 490 1596 sensns
503 1569 548 1595 est.
597 1569 655 1595 vid.
675 1576 694 1595 D
702 1576 712 1595 1
722 1576 734 1596 s
743 1576 755 1596 s
764 1575 782 1595 0
791 1576 810 1595 R
820 1575 842 1595 T
853 1577 863 1596 1
873 1577 902 1596 o.
1143 1571 1301 1597 moriantur.
2051 1580 2053 1583 ’

43 1626 45 1628 .
80 1607 98 1628 1>
107 1610 118 1629 1
128 1609 141 1629 s
151 1609 164 1629 s
173 1610 218 1630 ER
227 1611 320 1637 Tou,
337 1605 402 1631 oris.
429 1614 465 1631 m.
502 1604 580 1639 Apud
591 1605 664 1631 Non.
677 1613 705 1637 4,
718 1611 760 1637 253
781 1605 912 1639 interpres
925 1604 1018 1632 dicitur
1032 1604 1080 1632 ob·
1180 1613 1238 1632 Dis
1247 1612 1260 1631 s
1269 1604 1282 1631 1⁰
1291 1612 1310 1632 D
1319 1612 1335 1632 E
1344 1613 1366 1633 N
1376 1613 1389 1633 s
1398 1626 1407 1640 ,
1425 1606 1500 1633 entis.
1535 1608 1628 1634 Partie.
1666 1606 1833 1642 [διιὲαίμενος]
1876 1610 1932 1636 Cic.
1949 1610 1982 1636 de
1994 1611 2091 1639 Natur.
2106 1613 2189 1640 Deor.

43 1637 112 1665 scuri
124 1637 251 1666 dissertor.
287 1640 365 1667 Gloss.
378 1641 435 1667 Lat.
449 1641 495 1667 Gr.
511 1639 653 1672 Diss'ertor‚
672 1639 775 1673 σοφιςῆς.
1089 1653 1125 1679 40
1145 1649 1155 1667 1
1181 1650 1202 1667 c.
1223 1649 1239 1667 2
1264 1642 1389 1674 Qiornm
1407 1643 1560 1677 opiniones,
1581 1652 1665 1677 quum
1684 1649 1738 1670 tam
1755 1644 1846 1671 variae
1863 1644 1927 1678 sint,
1952 1650 2058 1681 tamque
2078 1648 2148 1675 inter
2161 1650 2190 1676 se

78 1681 281 1707 mssmz'ro,
298 1679 349 1703 are.
386 1675 542 1702 Contcndere.
577 1675 651 1709 Qiid
665 1682 714 1709 ego
735 1683 796 1701 cum
808 1674 857 1701 illo
877 1673 1009 1701 differrem
1027 1683 1080 1701 arn-
1145 1675 1306 1709 diffidentes,
1326 1684 1372 1703 etc.

44 1708 113 1742 plius
125 1710 192 1736 Cato
210 1710 276 1744 apied
288 1711 354 1738 Fest.
384 1720 441 1737 voce
455 1711 565 1737 Citeria.
636 1710 717 1737 Plaut.
731 1710 802 1736 Men.
816 1717 840 1743 ς,
856 1719 882 1742 2,
896 1714 923 1742 58
950 1710 999 1736 Dic
1012 1710 1082 1736 mihi
1181 1718 1200 1736 D
1209 1718 1220 1737 1
1231 1718 1243 1736 S
1253 1717 1265 1736 S
1276 1718 1285 1736 1
1294 1718 1313 1737 D
1322 1719 1332 1738 1
1344 1718 1364 1738 v
1375 1718 1400 1738 Μ
1410 1731 1420 1744 ,
1448 1712 1479 1738 11.
1513 1721 1540 1738 n.
1576 1712 1590 1746 [
1602 1709 1724 1745 διοίςσισις,
1742 1710 1827 1749 ὃιεδριά
1839 1715 1852 1748 ]
1893 1715 2042 1751 D1scordia,
2069 1717 2190 1752 diſjbnfio.

44 1743 111 1769 istnc
122 1744 307 1778 Menaechme,
327 1745 392 1780 qnid
409 1755 457 1772 vos
475 1746 613 1772 dissertatis
627 1746 636 1771 3
665 1750 693 1771 vt
711 1744 799 1771 sciam.
876 1744 944 1770 Geli.
983 1763 990 1770 .
1028 1762 1035 1769 .
1146 1745 1229 1771 Plant.
1242 1746 1303 1772 Mil.
1318 1755 1341 1779 3,
1354 1755 1373 1778 1,
1386 1749 1421 1774 60
1446 1747 1544 1781 Neque
1557 1756 1604 1781 per
1615 1747 1708 1774 vinum
1725 1757 1841 1783 vnquam
1855 1758 1886 1775 ex
1900 1759 1942 1777 me
1957 1752 2046 1778 oritur
2057 1753 2190 1781 dissidium

45 1779 135 1812 Qium
147 1778 180 1805 de
196 1781 351 1815 antiquitate
369 1782 534 1815 quorundam
552 1779 696 1806 verborum
710 1779 917 1816 dissertaremus,
950 1778 974 1802 h.
988 1786 1008 1803 e.
1022 1763 1082 1812 Dis:
1146 1780 1175 1805 in
1192 1781 1328 1807 conuiuio.
1399 1782 1456 1809 Cic.
1475 1782 1507 1808 de
1520 1783 1578 1809 Fin.
1600 1791 1625 1814 1,
1644 1791 1682 1816 44
1706 1784 1744 1810 Ex
1764 1784 1952 1818 cupiditatibus
1973 1786 2052 1820 odia,
2072 1789 2190 1822 dissidia,

36 1814 218 1848 sirtatiom'hus
228 1815 432 1847 contenderemus.
469 1814 542 1848 Cous.
549 1814 622 1839 Idem
636 1821 663 1846 7,
673 1821 703 1845 ¹4
721 1810 876 1838 Ostentandi
890 1816 975 1846 gratia
986 1820 1082 1845 magno
1097 1827 1131 1854 45
1147 1813 1301 1841 discordiae.
1353 1818 1384 1842 Et
1397 1819 1449 1844 Att.
1464 1826 1484 1850 1,
1499 1825 1527 1852 17
1551 1818 1615 1844 Νοη
1628 1817 1780 1845 dissensione
1794 1829 1822 1846 ac
1837 1819 1939 1849 diffidio
1953 1822 2048 1849 vestro.
2110 1825 2189 1859 Prop.

43 1853 175 1873 conuentu
189 1847 329 1874 hominum
343 1848 552 1874 diss‘crtaiierimt.
1147 1857 1174 1881 2,
1190 1858 1228 1882 19,
1243 1853 1269 1877 16
1289 1850 1426 1878 Dissidinm
1439 1852 1517 1879 vobis
1530 1853 1665 1888 proximus
1680 1862 1762 1881 annus
1776 1856 1839 1887 erit,
1853 1855 1887 1881 ad
1898 1863 2016 1883 amantes.
2088 1860 2143 1886 Cic.
2157 1861 2190 1887 de

79 1888 98 1908 D
108 1888 214 1908 ISSER
226 1888 246 1908 Τ
258 1890 331 1908 ANS
341 1902 349 1914 ,
369 1883 445 1909 antis.
481 1883 573 1908 Partic.
608 1882 681 1908 Pacis
696 1881 767 1908 bona
786 1881 918 1907 dissertans
930 1882 999 1908 Tac.
1013 1881 1082 1908 Hist.
1148 1885 1255 1911 Amicit.
1270 1891 1301 1915 80
1327 1895 1349 1913 c.
1364 1896 1392 1914 21
1421 1888 1512 1915 Danda
1532 1897 1613 1922 opera
1631 1889 1681 1920 cst,
1704 1899 1737 1916 ne
1757 1899 1808 1924 qua
1820 1890 1974 1918 Amicorum
1998 1892 2100 1920 dissidia
2115 1895 2192 1922 fiant.

43 1925 72 1950 4,
85 1919 128 1949 69,
144 1925 164 1943 1.
235 1917 329 1944 Nodos
346 1923 448 1944 tenaces
464 1917 535 1944 tedia
555 1918 656 1952 rumpit
677 1917 767 1951 regula
781 1916 877 1943 Infesta
890 1917 1083 1944 dissertantibus
1148 1922 1192 1948 AI.
1213 1921 1339 1947 Discidia.
1411 1925 1442 1950 Et
1461 1933 1481 1950 c.
1496 1931 1513 1957 7
1539 1925 1614 1957 Qiae
1632 1924 1725 1950 domus
1742 1930 1796 1951 tam
1815 1925 1931 1959 stabilis,
1957 1936 2024 1961 quae
2041 1934 2095 1955 tam
2112 1930 2192 1958 firma

41 1953 121 1980 trud.
135 1951 232 1986 Apoth.
244 1953 327 1987 praef.
341 1954 366 1985 Ξ,
382 1960 426 1989 27.
946 1987 950 1991 .
1149 1956 1240 1982 ciuitas
1253 1956 1305 1988 est,
1324 1966 1391 1991 quae
1404 1967 1458 1984 non
1473 1959 1542 1984 odiis
1556 1965 1634 1992 atque
1647 1959 1753 1986 dissidiis
1771 1960 1891 1987 funditus
1905 1961 1979 1995 possit
1996 1965 2089 1990 euerti.
2146 1967 2192 1992 Ci-

79 1994 98 2014 1>
108 1995 119 2013 1
129 1994 215 2014 SSER
225 1994 335 2015 TATO
345 1995 364 2014 R
375 2007 383 2020 ‚
403 1988 467 2014 oris.
503 1997 539 2015 m.
574 1988 701 2015 Occurrit
721 1987 842 2015 dubitans
862 1987 906 2014 hic
925 1986 1084 2021 dissertator,
1099 2003 1131 2029 50
1147 1991 1203 2018 vile
1221 1990 1351 2018 dissidium
1371 1993 1511 2019 Claudian.
1530 1993 1561 2019 de
1574 1993 1639 2020 Bell.
1653 1995 1723 2021 Gild.
1740 2003 1801 2027 242.
1836 1997 1879 2022 Al.
1894 1996 2050 2024 Discidium.
2121 2002 2192 2028 Iusta

45 2028 71 2051 et
84 2021 150 2049 illud
163 2022 268 2049 Obiicit
286 2023 362 2050 Prud.
375 2023 538 2058 Apoth.782.
1149 2025 1262 2057 dissidia,
1287 2027 1341 2053 vid.
1365 2034 1404 2054 iv
1413 2034 1426 2053 s
1435 2036 1456 2055 T
1466 2036 1486 2055 v
1496 2035 1518 2055 s.
1590 2029 1659 2055 Dare
1679 2029 1809 2056 dissidium
1829 2031 1947 2064 Propert.
1963 2040 1983 2064 1,
1995 2041 2027 2065 11,
2041 2039 2080 2064 28.
2136 2037 2192 2063 Na-

72 2061 370 2091 'DlssERTATiQ
394 2059 461 2086 onis.
496 2060 516 2086 f.
553 2058 619 2085 Plin.
634 2067 679 2091 10,
697 2061 729 2089 68
757 2060 926 2093 Qiapropter
946 2059 1083 2093 ingenium
1149 2062 1255 2089 scuntur
1274 2062 1389 2094 dissidia,
1415 2063 1469 2090 vid.
1488 2069 1588 2090 NAsC
1599 2070 1656 2089 OR.
1764 2064 1896 2098 Diffl‘runt
1915 2067 2053 2094 Dislidium
2072 2077 2096 2096 ec
2108 2072 2182 2099 Disci

44 2094 255 2129 praedicioriiin,
281 2100 307 2121 et
326 2094 429 2129 reliqua
449 2094 567 2122 subtexat
585 2094 738 2121 dissertatio.
807 2094 875 2122 Add.
895 2094 962 2120 Gell.
984 2103 1034 2127 10,
1054 2103 1082 2127 4.
1150 2097 1247 2128 dium;
1279 2097 1343 2132 quod
1360 2098 1508 2125 Discidium
1528 2097 1560 2131 est
1578 2096 1720 2131 Dzstrafsio
1739 2107 1883 2135 corporum,
1909 2104 1949 2129 vel
1972 2104 2039 2138 quast
2061 2114 2193 2142 corporum

46 2137 70 2157 et
89 2138 140 2165 17,
165 2138 206 2162 13.
1148 2142 1201 2159 cnm
1228 2133 1267 2158 vel
1275 2131 1331 2166 fine
1345 2132 1484 2166 dissensione
1502 2137 1640 2160 animorum
1655 2144 1663 2159 :
1703 2134 1842 2172 Diffidium
1862 2143 1942 2165 autem
1961 2139 2079 2173 Dzſjc'hfio
2098 2146 2191 2170 animo-

81 2171 383 2193 DlsSERTABVND
394 2172 415 2192 v
427 2173 457 2198 s,
475 2174 507 2198 3,
527 2174 582 2192 um.
618 2165 712 2192 Partic.
749 2167 801 2201 Qi
819 2164 924 2199 cliffirit.
968 2165 1037 2191 Gell.
1075 2183 1082 2191 .
1102 2177 1131 2205 55
1149 2176 1219 2198 rum,
1236 2176 1289 2193 cum
1306 2169 1346 2194 vel
1357 2168 1414 2202 fine
1432 2166 1593 2201 distractione
1608 2175 1748 2205 corporum.
1808 2171 1868 2199 Vid.
1890 2179 1977 2200 Disc
1988 2182 1997 2201 1
2008 2181 2026 2201 D
2037 2182 2047 2201 1
2059 2182 2080 2203 v
2091 2183 2117 2204 M
2143 2179 2194 2215 sub

92 2220 99 2227 .
135 2201 254 2236 Eumque
267 2201 296 2227 in
308 2210 405 2228 corona
417 2201 573 2228 adstantium
586 2199 809 2228 dissertabundum
821 2201 981 2227 inuenimus.
1149 2210 1188 2230 Di
1199 2209 1211 2228 S
1219 2209 1284 2229 C1N
1294 2209 1313 2229 D
1323 2210 1342 2230 o
1352 2222 1358 2229 .

54 2262 56 2265 ,
81 2242 290 2270 nisERTvs,
308 2245 332 2270 a,
353 2247 406 2263 11111.
433 2237 492 2263 Adi.
527 2236 636 2271 [Mysos²
651 2234 777 2271 ἐυφρωδὴς,
791 2236 913 2270 olan-5205]
950 2238 1001 2271 ‚Qui
1006 2235 1084 2272 probe
1186 2243 1466 2272 nissmENTiA,
1485 2247 1525 2266 ae.
1550 2240 1570 2266 f.
1608 2238 1749 2277 [διαφοροὲ]
1783 2242 1927 2278 Discordia.
1962 2244 2030 2272 Plin.
2043 2254 2114 2281 29‚4
2133 2248 2193 2281 1123

48 2270 158 2304 diffirn,
182 2273 347 2307 eleganterque
361 2279 466 2304 narrat,
482 2282 529 2299 non
544 2274 587 2308 qui
599 2271 734 2306 di'JJcritur.
777 2273 862 2298 Varro
883 2272 915 2298 de
927 2272 956 2298 L.
965 2273 994 2299 L.
1009 2281 1041 2306 57
1060 2281 1085 2306 p.
1150 2273 1311 2300 Dominante
1329 2274 1420 2301 eadem
1433 2275 1480 2302 illa
1494 2284 1584 2303 rerum
1599 2276 1753 2308 diffidentia.

44 2313 72 2340 52
85 2314 130 2342 pr.
156 2307 227 2335 Nam
240 2313 268 2334 vt
280 2308 364 2334 olitoi·
376 2308 474 2335 disserit
487 2308 516 2334 in
529 2316 600 2334 areas
618 2308 658 2334 sui
673 2308 800 2342 cuiusque
815 2308 917 2342 generis
931 2316 987 2340 res,
1007 2307 1039 2334 fic
1054 2309 1083 2334 in
1186 2316 1245 2336 DIS
1255 2317 1267 2336 S
1277 2317 1286 2336 1
1296 2316 1347 2336 GN
1356 2316 1391 2342 0,
1418 2314 1472 2337 are.
1511 2318 1562 2347 pro
1581 2311 1732 2348 Degfigmre,
1755 2313 1890 2349 aliquando
1903 2314 2045 2350 scribitur,
2072 2320 2145 2344 etiam
2165 2321 2195 2344 in

47 2343 168 2368 oratione
187 2344 234 2377 qui
246 2342 325 2376 facit,
344 2343 456 2373 disertus
473 2343 579 2370 dicitur.
650 2343 706 2370 Cic.
721 2344 773 2369 Att.
790 2352 828 2376 10,
843 2353 853 2369 1
880 2343 957 2370 Celer
971 2350 1029 2369 tuus
1045 2344 1084 2369 di-
1105 2351 1140 2376 60
1151 2344 1308 2371 deriuatim's.
1361 2346 1460 2372 Arnob.
1475 2354 1485 2372 1
1505 2356 1530 2380 p.
1545 2355 1576 2380 39
1597 2348 1654 2374 Nec
1669 2348 1852 2383 imputandum
1865 2351 1967 2384 putauit
1978 2370 1985 2381 ‚
2004 2352 2070 2386 quid
2082 2353 2196 2380 illorum

46 2377 128 2404 sertus
141 2377 177 2404 est
190 2379 288 2412 magis,
308 2388 387 2413 quam
401 2380 508 2414 sapiens.
551 2379 668 2406 Disertos
681 2388 724 2405 me
736 2379 856 2413 cognosse
869 2379 1010 2406 nonnullos
1024 2379 1084 2405 scri·
1150 2380 1301 2414 diffignassct
1315 2380 1430 2407 audacia.
1481 2381 1555 2444 Corsis.
1569 2389 1587 2417 7
1609 2392 1634 2417 p.
1649 2391 1699 2416 215.
1730 2390 1753 2410 et
1766 2384 1912 2416 symmach.
1924 2386 2002 2420 Epist.
2019 2395 2056 2417 10,
2069 2396 2092 2413 2.
2129 2388 2195 2414 Stat.

47 2413 100 2448 psi,
123 2413 289 2448 eloquentem
312 2414 396 2441 adhuc
417 2415 570 2441 neminem:
602 2414 676 2449 quod
695 2424 757 2440 eum
777 2414 921 2441 statuebam
940 2415 1084 2447 disertum,
1149 2416 1241 2443 Theb.
1257 2424 1276 2446 1,
1289 2424 1333 2447 310
1352 2416 1409 2443 Nec
1421 2425 1506 2449 mora,
1529 2416 1643 2444 ublimes
1654 2419 1751 2453 raptim
1764 2428 1810 2454 per
1821 2420 1900 2447 inane
1911 2422 2015 2447 volatus
2046 2423 2149 2456 Carpit,
2164 2428 2194 2450 et

47 2449 96 2483 qui
108 2450 188 2482 posset
201 2450 260 2476 satis
277 2455 351 2476 acute
363 2456 442 2484 atque
454 2450 569 2476 dilucide
588 2450 656 2484 apud
669 2449 816 2477 mediocres
832 2450 954 2476 homines
970 2458 1001 2475 ex
1015 2459 1084 2476 com-
1149 2451 1251 2486 ingenti
1272 2451 1388 2485 dissignat
1408 2452 1500 2479 nubila
1519 2462 1601 2487 gyro,
1631 2457 1649 2480 i.
1669 2455 1809 2491 Dispqsciss
1830 2463 1860 2482 vc
1878 2456 1959 2482 orbita
1973 2459 2001 2481 in
2015 2459 2050 2482 iis
2063 2464 2193 2493 appareat.

48 2485 125 2510 muni
138 2484 249 2518 quadam
264 2482 404 2512 hominnm
418 2485 546 2519 opinione
561 2485 647 2512 dicere
661 2496 666 2511 ι
693 2485 861 2520 eloquentem
876 2494 941 2511 vero
951 2505 957 2516 ‚
977 2486 1023 2520 qui
1036 2485 1085 2511 mi-
1148 2488 1191 2514 Ita
1205 2493 1283 2513 autem
1300 2486 1411 2514 emendat
1425 2488 1546 2516 Barthius
1557 2491 1585 2515 in
1598 2489 1728 2515 Comment.
1741 2498 1771 2524 p.
1784 2500 1827 2524 94.

49 2518 160 2545 rabilius
179 2525 206 2545 ct
223 2520 433 2554 magnificentius
451 2529 544 2555 augere
563 2521 658 2555 posset,
681 2527 759 2555 atque
784 2529 879 2561 ornare
905 2529 972 2555 quae
991 2521 1085 2561 vellet,
1102 2531 1134 2564 63
1186 2528 1474 2556 DissiGNAT10‚
1495 2524 1562 2564 sinis.
1599 2524 1620 2549 f.
1655 2524 1732 2557 Apud
1749 2524 1850 2550 Arnob.
1861 2532 1879 2559 7
1899 2534 1923 2559 p.
1938 2533 1994 2561 217.

50 2562 192 2589 omnesque
207 2556 326 2581 omnium
339 2565 443 2589 rerum,
464 2564 529 2591 quae
543 2556 575 2583 ad
590 2556 731 2583 dicendum
743 2562 905 2590 pertinerent
924 2556 1010 2582 fontes
1029 2562 1085 2583 ani·
1186 2564 1204 2583 D
1214 2565 1224 2583 1
1233 2564 1245 2583 s
1255 2564 1267 2584 S
1277 2565 1285 2583 1
1295 2564 1317 2584 G
1327 2564 1349 2582 N
1359 2564 1381 2583 A
1390 2565 1412 2583 Τ
1422 2564 1441 2583 0
1450 2565 1468 2584 R
1477 2577 1485 2590 ‚
1503 2566 1567 2584 oris.
1603 2567 1638 2583 m.
1674 2560 1726 2593 ‚Qui
1737 2560 1881 2595 plerumque
1893 2560 2048 2595 Designator
2055 2561 2192 2598 scribitur.

51 2598 96 2616 mo
109 2598 139 2616 ac
150 2590 279 2617 memoria
293 2591 448 2618 contineret.
488 2592 566 2618 Verba
579 2592 642 2628 sunt
654 2594 763 2621 Antonii
784 2592 850 2627 apud
863 2593 918 2619 Cic.
931 2592 963 2618 de
975 2592 1050 2618 Orat.
1065 2601 1085 2624 1,
1150 2592 1231 2618 Plaut.
1245 2593 1322 2618 Pocn.
1337 2592 1403 2626 prol.
1418 2601 1446 2624 19
1467 2593 1529 2618 Neu
1542 2591 1691 2626 dissignator
1704 2600 1806 2627 praeter
1825 2603 1854 2621 os
1874 2595 2037 2623 obambulet.
2081 2599 2138 2624 ls'ia'.
2156 2599 2194 2625 ibi

48 2633 95 2658 94.
150 2627 241 2661 Nempe
251 2626 277 2659 fi
294 2627 356 2652 idem
368 2628 436 2654 homo
450 2634 473 2653 et
487 2627 598 2654 disertus
609 2627 662 2661 fit,
680 2634 704 2654 et
716 2625 820 2659 clo-fias,
839 2634 862 2653 et
869 2628 985 2663 Jizpiens,
1005 2630 1029 2653 is
1047 2627 1085 2652 a'e-
1155 2627 1308 2654 Tizuhmann.
1324 2628 1401 2652 Pareo
1415 2627 1478 2652 idem
1491 2626 1539 2660 est,
1557 2630 1600 2663 qui
1612 2629 1741 2655 Locarius.
1797 2631 1855 2656 Vei.
1870 2631 1989 2666 inscript.
2008 2632 2075 2668 apud
2086 2634 2193 2661 Gruter.

50 2669 116 2686 mum
126 2659 266 2694 Eloquens.
336 2662 391 2688 Cic.
409 2663 437 2688 in
449 2663 523 2688 Orat.
538 2671 561 2693 13
581 2672 602 2688 c.
618 2670 630 2694 ς
649 2664 688 2688 Ita
700 2668 726 2688 et
741 2662 826 2687 11οᾶὶί5
841 2663 991 2695 eloquentia
1006 2670 1086 2695 popu.
1150 2671 1176 2696 p.
1191 2669 1240 2695 ²70
1268 2671 1293 2687 11.
1312 2664 1329 2687 6
1363 2662 1386 2686 Ι)
1399 2662 1411 2687 Ι
1426 2663 1440 2688 S
1456 2661 1470 2688 S
1484 2663 1495 2689 I
1511 2663 1534 2688 G
1548 2663 1576 2689 N
1590 2663 1612 2689 A
1624 2663 1654 2689 T
1666 2664 1691 2690 O
1703 2664 1726 2691 R
1761 2665 1776 2690 S
1789 2665 1811 2690 C
1824 2667 1846 2691 A
1858 2666 1877 2691 E
1893 2667 1920 2693 N
1932 2668 1954 2692 A
1967 2668 1999 2693 R.
2071 2670 2102 2695 In
2122 2670 2194 2697 Ter-

49 2694 129 2728 laris,
147 2702 173 2722 et
191 2695 294 2722 disertis
313 2697 415 2731 elegans
429 2696 550 2722 doctrina
569 2696 662 2722 defuit.
729 2696 842 2728 Decios,
867 2696 1024 2731 Philosophos
1044 2702 1086 2730 ap-
1101 2710 1137 2737 70
1150 2697 1264 2722 tulliano
1280 2696 1312 2723 de
1326 2695 1438 2730 Spcfhic.
1460 2707 1480 2723 c.
1497 2706 1526 2724 10
1554 2697 1619 2734 quod
1633 2699 1765 2724 frobenius
1783 2700 1941 2735 Dissignator
1956 2702 2045 2735 edidit,
2064 2705 2195 2740 Rigaltiut

45 2731 140 2765 pellat,
156 2734 199 2766 qui
211 2733 354 2766 popularem
370 2733 528 2766 eloquentiam
544 2732 672 2766 negligunt
685 2741 692 2754 .-
723 2731 840 2756 Disertos
860 2741 917 2758 vero
936 2738 1007 2757 vocat
1022 2732 1087 2757 Ora·
1150 2732 1305 2766 Designator
1325 2731 1460 2767 exprejffiw
1496 2734 1528 2758 Et
1546 2736 1584 2758 ita
1601 2739 1673 2759 vetus
1693 2734 1847 2761 scholiastes
1867 2739 1921 2764 uult
1941 2739 2008 2773 apud
2026 2739 2143 2766 Tor-rent.
2160 2740 2195 2766 ad

49 2771 136 2798 tores,
156 2770 199 2802 qui
216 2767 417 2802 tatztzcmforeusi
428 2766 556 2801 facultate
572 2766 670 2792 dicendi
687 2764 821 2798 instrasti,
838 2766 1019 2802 thlofhphiizm
1037 2776 1085 2792 non
1150 2769 1244 2794 Horat.
1260 2767 1338 2801 Epist.
1358 2776 1376 2797 1,
1389 2775 1416 2801 7,
1429 2769 1454 2793 6.
1510 2767 1667 2802 Dissignator
1686 2772 1760 2796 ctiam
1765 2771 1860 2807 scribit
1873 2773 1978 2808 Lipfius,
1992 2778 2035 2809 qui
2046 2774 2075 2801 de
2089 2778 2123 2801 iis
2137 2779 2195 2813 agit

48 2803 198 2837 attigerunt.
237 2801 310 2836 Cvnf.
325 2801 453 2835 Qiine'til.
467 2809 585 2836 prooem.
597 2806 619 2831 8.
674 2801 723 2827 Fac
738 2806 839 2827 tantum
851 2802 977 2836 incipias,
996 2802 1087 2835 sponte
1149 2802 1179 2828 de
1192 2802 1323 2842 Amphiurh.
1340 2812 1374 2836 ¹5·

51 2835 160 2863 disertus
173 2837 225 2862 eris
237 2837 318 2863 Ouid.
333 2840 389 2866 Art,
402 2838 460 2864 Am.
477 2846 497 2869 i,
510 2839 566 2863 610.
638 2836 731 2862 Horat.
745 2837 824 2870 Epist.
841 2845 860 2867 1,
874 2844 896 2868 ς,
915 2845 942 2868 19
968 2836 1086 2862 Fccundi
1188 2844 1206 2864 D
1217 2845 1246 2864 is
1256 2845 1268 2864 s
1279 2846 1288 2863 1
1300 2843 1380 2869 LiO,
1400 2837 1445 2870 ni,
1470 2844 1494 2863 ee
1511 2838 1562 2870 sui,
1581 2838 1677 2872 ultum,
1696 2843 1744 2867 ire.
1769 2839 1928 2876 [διαπηδοῖω]
1966 2845 1996 2870 ln
2012 2843 2123 2879 diuersas
2131 2852 2194 2881 par.

51 2871 143 2898 calices
162 2880 242 2906 quem
262 2881 317 2898 non
337 2872 424 2900 fece‘re
442 2872 568 2899 disertum
582 2872 591 2898 3
661 2871 717 2897 Cic.
736 2880 785 2905 pro
797 2872 890 2898 Caelio
904 2875 939 2906 67
958 2880 979 2897 c.
994 2876 1024 2901 28
1046 2871 1085 2897 Ad
1105 2883 1138 2911 73
1152 2879 1188 2899 tes
1198 2873 1277 2908 fizlire
1290 2882 1297 2897 .-
1331 2872 1427 2906 virgil.
1440 2874 1505 2899 Aen.
1521 2882 1543 2906 3,
1558 2877 1607 2907 416
1633 2876 1704 2901 Haec
1721 2876 1779 2902 loca
1796 2878 1825 2904 vi
1842 2878 1989 2912 quondam,
2009 2887 2034 2906 ct
2049 2881 2118 2907 vasta
2132 2890 2194 2907 con-

51 2907 144 2934 vinum
156 2907 266 2934 disertos
280 2908 406 2942 appellat,
423 2909 470 2942 qui
483 2907 515 2934 ad
530 2908 608 2934 serias
622 2907 706 2933 causas
719 2907 829 2940 agendas
843 2907 941 2941 inepti,
958 2907 1029 2933 inter
1042 2916 1087 2941 po·
1153 2907 1224 2934 vulsa
1242 2908 1320 2934 ruina
1354 2908 1490 2935 Dissiluisse
1510 2910 1620 2942 ferunt,
1659 2911 1684 2937 h.
1706 2920 1726 2937 e.
1748 2913 1884 2940 Disz'unfla
1896 2913 1993 2950 fuisti,
2025 2922 2049 2941 et
2064 2917 2194 2951 stparata.

53 2943 110 2970 cula
123 2943 205 2969 multa
217 2943 351 2977 garriunt,
370 2943 416 2969 vbi
429 2943 497 2969 nihil
510 2952 584 2979 opus.
654 2943 722 2968 Ter.
737 2943 801 2969 Eun.
816 2950 845 2975 ς,
860 2951 929 2977 7,10
952 2943 986 2968 At
1006 2943 1086 2970 etiam
1152 2943 1223 2977 Ignis
1244 2943 1350 2970 dissiluit
1370 2944 1415 2970 Sil.
1435 2946 1479 2976 16,
1522 2963 1528 2970 .
1578 2965 1584 2971 .
1676 2946 1767 2973 Gratia
1787 2948 1820 2975 sic
1840 2949 1954 2976 fratrum
1972 2950 2077 2977 dissiluit
2098 2953 2194 2978 Horat.

54 2978 141 3013 primo
156 2978 278 3005 callidum
293 2984 319 3005 et
331 2979 456 3005 disertum
470 2977 570 3004 credidi
584 2978 726 3004 hominem.
761 2978 802 3005 hic
813 2980 922 3005 Dacsria
933 2985 1025 3011 monet,
1041 2979 1087 3005 Di·
1152 2979 1231 3013 Epist.
1246 2988 1265 3011 1,
1282 2985 1317 3011 18,
1332 2987 1373 3012 42.
1445 2981 1566 3014 Corpora
1584 2980 1716 3008 dissiluere
1733 2983 1837 3010 Lueret.
1853 2994 1874 3017 1,
1886 2987 1940 3017 336.
2004 2986 2099 3012 Dissilit
2114 2996 2194 3013 omne

53 3013 149 3041 sertum
166 3023 214 3040 non
233 3013 275 3046 effe
287 3016 453 3049 Eloquentem‚
467 3014 514 3050 scd
528 3013 657 3046 Asianum,
686 3016 729 3049 qui
751 3024 799 3040 non
814 3014 897 3048 facile
915 3013 980 3050 falli
998 3013 1088 3048 potest.
1152 3015 1239 3041 solum
1257 3014 1338 3041 Ouid.
1356 3015 1422 3041 Met.
1443 3024 1475 3055 2,
1497 3018 1555 3042 260.
1590 3017 1615 3043 h.
1630 3026 1649 3043 e.
1673 3017 1792 3045 Finditur
1804 3027 1868 3055 prae
1879 3020 2010 3053 siccitate,
2029 3027 2053 3047 et
2071 3023 2194 3058 Dehiscit.

40 3048 177 3087 'Epilogus
195 3049 305 3076 disertus
323 3050 378 3076 Cic.
392 3051 444 3076 Att.
458 3059 492 3083 4,
513 3058 551 3082 14.
646 3049 750 3075 Literae
767 3050 877 3076 disertae
894 3051 967 3076 Idem
981 3050 1052 3075 Fam.
1066 3059 1089 3082 3,
1101 3057 1134 3083 80
1152 3051 1272 3084 crepare,
1286 3051 1384 3086 frangi
1396 3060 1404 3075 .·
1430 3051 1528 3085 virgil.
1542 3052 1638 3086 Georg.
1650 3060 1679 3085 3,
1692 3055 1737 3086 363
1760 3057 1882 3089 Aeraque
1901 3055 2026 3082 dissiliunt
2046 3057 2143 3092 vulgo,
2172 3061 2192 3083 i.

59 3090 91 3109 11.
132 3100 138 3103 -
156 3084 211 3112 Cic.
223 3084 254 3111 dc
266 3086 357 3112 Diuin.
373 3094 394 3118 1,
409 3088 455 3112 106
479 3084 623 3111 Difficultas
636 3084 763 3119 laborque
775 3085 891 3111 discendi
905 3085 1026 3111 disertam
1035 3085 1089 3112 Ne·
1152 3085 1241 3121 Paffim
1260 3092 1370 3121 crepant.
1409 3085 1475 3112 Nam
1494 3094 1545 3113 tam
1560 3090 1634 3114 nimio
1641 3089 1758 3125 frigore,
1777 3099 1847 3124 quam
1866 3092 1946 3116 calore
1960 3100 2018 3117 aera
2036 3100 2195 3127 rumpuntur.

57 3118 206 3153 gligentiam
224 3120 346 3147 reddidit.
420 3121 486 3148 Puer
498 3120 607 3147 disertus
627 3120 762 3155 leporum,
780 3130 809 3147 ac
823 3121 979 3147 facetiarum
992 3121 1088 3147 Catull.
1154 3121 1231 3155 Apul.
1247 3121 1279 3147 de
1292 3121 1395 3148 Mundo
1413 3130 1439 3157 p.
1453 3129 1512 3156 730,
1526 3131 1537 3155 3
1558 3123 1629 3150 Flor.
1656 3124 1834 3157 Chasmatiae,
1847 3135 1962 3160 quorum
1976 3127 2089 3160 impulsu
2104 3128 2194 3153 dissilit

57 3160 127 3186 ¹2,9.
220 3156 275 3182 Cic.
287 3155 318 3182 dc
330 3157 403 3184 Orat.
418 3166 435 3187 1,
446 3165 488 3189 231
509 3164 572 3189 c.54
592 3156 717 3183 Siciliam
731 3157 882 3183 orationem
894 3156 1017 3183 disertam
1035 3156 1088 3182 sibi
1153 3157 1238 3183 tellus.
1315 3158 1347 3184 Et
1364 3166 1389 3192 p.
1403 3164 1473 3192 747,
1493 3166 1522 3191 19
1555 3159 1708 3187 Immodieis
1730 3161 1891 3188 tremoribus
1910 3167 2041 3188 terrarum
2063 3162 2194 3189 dissiluiffe

62 3195 88 3214 et
103 3190 244 3217 oratoriam
261 3192 363 3227 videri,
384 3193 481 3219 fortem
502 3198 528 3218 et
547 3192 654 3218 virilem
673 3201 727 3218 non
738 3192 834 3219 videri.
929 3192 1030 3218 Vmbra
1050 3191 1089 3218 di·
1152 3192 1272 3218 humum.

62 3223 128 3249 serta
138 3225 216 3252 Ouid.
230 3235 261 3252 ex
275 3228 356 3254 Ponto
369 3235 394 3260 2,
413 3237 439 3260 2,
458 3237 513 3254 100.
543 3230 562 3254 ι’.
580 3230 662 3253 anima
676 3231 763 3262 patris
780 3231 834 3260 tui,
851 3230 959 3254 oratoris
981 3229 1090 3263 cloquen-
1107 3233 1137 3262 35
1190 3235 1209 3255 D
1221 3235 1229 3253 1
1240 3234 1403 3261 SSVLTO,
1423 3231 1475 3255 Ere.
1513 3228 1589 3255 Idem.
1624 3229 1690 3256 Plin.
1703 3238 1743 3264 37,
1755 3239 1775 3263 4
1792 3231 1821 3257 de
1840 3231 1984 3264 adamante,
2003 3231 2145 3259 incudibus
2163 3233 2196 3260 hi

63 3256 153 3291 tiffimi.
218 3262 390 3297 Eloquentior
405 3264 457 3289 fuit
471 3269 497 3289 ct
510 3262 635 3289 disertior
646 3264 762 3289 Socrates
781 3264 837 3290 Cic.
853 3263 884 3290 de
897 3264 971 3289 Orat.
984 3271 996 3295 3
1016 3272 1037 3289 c.
1051 3272 1089 3294 32.
1155 3263 1401 3298 deprehenduntur,
1419 3263 1456 3290 ita
1474 3265 1622 3298 respuentes
1642 3265 1741 3297 16111111,
1761 3272 1789 3292 vt
1809 3267 1911 3294 ferrum
1925 3268 2050 3302 virinque
2064 3268 2196 3300 dissultet,

63 3293 186 3326 Apertior
197 3295 242 3323 ista
253 3298 377 3325 sententia
391 3300 441 3332 cst,
460 3306 485 3325 et
500 3298 623 3325 disertior
643 3299 700 3325 Scn.
714 3300 759 3334 Ep.
775 3308 812 3326 21.
895 3299 1011 3325 Alterius
1027 3299 1091 3325 salu·
1154 3299 1315 3333 incudesque
1329 3299 1409 3325 etiam
1423 3300 1493 3333 ipsae
1506 3300 1636 3326 dissiliant.
1707 3302 1802 3335 Virgil.
1811 3304 1875 3329 Aen.
1891 3311 1928 3334 12,
1943 3311 1989 3334 923
2011 3304 2066 3329 Nec
2079 3304 2195 3331 fulmine

63 3327 167 3354 briores
183 3337 252 3358 erant
271 3335 423 3366 conciones,
442 3334 550 3361 alterius
571 3334 720 3361 disertiores
733 3336 820 3361 Valer.
835 3334 904 3360 MaX.
920 3339 943 3366 8,
956 3342 981 3367 9,
996 3343 1007 3360 1
1026 3341 1090 3362 extr.
1155 3336 1221 3361 tanti
1257 3335 1394 3361 Dissultant
1406 3335 1529 3369 crepitus.
1622 3335 1750 3370 Splendor
1763 3346 1845 3372 aquae
1861 3338 1974 3364 radiatus
1992 3338 2111 3372 lampade
2125 3340 2195 3366 Solis

63 3363 192 3389 Omnium
202 3365 308 3394 Graecae
322 3370 425 3404 linguae
438 3370 588 3405 eloquentia
601 3369 776 3397 disertissimus
789 3371 858 3404 Nep.
868 3378 894 3404 7,
909 3378 934 3401 2,
947 3378 965 3396 i.
1156 3370 1276 3397 Diss'ultat
1288 3379 1334 3405 pei·
1347 3369 1414 3396 tcissa
1434 3370 1478 3396 Sil.
1494 3378 1519 3405 7,
1533 3379 1585 3404 143.
1657 3373 1835 3406 Concursare,
1856 3374 1927 3399 coire
1936 3390 1945 3405 ,
1968 3379 1995 3399 et
2008 3373 2139 3401 dissultare
2152 3376 2194 3403 vi.

93 3402 414 3439 ‘piscarissimvffi
434 3414 463 3438 a,
490 3415 543 3432 um.
579 3405 639 3432 Adi.
676 3404 860 3439 [λογιώτατος]
897 3405 993 3432 Catuli.
1013 3413 1060 3441 47,
1080 3415 1090 3432 1
1112 3406 1235 3445 90ciffim
1249 3407 1351 3432 Lucrct.
1374 3414 1400 3438 3,
1418 3408 1475 3438 396.
1924 3441 1930 3445 ,

64 3434 234 3460 Disertissime
244 3436 349 3466 Romuli
367 3447 501 3475 nepotum.
572 3441 756 3467 Disertissimus
773 3448 865 3468 orator
879 3441 963 3473 Lysias
983 3441 1039 3468 Cic.
1059 3441 1092 3468 de
1194 3449 1212 3469 D
1227 3450 1236 3468 1
1252 3449 1264 3467 s
1280 3450 1292 3468 s
1306 3450 1315 3468 1
1331 3449 1355 3468 M
1370 3440 1382 3467 i
1396 3448 1431 3467 LI
1446 3448 1476 3473 s,
1501 3450 1524 3467 e.
1560 3441 1621 3468 Adi.
1657 3441 1803 3476 [οἶνόμοισς]
1841 3443 1897 3468 Non
1905 3443 2006 3475 erilis.
2043 3445 2110 3472 Tcr.
2126 3445 2194 3480 prol.

65 3469 139 3496 Orat·
157 3478 166 3495 ¹
188 3479 209 3496 (-
223 3478 264 3504 54-
328 3475 439 3509 Epistola
450 3476 610 3503 disertissima
626 3476 700 3503 Idem
713 3478 765 3503 Att.
779 3484 806 3511 7,
819 3486 829 3502 1
848 3480 879 3508 (2
892 3480 985 3509 exta).
1158 3477 1238 3504 Andr.
1255 3485 1278 3504 11
1299 3478 1364 3504 Non
1384 3477 1419 3503 ita
1432 3476 1548 3503 dislimili
1564 3478 1621 3504 sunt
1633 3484 1802 3512 argumento,
1821 3476 1864 3503 sed
1877 3484 1964 3504 tamen
2000 3479 2124 3507 Dissimili
2137 3490 2196 3509 ora-

102 3511 282 3532 DISERTE.
316 3509 380 3538 Adu.
415 3513 585 3546 [ἐλλογίμω]
629 3513 739 3538 Facunde
759 3519 782 3538 et
801 3513 944 3547 eloquenter.
982 3513 1038 3539 Cic.
1058 3512 1091 3539 de
1157 3514 1232 3540 tione
1256 3514 1313 3539 sunt
1343 3512 1427 3539 fassae
1448 3521 1477 3538 ac
1499 3512 1567 3538 stilo.
1671 3515 1746 3539 Aetas
1767 3512 1893 3539 dissimilis
1911 3513 2000 3540 Tacit.
2016 3517 2082 3542 Anu.
2103 3525 2134 3549 2,
2153 3525 2196 3550 39.

67 3541 140 3567 Orat.
151 3549 190 3573 44
215 3549 236 3565 c.
250 3549 278 3567 10
303 3541 418 3580 Denique
435 3554 462 3573 vt
475 3547 646 3582 prudentibus
665 3547 775 3579 diserte,
789 3548 872 3574 stultis
887 3548 966 3574 etiam
980 3557 1043 3574 vere
1054 3547 1093 3574 di·
1159 3549 1310 3575 Animantcs
1332 3547 1489 3575 extrinsecus
1510 3547 1641 3575 dissimiles
1666 3549 1767 3574 Lucret.
1788 3557 1814 3580 4.
1920 3548 2027 3584 Effigiae
2047 3552 2196 3580 formarum

67 3584 126 3603 cere
139 3576 263 3602 videaris·
318 3577 389 3614 Conf-
407 3581 476 3616 Nep.
489 3590 529 3617 ις,
544 3591 566 3615 3,
583 3591 602 3609 1.
705 3584 799 3610 Causas
819 3592 896 3618 agere
909 3584 1038 3610 Cicerone
1054 3584 1093 3610 di·
1110 3594 1142 3620 95
1159 3584 1291 3610 dissimiles
1311 3583 1384 3611 Idem
1402 3592 1428 3616 4,
1449 3591 1499 3615 103.
1605 3585 1701 3618 Figura
1714 3582 1841 3609 dissimilis
1861 3583 1964 3611 Liicret.
1980 3594 2004 3617 a,
2018 3595 2068 3614 101.
2138 3588 2196 3615 Ta.

65 3611 159 3638 sestius
171 3611 229 3645 iPsO
245 3611 358 3651 Mastlfll·
370 3622 392 3647 32
403 3621 438 3646 38-
530 3619 600 3645 Clare
619 3624 644 3644 et
660 3618 763 3654 exprejffi}
780 3619 814 3645 ad
831 3619 1002 3645 excludendam
1018 3619 1094 3645 cimbi-
1161 3620 1204 3645 cit.
1220 3621 1286 3645 Ann.
1302 3628 1333 3651 2,
1353 3628 1383 3652 39
1416 3619 1485 3645 Nam
1503 3624 1600 3650 aetate,
1627 3625 1652 3644 et
1672 3619 1767 3644 Forma
1787 3617 1856 3644 haud
1873 3619 1989 3646 dissimili
2008 3622 2035 3648 in
2056 3623 2196 3650 dominum

65 3650 194 3684 gzcitatem.
230 3646 290 3673 Lm·
301 3656 336 3679 21,
350 3656 377 3680 19
395 3650 480 3683 Qum
495 3652 523 3679 in
535 3653 650 3680 Luctatii
664 3654 773 3681 foedere
786 3655 881 3681 diserte
894 3655 1012 3681 additum
1027 3655 1096 3687 essct,
1162 3660 1225 3681 erat.
1318 3655 1397 3681 Ouid.
1412 3654 1490 3689 Epist.
1505 3663 1546 3684 20,
1560 3657 1601 3685 16,-
1621 3654 1678 3680 Nos
1692 3662 1798 3688 quoquc
1811 3653 1927 3681 dissimili
1950 3658 2093 3684 certamina
2105 3660 2197 3686 Mente

67 3682 96 3709 id
109 3683 145 3708 ita
157 3683 329 3722 ratumtform
346 3683 363 3709 si
376 3685 482 3718 populus
495 3689 633 3715 censuisset.
675 3691 732 3716 Vid.
745 3691 871 3716 Ali-iatum
888 3691 1007 3725 παρέργων
1022 3698 1042 3720 2,
1056 3697 1095 3724 27.
1162 3690 1288 3716 subimus.
1342 3691 1438 3717 Modus
1452 3689 1577 3715 dissimilis
1591 3689 1669 3715 Lucr.
1684 3697 1709 3721 2,
1723 3698 1780 3723 432.
1838 3691 1927 3717 Motus
1942 3691 2125 3719 dissimillimus
2139 3695 2195 3720 Cic.

67 3717 156 3745 Multo
169 3718 289 3744 disertius
305 3718 374 3753 ipsae
392 3719 492 3748 tabulae
511 3722 654 3757 loquuntur
671 3725 748 3761 Apul.
762 3725 839 3760 Apol.
851 3734 867 3751 2
878 3735 911 3765 ‚P'
927 3733 974 3756 331·
1028 3725 1096 3751 Asici.
1163 3726 1245 3752 Tusc.
1261 3734 1270 3752 1
1291 3734 1312 3751 ο.
1327 3732 1367 3757 25.
1419 3725 1457 3751 Id.
1470 3725 1501 3750 de
1515 3725 1575 3749 Diu.
1586 3732 1610 3755 2,
1622 3732 1652 3757 93
1671 3724 1736 3757 Eos,
1751 3725 1796 3759 qui
1809 3727 1948 3753 nascuntur
1961 3728 2054 3754 eodem
2068 3735 2197 3763 tempore,

70 3753 129 3779 Seri.
143 3753 212 3779 Suus.
225 3762 247 3780 2.
301 3792 305 3796 .
351 3754 524 3796 Disertissime·
535 3758 725 3796 planissimeque
744 3761 773 3787 in
786 3770 818 3787 eo
837 3760 961 3794 scriptum
980 3759 1016 3786 est
1036 3761 1153 3789 Liu.100
1162 3762 1230 3796 posse
1253 3761 1281 3787 in
1305 3761 1436 3800 dissimiles
1458 3759 1573 3798 incidere
1595 3767 1699 3786 naturas
1723 3767 1830 3795 propter
1857 3762 1923 3788 caeli
1950 3763 2196 3803 dissimilitudinem·

70 3796 110 3820 39.
122 3793 162 3818 28-
268 3788 403 3829 Discum,
429 3799 478 3824 pro
494 3791 592 3820 Diserte
612 3793 734 3823 dixerunt
753 3796 872 3831 antiqui,
894 3793 995 3823 auHore
1010 3796 1095 3823 Festo.
1163 3796 1237 3830 Qid
1263 3797 1298 3822 est
1325 3803 1377 3823 tam
1402 3794 1534 3834 dissiiinle,
1554 3802 1632 3834 quam
1647 3795 1833 3835 Demosthenes
1846 3803 1872 3823 et
1887 3797 1988 3838 Lyfias}
2011 3800 2068 3826 Cic.
2080 3799 2112 3825 de
2125 3799 2196 3839 Clar-

70 3822 136 3849 Add.
148 3823 228 3850 Plaut.
241 3824 319 3865 Stich.
332 3834 395 3867 1,y3,
408 3830 448 3860 87.
483 3825 555 3852 Non.
570 3836 604 3860 11,
615 3837 636 3870 3.
708 3866 713 3871 ι
808 3866 813 3871 ⁴
1161 3833 1236 3858 Orat.
1250 3838 1305 3865 284.
1410 3829 1487 3872 Nihil
1501 3835 1553 3871 tam
1568 3829 1688 3873 dissimile
1702 3840 1780 3866 qnam
1793 3834 1871 3872 Cotta
1886 3834 2002 3867 Sulpicio
2041 3833 2113 3859 Idem
2129 3832 2196 3859 ibid.

72 3900 85 3917 c
107 3864 338 3922 Βῐεῐξιὶὶὶἷιὲἔυὲἒ
357 3860 484 3922 stipatis..-
497 3862 645 3922 Et'loqutgtm.
678 3867 753 3905 l-Iier.
767 3865 847 3908 Epist.
863 3866 895 3893 ad
908 3867 1053 3927 pzmmafh'
1067 3868 1096 3894 61
1162 3877 1183 3894 c.
1197 3875 1258 3900 204.
1284 3874 1287 3876 ⁷
1312 3902 1328 3928 f
1346 3868 1484 3926 'Gffllmso'
1501 3872 1616 3927 ffiggnrclr
1635 3867 1775 3931 {³¹²q'“¹s{²-d⁰'
1812 3869 1869 3929 gic-
1880 3869 1959 3908 *Vera
1974 3877 1998 3901 2,
2012 3869 2197 3929 439391112'133.

70 3901 204 3964 ὀΐων
222 3904 276 3959 Dei
284 3902 1049 3968 118111(ὲᾶεἷῗὲῗιειῖἶᾶῗειρὲἱὶἓὲἶιᾶῗἙῖἒῑῖἶῖωηιΙπιὲἢῗῗώ·
1063 3902 1098 3931 ³⁶¹
1122 3908 1487 3972 0.3;¹¹ii¹.².².¹.⁰.31s¹;¹.‘.{¹;{¹¹.9¹2¹3
1547 3910 1709 3975 ω”οῒὲὴῶἶῗ
1733 3912 1982 3973 ἓὲῗΑῖὲἌῖ“ἑῖ”ιος
2001 3912 2196 3972 uidissem?

1108 3952 1121 3974 Ι
1140 3960 1153 3979 2

1453 3971 1515 4000 Dd
1551 3980 1566 4001 3
2122 3974 2199 4001 ximo
