<?xml version="1.0" encoding="UTF-8"?>
<!DOCTYPE html PUBLIC "-//W3C//DTD XHTML 1.0 Transitional//EN"
    "http://www.w3.org/TR/xhtml1/DTD/xhtml1-transitional.dtd">
<html xmlns="http://www.w3.org/1999/xhtml" xml:lang="en" lang="en">
 <head>
  <title>
</title>
<meta http-equiv="Content-Type" content="text/html;charset=utf-8" />
  <meta name='ocr-system' content='tesseract 3.04.00' />
  <meta name='ocr-capabilities' content='ocr_page ocr_carea ocr_par ocr_line ocrx_word'/>
</head>
<body>
  <div class='ocr_page' id='page_1' title='image "./novuslinguaeeter02gesn_0294.png"; bbox 0 0 2479 4225; ppageno 0'>
   <div class='ocr_carea' id='block_1_1' title="bbox 288 198 944 263">
    <p class='ocr_par' dir='ltr' id='par_1_1' title="bbox 288 198 944 263">
     <span class='ocr_line' id='line_1_1' title="bbox 288 198 944 263; baseline -0.003 0"><span class='ocrx_word' id='word_1_1' title='bbox 288 223 357 263; x_wconf 82' lang='lat'>559</span> <span class='ocrx_word' id='word_1_2' title='bbox 680 203 714 244; x_wconf 87' lang='grc' dir='ltr'>Ε</span> <span class='ocrx_word' id='word_1_3' title='bbox 792 198 944 261; x_wconf 66' lang='lat' dir='ltr'>XaeV</span> 
     </span>
    </p>
   </div>
   <div class='ocr_carea' id='block_1_2' title="bbox 324 283 1323 329">
    <p class='ocr_par' dir='ltr' id='par_1_2' title="bbox 324 283 1323 329">
     <span class='ocr_line' id='line_1_2' title="bbox 324 283 1323 329; baseline -0.013 -6"><span class='ocrx_word' id='word_1_4' title='bbox 324 305 367 325; x_wconf 72' lang='lat' dir='ltr'>Ex</span> <span class='ocrx_word' id='word_1_5' title='bbox 375 304 396 324; x_wconf 91' lang='lat' dir='ltr'>v</span> <span class='ocrx_word' id='word_1_6' title='bbox 406 303 422 323; x_wconf 70' lang='lat' dir='ltr'>r</span> <span class='ocrx_word' id='word_1_7' title='bbox 432 304 448 324; x_wconf 79' lang='lat' dir='ltr'>E</span> <span class='ocrx_word' id='word_1_8' title='bbox 458 304 477 324; x_wconf 77' lang='lat' dir='ltr'>R</span> <span class='ocrx_word' id='word_1_9' title='bbox 486 295 509 323; x_wconf 67' lang='lat' dir='ltr'><em>K</em></span> <span class='ocrx_word' id='word_1_10' title='bbox 517 303 539 323; x_wconf 86' lang='grc' dir='ltr'>τ</span> <span class='ocrx_word' id='word_1_11' title='bbox 547 303 568 323; x_wconf 93' lang='lat' dir='ltr'><strong>v</strong></span> <span class='ocrx_word' id='word_1_12' title='bbox 577 303 590 324; x_wconf 87' lang='lat' dir='ltr'>s</span> <span class='ocrx_word' id='word_1_13' title='bbox 600 316 608 329; x_wconf 90' lang='lat'>‚</span> <span class='ocrx_word' id='word_1_14' title='bbox 625 304 640 322; x_wconf 85' lang='lat' dir='ltr'>a</span> <span class='ocrx_word' id='word_1_15' title='bbox 650 315 658 327; x_wconf 92' lang='lat'><strong>‚</strong></span> <span class='ocrx_word' id='word_1_16' title='bbox 673 303 726 320; x_wconf 77' lang='lat' dir='ltr'>uni.</span> <span class='ocrx_word' id='word_1_17' title='bbox 763 289 853 317; x_wconf 78' lang='lat' dir='ltr'>Partic.</span> <span class='ocrx_word' id='word_1_18' title='bbox 889 284 1136 322; x_wconf 65' lang='grc' dir='ltr'>[ὖπερζεζλημένος]</span> <span class='ocrx_word' id='word_1_19' title='bbox 1176 283 1281 311; x_wconf 88' lang='lat' dir='ltr'>Lucret.</span> <span class='ocrx_word' id='word_1_20' title='bbox 1296 291 1323 317; x_wconf 86' lang='lat'>2,</span> 
     </span>
    </p>
   </div>
   <div class='ocr_carea' id='block_1_3' title="bbox 275 327 1327 1205">
    <p class='ocr_par' dir='ltr' id='par_1_3' title="bbox 291 327 1198 367">
     <span class='ocr_line' id='line_1_3' title="bbox 291 327 1198 367; baseline -0.019 -7"><span class='ocrx_word' id='word_1_21' title='bbox 291 342 337 367; x_wconf 76' lang='lat'>234</span> <span class='ocrx_word' id='word_1_22' title='bbox 360 334 407 359; x_wconf 88' lang='lat' dir='ltr'>Sed</span> <span class='ocrx_word' id='word_1_23' title='bbox 421 333 498 359; x_wconf 85' lang='lat' dir='ltr'>citius</span> <span class='ocrx_word' id='word_1_24' title='bbox 511 332 604 359; x_wconf 88' lang='lat' dir='ltr'>cedunt</span> <span class='ocrx_word' id='word_1_25' title='bbox 618 327 780 365; x_wconf 83' lang='lat' dir='ltr'>grauioribus</span> <span class='ocrx_word' id='word_1_26' title='bbox 793 329 954 362; x_wconf 74' lang='lat' dir='ltr'>exuperatae.</span> <span class='ocrx_word' id='word_1_27' title='bbox 1017 360 1020 364; x_wconf 38' lang='grc' dir='ltr'>Ι</span> <span class='ocrx_word' id='word_1_28' title='bbox 1086 360 1090 364; x_wconf 23' lang='grc' dir='ltr'><em>η</em></span> <span class='ocrx_word' id='word_1_29' title='bbox 1193 354 1198 360; x_wconf 47' lang='lat'><em>·</em></span> 
     </span>
    </p>

    <p class='ocr_par' dir='ltr' id='par_1_4' title="bbox 325 354 1322 398">
     <span class='ocr_line' id='line_1_4' title="bbox 325 354 1322 398; baseline -0.013 -5"><span class='ocrx_word' id='word_1_30' title='bbox 325 375 341 395; x_wconf 79' lang='lat' dir='ltr'>E</span> <span class='ocrx_word' id='word_1_31' title='bbox 352 376 369 395; x_wconf 63' lang='lat' dir='ltr'>r</span> <span class='ocrx_word' id='word_1_32' title='bbox 378 375 399 394; x_wconf 90' lang='lat' dir='ltr'>v</span> <span class='ocrx_word' id='word_1_33' title='bbox 408 375 423 394; x_wconf 78' lang='lat'>1³</span> <span class='ocrx_word' id='word_1_34' title='bbox 432 375 448 395; x_wconf 77' lang='lat'>13</span> <span class='ocrx_word' id='word_1_35' title='bbox 456 376 475 395; x_wconf 83' lang='lat' dir='ltr'>R</span> <span class='ocrx_word' id='word_1_36' title='bbox 484 376 505 395; x_wconf 79' lang='lat' dir='ltr'><strong>A</strong></span> <span class='ocrx_word' id='word_1_37' title='bbox 513 376 534 394; x_wconf 77' lang='grc' dir='ltr'>Ν</span> <span class='ocrx_word' id='word_1_38' title='bbox 545 375 566 394; x_wconf 84' lang='grc' dir='ltr'><strong>Τ</strong></span> <span class='ocrx_word' id='word_1_39' title='bbox 576 376 584 394; x_wconf 91' lang='lat'><em>1</em></span> <span class='ocrx_word' id='word_1_40' title='bbox 593 375 613 394; x_wconf 73' lang='grc' dir='ltr'>Α</span> <span class='ocrx_word' id='word_1_41' title='bbox 623 386 631 398; x_wconf 82' lang='lat'>‚</span> <span class='ocrx_word' id='word_1_42' title='bbox 651 374 689 391; x_wconf 75' lang='lat' dir='ltr'>ae.</span> <span class='ocrx_word' id='word_1_43' title='bbox 714 363 732 387; x_wconf 76' lang='lat' dir='ltr'>s.</span> <span class='ocrx_word' id='word_1_44' title='bbox 769 357 933 393; x_wconf 51' lang='lat' dir='ltr'>[om&#39;fCamsj</span> <span class='ocrx_word' id='word_1_45' title='bbox 968 359 1113 384; x_wconf 78' lang='lat' dir='ltr'>Eminentia.</span> <span class='ocrx_word' id='word_1_46' title='bbox 1167 355 1223 382; x_wconf 83' lang='lat' dir='ltr'>Cic.</span> <span class='ocrx_word' id='word_1_47' title='bbox 1238 354 1322 381; x_wconf 86' lang='lat' dir='ltr'>Tusc.</span> 
     </span>
    </p>

    <p class='ocr_par' dir='ltr' id='par_1_5' title="bbox 290 390 1322 437">
     <span class='ocr_line' id='line_1_5' title="bbox 290 390 1322 437; baseline -0.015 -6"><span class='ocrx_word' id='word_1_48' title='bbox 290 411 320 436; x_wconf 79' lang='grc' dir='ltr'><strong>ς,</strong></span> <span class='ocrx_word' id='word_1_49' title='bbox 334 391 377 437; x_wconf 73' lang='lat' dir='ltr'>1o5</span> <span class='ocrx_word' id='word_1_50' title='bbox 394 413 415 430; x_wconf 92' lang='lat' dir='ltr'>c.</span> <span class='ocrx_word' id='word_1_51' title='bbox 428 407 458 437; x_wconf 88' lang='grc'><strong>36</strong></span> <span class='ocrx_word' id='word_1_52' title='bbox 489 405 586 431; x_wconf 85' lang='lat' dir='ltr'>Nonne</span> <span class='ocrx_word' id='word_1_53' title='bbox 600 407 701 427; x_wconf 85' lang='lat' dir='ltr'>onmem</span> <span class='ocrx_word' id='word_1_54' title='bbox 717 393 914 433; x_wconf 69' lang='lat' dir='ltr'>exuperantiam</span> <span class='ocrx_word' id='word_1_55' title='bbox 930 393 1037 420; x_wconf 88' lang='lat' dir='ltr'>virtutis</span> <span class='ocrx_word' id='word_1_56' title='bbox 1050 392 1181 419; x_wconf 68' lang='lat' dir='ltr'>oderunt?</span> <span class='ocrx_word' id='word_1_57' title='bbox 1252 390 1322 417; x_wconf 89' lang='lat' dir='ltr'>Gell.</span> 
     </span>
    </p>

    <p class='ocr_par' dir='ltr' id='par_1_6' title="bbox 290 433 1324 581">
     <span class='ocr_line' id='line_1_6' title="bbox 387 433 871 466; baseline -0.027 0"><span class='ocrx_word' id='word_1_58' title='bbox 387 462 392 466; x_wconf 72' lang='grc'><strong><em>,</em></strong></span> <span class='ocrx_word' id='word_1_59' title='bbox 510 449 525 464; x_wconf 86' lang='lat' dir='ltr'>n</span> <span class='ocrx_word' id='word_1_60' title='bbox 541 449 554 464; x_wconf 86' lang='lat' dir='ltr'>a</span> <span class='ocrx_word' id='word_1_61' title='bbox 589 437 643 462; x_wconf 64' lang='lat' dir='ltr'>elia!</span> <span class='ocrx_word' id='word_1_62' title='bbox 658 433 871 464; x_wconf 81' lang='lat' dir='ltr'>exsuperantiam.</span> 
     </span>
     <span class='ocr_line' id='line_1_7' title="bbox 292 440 1324 502; baseline -0.016 0"><span class='ocrx_word' id='word_1_63' title='bbox 292 440 508 502; x_wconf 51' lang='lat' dir='ltr'>¹4i-:lxiiygc13rizoli</span> <span class='ocrx_word' id='word_1_64' title='bbox 518 445 600 502; x_wconf 55' lang='lat' dir='ltr'>Tin,</span> <span class='ocrx_word' id='word_1_65' title='bbox 620 468 686 494; x_wconf 77' lang='lat' dir='ltr'>onis.</span> <span class='ocrx_word' id='word_1_66' title='bbox 718 466 737 490; x_wconf 89' lang='lat' dir='ltr'>f.</span> <span class='ocrx_word' id='word_1_67' title='bbox 774 465 785 497; x_wconf 94' lang='lat'>[</span> <span class='ocrx_word' id='word_1_68' title='bbox 799 462 918 499; x_wconf 65' lang='grc' dir='ltr'>ὖπερέῗολῆ</span> <span class='ocrx_word' id='word_1_69' title='bbox 930 464 943 498; x_wconf 94' lang='grc'>]</span> <span class='ocrx_word' id='word_1_70' title='bbox 997 462 1074 490; x_wconf 59' lang='lat' dir='ltr'>Auci.</span> <span class='ocrx_word' id='word_1_71' title='bbox 1087 461 1119 488; x_wconf 88' lang='lat' dir='ltr'>ad</span> <span class='ocrx_word' id='word_1_72' title='bbox 1132 462 1232 488; x_wconf 67' lang='lat' dir='ltr'>Heron.</span> <span class='ocrx_word' id='word_1_73' title='bbox 1246 469 1281 500; x_wconf 75' lang='lat'>4,¹</span> <span class='ocrx_word' id='word_1_74' title='bbox 1292 462 1324 489; x_wconf 70' lang='lat'>63</span> 
     </span>
     <span class='ocr_line' id='line_1_8' title="bbox 290 498 1324 543; baseline -0.017 -4"><span class='ocrx_word' id='word_1_75' title='bbox 290 519 313 537; x_wconf 68' lang='lat' dir='ltr'>c·</span> <span class='ocrx_word' id='word_1_76' title='bbox 329 517 354 543; x_wconf 76' lang='lat'>‘3</span> <span class='ocrx_word' id='word_1_77' title='bbox 386 512 432 537; x_wconf 87' lang='lat' dir='ltr'>Per</span> <span class='ocrx_word' id='word_1_78' title='bbox 444 506 653 543; x_wconf 83' lang='lat' dir='ltr'>exuperationcm</span> <span class='ocrx_word' id='word_1_79' title='bbox 667 509 749 535; x_wconf 89' lang='lat' dir='ltr'>quum</span> <span class='ocrx_word' id='word_1_80' title='bbox 767 499 824 534; x_wconf 83' lang='lat' dir='ltr'>plus</span> <span class='ocrx_word' id='word_1_81' title='bbox 843 499 945 525; x_wconf 63' lang='lat' dir='ltr'>dietum</span> <span class='ocrx_word' id='word_1_82' title='bbox 958 499 1003 531; x_wconf 82' lang='lat' dir='ltr'>est,</span> <span class='ocrx_word' id='word_1_83' title='bbox 1021 507 1100 534; x_wconf 87' lang='lat' dir='ltr'>quam</span> <span class='ocrx_word' id='word_1_84' title='bbox 1115 498 1213 532; x_wconf 88' lang='lat' dir='ltr'>patitur</span> <span class='ocrx_word' id='word_1_85' title='bbox 1226 501 1324 522; x_wconf 82' lang='lat' dir='ltr'>veritas</span> 
     </span>
     <span class='ocr_line' id='line_1_9' title="bbox 290 527 1083 581; baseline -0.015 -10"><span class='ocrx_word' id='word_1_86' title='bbox 290 527 422 581; x_wconf 52' lang='lat' dir='ltr'>augendae</span> <span class='ocrx_word' id='word_1_87' title='bbox 435 541 583 579; x_wconf 74' lang='lat' dir='ltr'>fiispicionis</span> <span class='ocrx_word' id='word_1_88' title='bbox 597 538 677 563; x_wconf 81' lang='lat' dir='ltr'>causa.</span> <span class='ocrx_word' id='word_1_89' title='bbox 713 537 757 562; x_wconf 87' lang='lat' dir='ltr'>Al.</span> <span class='ocrx_word' id='word_1_90' title='bbox 772 534 1003 562; x_wconf 86' lang='lat' dir='ltr'>Exuberationem.</span> <span class='ocrx_word' id='word_1_91' title='bbox 1025 543 1050 560; x_wconf 89' lang='lat' dir='ltr'>v.</span> <span class='ocrx_word' id='word_1_92' title='bbox 1059 543 1083 560; x_wconf 89' lang='grc' dir='ltr'>υ.</span> 
     </span>
    </p>

    <p class='ocr_par' dir='ltr' id='par_1_7' title="bbox 285 565 1327 894">
     <span class='ocr_line' id='line_1_10' title="bbox 329 565 1325 609; baseline -0.008 -10"><span class='ocrx_word' id='word_1_93' title='bbox 329 588 346 608; x_wconf 79' lang='lat'>13</span> <span class='ocrx_word' id='word_1_94' title='bbox 357 590 375 609; x_wconf 74' lang='grc' dir='ltr'><strong>Χ</strong></span> <span class='ocrx_word' id='word_1_95' title='bbox 385 589 404 607; x_wconf 78' lang='lat' dir='ltr'>v</span> <span class='ocrx_word' id='word_1_96' title='bbox 415 588 430 607; x_wconf 76' lang='grc' dir='ltr'><strong>Ρ</strong></span> <span class='ocrx_word' id='word_1_97' title='bbox 440 588 455 606; x_wconf 80' lang='lat' dir='ltr'>E</span> <span class='ocrx_word' id='word_1_98' title='bbox 467 586 483 604; x_wconf 69' lang='lat' dir='ltr'>R</span> <span class='ocrx_word' id='word_1_99' title='bbox 493 586 512 604; x_wconf 83' lang='lat' dir='ltr'>A</span> <span class='ocrx_word' id='word_1_100' title='bbox 521 583 541 602; x_wconf 84' lang='grc' dir='ltr'>Τ</span> <span class='ocrx_word' id='word_1_101' title='bbox 551 581 570 600; x_wconf 90' lang='lat'>0</span> <span class='ocrx_word' id='word_1_102' title='bbox 580 581 598 600; x_wconf 75' lang='lat' dir='ltr'>R</span> <span class='ocrx_word' id='word_1_103' title='bbox 609 580 616 598; x_wconf 87' lang='lat'>1</span> <span class='ocrx_word' id='word_1_104' title='bbox 627 580 646 598; x_wconf 82' lang='lat' dir='ltr'>v</span> <span class='ocrx_word' id='word_1_105' title='bbox 657 580 669 599; x_wconf 92' lang='lat' dir='ltr'>s</span> <span class='ocrx_word' id='word_1_106' title='bbox 678 591 687 604; x_wconf 96' lang='lat'>,</span> <span class='ocrx_word' id='word_1_107' title='bbox 702 580 716 597; x_wconf 89' lang='lat' dir='ltr'>a</span> <span class='ocrx_word' id='word_1_108' title='bbox 725 590 733 603; x_wconf 90' lang='lat'><strong>‚</strong></span> <span class='ocrx_word' id='word_1_109' title='bbox 753 579 808 597; x_wconf 91' lang='lat' dir='ltr'>um.</span> <span class='ocrx_word' id='word_1_110' title='bbox 844 569 905 598; x_wconf 90' lang='lat' dir='ltr'>Adi.</span> <span class='ocrx_word' id='word_1_111' title='bbox 959 569 1093 604; x_wconf 89' lang='lat' dir='ltr'>Lamprid.</span> <span class='ocrx_word' id='word_1_112' title='bbox 1107 565 1246 594; x_wconf 84' lang='lat' dir='ltr'>Commod.</span> <span class='ocrx_word' id='word_1_113' title='bbox 1263 575 1284 592; x_wconf 92' lang='lat' dir='ltr'>c.</span> <span class='ocrx_word' id='word_1_114' title='bbox 1301 574 1325 592; x_wconf 85' lang='lat'>11</span> 
     </span>
     <span class='ocr_line' id='line_1_11' title="bbox 291 603 1325 645; baseline -0.016 0"><span class='ocrx_word' id='word_1_115' title='bbox 291 624 315 645; x_wconf 74' lang='lat' dir='ltr'>ct</span> <span class='ocrx_word' id='word_1_116' title='bbox 329 626 353 644; x_wconf 84' lang='lat'>12</span> <span class='ocrx_word' id='word_1_117' title='bbox 377 615 468 643; x_wconf 82' lang='lat' dir='ltr'>Menfis</span> <span class='ocrx_word' id='word_1_118' title='bbox 481 608 676 645; x_wconf 86' lang='lat' dir='ltr'>exuperatorius</span> <span class='ocrx_word' id='word_1_119' title='bbox 684 626 692 639; x_wconf 92' lang='lat'>,</span> <span class='ocrx_word' id='word_1_120' title='bbox 710 606 838 633; x_wconf 77' lang='lat' dir='ltr'>Kalendae</span> <span class='ocrx_word' id='word_1_121' title='bbox 851 605 1065 641; x_wconf 80' lang='lat' dir='ltr'>exuperatoriae‚</span> <span class='ocrx_word' id='word_1_122' title='bbox 1094 603 1163 640; x_wconf 78' lang='lat' dir='ltr'>quast</span> <span class='ocrx_word' id='word_1_123' title='bbox 1176 603 1246 629; x_wconf 84' lang='lat' dir='ltr'>dicas</span> <span class='ocrx_word' id='word_1_124' title='bbox 1264 603 1325 629; x_wconf 88' lang='lat' dir='ltr'>Tri-</span> 
     </span>
     <span class='ocr_line' id='line_1_12' title="bbox 290 653 1327 714; baseline -0.012 -4"><span class='ocrx_word' id='word_1_125' title='bbox 290 653 420 714; x_wconf 37' lang='lat' dir='ltr'>umglzagsg</span> <span class='ocrx_word' id='word_1_126' title='bbox 430 690 445 708; x_wconf 78' lang='lat' dir='ltr'>E</span> <span class='ocrx_word' id='word_1_127' title='bbox 454 689 472 708; x_wconf 68' lang='lat' dir='ltr'>rt</span> <span class='ocrx_word' id='word_1_128' title='bbox 480 688 501 708; x_wconf 83' lang='lat' dir='ltr'>A</span> <span class='ocrx_word' id='word_1_129' title='bbox 509 687 525 707; x_wconf 81' lang='grc' dir='ltr'><em>Β</em></span> <span class='ocrx_word' id='word_1_130' title='bbox 535 679 547 706; x_wconf 76' lang='grc' dir='ltr'><em>ἲ</em></span> <span class='ocrx_word' id='word_1_131' title='bbox 555 687 571 706; x_wconf 91' lang='lat' dir='ltr'>L</span> <span class='ocrx_word' id='word_1_132' title='bbox 580 687 589 705; x_wconf 89' lang='lat'>1</span> <span class='ocrx_word' id='word_1_133' title='bbox 599 686 612 705; x_wconf 94' lang='lat' dir='ltr'>s</span> <span class='ocrx_word' id='word_1_134' title='bbox 619 698 628 711; x_wconf 94' lang='lat'>,</span> <span class='ocrx_word' id='word_1_135' title='bbox 648 686 671 704; x_wconf 84' lang='lat' dir='ltr'>e.</span> <span class='ocrx_word' id='word_1_136' title='bbox 708 674 768 703; x_wconf 81' lang='lat' dir='ltr'>Adi.</span> <span class='ocrx_word' id='word_1_137' title='bbox 812 674 998 711; x_wconf 65' lang='grc' dir='ltr'>[ὖπέρζλητος]</span> <span class='ocrx_word' id='word_1_138' title='bbox 1054 676 1105 710; x_wconf 70' lang='lat' dir='ltr'>Qai</span> <span class='ocrx_word' id='word_1_139' title='bbox 1112 672 1192 709; x_wconf 66' lang='lat' dir='ltr'>potest</span> <span class='ocrx_word' id='word_1_140' title='bbox 1199 673 1327 709; x_wconf 71' lang='lat' dir='ltr'>superari.</span> 
     </span>
     <span class='ocr_line' id='line_1_13' title="bbox 289 710 1324 750; baseline -0.015 0"><span class='ocrx_word' id='word_1_141' title='bbox 289 724 350 750; x_wconf 86' lang='lat' dir='ltr'>Stat.</span> <span class='ocrx_word' id='word_1_142' title='bbox 364 719 451 746; x_wconf 83' lang='lat' dir='ltr'>Theb.</span> <span class='ocrx_word' id='word_1_143' title='bbox 465 726 485 749; x_wconf 89' lang='lat'>1,</span> <span class='ocrx_word' id='word_1_144' title='bbox 499 724 544 748; x_wconf 78' lang='lat'>214</span> <span class='ocrx_word' id='word_1_145' title='bbox 575 715 633 741; x_wconf 89' lang='lat' dir='ltr'>Nec</span> <span class='ocrx_word' id='word_1_146' title='bbox 650 711 821 747; x_wconf 79' lang='lat' dir='ltr'>exuperabile</span> <span class='ocrx_word' id='word_1_147' title='bbox 840 710 906 738; x_wconf 88' lang='lat' dir='ltr'>diris</span> <span class='ocrx_word' id='word_1_148' title='bbox 924 711 1062 745; x_wconf 83' lang='lat' dir='ltr'>Ingenium</span> <span class='ocrx_word' id='word_1_149' title='bbox 1082 710 1193 736; x_wconf 76' lang='lat' dir='ltr'>mortale</span> <span class='ocrx_word' id='word_1_150' title='bbox 1215 716 1324 743; x_wconf 87' lang='lat' dir='ltr'>queror.</span> 
     </span>
     <span class='ocr_line' id='line_1_14' title="bbox 288 746 1325 785; baseline -0.012 -3"><span class='ocrx_word' id='word_1_151' title='bbox 288 757 391 785; x_wconf 77' lang='lat' dir='ltr'>Vallum</span> <span class='ocrx_word' id='word_1_152' title='bbox 405 761 458 779; x_wconf 86' lang='lat' dir='ltr'>non</span> <span class='ocrx_word' id='word_1_153' title='bbox 472 750 641 785; x_wconf 82' lang='lat' dir='ltr'>exuperabile</span> <span class='ocrx_word' id='word_1_154' title='bbox 666 748 758 775; x_wconf 82' lang='lat' dir='ltr'>Claud.</span> <span class='ocrx_word' id='word_1_155' title='bbox 771 748 799 773; x_wconf 90' lang='lat' dir='ltr'>in</span> <span class='ocrx_word' id='word_1_156' title='bbox 813 746 882 773; x_wconf 79' lang='lat' dir='ltr'>Ruff.</span> <span class='ocrx_word' id='word_1_157' title='bbox 897 755 918 777; x_wconf 86' lang='lat'>2,</span> <span class='ocrx_word' id='word_1_158' title='bbox 935 754 990 780; x_wconf 89' lang='lat'>127.</span> <span class='ocrx_word' id='word_1_159' title='bbox 1059 747 1134 779; x_wconf 85' lang='lat' dir='ltr'>Virg.</span> <span class='ocrx_word' id='word_1_160' title='bbox 1144 746 1242 778; x_wconf 82' lang='lat' dir='ltr'>Georg.</span> <span class='ocrx_word' id='word_1_161' title='bbox 1258 753 1280 776; x_wconf 82' lang='grc'>3,</span> <span class='ocrx_word' id='word_1_162' title='bbox 1291 751 1325 783; x_wconf 83' lang='grc'>39</span> 
     </span>
     <span class='ocr_line' id='line_1_15' title="bbox 288 779 1324 824; baseline -0.012 -7"><span class='ocrx_word' id='word_1_163' title='bbox 288 794 440 824; x_wconf 90' lang='lat' dir='ltr'>Tortosque</span> <span class='ocrx_word' id='word_1_164' title='bbox 454 787 554 814; x_wconf 80' lang='lat' dir='ltr'>Ixionis</span> <span class='ocrx_word' id='word_1_165' title='bbox 568 793 680 819; x_wconf 84' lang='lat' dir='ltr'>angues,</span> <span class='ocrx_word' id='word_1_166' title='bbox 703 785 899 816; x_wconf 87' lang='lat' dir='ltr'>Immanemque</span> <span class='ocrx_word' id='word_1_167' title='bbox 915 788 1016 813; x_wconf 88' lang='lat' dir='ltr'>rotam,</span> <span class='ocrx_word' id='word_1_168' title='bbox 1036 788 1061 808; x_wconf 87' lang='lat' dir='ltr'>et</span> <span class='ocrx_word' id='word_1_169' title='bbox 1082 791 1135 808; x_wconf 87' lang='lat' dir='ltr'>non</span> <span class='ocrx_word' id='word_1_170' title='bbox 1156 779 1324 815; x_wconf 72' lang='lat' dir='ltr'>exuperabile</span> 
     </span>
     <span class='ocr_line' id='line_1_16' title="bbox 286 816 1323 856; baseline -0.012 -4"><span class='ocrx_word' id='word_1_171' title='bbox 286 829 381 854; x_wconf 86' lang='lat' dir='ltr'>saxum.</span> <span class='ocrx_word' id='word_1_172' title='bbox 452 821 557 853; x_wconf 68' lang='lat' dir='ltr'>AHiuc,</span> <span class='ocrx_word' id='word_1_173' title='bbox 583 822 636 856; x_wconf 59' lang='lat' dir='ltr'>Qui</span> <span class='ocrx_word' id='word_1_174' title='bbox 646 823 745 846; x_wconf 76' lang='lat' dir='ltr'>vincere</span> <span class='ocrx_word' id='word_1_175' title='bbox 754 816 835 854; x_wconf 51' lang='lat' dir='ltr'>pottfl</span> <span class='ocrx_word' id='word_1_176' title='bbox 852 817 920 843; x_wconf 91' lang='lat' dir='ltr'>Gell.</span> <span class='ocrx_word' id='word_1_177' title='bbox 933 825 976 851; x_wconf 89' lang='lat'>17,</span> <span class='ocrx_word' id='word_1_178' title='bbox 990 826 1006 843; x_wconf 86' lang='lat'>2</span> <span class='ocrx_word' id='word_1_179' title='bbox 1034 827 1062 844; x_wconf 83' lang='lat' dir='ltr'>ex</span> <span class='ocrx_word' id='word_1_180' title='bbox 1075 817 1203 852; x_wconf 74' lang='lat' dir='ltr'>Qiadrig.</span> <span class='ocrx_word' id='word_1_181' title='bbox 1235 816 1323 848; x_wconf 75' lang='lat' dir='ltr'>Quem</span> 
     </span>
     <span class='ocr_line' id='line_1_17' title="bbox 285 852 1030 894; baseline -0.013 -7"><span class='ocrx_word' id='word_1_182' title='bbox 285 860 430 894; x_wconf 83' lang='lat' dir='ltr'>cumprime</span> <span class='ocrx_word' id='word_1_183' title='bbox 442 859 540 885; x_wconf 79' lang='lat' dir='ltr'>fortem</span> <span class='ocrx_word' id='word_1_184' title='bbox 553 862 631 891; x_wconf 89' lang='lat' dir='ltr'>atque</span> <span class='ocrx_word' id='word_1_185' title='bbox 644 854 841 890; x_wconf 84' lang='lat' dir='ltr'>exuperabilem</span> <span class='ocrx_word' id='word_1_186' title='bbox 860 853 936 887; x_wconf 82' lang='lat' dir='ltr'>Resp.</span> <span class='ocrx_word' id='word_1_187' title='bbox 947 852 1030 879; x_wconf 79' lang='lat' dir='ltr'>sensit.</span> 
     </span>
    </p>

    <p class='ocr_par' dir='ltr' id='par_1_8' title="bbox 320 888 1182 926">
     <span class='ocr_line' id='line_1_18' title="bbox 320 888 1182 926; baseline -0.01 -5"><span class='ocrx_word' id='word_1_188' title='bbox 320 903 337 922; x_wconf 81' lang='grc' dir='ltr'>Ε</span> <span class='ocrx_word' id='word_1_189' title='bbox 347 902 364 921; x_wconf 82' lang='lat' dir='ltr'>x</span> <span class='ocrx_word' id='word_1_190' title='bbox 373 901 392 920; x_wconf 90' lang='lat' dir='ltr'>V</span> <span class='ocrx_word' id='word_1_191' title='bbox 403 901 418 920; x_wconf 85' lang='lat' dir='ltr'>P</span> <span class='ocrx_word' id='word_1_192' title='bbox 428 900 443 920; x_wconf 85' lang='lat' dir='ltr'>E</span> <span class='ocrx_word' id='word_1_193' title='bbox 452 901 470 919; x_wconf 86' lang='lat' dir='ltr'>R</span> <span class='ocrx_word' id='word_1_194' title='bbox 481 900 499 919; x_wconf 93' lang='lat' dir='ltr'>V</span> <span class='ocrx_word' id='word_1_195' title='bbox 511 900 540 926; x_wconf 86' lang='lat' dir='ltr'>s,</span> <span class='ocrx_word' id='word_1_196' title='bbox 559 901 588 923; x_wconf 83' lang='lat' dir='ltr'>a,</span> <span class='ocrx_word' id='word_1_197' title='bbox 609 901 664 918; x_wconf 85' lang='lat' dir='ltr'>um.</span> <span class='ocrx_word' id='word_1_198' title='bbox 701 890 761 916; x_wconf 90' lang='lat' dir='ltr'>Adi.</span> <span class='ocrx_word' id='word_1_199' title='bbox 797 889 874 923; x_wconf 85' lang='lat' dir='ltr'>Apul.</span> <span class='ocrx_word' id='word_1_200' title='bbox 889 888 920 914; x_wconf 87' lang='lat' dir='ltr'>de</span> <span class='ocrx_word' id='word_1_201' title='bbox 933 888 1016 914; x_wconf 83' lang='lat' dir='ltr'>Herb.</span> <span class='ocrx_word' id='word_1_202' title='bbox 1030 890 1090 920; x_wconf 75' lang='lat' dir='ltr'>c.6,·</span> <span class='ocrx_word' id='word_1_203' title='bbox 1103 894 1126 914; x_wconf 76' lang='lat' dir='ltr'>et</span> <span class='ocrx_word' id='word_1_204' title='bbox 1139 895 1182 921; x_wconf 87' lang='lat'>72.</span> 
     </span>
    </p>

    <p class='ocr_par' dir='ltr' id='par_1_9' title="bbox 288 920 1325 997">
     <span class='ocr_line' id='line_1_19' title="bbox 319 920 1325 964; baseline -0.01 -7"><span class='ocrx_word' id='word_1_205' title='bbox 319 937 363 958; x_wconf 80' lang='lat' dir='ltr'>Ex</span> <span class='ocrx_word' id='word_1_206' title='bbox 375 935 551 960; x_wconf 69' lang='lat' dir='ltr'>vprvno,</span> <span class='ocrx_word' id='word_1_207' title='bbox 564 927 589 964; x_wconf 92' lang='lat' dir='ltr'>s.</span> <span class='ocrx_word' id='word_1_208' title='bbox 606 931 850 956; x_wconf 78' lang='lat' dir='ltr'>EXSVPPVRO,</span> <span class='ocrx_word' id='word_1_209' title='bbox 870 928 925 951; x_wconf 65' lang='lat' dir='ltr'>are.</span> <span class='ocrx_word' id='word_1_210' title='bbox 970 924 1090 950; x_wconf 84' lang='lat' dir='ltr'>Tertull.</span> <span class='ocrx_word' id='word_1_211' title='bbox 1102 922 1135 949; x_wconf 85' lang='lat' dir='ltr'>de</span> <span class='ocrx_word' id='word_1_212' title='bbox 1149 920 1325 958; x_wconf 62' lang='lat' dir='ltr'>PalLfizbfin.</span> 
     </span>
     <span class='ocr_line' id='line_1_20' title="bbox 288 965 1096 997; baseline -0.011 -3"><span class='ocrx_word' id='word_1_213' title='bbox 288 965 346 994; x_wconf 83' lang='lat' dir='ltr'>Vid.</span> <span class='ocrx_word' id='word_1_214' title='bbox 372 969 656 992; x_wconf 70' lang='lat' dir='ltr'>PvnvLENTm.</span> <span class='ocrx_word' id='word_1_215' title='bbox 1083 985 1096 997; x_wconf 42' lang='grc' dir='ltr'><strong><em>ι</em></strong></span> 
     </span>
    </p>

    <p class='ocr_par' dir='ltr' id='par_1_10' title="bbox 319 992 1324 1032">
     <span class='ocr_line' id='line_1_21' title="bbox 319 992 1324 1032; baseline -0.01 -4"><span class='ocrx_word' id='word_1_216' title='bbox 319 1009 336 1028; x_wconf 85' lang='lat' dir='ltr'>E</span> <span class='ocrx_word' id='word_1_217' title='bbox 348 1008 365 1026; x_wconf 78' lang='lat' dir='ltr'>x</span> <span class='ocrx_word' id='word_1_218' title='bbox 374 1007 395 1026; x_wconf 91' lang='lat' dir='ltr'>V</span> <span class='ocrx_word' id='word_1_219' title='bbox 404 1007 425 1026; x_wconf 82' lang='lat' dir='ltr'>R</span> <span class='ocrx_word' id='word_1_220' title='bbox 434 1007 452 1026; x_wconf 90' lang='lat' dir='ltr'>D</span> <span class='ocrx_word' id='word_1_221' title='bbox 462 1007 481 1027; x_wconf 94' lang='lat'>0</span> <span class='ocrx_word' id='word_1_222' title='bbox 489 1019 497 1032; x_wconf 88' lang='grc'><strong>,</strong></span> <span class='ocrx_word' id='word_1_223' title='bbox 517 1000 556 1026; x_wconf 75' lang='lat' dir='ltr'>vel</span> <span class='ocrx_word' id='word_1_224' title='bbox 568 1005 585 1025; x_wconf 76' lang='grc' dir='ltr'><em>Ε</em></span> <span class='ocrx_word' id='word_1_225' title='bbox 594 1006 612 1025; x_wconf 91' lang='lat' dir='ltr'>x</span> <span class='ocrx_word' id='word_1_226' title='bbox 622 1005 635 1025; x_wconf 91' lang='lat' dir='ltr'>s</span> <span class='ocrx_word' id='word_1_227' title='bbox 644 1004 665 1024; x_wconf 91' lang='lat' dir='ltr'>v</span> <span class='ocrx_word' id='word_1_228' title='bbox 673 1004 693 1024; x_wconf 86' lang='lat' dir='ltr'>R</span> <span class='ocrx_word' id='word_1_229' title='bbox 702 1003 721 1024; x_wconf 82' lang='lat' dir='ltr'>n</span> <span class='ocrx_word' id='word_1_230' title='bbox 730 1002 749 1022; x_wconf 92' lang='lat' dir='ltr'>o</span> <span class='ocrx_word' id='word_1_231' title='bbox 758 1016 766 1028; x_wconf 91' lang='lat'><strong><em>‚</em></strong></span> <span class='ocrx_word' id='word_1_232' title='bbox 784 1000 836 1022; x_wconf 70' lang='lat' dir='ltr'>are.</span> <span class='ocrx_word' id='word_1_233' title='bbox 872 992 1023 1029; x_wconf 74' lang='grc' dir='ltr'><strong><em>[ἕκκωφᾰω]</em></strong></span> <span class='ocrx_word' id='word_1_234' title='bbox 1059 994 1133 1020; x_wconf 83' lang='lat' dir='ltr'>Cuius</span> <span class='ocrx_word' id='word_1_235' title='bbox 1150 992 1271 1027; x_wconf 70' lang='lat' dir='ltr'>Paffiuum</span> <span class='ocrx_word' id='word_1_236' title='bbox 1279 999 1324 1028; x_wconf 85' lang='lat' dir='ltr'>po-</span> 
     </span>
    </p>

    <p class='ocr_par' dir='ltr' id='par_1_11' title="bbox 275 1028 1324 1134">
     <span class='ocr_line' id='line_1_22' title="bbox 275 1028 1323 1075; baseline -0.01 -11"><span class='ocrx_word' id='word_1_237' title='bbox 275 1037 331 1075; x_wconf 80' lang='lat' dir='ltr'>suit</span> <span class='ocrx_word' id='word_1_238' title='bbox 343 1036 430 1063; x_wconf 88' lang='lat' dir='ltr'>Valer.</span> <span class='ocrx_word' id='word_1_239' title='bbox 443 1037 514 1063; x_wconf 82' lang='lat' dir='ltr'>Max.</span> <span class='ocrx_word' id='word_1_240' title='bbox 529 1043 559 1066; x_wconf 88' lang='lat'>2,</span> <span class='ocrx_word' id='word_1_241' title='bbox 572 1043 605 1066; x_wconf 85' lang='lat'>2,</span> <span class='ocrx_word' id='word_1_242' title='bbox 619 1043 629 1065; x_wconf 78' lang='lat'><em>3</em></span> <span class='ocrx_word' id='word_1_243' title='bbox 661 1032 768 1059; x_wconf 88' lang='lat' dir='ltr'>Graecis</span> <span class='ocrx_word' id='word_1_244' title='bbox 783 1031 933 1057; x_wconf 71' lang='lat' dir='ltr'>affionibus</span> <span class='ocrx_word' id='word_1_245' title='bbox 948 1038 1022 1056; x_wconf 87' lang='lat' dir='ltr'>aures</span> <span class='ocrx_word' id='word_1_246' title='bbox 1035 1030 1123 1056; x_wconf 88' lang='lat' dir='ltr'>curiae</span> <span class='ocrx_word' id='word_1_247' title='bbox 1144 1028 1323 1055; x_wconf 81' lang='lat' dir='ltr'>exsui-dantur.</span> 
     </span>
     <span class='ocr_line' id='line_1_23' title="bbox 281 1065 1324 1101; baseline -0.01 -2"><span class='ocrx_word' id='word_1_248' title='bbox 281 1076 301 1100; x_wconf 87' lang='lat' dir='ltr'>i.</span> <span class='ocrx_word' id='word_1_249' title='bbox 319 1071 504 1099; x_wconf 81' lang='lat' dir='ltr'>Obtunduntur.</span> <span class='ocrx_word' id='word_1_250' title='bbox 576 1070 642 1096; x_wconf 87' lang='lat' dir='ltr'>Plin.</span> <span class='ocrx_word' id='word_1_251' title='bbox 656 1077 694 1101; x_wconf 77' lang='lat'>32,</span> <span class='ocrx_word' id='word_1_252' title='bbox 709 1077 737 1095; x_wconf 85' lang='lat'>10</span> <span class='ocrx_word' id='word_1_253' title='bbox 762 1067 897 1093; x_wconf 87' lang='lat' dir='ltr'>Paniculae</span> <span class='ocrx_word' id='word_1_254' title='bbox 909 1067 971 1098; x_wconf 69' lang='grc' dir='ltr'><strong>θος,</strong></span> <span class='ocrx_word' id='word_1_255' title='bbox 991 1065 1009 1091; x_wconf 84' lang='lat' dir='ltr'><strong>fi</strong></span> <span class='ocrx_word' id='word_1_256' title='bbox 1023 1074 1098 1092; x_wconf 88' lang='lat' dir='ltr'>aures</span> <span class='ocrx_word' id='word_1_257' title='bbox 1113 1065 1268 1096; x_wconf 79' lang='lat' dir='ltr'>intrauerit,</span> <span class='ocrx_word' id='word_1_258' title='bbox 1281 1072 1324 1089; x_wconf 83' lang='lat' dir='ltr'>ex-</span> 
     </span>
     <span class='ocr_line' id='line_1_24' title="bbox 451 1100 1324 1134; baseline -0.009 -1"><span class='ocrx_word' id='word_1_259' title='bbox 451 1105 578 1133; x_wconf 88' lang='lat' dir='ltr'>Turbida</span> <span class='ocrx_word' id='word_1_260' title='bbox 601 1113 647 1131; x_wconf 90' lang='lat' dir='ltr'>nec</span> <span class='ocrx_word' id='word_1_261' title='bbox 667 1104 779 1130; x_wconf 78' lang='lat' dir='ltr'>calamos</span> <span class='ocrx_word' id='word_1_262' title='bbox 795 1102 934 1129; x_wconf 83' lang='lat' dir='ltr'>exsurdant</span> <span class='ocrx_word' id='word_1_263' title='bbox 952 1100 1046 1127; x_wconf 79' lang='lat' dir='ltr'>classica</span> <span class='ocrx_word' id='word_1_264' title='bbox 1065 1100 1167 1127; x_wconf 82' lang='lat' dir='ltr'>nostros</span> <span class='ocrx_word' id='word_1_265' title='bbox 1198 1100 1324 1134; x_wconf 88' lang='lat' dir='ltr'>Calpurn.</span> 
     </span>
    </p>

    <p class='ocr_par' dir='ltr' id='par_1_12' title="bbox 521 1135 1326 1205">
     <span class='ocr_line' id='line_1_25' title="bbox 521 1135 1326 1174; baseline -0.009 -7"><span class='ocrx_word' id='word_1_266' title='bbox 521 1142 579 1167; x_wconf 87' lang='lat' dir='ltr'>Sen.</span> <span class='ocrx_word' id='word_1_267' title='bbox 594 1139 673 1174; x_wconf 85' lang='lat' dir='ltr'>Epist.</span> <span class='ocrx_word' id='word_1_268' title='bbox 687 1147 724 1172; x_wconf 89' lang='lat'>94</span> <span class='ocrx_word' id='word_1_269' title='bbox 755 1139 790 1164; x_wconf 85' lang='lat' dir='ltr'>Ea</span> <span class='ocrx_word' id='word_1_270' title='bbox 804 1138 915 1168; x_wconf 85' lang='lat' dir='ltr'>scilicet,</span> <span class='ocrx_word' id='word_1_271' title='bbox 930 1145 997 1171; x_wconf 88' lang='lat' dir='ltr'>quae</span> <span class='ocrx_word' id='word_1_272' title='bbox 1010 1136 1061 1163; x_wconf 87' lang='lat' dir='ltr'>tibi</span> <span class='ocrx_word' id='word_1_273' title='bbox 1074 1137 1152 1163; x_wconf 85' lang='lat' dir='ltr'>tantis</span> <span class='ocrx_word' id='word_1_274' title='bbox 1164 1135 1326 1162; x_wconf 85' lang='lat' dir='ltr'>clamoribus</span> 
     </span>
     <span class='ocr_line' id='line_1_26' title="bbox 908 1172 1326 1205; baseline -0.007 -6"><span class='ocrx_word' id='word_1_275' title='bbox 908 1174 991 1199; x_wconf 87' lang='lat' dir='ltr'>Aures</span> <span class='ocrx_word' id='word_1_276' title='bbox 1023 1172 1171 1198; x_wconf 82' lang='lat' dir='ltr'>exsurdatas</span> <span class='ocrx_word' id='word_1_277' title='bbox 1204 1179 1326 1205; x_wconf 80' lang='lat' dir='ltr'>reparare</span> 
     </span>
    </p>
   </div>
   <div class='ocr_carea' id='block_1_4' title="bbox 281 1107 1325 1494">
    <p class='ocr_par' dir='ltr' id='par_1_13' title="bbox 282 1107 1324 1279">
     <span class='ocr_line' id='line_1_27' title="bbox 282 1107 380 1135; baseline -0.01 0"><span class='ocrx_word' id='word_1_278' title='bbox 282 1107 380 1135; x_wconf 81' lang='lat' dir='ltr'>surdat.</span> 
     </span>
     <span class='ocr_line' id='line_1_28' title="bbox 282 1144 450 1176; baseline -0.024 -4"><span class='ocrx_word' id='word_1_279' title='bbox 282 1144 352 1172; x_wconf 82' lang='lat' dir='ltr'>Eccl.</span> <span class='ocrx_word' id='word_1_280' title='bbox 361 1152 392 1176; x_wconf 88' lang='lat'>4,</span> <span class='ocrx_word' id='word_1_281' title='bbox 405 1151 450 1174; x_wconf 79' lang='lat'>¹31-</span> 
     </span>
     <span class='ocr_line' id='line_1_29' title="bbox 283 1174 820 1206; baseline -0.011 -1"><span class='ocrx_word' id='word_1_282' title='bbox 283 1179 411 1206; x_wconf 78' lang='lat' dir='ltr'>exurdato</span> <span class='ocrx_word' id='word_1_283' title='bbox 430 1176 544 1204; x_wconf 88' lang='lat' dir='ltr'>salubria</span> <span class='ocrx_word' id='word_1_284' title='bbox 566 1176 710 1202; x_wconf 87' lang='lat' dir='ltr'>insusurret</span> <span class='ocrx_word' id='word_1_285' title='bbox 729 1174 820 1200; x_wconf 89' lang='lat' dir='ltr'>verba.</span> 
     </span>
     <span class='ocr_line' id='line_1_30' title="bbox 282 1207 1324 1247; baseline -0.008 -6"><span class='ocrx_word' id='word_1_286' title='bbox 282 1216 364 1242; x_wconf 84' lang='lat' dir='ltr'>Marc.</span> <span class='ocrx_word' id='word_1_287' title='bbox 381 1214 477 1247; x_wconf 84' lang='lat' dir='ltr'>Empir.</span> <span class='ocrx_word' id='word_1_288' title='bbox 491 1222 512 1238; x_wconf 90' lang='lat' dir='ltr'>c.</span> <span class='ocrx_word' id='word_1_289' title='bbox 520 1221 544 1245; x_wconf 92' lang='lat'>9.</span> <span class='ocrx_word' id='word_1_290' title='bbox 616 1211 684 1237; x_wconf 88' lang='lat' dir='ltr'>Vina</span> <span class='ocrx_word' id='word_1_291' title='bbox 696 1209 824 1236; x_wconf 87' lang='lat' dir='ltr'>exurdant</span> <span class='ocrx_word' id='word_1_292' title='bbox 836 1208 951 1243; x_wconf 85' lang='lat' dir='ltr'>palatum</span> <span class='ocrx_word' id='word_1_293' title='bbox 975 1209 1042 1235; x_wconf 85' lang='lat' dir='ltr'>Hor.</span> <span class='ocrx_word' id='word_1_294' title='bbox 1050 1208 1130 1235; x_wconf 88' lang='lat' dir='ltr'>Serm.</span> <span class='ocrx_word' id='word_1_295' title='bbox 1144 1216 1166 1239; x_wconf 87' lang='lat'>2,</span> <span class='ocrx_word' id='word_1_296' title='bbox 1178 1212 1202 1240; x_wconf 86' lang='lat'>8,</span> <span class='ocrx_word' id='word_1_297' title='bbox 1215 1212 1252 1238; x_wconf 81' lang='lat'>38.</span> <span class='ocrx_word' id='word_1_298' title='bbox 1271 1207 1296 1233; x_wconf 84' lang='lat' dir='ltr'>h.</span> <span class='ocrx_word' id='word_1_299' title='bbox 1305 1215 1324 1232; x_wconf 82' lang='lat' dir='ltr'>e.</span> 
     </span>
     <span class='ocr_line' id='line_1_31' title="bbox 283 1244 1007 1279; baseline -0.01 -3"><span class='ocrx_word' id='word_1_300' title='bbox 283 1249 396 1277; x_wconf 87' lang='lat' dir='ltr'>Surdum</span> <span class='ocrx_word' id='word_1_301' title='bbox 409 1249 510 1274; x_wconf 82' lang='lat' dir='ltr'>faciunt</span> <span class='ocrx_word' id='word_1_302' title='bbox 524 1253 553 1273; x_wconf 89' lang='lat' dir='ltr'>vt</span> <span class='ocrx_word' id='word_1_303' title='bbox 567 1255 621 1273; x_wconf 90' lang='lat' dir='ltr'>non</span> <span class='ocrx_word' id='word_1_304' title='bbox 635 1246 728 1273; x_wconf 85' lang='lat' dir='ltr'>sentiat</span> <span class='ocrx_word' id='word_1_305' title='bbox 742 1246 868 1279; x_wconf 85' lang='lat' dir='ltr'>saporem.</span> <span class='ocrx_word' id='word_1_306' title='bbox 910 1244 1007 1270; x_wconf 86' lang='lat' dir='ltr'>Acron.</span> 
     </span>
    </p>

    <p class='ocr_par' dir='ltr' id='par_1_14' title="bbox 281 1277 1325 1462">
     <span class='ocr_line' id='line_1_32' title="bbox 319 1277 1325 1317; baseline -0.009 -6"><span class='ocrx_word' id='word_1_307' title='bbox 319 1292 335 1311; x_wconf 80' lang='grc' dir='ltr'>Ε</span> <span class='ocrx_word' id='word_1_308' title='bbox 345 1290 447 1312; x_wconf 77' lang='lat' dir='ltr'>xVRG</span> <span class='ocrx_word' id='word_1_309' title='bbox 460 1289 476 1309; x_wconf 79' lang='grc' dir='ltr'><strong>Ε</strong></span> <span class='ocrx_word' id='word_1_310' title='bbox 489 1289 508 1309; x_wconf 93' lang='lat' dir='ltr'>o</span> <span class='ocrx_word' id='word_1_311' title='bbox 519 1303 527 1315; x_wconf 93' lang='lat'>‚</span> <span class='ocrx_word' id='word_1_312' title='bbox 545 1286 599 1309; x_wconf 67' lang='lat' dir='ltr'>ere.</span> <span class='ocrx_word' id='word_1_313' title='bbox 640 1280 755 1317; x_wconf 77' lang='lat' dir='ltr'>Vrgendo</span> <span class='ocrx_word' id='word_1_314' title='bbox 768 1283 885 1315; x_wconf 62' lang='lat' dir='ltr'>exprimo.</span> <span class='ocrx_word' id='word_1_315' title='bbox 940 1279 1021 1306; x_wconf 88' lang='lat' dir='ltr'>Plaut.</span> <span class='ocrx_word' id='word_1_316' title='bbox 1037 1277 1104 1304; x_wconf 83' lang='lat' dir='ltr'>Rud.</span> <span class='ocrx_word' id='word_1_317' title='bbox 1119 1287 1147 1311; x_wconf 89' lang='lat'>4,</span> <span class='ocrx_word' id='word_1_318' title='bbox 1162 1286 1190 1309; x_wconf 98' lang='grc'>3,</span> <span class='ocrx_word' id='word_1_319' title='bbox 1204 1279 1275 1317; x_wconf 60' lang='lat'>62⁶¹?</span> <span class='ocrx_word' id='word_1_320' title='bbox 1289 1283 1325 1310; x_wconf 87' lang='lat'>70</span> 
     </span>
     <span class='ocr_line' id='line_1_33' title="bbox 281 1311 1324 1352; baseline -0.01 -5"><span class='ocrx_word' id='word_1_321' title='bbox 281 1321 385 1347; x_wconf 78' lang='lat' dir='ltr'>ridicule</span> <span class='ocrx_word' id='word_1_322' title='bbox 398 1322 508 1345; x_wconf 82' lang='lat' dir='ltr'>minatur</span> <span class='ocrx_word' id='word_1_323' title='bbox 524 1319 676 1350; x_wconf 75' lang='lat' dir='ltr'><em>Trachalio,</em></span> <span class='ocrx_word' id='word_1_324' title='bbox 704 1317 759 1351; x_wconf 85' lang='lat' dir='ltr'>Ego</span> <span class='ocrx_word' id='word_1_325' title='bbox 786 1317 838 1342; x_wconf 87' lang='lat' dir='ltr'>iam</span> <span class='ocrx_word' id='word_1_326' title='bbox 854 1315 897 1342; x_wconf 84' lang='lat' dir='ltr'>hic</span> <span class='ocrx_word' id='word_1_327' title='bbox 912 1321 951 1346; x_wconf 87' lang='lat' dir='ltr'>te,</span> <span class='ocrx_word' id='word_1_328' title='bbox 980 1313 1073 1340; x_wconf 87' lang='lat' dir='ltr'>itidem</span> <span class='ocrx_word' id='word_1_329' title='bbox 1094 1313 1164 1347; x_wconf 82' lang='lat' dir='ltr'>quali</span> <span class='ocrx_word' id='word_1_330' title='bbox 1186 1311 1324 1352; x_wconf 70' lang='lat' dir='ltr'>penicillus</span> 
     </span>
     <span class='ocr_line' id='line_1_34' title="bbox 282 1347 1324 1388; baseline -0.01 -6"><span class='ocrx_word' id='word_1_331' title='bbox 282 1365 366 1382; x_wconf 89' lang='lat' dir='ltr'>nouus</span> <span class='ocrx_word' id='word_1_332' title='bbox 380 1355 503 1388; x_wconf 80' lang='lat' dir='ltr'>exurgeri</span> <span class='ocrx_word' id='word_1_333' title='bbox 518 1354 597 1385; x_wconf 90' lang='lat' dir='ltr'>solet,</span> <span class='ocrx_word' id='word_1_334' title='bbox 620 1353 660 1380; x_wconf 92' lang='lat' dir='ltr'>Ni</span> <span class='ocrx_word' id='word_1_335' title='bbox 674 1352 742 1378; x_wconf 86' lang='lat' dir='ltr'>hunc</span> <span class='ocrx_word' id='word_1_336' title='bbox 755 1351 870 1384; x_wconf 82' lang='lat' dir='ltr'>amittis,</span> <span class='ocrx_word' id='word_1_337' title='bbox 890 1350 1041 1384; x_wconf 84' lang='lat' dir='ltr'>exurgebo,</span> <span class='ocrx_word' id='word_1_338' title='bbox 1058 1347 1188 1383; x_wconf 88' lang='lat' dir='ltr'>quidquid</span> <span class='ocrx_word' id='word_1_339' title='bbox 1202 1347 1324 1374; x_wconf 72' lang='lat' dir='ltr'>humoris</span> 
     </span>
     <span class='ocr_line' id='line_1_35' title="bbox 282 1383 1322 1424; baseline -0.01 -6"><span class='ocrx_word' id='word_1_340' title='bbox 282 1391 333 1418; x_wconf 87' lang='lat' dir='ltr'>tibi</span> <span class='ocrx_word' id='word_1_341' title='bbox 347 1391 393 1417; x_wconf 86' lang='lat' dir='ltr'>est.</span> <span class='ocrx_word' id='word_1_342' title='bbox 449 1391 489 1417; x_wconf 83' lang='lat' dir='ltr'>Sic</span> <span class='ocrx_word' id='word_1_343' title='bbox 502 1391 578 1417; x_wconf 89' lang='lat' dir='ltr'>Gron.</span> <span class='ocrx_word' id='word_1_344' title='bbox 610 1388 718 1424; x_wconf 72' lang='lat' dir='ltr'>Qidam</span> <span class='ocrx_word' id='word_1_345' title='bbox 730 1387 838 1421; x_wconf 80' lang='lat' dir='ltr'>exugeri</span> <span class='ocrx_word' id='word_1_346' title='bbox 853 1394 875 1412; x_wconf 77' lang='lat' dir='ltr'>et</span> <span class='ocrx_word' id='word_1_347' title='bbox 888 1385 1017 1420; x_wconf 73' lang='lat' dir='ltr'>exugebo.</span> <span class='ocrx_word' id='word_1_348' title='bbox 1069 1385 1110 1411; x_wconf 82' lang='lat' dir='ltr'>Sic</span> <span class='ocrx_word' id='word_1_349' title='bbox 1129 1385 1223 1410; x_wconf 87' lang='lat' dir='ltr'>Caton.</span> <span class='ocrx_word' id='word_1_350' title='bbox 1246 1384 1276 1409; x_wconf 80' lang='lat' dir='ltr'>R.</span> <span class='ocrx_word' id='word_1_351' title='bbox 1291 1383 1322 1409; x_wconf 84' lang='lat' dir='ltr'>R.</span> 
     </span>
     <span class='ocr_line' id='line_1_36' title="bbox 282 1421 1257 1462; baseline -0.009 -9"><span class='ocrx_word' id='word_1_352' title='bbox 282 1429 335 1460; x_wconf 84' lang='lat'>136,</span> <span class='ocrx_word' id='word_1_353' title='bbox 349 1435 361 1457; x_wconf 82' lang='grc'>3</span> <span class='ocrx_word' id='word_1_354' title='bbox 389 1425 514 1462; x_wconf 71' lang='lat' dir='ltr'>legendum</span> <span class='ocrx_word' id='word_1_355' title='bbox 526 1425 625 1451; x_wconf 81' lang='lat' dir='ltr'>videtur</span> <span class='ocrx_word' id='word_1_356' title='bbox 637 1425 665 1450; x_wconf 89' lang='lat' dir='ltr'>in</span> <span class='ocrx_word' id='word_1_357' title='bbox 678 1424 790 1449; x_wconf 89' lang='lat' dir='ltr'>linteum</span> <span class='ocrx_word' id='word_1_358' title='bbox 803 1428 929 1456; x_wconf 81' lang='lat' dir='ltr'>exurgeto</span> <span class='ocrx_word' id='word_1_359' title='bbox 943 1421 1044 1447; x_wconf 88' lang='lat' dir='ltr'>succum</span> <span class='ocrx_word' id='word_1_360' title='bbox 1054 1439 1061 1450; x_wconf 98' lang='lat'>,</span> <span class='ocrx_word' id='word_1_361' title='bbox 1071 1426 1121 1455; x_wconf 78' lang='lat' dir='ltr'>pro</span> <span class='ocrx_word' id='word_1_362' title='bbox 1137 1425 1257 1453; x_wconf 82' lang='lat' dir='ltr'>exugcto.</span> 
     </span>
    </p>

    <p class='ocr_par' dir='ltr' id='par_1_15' title="bbox 318 1454 1323 1494">
     <span class='ocr_line' id='line_1_37' title="bbox 318 1454 1323 1494; baseline -0.01 -6"><span class='ocrx_word' id='word_1_363' title='bbox 318 1470 335 1489; x_wconf 85' lang='lat' dir='ltr'>E</span> <span class='ocrx_word' id='word_1_364' title='bbox 346 1469 363 1487; x_wconf 84' lang='lat' dir='ltr'>x</span> <span class='ocrx_word' id='word_1_365' title='bbox 372 1469 393 1487; x_wconf 94' lang='lat' dir='ltr'>v</span> <span class='ocrx_word' id='word_1_366' title='bbox 404 1468 422 1487; x_wconf 78' lang='lat' dir='ltr'>R</span> <span class='ocrx_word' id='word_1_367' title='bbox 433 1467 453 1487; x_wconf 94' lang='lat' dir='ltr'>G</span> <span class='ocrx_word' id='word_1_368' title='bbox 464 1466 484 1486; x_wconf 87' lang='lat' dir='ltr'>O</span> <span class='ocrx_word' id='word_1_369' title='bbox 495 1480 502 1492; x_wconf 93' lang='lat'>,</span> <span class='ocrx_word' id='word_1_370' title='bbox 514 1459 569 1494; x_wconf 79' lang='lat' dir='ltr'>fiue</span> <span class='ocrx_word' id='word_1_371' title='bbox 590 1467 605 1486; x_wconf 87' lang='lat' dir='ltr'>E</span> <span class='ocrx_word' id='word_1_372' title='bbox 616 1466 632 1485; x_wconf 87' lang='lat' dir='ltr'>X</span> <span class='ocrx_word' id='word_1_373' title='bbox 643 1467 655 1486; x_wconf 92' lang='lat' dir='ltr'>s</span> <span class='ocrx_word' id='word_1_374' title='bbox 664 1466 684 1484; x_wconf 97' lang='lat' dir='ltr'>V</span> <span class='ocrx_word' id='word_1_375' title='bbox 694 1466 712 1485; x_wconf 84' lang='lat' dir='ltr'>R</span> <span class='ocrx_word' id='word_1_376' title='bbox 722 1466 741 1485; x_wconf 87' lang='lat' dir='ltr'>G</span> <span class='ocrx_word' id='word_1_377' title='bbox 752 1466 769 1485; x_wconf 94' lang='lat' dir='ltr'>O</span> <span class='ocrx_word' id='word_1_378' title='bbox 778 1478 787 1491; x_wconf 96' lang='lat'>,</span> <span class='ocrx_word' id='word_1_379' title='bbox 810 1458 867 1484; x_wconf 77' lang='lat' dir='ltr'>rexi</span> <span class='ocrx_word' id='word_1_380' title='bbox 876 1477 884 1490; x_wconf 90' lang='lat'>,</span> <span class='ocrx_word' id='word_1_381' title='bbox 905 1459 957 1483; x_wconf 61' lang='lat' dir='ltr'>cre.</span> <span class='ocrx_word' id='word_1_382' title='bbox 984 1456 1151 1490; x_wconf 47' lang='lat' dir='ltr'>[ifeyn&#39;gmlmoeb</span> <span class='ocrx_word' id='word_1_383' title='bbox 1164 1454 1323 1488; x_wconf 66' lang='grc' dir='ltr'>ἐξοινίςαμαι]</span> 
     </span>
    </p>
   </div>
   <div class='ocr_carea' id='block_1_5' title="bbox 282 1490 1325 1565">
    <p class='ocr_par' dir='ltr' id='par_1_16' title="bbox 282 1490 1325 1565">
     <span class='ocr_line' id='line_1_38' title="bbox 282 1490 1325 1534; baseline -0.009 -10"><span class='ocrx_word' id='word_1_384' title='bbox 282 1498 363 1525; x_wconf 83' lang='lat' dir='ltr'>Eloco</span> <span class='ocrx_word' id='word_1_385' title='bbox 373 1497 485 1534; x_wconf 63' lang='lat' dir='ltr'>surgere.</span> <span class='ocrx_word' id='word_1_386' title='bbox 555 1495 637 1522; x_wconf 90' lang='lat' dir='ltr'>Plaut.</span> <span class='ocrx_word' id='word_1_387' title='bbox 654 1494 757 1521; x_wconf 81' lang='lat' dir='ltr'>Mostcl.</span> <span class='ocrx_word' id='word_1_388' title='bbox 767 1503 792 1526; x_wconf 81' lang='lat'>2,</span> <span class='ocrx_word' id='word_1_389' title='bbox 807 1502 826 1525; x_wconf 94' lang='lat'>1,</span> <span class='ocrx_word' id='word_1_390' title='bbox 838 1501 871 1526; x_wconf 84' lang='lat'>29</span> <span class='ocrx_word' id='word_1_391' title='bbox 897 1492 1002 1525; x_wconf 85' lang='lat' dir='ltr'>Q1aeso</span> <span class='ocrx_word' id='word_1_392' title='bbox 1011 1491 1141 1531; x_wconf 71' lang='lat' dir='ltr'>exsurge,</span> <span class='ocrx_word' id='word_1_393' title='bbox 1162 1497 1234 1525; x_wconf 88' lang='lat' dir='ltr'>pater</span> <span class='ocrx_word' id='word_1_394' title='bbox 1246 1490 1325 1516; x_wconf 88' lang='lat' dir='ltr'>adue-</span> 
     </span>
     <span class='ocr_line' id='line_1_39' title="bbox 282 1525 1324 1565; baseline -0.009 -6"><span class='ocrx_word' id='word_1_395' title='bbox 282 1534 331 1560; x_wconf 93' lang='lat' dir='ltr'>nit.</span> <span class='ocrx_word' id='word_1_396' title='bbox 402 1531 528 1562; x_wconf 86' lang='lat' dir='ltr'>Accubat,</span> <span class='ocrx_word' id='word_1_397' title='bbox 543 1531 713 1565; x_wconf 83' lang='lat' dir='ltr'>exsurgitque</span> <span class='ocrx_word' id='word_1_398' title='bbox 732 1530 815 1556; x_wconf 85' lang='lat' dir='ltr'>facem</span> <span class='ocrx_word' id='word_1_399' title='bbox 834 1528 955 1554; x_wconf 90' lang='lat' dir='ltr'>attollens</span> <span class='ocrx_word' id='word_1_400' title='bbox 985 1527 1058 1560; x_wconf 80' lang='lat' dir='ltr'>Virg.</span> <span class='ocrx_word' id='word_1_401' title='bbox 1075 1527 1139 1552; x_wconf 83' lang='lat' dir='ltr'>Aen.</span> <span class='ocrx_word' id='word_1_402' title='bbox 1150 1528 1189 1559; x_wconf 62' lang='lat'>,6,</span> <span class='ocrx_word' id='word_1_403' title='bbox 1201 1528 1262 1552; x_wconf 91' lang='lat'><em>606.</em></span> <span class='ocrx_word' id='word_1_404' title='bbox 1295 1525 1324 1551; x_wconf 81' lang='lat' dir='ltr'>de</span> 
     </span>
    </p>
   </div>
   <div class='ocr_carea' id='block_1_6' title="bbox 283 1561 1325 1772">
    <p class='ocr_par' dir='ltr' id='par_1_17' title="bbox 283 1561 1325 1772">
     <span class='ocr_line' id='line_1_40' title="bbox 284 1561 1323 1598; baseline -0.009 -3"><span class='ocrx_word' id='word_1_405' title='bbox 284 1571 370 1596; x_wconf 82' lang='lat' dir='ltr'>Furia.</span> <span class='ocrx_word' id='word_1_406' title='bbox 440 1567 522 1593; x_wconf 88' lang='lat' dir='ltr'>Plaut.</span> <span class='ocrx_word' id='word_1_407' title='bbox 536 1566 603 1593; x_wconf 81' lang='lat' dir='ltr'>Rud.</span> <span class='ocrx_word' id='word_1_408' title='bbox 619 1575 639 1598; x_wconf 89' lang='lat'>1,</span> <span class='ocrx_word' id='word_1_409' title='bbox 654 1574 674 1597; x_wconf 75' lang='grc' dir='ltr'><strong>ς,</strong></span> <span class='ocrx_word' id='word_1_410' title='bbox 689 1573 721 1591; x_wconf 81' lang='lat'>22</span> <span class='ocrx_word' id='word_1_411' title='bbox 752 1565 845 1591; x_wconf 80' lang='lat' dir='ltr'>Manus</span> <span class='ocrx_word' id='word_1_412' title='bbox 859 1562 926 1590; x_wconf 91' lang='lat' dir='ltr'>mihi</span> <span class='ocrx_word' id='word_1_413' title='bbox 940 1562 998 1589; x_wconf 81' lang='lat' dir='ltr'>date</span> <span class='ocrx_word' id='word_1_414' title='bbox 1008 1582 1016 1594; x_wconf 93' lang='lat'>,</span> <span class='ocrx_word' id='word_1_415' title='bbox 1034 1569 1113 1596; x_wconf 86' lang='lat' dir='ltr'>atque</span> <span class='ocrx_word' id='word_1_416' title='bbox 1125 1561 1255 1596; x_wconf 75' lang='lat' dir='ltr'>exsurgite</span> <span class='ocrx_word' id='word_1_417' title='bbox 1270 1570 1323 1587; x_wconf 85' lang='lat' dir='ltr'>am-</span> 
     </span>
     <span class='ocr_line' id='line_1_41' title="bbox 283 1597 1323 1637; baseline -0.008 -8"><span class='ocrx_word' id='word_1_418' title='bbox 283 1604 332 1630; x_wconf 90' lang='lat' dir='ltr'>bae</span> <span class='ocrx_word' id='word_1_419' title='bbox 345 1613 359 1629; x_wconf 88' lang='lat' dir='ltr'>a</span> <span class='ocrx_word' id='word_1_420' title='bbox 374 1602 492 1637; x_wconf 79' lang='lat' dir='ltr'>genibus.</span> <span class='ocrx_word' id='word_1_421' title='bbox 564 1602 602 1628; x_wconf 84' lang='lat' dir='ltr'>Id.</span> <span class='ocrx_word' id='word_1_422' title='bbox 616 1601 683 1627; x_wconf 84' lang='lat' dir='ltr'>ibid.</span> <span class='ocrx_word' id='word_1_423' title='bbox 698 1610 724 1633; x_wconf 91' lang='lat'>4,</span> <span class='ocrx_word' id='word_1_424' title='bbox 740 1609 764 1632; x_wconf 86' lang='lat'>2,</span> <span class='ocrx_word' id='word_1_425' title='bbox 778 1609 806 1626; x_wconf 89' lang='lat'>10</span> <span class='ocrx_word' id='word_1_426' title='bbox 837 1600 908 1625; x_wconf 84' lang='lat' dir='ltr'>Nam</span> <span class='ocrx_word' id='word_1_427' title='bbox 921 1604 950 1624; x_wconf 90' lang='lat' dir='ltr'>vt</span> <span class='ocrx_word' id='word_1_428' title='bbox 962 1597 994 1623; x_wconf 91' lang='lat' dir='ltr'>de</span> <span class='ocrx_word' id='word_1_429' title='bbox 1009 1597 1087 1624; x_wconf 65' lang='lat' dir='ltr'>nocie</span> <span class='ocrx_word' id='word_1_430' title='bbox 1102 1597 1186 1623; x_wconf 86' lang='lat' dir='ltr'>multa</span> <span class='ocrx_word' id='word_1_431' title='bbox 1199 1597 1323 1631; x_wconf 84' lang='lat' dir='ltr'>impigre-</span> 
     </span>
     <span class='ocr_line' id='line_1_42' title="bbox 283 1632 1323 1675; baseline -0.007 -11"><span class='ocrx_word' id='word_1_432' title='bbox 283 1648 335 1675; x_wconf 89' lang='lat' dir='ltr'>que</span> <span class='ocrx_word' id='word_1_433' title='bbox 348 1637 497 1667; x_wconf 82' lang='lat' dir='ltr'>exsurrexi,</span> <span class='ocrx_word' id='word_1_434' title='bbox 516 1637 619 1663; x_wconf 90' lang='lat' dir='ltr'>lucrum</span> <span class='ocrx_word' id='word_1_435' title='bbox 634 1635 771 1670; x_wconf 87' lang='lat' dir='ltr'>praeposui</span> <span class='ocrx_word' id='word_1_436' title='bbox 786 1635 875 1668; x_wconf 89' lang='lat' dir='ltr'>sopori</span> <span class='ocrx_word' id='word_1_437' title='bbox 889 1640 914 1660; x_wconf 89' lang='lat' dir='ltr'>et</span> <span class='ocrx_word' id='word_1_438' title='bbox 927 1633 1020 1668; x_wconf 84' lang='lat' dir='ltr'>quieti.</span> <span class='ocrx_word' id='word_1_439' title='bbox 1090 1633 1129 1659; x_wconf 87' lang='lat' dir='ltr'>Id.</span> <span class='ocrx_word' id='word_1_440' title='bbox 1144 1632 1204 1659; x_wconf 91' lang='lat' dir='ltr'>Mil.</span> <span class='ocrx_word' id='word_1_441' title='bbox 1217 1641 1248 1664; x_wconf 82' lang='lat'>2,</span> <span class='ocrx_word' id='word_1_442' title='bbox 1271 1641 1291 1664; x_wconf 91' lang='lat'>1,</span> <span class='ocrx_word' id='word_1_443' title='bbox 1310 1640 1323 1665; x_wconf 85' lang='lat'>3</span> 
     </span>
     <span class='ocr_line' id='line_1_43' title="bbox 284 1670 828 1708; baseline -0.009 -8"><span class='ocrx_word' id='word_1_444' title='bbox 284 1675 341 1708; x_wconf 80' lang='lat' dir='ltr'>Qui</span> <span class='ocrx_word' id='word_1_445' title='bbox 354 1673 498 1700; x_wconf 81' lang='lat' dir='ltr'>auscultare</span> <span class='ocrx_word' id='word_1_446' title='bbox 512 1672 596 1704; x_wconf 88' lang='lat' dir='ltr'>nolit,</span> <span class='ocrx_word' id='word_1_447' title='bbox 615 1673 735 1704; x_wconf 74' lang='lat' dir='ltr'>exsurgat</span> <span class='ocrx_word' id='word_1_448' title='bbox 749 1670 828 1696; x_wconf 89' lang='lat' dir='ltr'>foras.</span> 
     </span>
     <span class='ocr_line' id='line_1_44' title="bbox 284 1704 1325 1744; baseline -0.006 -9"><span class='ocrx_word' id='word_1_449' title='bbox 284 1719 332 1744; x_wconf 84' lang='lat' dir='ltr'>pus</span> <span class='ocrx_word' id='word_1_450' title='bbox 345 1718 376 1735; x_wconf 86' lang='lat' dir='ltr'>ex</span> <span class='ocrx_word' id='word_1_451' title='bbox 390 1708 505 1740; x_wconf 80' lang='lat' dir='ltr'>insidiis,</span> <span class='ocrx_word' id='word_1_452' title='bbox 522 1713 547 1733; x_wconf 91' lang='lat' dir='ltr'>et</span> <span class='ocrx_word' id='word_1_453' title='bbox 559 1706 729 1741; x_wconf 82' lang='lat' dir='ltr'>aggrediendi</span> <span class='ocrx_word' id='word_1_454' title='bbox 742 1705 852 1731; x_wconf 84' lang='lat' dir='ltr'>hostem.</span> <span class='ocrx_word' id='word_1_455' title='bbox 925 1704 1067 1738; x_wconf 79' lang='lat' dir='ltr'>Paullisper</span> <span class='ocrx_word' id='word_1_456' title='bbox 1080 1705 1203 1738; x_wconf 78' lang='lat' dir='ltr'>exsurge,</span> <span class='ocrx_word' id='word_1_457' title='bbox 1227 1710 1252 1730; x_wconf 90' lang='lat' dir='ltr'>et</span> <span class='ocrx_word' id='word_1_458' title='bbox 1268 1712 1325 1738; x_wconf 88' lang='lat' dir='ltr'>per-</span> 
     </span>
     <span class='ocr_line' id='line_1_45' title="bbox 285 1739 1325 1772; baseline -0.008 0"><span class='ocrx_word' id='word_1_459' title='bbox 285 1746 327 1772; x_wconf 82' lang='lat' dir='ltr'>fer</span> <span class='ocrx_word' id='word_1_460' title='bbox 340 1745 407 1771; x_wconf 89' lang='lat' dir='ltr'>hunc</span> <span class='ocrx_word' id='word_1_461' title='bbox 423 1744 543 1769; x_wconf 84' lang='lat' dir='ltr'>dolorem</span> <span class='ocrx_word' id='word_1_462' title='bbox 557 1740 819 1768; x_wconf 82' lang='lat' dir='ltr'>commemorationis</span> <span class='ocrx_word' id='word_1_463' title='bbox 832 1747 886 1765; x_wconf 87' lang='lat' dir='ltr'>non</span> <span class='ocrx_word' id='word_1_464' title='bbox 903 1740 1057 1765; x_wconf 73' lang='lat' dir='ltr'>necess‘ariae</span> <span class='ocrx_word' id='word_1_465' title='bbox 1088 1740 1143 1765; x_wconf 87' lang='lat' dir='ltr'>Cic.</span> <span class='ocrx_word' id='word_1_466' title='bbox 1159 1747 1206 1772; x_wconf 93' lang='lat' dir='ltr'>pro</span> <span class='ocrx_word' id='word_1_467' title='bbox 1219 1739 1325 1765; x_wconf 88' lang='lat' dir='ltr'>Cluent.</span> 
     </span>
    </p>
   </div>
   <div class='ocr_carea' id='block_1_7' title="bbox 405 1773 1328 1812">
    <p class='ocr_par' dir='ltr' id='par_1_18' title="bbox 405 1773 1328 1812">
     <span class='ocr_line' id='line_1_46' title="bbox 405 1773 1328 1812; baseline -0.009 -7"><span class='ocrx_word' id='word_1_468' title='bbox 405 1780 537 1812; x_wconf 84' lang='lat' dir='ltr'>Exurgere</span> <span class='ocrx_word' id='word_1_469' title='bbox 549 1784 628 1812; x_wconf 77' lang='lat' dir='ltr'>atque</span> <span class='ocrx_word' id='word_1_470' title='bbox 641 1777 743 1811; x_wconf 85' lang='lat' dir='ltr'>erigere</span> <span class='ocrx_word' id='word_1_471' title='bbox 757 1776 798 1807; x_wconf 79' lang='lat' dir='ltr'>se,</span> <span class='ocrx_word' id='word_1_472' title='bbox 819 1782 865 1809; x_wconf 78' lang='lat' dir='ltr'>per</span> <span class='ocrx_word' id='word_1_473' title='bbox 879 1777 1067 1800; x_wconf 70' lang='lat' dir='ltr'>translationem</span> <span class='ocrx_word' id='word_1_474' title='bbox 1076 1793 1084 1805; x_wconf 88' lang='lat'>,</span> <span class='ocrx_word' id='word_1_475' title='bbox 1095 1781 1143 1808; x_wconf 77' lang='lat' dir='ltr'>pro</span> <span class='ocrx_word' id='word_1_476' title='bbox 1157 1775 1258 1808; x_wconf 78' lang='lat' dir='ltr'>Erigere</span> <span class='ocrx_word' id='word_1_477' title='bbox 1265 1773 1328 1806; x_wconf 69' lang='lat' dir='ltr'>fist»</span> 
     </span>
    </p>
   </div>
   <div class='ocr_carea' id='block_1_8' title="bbox 283 1783 1326 1842">
    <p class='ocr_par' dir='ltr' id='par_1_19' title="bbox 283 1783 1326 1842">
     <span class='ocr_line' id='line_1_47' title="bbox 283 1783 1326 1842; baseline -0.008 -2"><span class='ocrx_word' id='word_1_478' title='bbox 283 1783 336 1810; x_wconf 80' lang='lat'>168·</span> <span class='ocrx_word' id='word_1_479' title='bbox 991 1808 1029 1835; x_wconf 86' lang='lat' dir='ltr'>Id.</span> <span class='ocrx_word' id='word_1_480' title='bbox 1044 1809 1096 1834; x_wconf 84' lang='lat' dir='ltr'>Att.</span> <span class='ocrx_word' id='word_1_481' title='bbox 1106 1816 1139 1842; x_wconf 87' lang='lat'>7,</span> <span class='ocrx_word' id='word_1_482' title='bbox 1177 1826 1183 1833; x_wconf 96' lang='lat'>.</span> <span class='ocrx_word' id='word_1_483' title='bbox 1267 1808 1326 1833; x_wconf 80' lang='lat' dir='ltr'>Nos</span> 
     </span>
    </p>
   </div>
   <div class='ocr_carea' id='block_1_9' title="bbox 284 1811 922 1848">
    <p class='ocr_par' dir='ltr' id='par_1_20' title="bbox 284 1811 922 1848">
     <span class='ocr_line' id='line_1_48' title="bbox 284 1811 922 1848; baseline -0.008 -8"><span class='ocrx_word' id='word_1_484' title='bbox 284 1823 306 1841; x_wconf 81' lang='lat' dir='ltr'>ct</span> <span class='ocrx_word' id='word_1_485' title='bbox 321 1812 498 1848; x_wconf 64' lang='lat' dir='ltr'>afflic‘iiotzibus</span> <span class='ocrx_word' id='word_1_486' title='bbox 512 1813 616 1840; x_wconf 80' lang='lat' dir='ltr'>liberari</span> <span class='ocrx_word' id='word_1_487' title='bbox 650 1811 688 1838; x_wconf 85' lang='lat' dir='ltr'>Id.</span> <span class='ocrx_word' id='word_1_488' title='bbox 702 1820 750 1846; x_wconf 87' lang='lat' dir='ltr'>pro</span> <span class='ocrx_word' id='word_1_489' title='bbox 764 1811 792 1837; x_wconf 92' lang='lat' dir='ltr'>L.</span> <span class='ocrx_word' id='word_1_490' title='bbox 805 1811 867 1844; x_wconf 87' lang='lat' dir='ltr'>Agr.</span> <span class='ocrx_word' id='word_1_491' title='bbox 882 1811 922 1839; x_wconf 84' lang='lat'>86.</span> 
     </span>
    </p>
   </div>
   <div class='ocr_carea' id='block_1_10' title="bbox 283 1842 1371 1882">
    <p class='ocr_par' dir='ltr' id='par_1_21' title="bbox 283 1842 1371 1882">
     <span class='ocr_line' id='line_1_49' title="bbox 283 1842 1371 1882; baseline -0.009 -6"><span class='ocrx_word' id='word_1_492' title='bbox 283 1857 371 1878; x_wconf 85' lang='lat' dir='ltr'>autem</span> <span class='ocrx_word' id='word_1_493' title='bbox 393 1849 440 1875; x_wconf 83' lang='lat' dir='ltr'>vbi</span> <span class='ocrx_word' id='word_1_494' title='bbox 458 1856 587 1882; x_wconf 80' lang='lat' dir='ltr'>exurgere</span> <span class='ocrx_word' id='word_1_495' title='bbox 606 1848 767 1881; x_wconf 85' lang='lat' dir='ltr'>poterimus,</span> <span class='ocrx_word' id='word_1_496' title='bbox 796 1852 840 1872; x_wconf 92' lang='lat' dir='ltr'>aut</span> <span class='ocrx_word' id='word_1_497' title='bbox 860 1844 984 1879; x_wconf 67' lang='lat' dir='ltr'>quando?</span> <span class='ocrx_word' id='word_1_498' title='bbox 1031 1843 1070 1870; x_wconf 88' lang='lat' dir='ltr'>Id.</span> <span class='ocrx_word' id='word_1_499' title='bbox 1091 1842 1204 1877; x_wconf 87' lang='lat' dir='ltr'>Philipp.</span> <span class='ocrx_word' id='word_1_500' title='bbox 1226 1850 1267 1874; x_wconf 77' lang='lat'>13,</span> <span class='ocrx_word' id='word_1_501' title='bbox 1287 1846 1324 1874; x_wconf 80' lang='grc'><strong>38.</strong></span> <span class='ocrx_word' id='word_1_502' title='bbox 1337 1852 1371 1880; x_wconf 75' lang='lat'>45·</span> 
     </span>
    </p>
   </div>
   <div class='ocr_carea' id='block_1_11' title="bbox 283 1879 1328 2088">
    <p class='ocr_par' dir='ltr' id='par_1_22' title="bbox 283 1879 1328 2088">
     <span class='ocr_line' id='line_1_50' title="bbox 283 1879 1326 1919; baseline -0.009 -8"><span class='ocrx_word' id='word_1_503' title='bbox 283 1893 306 1912; x_wconf 76' lang='lat' dir='ltr'>et</span> <span class='ocrx_word' id='word_1_504' title='bbox 321 1894 368 1919; x_wconf 88' lang='lat' dir='ltr'>pro</span> <span class='ocrx_word' id='word_1_505' title='bbox 384 1884 467 1910; x_wconf 80' lang='lat' dir='ltr'>Plane.</span> <span class='ocrx_word' id='word_1_506' title='bbox 482 1892 531 1909; x_wconf 89' lang='lat'>102.</span> <span class='ocrx_word' id='word_1_507' title='bbox 609 1881 796 1908; x_wconf 81' lang='lat' dir='ltr'>Consternatus</span> <span class='ocrx_word' id='word_1_508' title='bbox 809 1889 858 1913; x_wconf 82' lang='lat' dir='ltr'>ego</span> <span class='ocrx_word' id='word_1_509' title='bbox 870 1879 1006 1905; x_wconf 83' lang='lat' dir='ltr'>exsurrexi</span> <span class='ocrx_word' id='word_1_510' title='bbox 1017 1885 1043 1904; x_wconf 90' lang='lat' dir='ltr'>et</span> <span class='ocrx_word' id='word_1_511' title='bbox 1056 1879 1152 1909; x_wconf 86' lang='lat' dir='ltr'>timui,</span> <span class='ocrx_word' id='word_1_512' title='bbox 1176 1886 1209 1902; x_wconf 88' lang='lat' dir='ltr'>ne</span> <span class='ocrx_word' id='word_1_513' title='bbox 1222 1879 1326 1905; x_wconf 85' lang='lat' dir='ltr'>Petron.</span> 
     </span>
     <span class='ocr_line' id='line_1_51' title="bbox 283 1913 1326 1948; baseline -0.012 0"><span class='ocrx_word' id='word_1_514' title='bbox 283 1930 306 1948; x_wconf 82' lang='lat' dir='ltr'>c.</span> <span class='ocrx_word' id='word_1_515' title='bbox 321 1924 363 1946; x_wconf 88' lang='lat'>60.</span> <span class='ocrx_word' id='word_1_516' title='bbox 435 1919 490 1946; x_wconf 84' lang='lat' dir='ltr'>Cic.</span> <span class='ocrx_word' id='word_1_517' title='bbox 506 1918 576 1944; x_wconf 86' lang='lat' dir='ltr'>Fam.</span> <span class='ocrx_word' id='word_1_518' title='bbox 590 1924 632 1947; x_wconf 84' lang='lat'>12,</span> <span class='ocrx_word' id='word_1_519' title='bbox 651 1924 679 1942; x_wconf 92' lang='lat'>10</span> <span class='ocrx_word' id='word_1_520' title='bbox 712 1915 878 1942; x_wconf 66' lang='lat' dir='ltr'>Aineioritate</span> <span class='ocrx_word' id='word_1_521' title='bbox 892 1913 976 1939; x_wconf 87' lang='lat' dir='ltr'>vestra</span> <span class='ocrx_word' id='word_1_522' title='bbox 995 1914 1071 1946; x_wconf 84' lang='lat' dir='ltr'>Resp.</span> <span class='ocrx_word' id='word_1_523' title='bbox 1089 1914 1226 1945; x_wconf 81' lang='lat' dir='ltr'>exsurget,</span> <span class='ocrx_word' id='word_1_524' title='bbox 1253 1918 1279 1937; x_wconf 89' lang='lat' dir='ltr'>et</span> <span class='ocrx_word' id='word_1_525' title='bbox 1297 1913 1326 1936; x_wconf 86' lang='lat' dir='ltr'>in</span> 
     </span>
     <span class='ocr_line' id='line_1_52' title="bbox 284 1945 1328 1990; baseline -0.013 -7"><span class='ocrx_word' id='word_1_526' title='bbox 284 1957 375 1990; x_wconf 89' lang='lat' dir='ltr'>aliquo</span> <span class='ocrx_word' id='word_1_527' title='bbox 394 1955 458 1981; x_wconf 87' lang='lat' dir='ltr'>statu</span> <span class='ocrx_word' id='word_1_528' title='bbox 478 1951 613 1981; x_wconf 76' lang='lat' dir='ltr'>tolerabili</span> <span class='ocrx_word' id='word_1_529' title='bbox 634 1950 759 1977; x_wconf 83' lang='lat' dir='ltr'>confistet.</span> <span class='ocrx_word' id='word_1_530' title='bbox 849 1948 971 1980; x_wconf 83' lang='lat' dir='ltr'>Exsurgit</span> <span class='ocrx_word' id='word_1_531' title='bbox 994 1956 1070 1972; x_wconf 87' lang='lat' dir='ltr'>mous</span> <span class='ocrx_word' id='word_1_532' title='bbox 1091 1947 1124 1972; x_wconf 91' lang='lat' dir='ltr'>ab</span> <span class='ocrx_word' id='word_1_533' title='bbox 1145 1946 1238 1972; x_wconf 84' lang='lat' dir='ltr'>Indico</span> <span class='ocrx_word' id='word_1_534' title='bbox 1259 1945 1328 1970; x_wconf 85' lang='lat' dir='ltr'>mari</span> 
     </span>
     <span class='ocr_line' id='line_1_53' title="bbox 284 1980 1327 2025; baseline -0.013 -7"><span class='ocrx_word' id='word_1_535' title='bbox 284 1992 350 2018; x_wconf 88' lang='lat' dir='ltr'>Plin.</span> <span class='ocrx_word' id='word_1_536' title='bbox 366 1999 393 2024; x_wconf 81' lang='grc' dir='ltr'><strong>ς,</strong></span> <span class='ocrx_word' id='word_1_537' title='bbox 412 1999 451 2025; x_wconf 88' lang='lat'>27.</span> <span class='ocrx_word' id='word_1_538' title='bbox 529 1987 616 2015; x_wconf 83' lang='lat' dir='ltr'>Colles</span> <span class='ocrx_word' id='word_1_539' title='bbox 638 1987 780 2020; x_wconf 83' lang='lat' dir='ltr'>exsurgunt</span> <span class='ocrx_word' id='word_1_540' title='bbox 791 1983 892 2010; x_wconf 79' lang='lat' dir='ltr'>vertice</span> <span class='ocrx_word' id='word_1_541' title='bbox 924 1982 968 2008; x_wconf 82' lang='lat' dir='ltr'>Sil.</span> <span class='ocrx_word' id='word_1_542' title='bbox 988 1989 1022 2016; x_wconf 89' lang='lat'>7,</span> <span class='ocrx_word' id='word_1_543' title='bbox 1059 2000 1066 2006; x_wconf 97' lang='lat'>.</span> <span class='ocrx_word' id='word_1_544' title='bbox 1103 2000 1109 2007; x_wconf 96' lang='lat'>.</span> <span class='ocrx_word' id='word_1_545' title='bbox 1160 2015 1165 2020; x_wconf 93' lang='lat'>.</span> <span class='ocrx_word' id='word_1_546' title='bbox 1182 1980 1267 2006; x_wconf 89' lang='lat' dir='ltr'>Dolor</span> <span class='ocrx_word' id='word_1_547' title='bbox 1277 1988 1327 2019; x_wconf 37' lang='lat' dir='ltr'>&#39;ex-</span> 
     </span>
     <span class='ocr_line' id='line_1_54' title="bbox 284 2015 1326 2061; baseline -0.013 -7"><span class='ocrx_word' id='word_1_548' title='bbox 284 2026 367 2061; x_wconf 80' lang='lat' dir='ltr'>surgit</span> <span class='ocrx_word' id='word_1_549' title='bbox 380 2026 488 2059; x_wconf 86' lang='lat' dir='ltr'>grauior</span> <span class='ocrx_word' id='word_1_550' title='bbox 514 2024 572 2050; x_wconf 85' lang='lat' dir='ltr'>Sen.</span> <span class='ocrx_word' id='word_1_551' title='bbox 585 2022 655 2049; x_wconf 87' lang='lat' dir='ltr'>Med.</span> <span class='ocrx_word' id='word_1_552' title='bbox 671 2022 688 2048; x_wconf 93' lang='lat' dir='ltr'>s.</span> <span class='ocrx_word' id='word_1_553' title='bbox 698 2030 721 2047; x_wconf 89' lang='lat'>2.</span> <span class='ocrx_word' id='word_1_554' title='bbox 809 2019 906 2046; x_wconf 82' lang='lat' dir='ltr'>Oratio</span> <span class='ocrx_word' id='word_1_555' title='bbox 927 2017 1043 2051; x_wconf 80' lang='lat' dir='ltr'>exsurgit</span> <span class='ocrx_word' id='word_1_556' title='bbox 1055 2015 1167 2042; x_wconf 76' lang='lat' dir='ltr'>naturali</span> <span class='ocrx_word' id='word_1_557' title='bbox 1180 2015 1326 2050; x_wconf 78' lang='lat' dir='ltr'>pulchritu-</span> 
     </span>
     <span class='ocr_line' id='line_1_55' title="bbox 621 2052 1327 2088; baseline -0.011 -4"><span class='ocrx_word' id='word_1_558' title='bbox 621 2058 681 2084; x_wconf 90' lang='lat' dir='ltr'>Liu.</span> <span class='ocrx_word' id='word_1_559' title='bbox 697 2059 731 2086; x_wconf 81' lang='grc'>6,</span> <span class='ocrx_word' id='word_1_560' title='bbox 744 2065 762 2088; x_wconf 86' lang='lat'>4</span> <span class='ocrx_word' id='word_1_561' title='bbox 794 2056 824 2081; x_wconf 88' lang='lat' dir='ltr'>Et</span> <span class='ocrx_word' id='word_1_562' title='bbox 843 2055 929 2081; x_wconf 86' lang='lat' dir='ltr'>Roma</span> <span class='ocrx_word' id='word_1_563' title='bbox 949 2062 1007 2079; x_wconf 89' lang='lat' dir='ltr'>cum</span> <span class='ocrx_word' id='word_1_564' title='bbox 1025 2052 1176 2087; x_wconf 81' lang='lat' dir='ltr'>frequentia</span> <span class='ocrx_word' id='word_1_565' title='bbox 1198 2052 1327 2082; x_wconf 82' lang='lat' dir='ltr'>crescere,</span> 
     </span>
    </p>
   </div>
   <div class='ocr_carea' id='block_1_12' title="bbox 283 2063 1327 2122">
    <p class='ocr_par' dir='ltr' id='par_1_23' title="bbox 283 2063 1327 2122">
     <span class='ocr_line' id='line_1_56' title="bbox 283 2063 1188 2092; baseline -0.017 -2"><span class='ocrx_word' id='word_1_566' title='bbox 283 2063 345 2090; x_wconf 87' lang='lat' dir='ltr'>dine</span> <span class='ocrx_word' id='word_1_567' title='bbox 368 2063 472 2088; x_wconf 86' lang='lat' dir='ltr'>Petron.</span> <span class='ocrx_word' id='word_1_568' title='bbox 485 2069 506 2086; x_wconf 89' lang='lat' dir='ltr'>c.</span> <span class='ocrx_word' id='word_1_569' title='bbox 522 2068 546 2086; x_wconf 90' lang='lat'>2.</span> <span class='ocrx_word' id='word_1_570' title='bbox 1183 2087 1188 2092; x_wconf 42' lang='grc'><em>.</em></span> 
     </span>
     <span class='ocr_line' id='line_1_57' title="bbox 882 2087 1327 2122; baseline -0.007 -6"><span class='ocrx_word' id='word_1_571' title='bbox 882 2089 1011 2116; x_wconf 78' lang='lat' dir='ltr'>Voluntas</span> <span class='ocrx_word' id='word_1_572' title='bbox 1032 2087 1191 2122; x_wconf 83' lang='lat' dir='ltr'>exsurgendi</span> <span class='ocrx_word' id='word_1_573' title='bbox 1222 2088 1327 2114; x_wconf 81' lang='lat' dir='ltr'>Lucret.</span> 
     </span>
    </p>
   </div>
   <div class='ocr_carea' id='block_1_13' title="bbox 278 2091 1153 2309">
    <p class='ocr_par' dir='ltr' id='par_1_24' title="bbox 283 2091 811 2168">
     <span class='ocr_line' id='line_1_58' title="bbox 283 2091 811 2129; baseline -0.017 -4"><span class='ocrx_word' id='word_1_574' title='bbox 283 2104 340 2125; x_wconf 87' lang='lat' dir='ltr'>tum</span> <span class='ocrx_word' id='word_1_575' title='bbox 358 2103 414 2124; x_wconf 83' lang='lat' dir='ltr'>tota</span> <span class='ocrx_word' id='word_1_576' title='bbox 432 2096 507 2123; x_wconf 83' lang='lat' dir='ltr'>simul</span> <span class='ocrx_word' id='word_1_577' title='bbox 525 2103 653 2129; x_wconf 84' lang='lat' dir='ltr'>exurgere</span> <span class='ocrx_word' id='word_1_578' title='bbox 673 2091 811 2119; x_wconf 83' lang='lat' dir='ltr'>aedificiis,</span> 
     </span>
     <span class='ocr_line' id='line_1_59' title="bbox 285 2141 603 2168; baseline -0.009 -2"><span class='ocrx_word' id='word_1_579' title='bbox 285 2143 314 2166; x_wconf 73' lang='lat'>3,</span> <span class='ocrx_word' id='word_1_580' title='bbox 334 2141 385 2168; x_wconf 74' lang='lat'>¹75·</span> <span class='ocrx_word' id='word_1_581' title='bbox 598 2161 603 2163; x_wconf 82' lang='grc'><strong>.</strong></span> 
     </span>
    </p>

    <p class='ocr_par' dir='ltr' id='par_1_25' title="bbox 278 2165 1153 2309">
     <span class='ocr_line' id='line_1_60' title="bbox 320 2165 605 2199; baseline -0.014 -3"><span class='ocrx_word' id='word_1_582' title='bbox 320 2169 469 2197; x_wconf 54' lang='grc' dir='ltr'><strong>Εκῦῐὶο,</strong></span> <span class='ocrx_word' id='word_1_583' title='bbox 489 2165 531 2199; x_wconf 84' lang='lat' dir='ltr'>ffi,</span> <span class='ocrx_word' id='word_1_584' title='bbox 552 2167 605 2192; x_wconf 66' lang='lat' dir='ltr'>ere.</span> 
     </span>
     <span class='ocr_line' id='line_1_61' title="bbox 278 2201 619 2241; baseline -0.015 -10"><span class='ocrx_word' id='word_1_585' title='bbox 278 2204 326 2241; x_wconf 74' lang='lat' dir='ltr'>fiis</span> <span class='ocrx_word' id='word_1_586' title='bbox 339 2203 473 2239; x_wconf 78' lang='lat' dir='ltr'>consumere</span> <span class='ocrx_word' id='word_1_587' title='bbox 479 2201 619 2237; x_wconf 71' lang='lat' dir='ltr'>fignificat.</span> 
     </span>
     <span class='ocr_line' id='line_1_62' title="bbox 285 2235 644 2271; baseline -0.014 -5"><span class='ocrx_word' id='word_1_588' title='bbox 285 2239 394 2271; x_wconf 88' lang='lat' dir='ltr'>Phocii,</span> <span class='ocrx_word' id='word_1_589' title='bbox 415 2238 521 2264; x_wconf 86' lang='lat' dir='ltr'>Boeotii</span> <span class='ocrx_word' id='word_1_590' title='bbox 543 2235 644 2262; x_wconf 88' lang='lat' dir='ltr'>exusti..</span> 
     </span>
     <span class='ocr_line' id='line_1_63' title="bbox 285 2266 1153 2309; baseline -0.013 -8"><span class='ocrx_word' id='word_1_591' title='bbox 285 2276 361 2309; x_wconf 83' lang='lat' dir='ltr'>Virg.</span> <span class='ocrx_word' id='word_1_592' title='bbox 376 2276 440 2300; x_wconf 86' lang='lat' dir='ltr'>Aen.</span> <span class='ocrx_word' id='word_1_593' title='bbox 456 2281 465 2299; x_wconf 84' lang='lat'>1</span> <span class='ocrx_word' id='word_1_594' title='bbox 476 2292 483 2304; x_wconf 97' lang='lat'>,</span> <span class='ocrx_word' id='word_1_595' title='bbox 504 2281 543 2305; x_wconf 83' lang='grc'><strong>39.</strong></span> <span class='ocrx_word' id='word_1_596' title='bbox 615 2272 689 2296; x_wconf 86' lang='lat' dir='ltr'>Mare</span> <span class='ocrx_word' id='word_1_597' title='bbox 709 2277 818 2296; x_wconf 82' lang='lat' dir='ltr'>exurere</span> <span class='ocrx_word' id='word_1_598' title='bbox 831 2268 925 2294; x_wconf 85' lang='lat' dir='ltr'>dicitur</span> <span class='ocrx_word' id='word_1_599' title='bbox 937 2266 966 2292; x_wconf 79' lang='lat' dir='ltr'>de</span> <span class='ocrx_word' id='word_1_600' title='bbox 980 2266 1061 2293; x_wconf 73' lang='lat' dir='ltr'>labore</span> <span class='ocrx_word' id='word_1_601' title='bbox 1074 2268 1153 2292; x_wconf 88' lang='lat' dir='ltr'>inani.</span> 
     </span>
    </p>
   </div>
   <div class='ocr_carea' id='block_1_14' title="bbox 641 2159 1329 2291">
    <p class='ocr_par' dir='ltr' id='par_1_26' title="bbox 641 2159 1329 2291">
     <span class='ocr_line' id='line_1_64' title="bbox 641 2159 1329 2199; baseline -0.009 -10"><span class='ocrx_word' id='word_1_602' title='bbox 641 2162 763 2199; x_wconf 75' lang='grc' dir='ltr'>[ἕκκαῐω]</span> <span class='ocrx_word' id='word_1_603' title='bbox 801 2161 868 2188; x_wconf 75' lang='lat' dir='ltr'>Idem</span> <span class='ocrx_word' id='word_1_604' title='bbox 881 2159 947 2196; x_wconf 88' lang='lat' dir='ltr'>quod</span> <span class='ocrx_word' id='word_1_605' title='bbox 959 2161 1035 2186; x_wconf 71' lang='lat' dir='ltr'>Vrcre</span> <span class='ocrx_word' id='word_1_606' title='bbox 1049 2165 1136 2190; x_wconf 84' lang='lat' dir='ltr'>totum,</span> <span class='ocrx_word' id='word_1_607' title='bbox 1150 2164 1175 2184; x_wconf 78' lang='lat' dir='ltr'>ct</span> <span class='ocrx_word' id='word_1_608' title='bbox 1187 2160 1245 2198; x_wconf 74' lang='lat' dir='ltr'>igne</span> <span class='ocrx_word' id='word_1_609' title='bbox 1254 2164 1329 2197; x_wconf 74' lang='lat' dir='ltr'>pror-</span> 
     </span>
     <span class='ocr_line' id='line_1_65' title="bbox 691 2194 1329 2229; baseline -0.011 -4"><span class='ocrx_word' id='word_1_610' title='bbox 691 2199 746 2226; x_wconf 85' lang='lat' dir='ltr'>Cic.</span> <span class='ocrx_word' id='word_1_611' title='bbox 763 2199 789 2224; x_wconf 90' lang='lat' dir='ltr'>in</span> <span class='ocrx_word' id='word_1_612' title='bbox 804 2198 888 2223; x_wconf 88' lang='lat' dir='ltr'>Pison.</span> <span class='ocrx_word' id='word_1_613' title='bbox 896 2198 930 2228; x_wconf 87' lang='lat'>96</span> <span class='ocrx_word' id='word_1_614' title='bbox 944 2205 964 2221; x_wconf 88' lang='lat' dir='ltr'>c.</span> <span class='ocrx_word' id='word_1_615' title='bbox 973 2204 1009 2228; x_wconf 82' lang='lat'>40</span> <span class='ocrx_word' id='word_1_616' title='bbox 1030 2195 1123 2229; x_wconf 81' lang='lat' dir='ltr'>Epirus</span> <span class='ocrx_word' id='word_1_617' title='bbox 1137 2194 1329 2225; x_wconf 83' lang='lat' dir='ltr'>excisa,Locr1‚</span> 
     </span>
     <span class='ocr_line' id='line_1_66' title="bbox 708 2229 1329 2291; baseline -0.01 -31"><span class='ocrx_word' id='word_1_618' title='bbox 708 2234 822 2260; x_wconf 82' lang='lat' dir='ltr'>Pallasne</span> <span class='ocrx_word' id='word_1_619' title='bbox 840 2240 952 2259; x_wconf 85' lang='lat' dir='ltr'>exurere</span> <span class='ocrx_word' id='word_1_620' title='bbox 971 2231 1071 2257; x_wconf 77' lang='lat' dir='ltr'>class&#39;em</span> <span class='ocrx_word' id='word_1_621' title='bbox 1090 2229 1329 2291; x_wconf 42' lang='lat' dir='ltr'>Argiuumepiptxliitte</span> 
     </span>
    </p>
   </div>
   <div class='ocr_carea' id='block_1_15' title="bbox 286 2300 1367 2342">
    <p class='ocr_par' dir='ltr' id='par_1_27' title="bbox 286 2300 1367 2342">
     <span class='ocr_line' id='line_1_67' title="bbox 286 2300 1367 2342; baseline -0.011 -4"><span class='ocrx_word' id='word_1_622' title='bbox 286 2311 323 2338; x_wconf 93' lang='lat' dir='ltr'>N.</span> <span class='ocrx_word' id='word_1_623' title='bbox 337 2312 369 2337; x_wconf 92' lang='lat' dir='ltr'>D.</span> <span class='ocrx_word' id='word_1_624' title='bbox 383 2318 411 2341; x_wconf 84' lang='lat'>3,</span> <span class='ocrx_word' id='word_1_625' title='bbox 424 2316 440 2342; x_wconf 89' lang='lat'><strong>7</strong></span> <span class='ocrx_word' id='word_1_626' title='bbox 459 2318 481 2334; x_wconf 88' lang='lat' dir='ltr'>c.</span> <span class='ocrx_word' id='word_1_627' title='bbox 495 2316 507 2339; x_wconf 85' lang='lat'>3</span> <span class='ocrx_word' id='word_1_628' title='bbox 544 2305 615 2333; x_wconf 89' lang='lat' dir='ltr'>Mihi</span> <span class='ocrx_word' id='word_1_629' title='bbox 634 2304 741 2340; x_wconf 86' lang='lat' dir='ltr'>quidem</span> <span class='ocrx_word' id='word_1_630' title='bbox 760 2313 791 2330; x_wconf 87' lang='lat' dir='ltr'>ex</span> <span class='ocrx_word' id='word_1_631' title='bbox 811 2304 902 2331; x_wconf 82' lang='lat' dir='ltr'>animo</span> <span class='ocrx_word' id='word_1_632' title='bbox 923 2303 999 2329; x_wconf 85' lang='lat' dir='ltr'>exuri</span> <span class='ocrx_word' id='word_1_633' title='bbox 1019 2310 1073 2328; x_wconf 90' lang='lat' dir='ltr'>non</span> <span class='ocrx_word' id='word_1_634' title='bbox 1093 2300 1177 2336; x_wconf 88' lang='lat' dir='ltr'>potest</span> <span class='ocrx_word' id='word_1_635' title='bbox 1197 2301 1244 2326; x_wconf 84' lang='lat' dir='ltr'>esse</span> <span class='ocrx_word' id='word_1_636' title='bbox 1258 2300 1329 2327; x_wconf 84' lang='lat' dir='ltr'>deos.</span> <span class='ocrx_word' id='word_1_637' title='bbox 1359 2322 1367 2335; x_wconf 62' lang='lat' dir='ltr'>a</span> 
     </span>
    </p>
   </div>
   <div class='ocr_carea' id='block_1_16' title="bbox 285 2335 1327 2417">
    <p class='ocr_par' dir='ltr' id='par_1_28' title="bbox 285 2335 1327 2417">
     <span class='ocr_line' id='line_1_68' title="bbox 286 2335 1327 2380; baseline -0.011 -8"><span class='ocrx_word' id='word_1_638' title='bbox 286 2348 360 2373; x_wconf 80' lang='lat' dir='ltr'>Forte</span> <span class='ocrx_word' id='word_1_639' title='bbox 372 2344 496 2380; x_wconf 74' lang='lat' dir='ltr'>legendum</span> <span class='ocrx_word' id='word_1_640' title='bbox 510 2340 543 2375; x_wconf 69' lang='lat' dir='ltr'>est</span> <span class='ocrx_word' id='word_1_641' title='bbox 563 2341 646 2373; x_wconf 80' lang='lat' dir='ltr'>Exui,</span> <span class='ocrx_word' id='word_1_642' title='bbox 671 2342 711 2366; x_wconf 73' lang='lat' dir='ltr'>vel</span> <span class='ocrx_word' id='word_1_643' title='bbox 729 2340 807 2366; x_wconf 83' lang='lat' dir='ltr'>Erui:</span> <span class='ocrx_word' id='word_1_644' title='bbox 842 2338 909 2365; x_wconf 84' lang='lat' dir='ltr'>Exui</span> <span class='ocrx_word' id='word_1_645' title='bbox 928 2339 984 2365; x_wconf 79' lang='lat' dir='ltr'>MS.</span> <span class='ocrx_word' id='word_1_646' title='bbox 1006 2339 1068 2373; x_wconf 73' lang='lat' dir='ltr'>ch.</span> <span class='ocrx_word' id='word_1_647' title='bbox 1129 2336 1188 2363; x_wconf 88' lang='lat' dir='ltr'>Vid.</span> <span class='ocrx_word' id='word_1_648' title='bbox 1217 2335 1327 2363; x_wconf 70' lang='lat' dir='ltr'>Walker.</span> 
     </span>
     <span class='ocr_line' id='line_1_69' title="bbox 285 2371 1327 2417; baseline -0.011 -9"><span class='ocrx_word' id='word_1_649' title='bbox 285 2381 375 2417; x_wconf 85' lang='lat' dir='ltr'>Dauis.</span> <span class='ocrx_word' id='word_1_650' title='bbox 388 2387 434 2406; x_wconf 80' lang='lat' dir='ltr'>etc.</span> <span class='ocrx_word' id='word_1_651' title='bbox 453 2378 486 2405; x_wconf 85' lang='lat' dir='ltr'>ad</span> <span class='ocrx_word' id='word_1_652' title='bbox 492 2380 538 2405; x_wconf 84' lang='lat' dir='ltr'>loc.</span> <span class='ocrx_word' id='word_1_653' title='bbox 575 2375 724 2411; x_wconf 72' lang='lat' dir='ltr'>Praesidium</span> <span class='ocrx_word' id='word_1_654' title='bbox 736 2381 818 2411; x_wconf 78' lang='lat' dir='ltr'>nempe</span> <span class='ocrx_word' id='word_1_655' title='bbox 829 2374 886 2401; x_wconf 87' lang='lat' dir='ltr'>huic</span> <span class='ocrx_word' id='word_1_656' title='bbox 897 2374 969 2400; x_wconf 77' lang='lat' dir='ltr'>verbo</span> <span class='ocrx_word' id='word_1_657' title='bbox 982 2371 1015 2406; x_wconf 71' lang='lat' dir='ltr'>est</span> <span class='ocrx_word' id='word_1_658' title='bbox 1028 2376 1055 2399; x_wconf 88' lang='lat' dir='ltr'>in</span> <span class='ocrx_word' id='word_1_659' title='bbox 1068 2375 1196 2399; x_wconf 79' lang='lat' dir='ltr'>contrario</span> <span class='ocrx_word' id='word_1_660' title='bbox 1207 2373 1327 2404; x_wconf 80' lang='lat' dir='ltr'>Inurere,</span> 
     </span>
    </p>
   </div>
   <div class='ocr_carea' id='block_1_17' title="bbox 693 2786 921 2826">
    <p class='ocr_par' dir='ltr' id='par_1_29' title="bbox 693 2786 921 2826">
     <span class='ocr_line' id='line_1_70' title="bbox 693 2786 921 2826; baseline -0.004 -1"><span class='ocrx_word' id='word_1_661' title='bbox 693 2786 821 2826; x_wconf 85' lang='lat' dir='ltr'>Litera</span> <span class='ocrx_word' id='word_1_662' title='bbox 875 2786 921 2825; x_wconf 81' lang='lat' dir='ltr'>F.</span> 
     </span>
    </p>
   </div>
   <div class='ocr_carea' id='block_1_18' title="bbox 435 2871 1334 3084">
    <p class='ocr_par' dir='ltr' id='par_1_30' title="bbox 435 2871 1334 3051">
     <span class='ocr_line' id='line_1_71' title="bbox 435 2871 1334 2910; baseline -0.002 -10"><span class='ocrx_word' id='word_1_663' title='bbox 435 2872 599 2900; x_wconf 85' lang='lat' dir='ltr'>LITERA</span> <span class='ocrx_word' id='word_1_664' title='bbox 613 2871 686 2907; x_wconf 73' lang='lat' dir='ltr'>fixta</span> <span class='ocrx_word' id='word_1_665' title='bbox 704 2874 787 2900; x_wconf 55' lang='lat' dir='ltr'>ordine</span> <span class='ocrx_word' id='word_1_666' title='bbox 804 2874 941 2910; x_wconf 72' lang='lat' dir='ltr'>alphabeti,</span> <span class='ocrx_word' id='word_1_667' title='bbox 966 2881 1037 2909; x_wconf 83' lang='lat' dir='ltr'>quam</span> <span class='ocrx_word' id='word_1_668' title='bbox 1050 2872 1169 2908; x_wconf 77' lang='lat' dir='ltr'>formant</span> <span class='ocrx_word' id='word_1_669' title='bbox 1189 2871 1277 2898; x_wconf 74' lang='lat' dir='ltr'>dentes</span> <span class='ocrx_word' id='word_1_670' title='bbox 1299 2871 1334 2898; x_wconf 83' lang='lat' dir='ltr'>la-</span> 
     </span>
     <span class='ocr_line' id='line_1_72' title="bbox 437 2907 1333 2943; baseline -0.001 -8"><span class='ocrx_word' id='word_1_671' title='bbox 437 2909 515 2935; x_wconf 87' lang='lat' dir='ltr'>brum</span> <span class='ocrx_word' id='word_1_672' title='bbox 529 2908 642 2934; x_wconf 80' lang='lat' dir='ltr'>inferius</span> <span class='ocrx_word' id='word_1_673' title='bbox 656 2907 828 2941; x_wconf 77' lang='lat' dir='ltr'>deprimentes</span> <span class='ocrx_word' id='word_1_674' title='bbox 854 2912 932 2936; x_wconf 83' lang='lat' dir='ltr'>Mart.</span> <span class='ocrx_word' id='word_1_675' title='bbox 948 2909 1053 2943; x_wconf 80' lang='lat' dir='ltr'>Capella</span> <span class='ocrx_word' id='word_1_676' title='bbox 1071 2909 1108 2941; x_wconf 78' lang='grc' dir='ltr'><strong>Ι.3</strong></span> <span class='ocrx_word' id='word_1_677' title='bbox 1122 2918 1145 2942; x_wconf 83' lang='grc' dir='ltr'><strong>Ρ.</strong></span> <span class='ocrx_word' id='word_1_678' title='bbox 1156 2914 1191 2940; x_wconf 80' lang='lat'>58.</span> <span class='ocrx_word' id='word_1_679' title='bbox 1254 2909 1333 2934; x_wconf 68' lang='lat' dir='ltr'>Extra</span> 
     </span>
     <span class='ocr_line' id='line_1_73' title="bbox 438 2943 1332 2980; baseline -0.003 -9"><span class='ocrx_word' id='word_1_680' title='bbox 438 2945 546 2971; x_wconf 66' lang='lat' dir='ltr'>ordinem</span> <span class='ocrx_word' id='word_1_681' title='bbox 561 2945 707 2969; x_wconf 70' lang='lat' dir='ltr'>Graecarum</span> <span class='ocrx_word' id='word_1_682' title='bbox 721 2943 751 2974; x_wconf 71' lang='lat' dir='ltr'>esi</span> <span class='ocrx_word' id='word_1_683' title='bbox 760 2964 768 2975; x_wconf 85' lang='lat'>,</span> <span class='ocrx_word' id='word_1_684' title='bbox 783 2952 805 2969; x_wconf 74' lang='lat' dir='ltr'>et</span> <span class='ocrx_word' id='word_1_685' title='bbox 815 2944 986 2972; x_wconf 51' lang='lat' dir='ltr'>vamme-*lata</span> <span class='ocrx_word' id='word_1_686' title='bbox 995 2964 1003 2976; x_wconf 92' lang='lat'>,</span> <span class='ocrx_word' id='word_1_687' title='bbox 1026 2944 1091 2980; x_wconf 81' lang='lat' dir='ltr'>quod</span> <span class='ocrx_word' id='word_1_688' title='bbox 1104 2944 1137 2970; x_wconf 77' lang='lat' dir='ltr'>ad</span> <span class='ocrx_word' id='word_1_689' title='bbox 1148 2944 1332 2979; x_wconf 79' lang='lat' dir='ltr'>etymologicam</span> 
     </span>
     <span class='ocr_line' id='line_1_74' title="bbox 436 2977 1333 3016; baseline -0.002 -10"><span class='ocrx_word' id='word_1_690' title='bbox 436 2982 557 3007; x_wconf 70' lang='lat' dir='ltr'>rationem</span> <span class='ocrx_word' id='word_1_691' title='bbox 575 2977 665 3011; x_wconf 43' lang='lat' dir='ltr'>nota-[le</span> <span class='ocrx_word' id='word_1_692' title='bbox 687 2977 794 3012; x_wconf 65' lang='lat' dir='ltr'>prodest.</span> <span class='ocrx_word' id='word_1_693' title='bbox 854 2982 974 3016; x_wconf 76' lang='lat' dir='ltr'>Magnam</span> <span class='ocrx_word' id='word_1_694' title='bbox 999 2989 1051 3005; x_wconf 83' lang='lat' dir='ltr'>cum</span> <span class='ocrx_word' id='word_1_695' title='bbox 1070 2979 1166 3015; x_wconf 70' lang='lat' dir='ltr'>spiritu</span> <span class='ocrx_word' id='word_1_696' title='bbox 1187 2980 1333 3005; x_wconf 79' lang='lat' dir='ltr'>Graecorum</span> 
     </span>
     <span class='ocr_line' id='line_1_75' title="bbox 438 3011 1333 3051; baseline -0.001 -10"><span class='ocrx_word' id='word_1_697' title='bbox 438 3015 522 3051; x_wconf 77' lang='lat' dir='ltr'>aspero</span> <span class='ocrx_word' id='word_1_698' title='bbox 535 3017 703 3050; x_wconf 72' lang='lat' dir='ltr'>cognationem</span> <span class='ocrx_word' id='word_1_699' title='bbox 715 3013 769 3048; x_wconf 78' lang='lat' dir='ltr'>ipsa</span> <span class='ocrx_word' id='word_1_700' title='bbox 781 3014 937 3050; x_wconf 68' lang='lat' dir='ltr'>quoquefigu.</span> <span class='ocrx_word' id='word_1_701' title='bbox 951 3030 957 3040; x_wconf 64' lang='lat' dir='ltr'><em>L</em></span> <span class='ocrx_word' id='word_1_702' title='bbox 971 3019 979 3040; x_wconf 53' lang='grc' dir='ltr'>,Ξ</span> <span class='ocrx_word' id='word_1_703' title='bbox 992 3016 1074 3047; x_wconf 38' lang='lat' dir='ltr'>stimat,</span> <span class='ocrx_word' id='word_1_704' title='bbox 1095 3017 1247 3050; x_wconf 50' lang='lat' dir='ltr'>:liquantum</span> <span class='ocrx_word' id='word_1_705' title='bbox 1259 3011 1333 3040; x_wconf 57' lang='lat' dir='ltr'>aubia</span> 
     </span>
    </p>

    <p class='ocr_par' dir='ltr' id='par_1_31' title="bbox 452 3050 1333 3084">
     <span class='ocr_line' id='line_1_76' title="bbox 452 3050 1333 3084; baseline -0.002 -7"><span class='ocrx_word' id='word_1_706' title='bbox 452 3052 538 3077; x_wconf 87' lang='lat' dir='ltr'>Varro</span> <span class='ocrx_word' id='word_1_707' title='bbox 552 3050 582 3076; x_wconf 91' lang='lat' dir='ltr'>L.</span> <span class='ocrx_word' id='word_1_708' title='bbox 591 3050 619 3075; x_wconf 91' lang='lat' dir='ltr'>L.</span> <span class='ocrx_word' id='word_1_709' title='bbox 633 3058 667 3080; x_wconf 87' lang='lat'>4,</span> <span class='ocrx_word' id='word_1_710' title='bbox 683 3057 708 3076; x_wconf 66' lang='lat'>12,·</span> <span class='ocrx_word' id='word_1_711' title='bbox 725 3058 747 3082; x_wconf 92' lang='lat' dir='ltr'>p.</span> <span class='ocrx_word' id='word_1_712' title='bbox 761 3057 790 3079; x_wconf 77' lang='lat'>25</span> <span class='ocrx_word' id='word_1_713' title='bbox 800 3067 806 3077; x_wconf 76' lang='grc'><strong>,</strong></span> <span class='ocrx_word' id='word_1_714' title='bbox 819 3057 847 3077; x_wconf 71' lang='lat'>32</span> <span class='ocrx_word' id='word_1_715' title='bbox 878 3051 971 3075; x_wconf 54' lang='lat' dir='ltr'>nit-&lt;us</span> <span class='ocrx_word' id='word_1_716' title='bbox 983 3057 1054 3084; x_wconf 83' lang='lat' dir='ltr'>quod</span> <span class='ocrx_word' id='word_1_717' title='bbox 1070 3051 1161 3077; x_wconf 82' lang='lat' dir='ltr'>Sabini</span> <span class='ocrx_word' id='word_1_718' title='bbox 1175 3051 1282 3082; x_wconf 81' lang='lat' dir='ltr'>Fircus,</span> <span class='ocrx_word' id='word_1_719' title='bbox 1307 3054 1333 3076; x_wconf 85' lang='lat' dir='ltr'>et</span> 
     </span>
    </p>
   </div>
   <div class='ocr_carea' id='block_1_19' title="bbox 293 2841 417 3009">
    <p class='ocr_par' dir='ltr' id='par_1_32' title="bbox 293 2841 417 3009">
     <span class='ocr_line' id='line_1_77' title="bbox 293 2841 417 3009; baseline 0 0"><span class='ocrx_word' id='word_1_720' title='bbox 293 2841 417 3009; x_wconf 80' lang='lat' dir='ltr'>F</span> 
     </span>
    </p>
   </div>
   <div class='ocr_carea' id='block_1_20' title="bbox 293 3072 1337 3754">
    <p class='ocr_par' dir='ltr' id='par_1_33' title="bbox 293 3072 1337 3754">
     <span class='ocr_line' id='line_1_78' title="bbox 295 3072 1331 3122; baseline -0.003 -8"><span class='ocrx_word' id='word_1_721' title='bbox 295 3072 368 3122; x_wconf 74' lang='lat' dir='ltr'>qtiod</span> <span class='ocrx_word' id='word_1_722' title='bbox 380 3087 436 3113; x_wconf 85' lang='lat' dir='ltr'>illic</span> <span class='ocrx_word' id='word_1_723' title='bbox 448 3085 533 3112; x_wconf 80' lang='lat' dir='ltr'>Fedus</span> <span class='ocrx_word' id='word_1_724' title='bbox 549 3084 576 3111; x_wconf 86' lang='lat' dir='ltr'>in</span> <span class='ocrx_word' id='word_1_725' title='bbox 590 3085 666 3110; x_wconf 72' lang='lat' dir='ltr'>Latio</span> <span class='ocrx_word' id='word_1_726' title='bbox 678 3093 740 3110; x_wconf 89' lang='lat' dir='ltr'>rure</span> <span class='ocrx_word' id='word_1_727' title='bbox 756 3082 861 3115; x_wconf 85' lang='lat' dir='ltr'>Hcdus,</span> <span class='ocrx_word' id='word_1_728' title='bbox 879 3084 949 3117; x_wconf 88' lang='lat' dir='ltr'>quod</span> <span class='ocrx_word' id='word_1_729' title='bbox 964 3086 991 3110; x_wconf 94' lang='lat' dir='ltr'>in</span> <span class='ocrx_word' id='word_1_730' title='bbox 1006 3085 1069 3111; x_wconf 87' lang='lat' dir='ltr'>vrbe</span> <span class='ocrx_word' id='word_1_731' title='bbox 1079 3106 1087 3118; x_wconf 96' lang='lat'>,</span> <span class='ocrx_word' id='word_1_732' title='bbox 1115 3092 1142 3112; x_wconf 90' lang='lat' dir='ltr'>vt</span> <span class='ocrx_word' id='word_1_733' title='bbox 1158 3086 1186 3111; x_wconf 92' lang='lat' dir='ltr'>in</span> <span class='ocrx_word' id='word_1_734' title='bbox 1199 3085 1289 3112; x_wconf 90' lang='lat' dir='ltr'>multis</span> <span class='ocrx_word' id='word_1_735' title='bbox 1310 3087 1331 3111; x_wconf 82' lang='lat' dir='ltr'><strong>A</strong></span> 
     </span>
     <span class='ocr_line' id='line_1_79' title="bbox 293 3118 1333 3157; baseline -0.002 -8"><span class='ocrx_word' id='word_1_736' title='bbox 293 3123 385 3150; x_wconf 87' lang='lat' dir='ltr'>addito</span> <span class='ocrx_word' id='word_1_737' title='bbox 396 3122 512 3148; x_wconf 83' lang='lat' dir='ltr'>Haedus.</span> <span class='ocrx_word' id='word_1_738' title='bbox 583 3120 676 3146; x_wconf 87' lang='lat' dir='ltr'>Velius</span> <span class='ocrx_word' id='word_1_739' title='bbox 689 3118 815 3153; x_wconf 81' lang='lat' dir='ltr'>Orthogr.</span> <span class='ocrx_word' id='word_1_740' title='bbox 829 3127 853 3151; x_wconf 87' lang='lat' dir='ltr'>p.</span> <span class='ocrx_word' id='word_1_741' title='bbox 868 3127 932 3157; x_wconf 57' lang='lat'>3230</span> <span class='ocrx_word' id='word_1_742' title='bbox 961 3121 1046 3152; x_wconf 69' lang='lat' dir='ltr'>Quam</span> <span class='ocrx_word' id='word_1_743' title='bbox 1060 3121 1162 3155; x_wconf 80' lang='lat' dir='ltr'>antiqui</span> <span class='ocrx_word' id='word_1_744' title='bbox 1177 3121 1278 3147; x_wconf 82' lang='lat' dir='ltr'>Habam</span> <span class='ocrx_word' id='word_1_745' title='bbox 1294 3120 1333 3146; x_wconf 92' lang='lat' dir='ltr'>di-</span> 
     </span>
     <span class='ocr_line' id='line_1_80' title="bbox 294 3153 1332 3190; baseline -0.006 -5"><span class='ocrx_word' id='word_1_746' title='bbox 294 3160 403 3190; x_wconf 76' lang='lat' dir='ltr'>cebant,</span> <span class='ocrx_word' id='word_1_747' title='bbox 426 3166 474 3183; x_wconf 88' lang='lat' dir='ltr'>nos</span> <span class='ocrx_word' id='word_1_748' title='bbox 493 3155 591 3183; x_wconf 84' lang='lat' dir='ltr'>Fabam</span> <span class='ocrx_word' id='word_1_749' title='bbox 612 3155 734 3181; x_wconf 82' lang='lat' dir='ltr'>dicimus.</span> <span class='ocrx_word' id='word_1_750' title='bbox 812 3153 850 3179; x_wconf 87' lang='lat' dir='ltr'>Id.</span> <span class='ocrx_word' id='word_1_751' title='bbox 870 3153 935 3179; x_wconf 76' lang='lat' dir='ltr'>ibid.</span> <span class='ocrx_word' id='word_1_752' title='bbox 971 3155 1073 3182; x_wconf 69' lang='lat' dir='ltr'>Harena</span> <span class='ocrx_word' id='word_1_753' title='bbox 1092 3165 1105 3182; x_wconf 84' lang='lat' dir='ltr'>a</span> <span class='ocrx_word' id='word_1_754' title='bbox 1119 3157 1222 3183; x_wconf 72' lang='lat' dir='ltr'>Sabinis</span> <span class='ocrx_word' id='word_1_755' title='bbox 1237 3157 1332 3184; x_wconf 67' lang='lat' dir='ltr'>Fasena</span> 
     </span>
     <span class='ocr_line' id='line_1_81' title="bbox 295 3187 1334 3227; baseline -0.001 -7"><span class='ocrx_word' id='word_1_756' title='bbox 295 3194 408 3223; x_wconf 81' lang='lat' dir='ltr'>dicitur,</span> <span class='ocrx_word' id='word_1_757' title='bbox 435 3195 504 3218; x_wconf 78' lang='lat' dir='ltr'>cuius</span> <span class='ocrx_word' id='word_1_758' title='bbox 521 3194 558 3217; x_wconf 79' lang='lat' dir='ltr'>rei</span> <span class='ocrx_word' id='word_1_759' title='bbox 577 3192 723 3216; x_wconf 84' lang='lat' dir='ltr'>Varronem</span> <span class='ocrx_word' id='word_1_760' title='bbox 742 3187 823 3222; x_wconf 60' lang='lat' dir='ltr'>testem</span> <span class='ocrx_word' id='word_1_761' title='bbox 844 3188 937 3214; x_wconf 64' lang='lat' dir='ltr'>laudat.</span> <span class='ocrx_word' id='word_1_762' title='bbox 1026 3191 1109 3216; x_wconf 90' lang='lat' dir='ltr'>Varro</span> <span class='ocrx_word' id='word_1_763' title='bbox 1124 3191 1155 3217; x_wconf 90' lang='lat' dir='ltr'>de</span> <span class='ocrx_word' id='word_1_764' title='bbox 1168 3193 1198 3218; x_wconf 87' lang='lat' dir='ltr'>L.</span> <span class='ocrx_word' id='word_1_765' title='bbox 1214 3193 1243 3218; x_wconf 90' lang='lat' dir='ltr'>L.</span> <span class='ocrx_word' id='word_1_766' title='bbox 1257 3201 1292 3227; x_wconf 83' lang='lat'>4,</span> <span class='ocrx_word' id='word_1_767' title='bbox 1307 3200 1334 3224; x_wconf 86' lang='lat'>23</span> 
     </span>
     <span class='ocr_line' id='line_1_82' title="bbox 296 3222 1332 3264; baseline 0.002 -12"><span class='ocrx_word' id='word_1_768' title='bbox 296 3239 320 3264; x_wconf 79' lang='lat' dir='ltr'>p,</span> <span class='ocrx_word' id='word_1_769' title='bbox 333 3238 371 3262; x_wconf 69' lang='lat'>29,</span> <span class='ocrx_word' id='word_1_770' title='bbox 388 3234 412 3258; x_wconf 74' lang='lat'>18</span> <span class='ocrx_word' id='word_1_771' title='bbox 439 3228 526 3254; x_wconf 84' lang='lat' dir='ltr'>Filum</span> <span class='ocrx_word' id='word_1_772' title='bbox 539 3224 648 3258; x_wconf 52' lang='lat' dir='ltr'>dictum,</span> <span class='ocrx_word' id='word_1_773' title='bbox 668 3225 740 3260; x_wconf 84' lang='lat' dir='ltr'>quod</span> <span class='ocrx_word' id='word_1_774' title='bbox 754 3224 895 3251; x_wconf 88' lang='lat' dir='ltr'>minimum</span> <span class='ocrx_word' id='word_1_775' title='bbox 909 3223 943 3248; x_wconf 82' lang='lat' dir='ltr'>est</span> <span class='ocrx_word' id='word_1_776' title='bbox 963 3222 1056 3248; x_wconf 88' lang='lat' dir='ltr'>hilum.</span> <span class='ocrx_word' id='word_1_777' title='bbox 1113 3226 1171 3252; x_wconf 58' lang='lat' dir='ltr'>ls&#39;id.</span> <span class='ocrx_word' id='word_1_778' title='bbox 1192 3234 1208 3253; x_wconf 76' lang='lat' dir='ltr'>F</span> <span class='ocrx_word' id='word_1_779' title='bbox 1218 3234 1236 3253; x_wconf 91' lang='lat' dir='ltr'>O</span> <span class='ocrx_word' id='word_1_780' title='bbox 1246 3235 1290 3254; x_wconf 84' lang='lat' dir='ltr'>RD</span> <span class='ocrx_word' id='word_1_781' title='bbox 1300 3235 1332 3254; x_wconf 90' lang='grc' dir='ltr'>Λ.</span> 
     </span>
     <span class='ocr_line' id='line_1_83' title="bbox 295 3259 1333 3297; baseline -0.003 -6"><span class='ocrx_word' id='word_1_782' title='bbox 295 3266 404 3291; x_wconf 82' lang='lat' dir='ltr'>Scaurus</span> <span class='ocrx_word' id='word_1_783' title='bbox 420 3264 451 3290; x_wconf 90' lang='lat' dir='ltr'>de</span> <span class='ocrx_word' id='word_1_784' title='bbox 463 3262 590 3296; x_wconf 85' lang='lat' dir='ltr'>Orthogr.</span> <span class='ocrx_word' id='word_1_785' title='bbox 607 3270 631 3296; x_wconf 88' lang='lat' dir='ltr'>p.</span> <span class='ocrx_word' id='word_1_786' title='bbox 643 3269 704 3293; x_wconf 80' lang='lat'>2232</span> <span class='ocrx_word' id='word_1_787' title='bbox 714 3268 756 3296; x_wconf 81' lang='lat' dir='ltr'>pr.</span> <span class='ocrx_word' id='word_1_788' title='bbox 782 3261 801 3286; x_wconf 97' lang='lat' dir='ltr'>F</span> <span class='ocrx_word' id='word_1_789' title='bbox 814 3266 839 3286; x_wconf 90' lang='lat' dir='ltr'>et</span> <span class='ocrx_word' id='word_1_790' title='bbox 852 3260 878 3285; x_wconf 87' lang='lat' dir='ltr'>H</span> <span class='ocrx_word' id='word_1_791' title='bbox 891 3265 1001 3292; x_wconf 84' lang='lat' dir='ltr'>Vtraque</span> <span class='ocrx_word' id='word_1_792' title='bbox 1016 3259 1089 3284; x_wconf 80' lang='lat' dir='ltr'>ssatus</span> <span class='ocrx_word' id='word_1_793' title='bbox 1100 3261 1134 3286; x_wconf 86' lang='lat' dir='ltr'>est</span> <span class='ocrx_word' id='word_1_794' title='bbox 1143 3281 1150 3292; x_wconf 82' lang='lat'>‚</span> <span class='ocrx_word' id='word_1_795' title='bbox 1167 3271 1246 3295; x_wconf 81' lang='lat' dir='ltr'>quare</span> <span class='ocrx_word' id='word_1_796' title='bbox 1254 3272 1333 3297; x_wconf 85' lang='lat' dir='ltr'>quem</span> 
     </span>
     <span class='ocr_line' id='line_1_84' title="bbox 296 3294 1334 3334; baseline -0.003 -7"><span class='ocrx_word' id='word_1_797' title='bbox 296 3300 400 3334; x_wconf 79' lang='lat' dir='ltr'>antiqui</span> <span class='ocrx_word' id='word_1_798' title='bbox 418 3300 555 3330; x_wconf 79' lang='lat' dir='ltr'>Fariolum,</span> <span class='ocrx_word' id='word_1_799' title='bbox 580 3306 628 3323; x_wconf 88' lang='lat' dir='ltr'>nos</span> <span class='ocrx_word' id='word_1_800' title='bbox 645 3297 782 3323; x_wconf 75' lang='lat' dir='ltr'>Hariolum.</span> <span class='ocrx_word' id='word_1_801' title='bbox 853 3296 930 3321; x_wconf 84' lang='lat' dir='ltr'>Plura</span> <span class='ocrx_word' id='word_1_802' title='bbox 949 3302 1038 3328; x_wconf 84' lang='lat' dir='ltr'>quoquc</span> <span class='ocrx_word' id='word_1_803' title='bbox 1057 3294 1165 3328; x_wconf 71' lang='lat' dir='ltr'>disputat</span> <span class='ocrx_word' id='word_1_804' title='bbox 1185 3298 1306 3323; x_wconf 82' lang='lat' dir='ltr'>l‘riscian.</span> <span class='ocrx_word' id='word_1_805' title='bbox 1324 3307 1334 3324; x_wconf 90' lang='lat'>1</span> 
     </span>
     <span class='ocr_line' id='line_1_85' title="bbox 297 3330 1336 3370; baseline -0.006 -9"><span class='ocrx_word' id='word_1_806' title='bbox 297 3344 321 3370; x_wconf 94' lang='lat' dir='ltr'>p.</span> <span class='ocrx_word' id='word_1_807' title='bbox 337 3344 383 3368; x_wconf 79' lang='lat'>34²</span> <span class='ocrx_word' id='word_1_808' title='bbox 403 3342 428 3361; x_wconf 87' lang='lat' dir='ltr'>et</span> <span class='ocrx_word' id='word_1_809' title='bbox 445 3336 493 3367; x_wconf 76' lang='lat'>596</span> <span class='ocrx_word' id='word_1_810' title='bbox 529 3336 556 3359; x_wconf 86' lang='lat' dir='ltr'>in</span> <span class='ocrx_word' id='word_1_811' title='bbox 570 3335 665 3369; x_wconf 74' lang='lat' dir='ltr'>primis</span> <span class='ocrx_word' id='word_1_812' title='bbox 683 3331 712 3357; x_wconf 68' lang='lat' dir='ltr'>de</span> <span class='ocrx_word' id='word_1_813' title='bbox 730 3332 797 3357; x_wconf 80' lang='lat' dir='ltr'>illius</span> <span class='ocrx_word' id='word_1_814' title='bbox 815 3340 868 3357; x_wconf 85' lang='lat' dir='ltr'>cum</span> <span class='ocrx_word' id='word_1_815' title='bbox 886 3330 984 3356; x_wconf 71' lang='lat' dir='ltr'>Aeolica</span> <span class='ocrx_word' id='word_1_816' title='bbox 996 3330 1127 3364; x_wconf 80' lang='lat' dir='ltr'>Digamma</span> <span class='ocrx_word' id='word_1_817' title='bbox 1142 3335 1336 3364; x_wconf 69' lang='lat' dir='ltr'>comparatione,</span> 
     </span>
     <span class='ocr_line' id='line_1_86' title="bbox 300 3364 1335 3405; baseline -0.004 -9"><span class='ocrx_word' id='word_1_818' title='bbox 300 3373 369 3396; x_wconf 84' lang='lat' dir='ltr'>cuius</span> <span class='ocrx_word' id='word_1_819' title='bbox 376 3370 488 3405; x_wconf 86' lang='lat' dir='ltr'>sormam</span> <span class='ocrx_word' id='word_1_820' title='bbox 501 3368 571 3395; x_wconf 69' lang='lat' dir='ltr'>habet</span> <span class='ocrx_word' id='word_1_821' title='bbox 579 3367 727 3403; x_wconf 67' lang='lat' dir='ltr'>planiffimC.</span> <span class='ocrx_word' id='word_1_822' title='bbox 768 3366 825 3393; x_wconf 85' lang='lat' dir='ltr'>Vid.</span> <span class='ocrx_word' id='word_1_823' title='bbox 843 3372 861 3391; x_wconf 87' lang='lat' dir='ltr'>D</span> <span class='ocrx_word' id='word_1_824' title='bbox 873 3373 880 3391; x_wconf 91' lang='lat'>1</span> <span class='ocrx_word' id='word_1_825' title='bbox 890 3372 910 3391; x_wconf 90' lang='lat' dir='ltr'>G</span> <span class='ocrx_word' id='word_1_826' title='bbox 920 3372 941 3391; x_wconf 79' lang='grc' dir='ltr'>Α</span> <span class='ocrx_word' id='word_1_827' title='bbox 951 3371 974 3390; x_wconf 87' lang='grc' dir='ltr'>Μ</span> <span class='ocrx_word' id='word_1_828' title='bbox 984 3371 1006 3389; x_wconf 81' lang='grc' dir='ltr'>Μ</span> <span class='ocrx_word' id='word_1_829' title='bbox 1018 3371 1048 3390; x_wconf 83' lang='grc' dir='ltr'>Α.</span> <span class='ocrx_word' id='word_1_830' title='bbox 1108 3364 1231 3389; x_wconf 68' lang='lat' dir='ltr'>Caeterum</span> <span class='ocrx_word' id='word_1_831' title='bbox 1250 3367 1279 3390; x_wconf 82' lang='lat' dir='ltr'>ab</span> <span class='ocrx_word' id='word_1_832' title='bbox 1292 3368 1335 3392; x_wconf 78' lang='lat' dir='ltr'>illa</span> 
     </span>
     <span class='ocr_line' id='line_1_87' title="bbox 302 3398 1335 3440; baseline -0.006 -9"><span class='ocrx_word' id='word_1_833' title='bbox 302 3407 386 3431; x_wconf 83' lang='lat' dir='ltr'>Fcum</span> <span class='ocrx_word' id='word_1_834' title='bbox 394 3405 489 3440; x_wconf 80' lang='lat' dir='ltr'>spiritu</span> <span class='ocrx_word' id='word_1_835' title='bbox 509 3406 653 3440; x_wconf 79' lang='lat' dir='ltr'>cog-natione</span> <span class='ocrx_word' id='word_1_836' title='bbox 670 3401 704 3435; x_wconf 68' lang='lat' dir='ltr'>⁶st</span> <span class='ocrx_word' id='word_1_837' title='bbox 718 3401 782 3438; x_wconf 81' lang='lat' dir='ltr'>quod</span> <span class='ocrx_word' id='word_1_838' title='bbox 802 3403 948 3428; x_wconf 71' lang='lat' dir='ltr'>Graecorum</span> <span class='ocrx_word' id='word_1_839' title='bbox 964 3399 1056 3434; x_wconf 64' lang='grc' dir='ltr'><strong>ῥπῖσσω,</strong></span> <span class='ocrx_word' id='word_1_840' title='bbox 1083 3398 1162 3433; x_wconf 71' lang='grc' dir='ltr'><strong>ῥήγω,</strong></span> <span class='ocrx_word' id='word_1_841' title='bbox 1186 3398 1288 3433; x_wconf 68' lang='grc' dir='ltr'>ῥήγνυμι</span> <span class='ocrx_word' id='word_1_842' title='bbox 1308 3403 1335 3425; x_wconf 85' lang='lat' dir='ltr'>in</span> 
     </span>
     <span class='ocr_line' id='line_1_88' title="bbox 301 3435 1335 3474; baseline -0.006 -8"><span class='ocrx_word' id='word_1_843' title='bbox 301 3441 403 3470; x_wconf 58' lang='lat' dir='ltr'>Franco</span> <span class='ocrx_word' id='word_1_844' title='bbox 417 3443 522 3465; x_wconf 64' lang='lat' dir='ltr'>transiit</span> <span class='ocrx_word' id='word_1_845' title='bbox 540 3440 591 3474; x_wconf 82' lang='lat' dir='ltr'>(vt</span> <span class='ocrx_word' id='word_1_846' title='bbox 604 3437 699 3470; x_wconf 78' lang='grc' dir='ltr'><strong>πῆσσω,</strong></span> <span class='ocrx_word' id='word_1_847' title='bbox 719 3437 785 3470; x_wconf 75' lang='grc' dir='ltr'>πήγω</span> <span class='ocrx_word' id='word_1_848' title='bbox 794 3456 801 3468; x_wconf 83' lang='grc'><strong>,</strong></span> <span class='ocrx_word' id='word_1_849' title='bbox 812 3436 917 3468; x_wconf 71' lang='grc' dir='ltr'>πήγνυμι</span> <span class='ocrx_word' id='word_1_850' title='bbox 925 3439 950 3461; x_wconf 87' lang='lat' dir='ltr'>in</span> <span class='ocrx_word' id='word_1_851' title='bbox 960 3437 1065 3468; x_wconf 86' lang='lat' dir='ltr'>Pango)</span> <span class='ocrx_word' id='word_1_852' title='bbox 1083 3441 1106 3459; x_wconf 81' lang='lat' dir='ltr'>et</span> <span class='ocrx_word' id='word_1_853' title='bbox 1116 3435 1179 3469; x_wconf 63' lang='grc' dir='ltr'><em>ῥῖγος</em></span> <span class='ocrx_word' id='word_1_854' title='bbox 1193 3437 1219 3460; x_wconf 83' lang='lat' dir='ltr'>in</span> <span class='ocrx_word' id='word_1_855' title='bbox 1235 3435 1335 3468; x_wconf 77' lang='lat' dir='ltr'>Frigus.</span> 
     </span>
     <span class='ocr_line' id='line_1_89' title="bbox 300 3469 1336 3509; baseline -0.005 -8"><span class='ocrx_word' id='word_1_856' title='bbox 300 3475 403 3503; x_wconf 75' lang='lat' dir='ltr'>Festus,</span> <span class='ocrx_word' id='word_1_857' title='bbox 419 3475 517 3501; x_wconf 78' lang='lat' dir='ltr'>Pedum</span> <span class='ocrx_word' id='word_1_858' title='bbox 531 3474 633 3509; x_wconf 87' lang='lat' dir='ltr'>antiqui</span> <span class='ocrx_word' id='word_1_859' title='bbox 648 3473 768 3500; x_wconf 87' lang='lat' dir='ltr'>dicebant</span> <span class='ocrx_word' id='word_1_860' title='bbox 782 3481 830 3507; x_wconf 86' lang='lat' dir='ltr'>pro</span> <span class='ocrx_word' id='word_1_861' title='bbox 844 3471 937 3503; x_wconf 69' lang='lat' dir='ltr'>bledo,</span> <span class='ocrx_word' id='word_1_862' title='bbox 954 3470 1031 3496; x_wconf 82' lang='lat' dir='ltr'>Folus</span> <span class='ocrx_word' id='word_1_863' title='bbox 1045 3478 1092 3504; x_wconf 89' lang='lat' dir='ltr'>pro</span> <span class='ocrx_word' id='word_1_864' title='bbox 1108 3469 1216 3502; x_wconf 85' lang='lat' dir='ltr'>Holere,</span> <span class='ocrx_word' id='word_1_865' title='bbox 1237 3470 1336 3496; x_wconf 86' lang='lat' dir='ltr'>Fostim</span> 
     </span>
     <span class='ocr_line' id='line_1_90' title="bbox 302 3505 1337 3544; baseline -0.001 -10"><span class='ocrx_word' id='word_1_866' title='bbox 302 3518 350 3542; x_wconf 84' lang='lat' dir='ltr'>pro</span> <span class='ocrx_word' id='word_1_867' title='bbox 367 3509 462 3541; x_wconf 85' lang='lat' dir='ltr'>Hoste,</span> <span class='ocrx_word' id='word_1_868' title='bbox 484 3510 597 3536; x_wconf 84' lang='lat' dir='ltr'>Fostiam</span> <span class='ocrx_word' id='word_1_869' title='bbox 612 3518 659 3544; x_wconf 90' lang='lat' dir='ltr'>pro</span> <span class='ocrx_word' id='word_1_870' title='bbox 672 3508 774 3536; x_wconf 84' lang='lat' dir='ltr'>Hostia.</span> <span class='ocrx_word' id='word_1_871' title='bbox 846 3506 928 3537; x_wconf 72' lang='lat' dir='ltr'>Idem,</span> <span class='ocrx_word' id='word_1_872' title='bbox 953 3505 1084 3532; x_wconf 59' lang='lat' dir='ltr'>Horetum</span> <span class='ocrx_word' id='word_1_873' title='bbox 1104 3511 1129 3531; x_wconf 87' lang='lat' dir='ltr'>et</span> <span class='ocrx_word' id='word_1_874' title='bbox 1147 3505 1270 3532; x_wconf 63' lang='lat' dir='ltr'>ForFtum</span> <span class='ocrx_word' id='word_1_875' title='bbox 1289 3515 1337 3540; x_wconf 89' lang='lat' dir='ltr'>pro</span> 
     </span>
     <span class='ocr_line' id='line_1_91' title="bbox 302 3541 1337 3578; baseline -0.003 -9"><span class='ocrx_word' id='word_1_876' title='bbox 302 3543 375 3570; x_wconf 85' lang='lat' dir='ltr'>bono</span> <span class='ocrx_word' id='word_1_877' title='bbox 394 3544 523 3570; x_wconf 85' lang='lat' dir='ltr'>dicebant.</span> <span class='ocrx_word' id='word_1_878' title='bbox 601 3546 674 3572; x_wconf 80' lang='lat' dir='ltr'>Seru.</span> <span class='ocrx_word' id='word_1_879' title='bbox 693 3544 726 3570; x_wconf 79' lang='lat' dir='ltr'>ad</span> <span class='ocrx_word' id='word_1_880' title='bbox 744 3544 808 3570; x_wconf 82' lang='lat' dir='ltr'>Aen.</span> <span class='ocrx_word' id='word_1_881' title='bbox 827 3549 859 3578; x_wconf 81' lang='lat'>7,</span> <span class='ocrx_word' id='word_1_882' title='bbox 880 3543 929 3574; x_wconf 77' lang='lat'>693</span> <span class='ocrx_word' id='word_1_883' title='bbox 966 3541 1076 3567; x_wconf 76' lang='lat' dir='ltr'>Faliscos</span> <span class='ocrx_word' id='word_1_884' title='bbox 1100 3542 1201 3577; x_wconf 48' lang='lat' dir='ltr'>Halfst‘s,</span> <span class='ocrx_word' id='word_1_885' title='bbox 1227 3542 1337 3575; x_wconf 75' lang='lat' dir='ltr'>(Burin.</span> 
     </span>
     <span class='ocr_line' id='line_1_92' title="bbox 305 3576 1337 3612; baseline -0.004 -6"><span class='ocrx_word' id='word_1_886' title='bbox 305 3579 435 3609; x_wconf 80' lang='lat' dir='ltr'>Faliscus)</span> <span class='ocrx_word' id='word_1_887' title='bbox 456 3579 580 3606; x_wconf 84' lang='lat' dir='ltr'>condidit.</span> <span class='ocrx_word' id='word_1_888' title='bbox 636 3581 673 3607; x_wconf 87' lang='lat' dir='ltr'>Hi</span> <span class='ocrx_word' id='word_1_889' title='bbox 686 3588 773 3607; x_wconf 89' lang='lat' dir='ltr'>autem</span> <span class='ocrx_word' id='word_1_890' title='bbox 786 3579 924 3605; x_wconf 89' lang='lat' dir='ltr'>immutato</span> <span class='ocrx_word' id='word_1_891' title='bbox 935 3577 961 3603; x_wconf 86' lang='lat' dir='ltr'>H</span> <span class='ocrx_word' id='word_1_892' title='bbox 976 3576 1002 3602; x_wconf 88' lang='lat' dir='ltr'>in</span> <span class='ocrx_word' id='word_1_893' title='bbox 1017 3577 1044 3607; x_wconf 90' lang='lat' dir='ltr'>F,</span> <span class='ocrx_word' id='word_1_894' title='bbox 1069 3576 1158 3612; x_wconf 75' lang='lat' dir='ltr'>Falisci</span> <span class='ocrx_word' id='word_1_895' title='bbox 1171 3576 1250 3603; x_wconf 63' lang='lat' dir='ltr'>didii:</span> <span class='ocrx_word' id='word_1_896' title='bbox 1275 3577 1337 3603; x_wconf 81' lang='lat' dir='ltr'>ficut</span> 
     </span>
     <span class='ocr_line' id='line_1_93' title="bbox 305 3612 1336 3648; baseline -0.003 -7"><span class='ocrx_word' id='word_1_897' title='bbox 305 3615 390 3641; x_wconf 77' lang='lat' dir='ltr'>febris</span> <span class='ocrx_word' id='word_1_898' title='bbox 403 3613 500 3641; x_wconf 88' lang='lat' dir='ltr'>dicitur</span> <span class='ocrx_word' id='word_1_899' title='bbox 510 3633 517 3644; x_wconf 92' lang='lat'>‚</span> <span class='ocrx_word' id='word_1_900' title='bbox 537 3623 603 3648; x_wconf 89' lang='lat' dir='ltr'>quae</span> <span class='ocrx_word' id='word_1_901' title='bbox 617 3622 675 3642; x_wconf 88' lang='lat' dir='ltr'>ante</span> <span class='ocrx_word' id='word_1_902' title='bbox 692 3615 781 3642; x_wconf 72' lang='lat' dir='ltr'>Hebris</span> <span class='ocrx_word' id='word_1_903' title='bbox 794 3612 945 3643; x_wconf 81' lang='lat' dir='ltr'>dicebatur3</span> <span class='ocrx_word' id='word_1_904' title='bbox 984 3613 1092 3638; x_wconf 70' lang='lat' dir='ltr'>Formiac</span> <span class='ocrx_word' id='word_1_905' title='bbox 1103 3632 1110 3644; x_wconf 94' lang='lat'>,</span> <span class='ocrx_word' id='word_1_906' title='bbox 1131 3621 1196 3646; x_wconf 87' lang='lat' dir='ltr'>quae</span> <span class='ocrx_word' id='word_1_907' title='bbox 1212 3615 1336 3644; x_wconf 78' lang='lat' dir='ltr'>Hormiae,</span> 
     </span>
     <span class='ocr_line' id='line_1_94' title="bbox 303 3647 1336 3685; baseline -0.001 -9"><span class='ocrx_word' id='word_1_908' title='bbox 303 3648 352 3675; x_wconf 64' lang='lat' dir='ltr'>nt’no‘</span> <span class='ocrx_word' id='word_1_909' title='bbox 366 3650 406 3676; x_wconf 67' lang='grc' dir='ltr'>τῆς</span> <span class='ocrx_word' id='word_1_910' title='bbox 420 3647 500 3680; x_wconf 66' lang='grc' dir='ltr'><strong>ὅρμῗπ.</strong></span> <span class='ocrx_word' id='word_1_911' title='bbox 556 3649 625 3675; x_wconf 81' lang='lat' dir='ltr'>Nam</span> <span class='ocrx_word' id='word_1_912' title='bbox 644 3651 779 3685; x_wconf 82' lang='lat' dir='ltr'>posteritas</span> <span class='ocrx_word' id='word_1_913' title='bbox 791 3650 819 3677; x_wconf 90' lang='lat' dir='ltr'>in</span> <span class='ocrx_word' id='word_1_914' title='bbox 832 3649 923 3676; x_wconf 91' lang='lat' dir='ltr'>multis</span> <span class='ocrx_word' id='word_1_915' title='bbox 937 3647 1090 3674; x_wconf 87' lang='lat' dir='ltr'>nominibus</span> <span class='ocrx_word' id='word_1_916' title='bbox 1105 3649 1123 3673; x_wconf 88' lang='lat' dir='ltr'>F</span> <span class='ocrx_word' id='word_1_917' title='bbox 1138 3657 1185 3682; x_wconf 88' lang='lat' dir='ltr'>pro</span> <span class='ocrx_word' id='word_1_918' title='bbox 1202 3649 1226 3675; x_wconf 91' lang='lat' dir='ltr'>H</span> <span class='ocrx_word' id='word_1_919' title='bbox 1241 3649 1336 3683; x_wconf 86' lang='lat' dir='ltr'>posuit.</span> 
     </span>
     <span class='ocr_line' id='line_1_95' title="bbox 302 3681 1337 3718; baseline 0.001 -8"><span class='ocrx_word' id='word_1_920' title='bbox 302 3685 346 3712; x_wconf 84' lang='lat' dir='ltr'>Sic</span> <span class='ocrx_word' id='word_1_921' title='bbox 359 3683 446 3710; x_wconf 87' lang='lat' dir='ltr'>Filum</span> <span class='ocrx_word' id='word_1_922' title='bbox 467 3684 547 3709; x_wconf 75' lang='lat' dir='ltr'>Varro</span> <span class='ocrx_word' id='word_1_923' title='bbox 560 3683 656 3710; x_wconf 81' lang='lat' dir='ltr'>deriuat</span> <span class='ocrx_word' id='word_1_924' title='bbox 668 3695 695 3711; x_wconf 72' lang='lat' dir='ltr'>ex</span> <span class='ocrx_word' id='word_1_925' title='bbox 709 3686 810 3712; x_wconf 89' lang='lat' dir='ltr'>Hilum.</span> <span class='ocrx_word' id='word_1_926' title='bbox 884 3683 1000 3711; x_wconf 78' lang='lat' dir='ltr'>Notabile</span> <span class='ocrx_word' id='word_1_927' title='bbox 1019 3681 1067 3715; x_wconf 64' lang='lat' dir='ltr'>cli,</span> <span class='ocrx_word' id='word_1_928' title='bbox 1095 3683 1219 3718; x_wconf 50' lang='lat' dir='ltr'>Hypanin</span> <span class='ocrx_word' id='word_1_929' title='bbox 1232 3694 1259 3709; x_wconf 83' lang='lat' dir='ltr'>m</span> <span class='ocrx_word' id='word_1_930' title='bbox 1273 3684 1337 3711; x_wconf 78' lang='lat' dir='ltr'>deri-</span> 
     </span>
     <span class='ocr_line' id='line_1_96' title="bbox 304 3717 1337 3754; baseline 0.001 -9"><span class='ocrx_word' id='word_1_931' title='bbox 304 3719 386 3746; x_wconf 83' lang='lat' dir='ltr'>vando</span> <span class='ocrx_word' id='word_1_932' title='bbox 398 3717 483 3750; x_wconf 59' lang='lat' dir='ltr'>ream&amp;</span> <span class='ocrx_word' id='word_1_933' title='bbox 498 3717 531 3743; x_wconf 84' lang='lat' dir='ltr'>ad</span> <span class='ocrx_word' id='word_1_934' title='bbox 543 3719 584 3748; x_wconf 87' lang='lat' dir='ltr'>H,</span> <span class='ocrx_word' id='word_1_935' title='bbox 602 3722 644 3754; x_wconf 83' lang='lat' dir='ltr'>qui</span> <span class='ocrx_word' id='word_1_936' title='bbox 656 3720 740 3746; x_wconf 80' lang='lat' dir='ltr'>dicant</span> <span class='ocrx_word' id='word_1_937' title='bbox 754 3721 871 3754; x_wconf 85' lang='lat' dir='ltr'>Hablar,</span> <span class='ocrx_word' id='word_1_938' title='bbox 889 3720 990 3750; x_wconf 85' lang='lat' dir='ltr'>Hazer,</span> <span class='ocrx_word' id='word_1_939' title='bbox 1008 3719 1081 3750; x_wconf 77' lang='lat' dir='ltr'>Haz,</span> <span class='ocrx_word' id='word_1_940' title='bbox 1100 3720 1166 3745; x_wconf 84' lang='lat' dir='ltr'>Hiio</span> <span class='ocrx_word' id='word_1_941' title='bbox 1176 3739 1182 3749; x_wconf 95' lang='lat'>,</span> <span class='ocrx_word' id='word_1_942' title='bbox 1202 3720 1337 3752; x_wconf 86' lang='lat' dir='ltr'>Hambre,</span> 
     </span>
    </p>
   </div>
   <div class='ocr_carea' id='block_1_21' title="bbox 354 3053 382 3078">
    <p class='ocr_par' dir='ltr' id='par_1_34' title="bbox 354 3053 382 3078">
     <span class='ocr_line' id='line_1_97' title="bbox 354 3053 382 3078; baseline 0 0"><span class='ocrx_word' id='word_1_943' title='bbox 354 3053 382 3078; x_wconf 86' lang='lat' dir='ltr'>F.</span> 
     </span>
    </p>
   </div>
   <div class='ocr_carea' id='block_1_22' title="bbox 299 3753 1456 3970">
    <p class='ocr_par' dir='ltr' id='par_1_35' title="bbox 299 3753 1456 3970">
     <span class='ocr_line' id='line_1_98' title="bbox 305 3753 1338 3788; baseline 0 -7"><span class='ocrx_word' id='word_1_944' title='bbox 305 3755 398 3786; x_wconf 87' lang='lat' dir='ltr'>Haba,</span> <span class='ocrx_word' id='word_1_945' title='bbox 415 3753 531 3783; x_wconf 69' lang='lat' dir='ltr'>Harma,</span> <span class='ocrx_word' id='word_1_946' title='bbox 545 3759 594 3788; x_wconf 79' lang='lat' dir='ltr'>pro</span> <span class='ocrx_word' id='word_1_947' title='bbox 608 3753 746 3786; x_wconf 86' lang='lat' dir='ltr'>Fabulari,</span> <span class='ocrx_word' id='word_1_948' title='bbox 765 3757 873 3787; x_wconf 83' lang='lat' dir='ltr'>Facere,</span> <span class='ocrx_word' id='word_1_949' title='bbox 893 3755 996 3787; x_wconf 83' lang='lat' dir='ltr'>Facies,</span> <span class='ocrx_word' id='word_1_950' title='bbox 1017 3754 1099 3780; x_wconf 89' lang='lat' dir='ltr'>Filius</span> <span class='ocrx_word' id='word_1_951' title='bbox 1126 3753 1206 3786; x_wconf 73' lang='grc' dir='ltr'>(ὖιᾶς)</span> <span class='ocrx_word' id='word_1_952' title='bbox 1232 3756 1338 3788; x_wconf 81' lang='lat' dir='ltr'>Fames,</span> 
     </span>
     <span class='ocr_line' id='line_1_99' title="bbox 306 3788 1456 3824; baseline -0.001 -7"><span class='ocrx_word' id='word_1_953' title='bbox 306 3790 392 3821; x_wconf 77' lang='lat' dir='ltr'>Faba,</span> <span class='ocrx_word' id='word_1_954' title='bbox 412 3788 527 3816; x_wconf 87' lang='lat' dir='ltr'>Farina:</span> <span class='ocrx_word' id='word_1_955' title='bbox 561 3791 603 3822; x_wconf 88' lang='lat' dir='ltr'>qui</span> <span class='ocrx_word' id='word_1_956' title='bbox 621 3789 763 3815; x_wconf 85' lang='lat' dir='ltr'>Fastidium</span> <span class='ocrx_word' id='word_1_957' title='bbox 781 3794 953 3817; x_wconf 79' lang='lat' dir='ltr'>contraxerint</span> <span class='ocrx_word' id='word_1_958' title='bbox 969 3794 996 3816; x_wconf 83' lang='lat' dir='ltr'>in</span> <span class='ocrx_word' id='word_1_959' title='bbox 1016 3789 1123 3822; x_wconf 86' lang='lat' dir='ltr'>Hastio,</span> <span class='ocrx_word' id='word_1_960' title='bbox 1145 3791 1231 3824; x_wconf 79' lang='lat' dir='ltr'>quibus</span> <span class='ocrx_word' id='word_1_961' title='bbox 1250 3791 1338 3817; x_wconf 84' lang='lat' dir='ltr'>Haldo</span> <span class='ocrx_word' id='word_1_962' title='bbox 1351 3800 1397 3818; x_wconf 88' lang='lat'>100</span> <span class='ocrx_word' id='word_1_963' title='bbox 1408 3789 1456 3816; x_wconf 89' lang='lat' dir='ltr'>vit.</span> 
     </span>
     <span class='ocr_line' id='line_1_100' title="bbox 299 3826 1339 3898; baseline 0 -11"><span class='ocrx_word' id='word_1_964' title='bbox 299 3861 433 3898; x_wconf 75' lang='lat' dir='ltr'>fatidica,</span> <span class='ocrx_word' id='word_1_965' title='bbox 450 3857 501 3886; x_wconf 88' lang='lat' dir='ltr'>Fe&#39;e</span> <span class='ocrx_word' id='word_1_966' title='bbox 514 3858 658 3894; x_wconf 80' lang='lat' dir='ltr'>Gallorum)</span> <span class='ocrx_word' id='word_1_967' title='bbox 678 3862 704 3883; x_wconf 85' lang='lat' dir='ltr'>in</span> <span class='ocrx_word' id='word_1_968' title='bbox 718 3860 807 3892; x_wconf 80' lang='lat' dir='ltr'>Hada,</span> <span class='ocrx_word' id='word_1_969' title='bbox 826 3860 973 3895; x_wconf 81' lang='lat' dir='ltr'>Halconfit</span> <span class='ocrx_word' id='word_1_970' title='bbox 986 3862 1132 3896; x_wconf 77' lang='lat' dir='ltr'>reliquorum</span> <span class='ocrx_word' id='word_1_971' title='bbox 1151 3826 1339 3894; x_wconf 46' lang='lat' dir='ltr'>Falcofnilihi&#39;d</span> 
     </span>
     <span class='ocr_line' id='line_1_101' title="bbox 659 3894 1339 3931; baseline 0.004 -12"><span class='ocrx_word' id='word_1_972' title='bbox 659 3894 804 3929; x_wconf 74' lang='lat' dir='ltr'>Obseruauit</span> <span class='ocrx_word' id='word_1_973' title='bbox 829 3896 943 3929; x_wconf 69' lang='lat' dir='ltr'>quaedam</span> <span class='ocrx_word' id='word_1_974' title='bbox 973 3902 996 3922; x_wconf 82' lang='lat' dir='ltr'>et</span> <span class='ocrx_word' id='word_1_975' title='bbox 1028 3896 1117 3923; x_wconf 85' lang='lat' dir='ltr'>Barth.</span> <span class='ocrx_word' id='word_1_976' title='bbox 1143 3896 1209 3922; x_wconf 77' lang='lat' dir='ltr'>Adu.</span> <span class='ocrx_word' id='word_1_977' title='bbox 1231 3906 1278 3931; x_wconf 82' lang='lat'>41,</span> <span class='ocrx_word' id='word_1_978' title='bbox 1302 3906 1339 3931; x_wconf 93' lang='lat'>¹7·</span> 
     </span>
     <span class='ocr_line' id='line_1_102' title="bbox 347 3929 1342 3970; baseline -0.001 -12"><span class='ocrx_word' id='word_1_979' title='bbox 347 3940 362 3958; x_wconf 90' lang='lat'>2</span> <span class='ocrx_word' id='word_1_980' title='bbox 399 3932 434 3956; x_wconf 73' lang='lat' dir='ltr'>Dc</span> <span class='ocrx_word' id='word_1_981' title='bbox 448 3931 648 3964; x_wconf 79' lang='lat' dir='ltr'>pronuntiatione</span> <span class='ocrx_word' id='word_1_982' title='bbox 661 3932 711 3954; x_wconf 76' lang='lat' dir='ltr'>cius</span> <span class='ocrx_word' id='word_1_983' title='bbox 723 3929 866 3964; x_wconf 70' lang='lat' dir='ltr'>disputandi</span> <span class='ocrx_word' id='word_1_984' title='bbox 879 3930 1020 3970; x_wconf 59' lang='lat' dir='ltr'>occasionem</span> <span class='ocrx_word' id='word_1_985' title='bbox 1030 3931 1130 3967; x_wconf 77' lang='lat' dir='ltr'>praebet</span> <span class='ocrx_word' id='word_1_986' title='bbox 1143 3931 1273 3964; x_wconf 60' lang='lat' dir='ltr'>Quinctil.</span> <span class='ocrx_word' id='word_1_987' title='bbox 1289 3940 1342 3964; x_wconf 85' lang='lat'>1,4,</span> 
     </span>
    </p>
   </div>
   <div class='ocr_carea' id='block_1_23' title="bbox 298 3823 1199 3860">
    <p class='ocr_par' dir='ltr' id='par_1_36' title="bbox 298 3823 1199 3860">
     <span class='ocr_line' id='line_1_103' title="bbox 298 3823 1199 3860; baseline -0.001 -9"><span class='ocrx_word' id='word_1_988' title='bbox 298 3825 336 3860; x_wconf 82' lang='lat' dir='ltr'>stt</span> <span class='ocrx_word' id='word_1_989' title='bbox 351 3827 522 3851; x_wconf 63' lang='lat' dir='ltr'>Germanorum</span> <span class='ocrx_word' id='word_1_990' title='bbox 535 3823 621 3854; x_wconf 88' lang='lat' dir='ltr'>Falte,</span> <span class='ocrx_word' id='word_1_991' title='bbox 640 3824 724 3858; x_wconf 73' lang='lat' dir='ltr'>quibus</span> <span class='ocrx_word' id='word_1_992' title='bbox 737 3826 828 3851; x_wconf 82' lang='lat' dir='ltr'>Fatum</span> <span class='ocrx_word' id='word_1_993' title='bbox 842 3829 973 3852; x_wconf 78' lang='lat' dir='ltr'>transierit</span> <span class='ocrx_word' id='word_1_994' title='bbox 987 3829 1013 3851; x_wconf 84' lang='lat' dir='ltr'>in</span> <span class='ocrx_word' id='word_1_995' title='bbox 1029 3824 1120 3856; x_wconf 84' lang='lat' dir='ltr'>Hado,</span> <span class='ocrx_word' id='word_1_996' title='bbox 1138 3825 1199 3851; x_wconf 86' lang='lat' dir='ltr'>Fata</span> 
     </span>
    </p>
   </div>
   <div class='ocr_carea' id='block_1_24' title="bbox 305 3893 603 3968">
    <p class='ocr_par' dir='ltr' id='par_1_37' title="bbox 305 3893 603 3968">
     <span class='ocr_line' id='line_1_104' title="bbox 305 3893 603 3968; baseline -0.007 -46"><span class='ocrx_word' id='word_1_997' title='bbox 305 3905 382 3968; x_wconf 44' lang='lat' dir='ltr'>Sanus</span> <span class='ocrx_word' id='word_1_998' title='bbox 397 3902 474 3930; x_wconf 70' lang='lat' dir='ltr'>prope</span> <span class='ocrx_word' id='word_1_999' title='bbox 494 3893 603 3929; x_wconf 64' lang='lat' dir='ltr'>infinita.</span> 
     </span>
    </p>
   </div>
   <div class='ocr_carea' id='block_1_25' title="bbox 897 1667 1371 1702">
    <p class='ocr_par' dir='ltr' id='par_1_38' title="bbox 897 1667 1371 1702">
     <span class='ocr_line' id='line_1_105' title="bbox 897 1667 1371 1702; baseline 0 -7"><span class='ocrx_word' id='word_1_1000' title='bbox 897 1669 958 1695; x_wconf 84' lang='lat' dir='ltr'>Liu.</span> <span class='ocrx_word' id='word_1_1001' title='bbox 972 1677 1011 1702; x_wconf 78' lang='lat'>27,</span> <span class='ocrx_word' id='word_1_1002' title='bbox 1027 1677 1057 1701; x_wconf 86' lang='lat'>41</span> <span class='ocrx_word' id='word_1_1003' title='bbox 1080 1667 1242 1702; x_wconf 77' lang='lat' dir='ltr'>Exsurgeudi</span> <span class='ocrx_word' id='word_1_1004' title='bbox 1260 1674 1324 1694; x_wconf 86' lang='lat' dir='ltr'>tem·</span> <span class='ocrx_word' id='word_1_1005' title='bbox 1334 1669 1371 1695; x_wconf 89' lang='lat'>40</span> 
     </span>
    </p>
   </div>
   <div class='ocr_carea' id='block_1_26' title="bbox 1340 2638 1401 2699">
    <p class='ocr_par' dir='ltr' id='par_1_39' title="bbox 1340 2638 1401 2699">
     <span class='ocr_line' id='line_1_106' title="bbox 1340 2638 1401 2699; baseline 0 0"><span class='ocrx_word' id='word_1_1006' title='bbox 1340 2638 1401 2699; x_wconf 91' lang='lat' dir='ltr'>F.</span> 
     </span>
    </p>
   </div>
   <div class='ocr_carea' id='block_1_27' title="bbox 1768 194 2456 248">
    <p class='ocr_par' dir='ltr' id='par_1_40' title="bbox 1768 194 2456 248">
     <span class='ocr_line' id='line_1_107' title="bbox 1768 194 2456 248; baseline 0.006 -13"><span class='ocrx_word' id='word_1_1007' title='bbox 1768 194 1803 235; x_wconf 92' lang='lat' dir='ltr'><strong>E</strong></span> <span class='ocrx_word' id='word_1_1008' title='bbox 1889 195 1926 235; x_wconf 91' lang='lat' dir='ltr'>X</span> <span class='ocrx_word' id='word_1_1009' title='bbox 2008 195 2047 237; x_wconf 87' lang='lat' dir='ltr'>V</span> <span class='ocrx_word' id='word_1_1010' title='bbox 2349 200 2456 248; x_wconf 62' lang='lat'>566·</span> 
     </span>
    </p>
   </div>
   <div class='ocr_carea' id='block_1_28' title="bbox 1342 283 2460 1877">
    <p class='ocr_par' dir='ltr' id='par_1_41' title="bbox 1353 283 2460 499">
     <span class='ocr_line' id='line_1_108' title="bbox 1388 283 2423 322; baseline 0.001 -10"><span class='ocrx_word' id='word_1_1011' title='bbox 1388 293 1414 312; x_wconf 75' lang='lat' dir='ltr'>v.</span> <span class='ocrx_word' id='word_1_1012' title='bbox 1422 294 1448 312; x_wconf 87' lang='lat' dir='ltr'>v.</span> <span class='ocrx_word' id='word_1_1013' title='bbox 1498 286 1602 322; x_wconf 79' lang='lat' dir='ltr'>Legitur</span> <span class='ocrx_word' id='word_1_1014' title='bbox 1615 288 1687 312; x_wconf 75' lang='lat' dir='ltr'>etiam</span> <span class='ocrx_word' id='word_1_1015' title='bbox 1699 283 1766 320; x_wconf 76' lang='lat' dir='ltr'>apud</span> <span class='ocrx_word' id='word_1_1016' title='bbox 1777 284 1835 311; x_wconf 84' lang='lat' dir='ltr'>Sen.</span> <span class='ocrx_word' id='word_1_1017' title='bbox 1848 285 1927 319; x_wconf 85' lang='lat' dir='ltr'>Epist.</span> <span class='ocrx_word' id='word_1_1018' title='bbox 1936 287 1971 319; x_wconf 90' lang='lat'>69</span> <span class='ocrx_word' id='word_1_1019' title='bbox 1989 285 2220 320; x_wconf 72' lang='lat' dir='ltr'>Quemadmodum</span> <span class='ocrx_word' id='word_1_1020' title='bbox 2234 284 2270 318; x_wconf 82' lang='lat' dir='ltr'>ei,</span> <span class='ocrx_word' id='word_1_1021' title='bbox 2284 283 2332 319; x_wconf 78' lang='lat' dir='ltr'>qui</span> <span class='ocrx_word' id='word_1_1022' title='bbox 2346 285 2423 313; x_wconf 76' lang='lat' dir='ltr'>Amo-</span> 
     </span>
     <span class='ocr_line' id='line_1_109' title="bbox 1389 319 2422 354; baseline 0.001 -6"><span class='ocrx_word' id='word_1_1023' title='bbox 1389 329 1446 348; x_wconf 84' lang='lat' dir='ltr'>rem</span> <span class='ocrx_word' id='word_1_1024' title='bbox 1458 329 1567 348; x_wconf 85' lang='lat' dir='ltr'>exurere</span> <span class='ocrx_word' id='word_1_1025' title='bbox 1582 329 1702 351; x_wconf 83' lang='lat' dir='ltr'>conatur,</span> <span class='ocrx_word' id='word_1_1026' title='bbox 1727 319 1849 347; x_wconf 83' lang='lat' dir='ltr'>euitanda</span> <span class='ocrx_word' id='word_1_1027' title='bbox 1868 321 1904 348; x_wconf 91' lang='lat' dir='ltr'>est</span> <span class='ocrx_word' id='word_1_1028' title='bbox 1921 322 2007 348; x_wconf 87' lang='lat' dir='ltr'>omnis</span> <span class='ocrx_word' id='word_1_1029' title='bbox 2018 321 2166 349; x_wconf 83' lang='lat' dir='ltr'>admonitio</span> <span class='ocrx_word' id='word_1_1030' title='bbox 2184 321 2276 348; x_wconf 63' lang='lat' dir='ltr'>dilecti</span> <span class='ocrx_word' id='word_1_1031' title='bbox 2295 322 2422 354; x_wconf 71' lang='lat' dir='ltr'>corporis.</span> 
     </span>
     <span class='ocr_line' id='line_1_110' title="bbox 1389 355 2424 393; baseline 0.002 -11"><span class='ocrx_word' id='word_1_1032' title='bbox 1389 356 1431 383; x_wconf 89' lang='lat' dir='ltr'>Sic</span> <span class='ocrx_word' id='word_1_1033' title='bbox 1444 357 1511 393; x_wconf 80' lang='lat' dir='ltr'>Lips.</span> <span class='ocrx_word' id='word_1_1034' title='bbox 1526 364 1549 383; x_wconf 79' lang='lat' dir='ltr'>et</span> <span class='ocrx_word' id='word_1_1035' title='bbox 1565 359 1640 383; x_wconf 85' lang='lat' dir='ltr'>Gron.</span> <span class='ocrx_word' id='word_1_1036' title='bbox 1694 356 1740 383; x_wconf 75' lang='lat' dir='ltr'>Sed</span> <span class='ocrx_word' id='word_1_1037' title='bbox 1753 357 1824 382; x_wconf 86' lang='lat' dir='ltr'>Grut.</span> <span class='ocrx_word' id='word_1_1038' title='bbox 1840 364 1944 383; x_wconf 84' lang='lat' dir='ltr'>exuere.</span> <span class='ocrx_word' id='word_1_1039' title='bbox 1999 359 2096 384; x_wconf 84' lang='lat' dir='ltr'>Neutra</span> <span class='ocrx_word' id='word_1_1040' title='bbox 2108 364 2173 392; x_wconf 76' lang='lat' dir='ltr'>pars</span> <span class='ocrx_word' id='word_1_1041' title='bbox 2190 356 2299 393; x_wconf 81' lang='lat' dir='ltr'>diuersae</span> <span class='ocrx_word' id='word_1_1042' title='bbox 2311 355 2424 384; x_wconf 58' lang='lat' dir='ltr'>leffiom&#39;s</span> 
     </span>
     <span class='ocr_line' id='line_1_111' title="bbox 1388 392 2422 429; baseline 0.002 -12"><span class='ocrx_word' id='word_1_1043' title='bbox 1388 395 1531 418; x_wconf 80' lang='lat' dir='ltr'>mentionem</span> <span class='ocrx_word' id='word_1_1044' title='bbox 1540 392 1621 429; x_wconf 82' lang='lat' dir='ltr'>facit.</span> <span class='ocrx_word' id='word_1_1045' title='bbox 1673 392 1801 418; x_wconf 75' lang='lat' dir='ltr'>Laudatur</span> <span class='ocrx_word' id='word_1_1046' title='bbox 1814 395 1886 418; x_wconf 79' lang='lat' dir='ltr'>etiam</span> <span class='ocrx_word' id='word_1_1047' title='bbox 1900 392 2054 420; x_wconf 82' lang='lat' dir='ltr'>Plaut.Rud.</span> <span class='ocrx_word' id='word_1_1048' title='bbox 2069 401 2092 425; x_wconf 89' lang='grc'>3,</span> <span class='ocrx_word' id='word_1_1049' title='bbox 2104 402 2130 424; x_wconf 88' lang='lat'>4,</span> <span class='ocrx_word' id='word_1_1050' title='bbox 2144 395 2177 418; x_wconf 84' lang='lat'>62</span> <span class='ocrx_word' id='word_1_1051' title='bbox 2196 393 2284 427; x_wconf 86' lang='lat' dir='ltr'>Ignem</span> <span class='ocrx_word' id='word_1_1052' title='bbox 2301 400 2422 425; x_wconf 83' lang='lat' dir='ltr'>magnum</span> 
     </span>
     <span class='ocr_line' id='line_1_112' title="bbox 1353 426 2458 462; baseline 0.002 -10"><span class='ocrx_word' id='word_1_1053' title='bbox 1353 435 1367 462; x_wconf 82' lang='grc' dir='ltr'><em>ς</em></span> <span class='ocrx_word' id='word_1_1054' title='bbox 1392 426 1434 453; x_wconf 87' lang='lat' dir='ltr'>hic</span> <span class='ocrx_word' id='word_1_1055' title='bbox 1448 427 1553 454; x_wconf 86' lang='lat' dir='ltr'>faciam.</span> <span class='ocrx_word' id='word_1_1056' title='bbox 1609 434 1683 454; x_wconf 71' lang='grc' dir='ltr'><strong>ΒΑΕ.</strong></span> <span class='ocrx_word' id='word_1_1057' title='bbox 1719 427 1792 460; x_wconf 77' lang='lat' dir='ltr'>Quin</span> <span class='ocrx_word' id='word_1_1058' title='bbox 1810 433 1839 453; x_wconf 92' lang='lat' dir='ltr'>vt</span> <span class='ocrx_word' id='word_1_1059' title='bbox 1854 427 1996 454; x_wconf 87' lang='lat' dir='ltr'>humanum</span> <span class='ocrx_word' id='word_1_1060' title='bbox 2011 437 2102 455; x_wconf 87' lang='lat' dir='ltr'>exuras</span> <span class='ocrx_word' id='word_1_1061' title='bbox 2116 428 2174 454; x_wconf 86' lang='lat' dir='ltr'>tibi.</span> <span class='ocrx_word' id='word_1_1062' title='bbox 2229 427 2276 455; x_wconf 84' lang='lat' dir='ltr'>Sed</span> <span class='ocrx_word' id='word_1_1063' title='bbox 2293 434 2365 453; x_wconf 77' lang='lat' dir='ltr'>tanta</span> <span class='ocrx_word' id='word_1_1064' title='bbox 2389 427 2423 454; x_wconf 71' lang='lat' dir='ltr'>iba·</span> <span class='ocrx_word' id='word_1_1065' title='bbox 2456 451 2458 454; x_wconf 95' lang='lat'>.</span> 
     </span>
     <span class='ocr_line' id='line_1_113' title="bbox 1390 460 2460 499; baseline -0.001 -11"><span class='ocrx_word' id='word_1_1066' title='bbox 1390 460 1423 495; x_wconf 81' lang='lat' dir='ltr'>est</span> <span class='ocrx_word' id='word_1_1067' title='bbox 1436 465 1476 489; x_wconf 81' lang='lat' dir='ltr'>vel</span> <span class='ocrx_word' id='word_1_1068' title='bbox 1487 466 1607 496; x_wconf 77' lang='lat' dir='ltr'>varietas,</span> <span class='ocrx_word' id='word_1_1069' title='bbox 1619 465 1660 489; x_wconf 78' lang='lat' dir='ltr'>vel</span> <span class='ocrx_word' id='word_1_1070' title='bbox 1673 463 1807 498; x_wconf 80' lang='lat' dir='ltr'>obscuritas</span> <span class='ocrx_word' id='word_1_1071' title='bbox 1815 482 1824 495; x_wconf 94' lang='lat'>,</span> <span class='ocrx_word' id='word_1_1072' title='bbox 1842 470 1871 489; x_wconf 85' lang='grc' dir='ltr'>υι</span> <span class='ocrx_word' id='word_1_1073' title='bbox 1883 464 1949 489; x_wconf 86' lang='lat' dir='ltr'>nibil</span> <span class='ocrx_word' id='word_1_1074' title='bbox 1961 468 2022 490; x_wconf 81' lang='lat' dir='ltr'>certi</span> <span class='ocrx_word' id='word_1_1075' title='bbox 2034 463 2190 499; x_wconf 75' lang='lat' dir='ltr'>conficiatur.</span> <span class='ocrx_word' id='word_1_1076' title='bbox 2243 462 2426 497; x_wconf 58' lang='lat' dir='ltr'>Relinquflztur.</span> <span class='ocrx_word' id='word_1_1077' title='bbox 2452 480 2460 490; x_wconf 70' lang='grc'>,,</span> 
     </span>
    </p>

    <p class='ocr_par' dir='ltr' id='par_1_42' title="bbox 1384 497 2453 534">
     <span class='ocr_line' id='line_1_114' title="bbox 1384 497 2453 534; baseline 0 -11"><span class='ocrx_word' id='word_1_1078' title='bbox 1384 497 1522 532; x_wconf 76' lang='lat' dir='ltr'>scriptores</span> <span class='ocrx_word' id='word_1_1079' title='bbox 1537 497 1711 532; x_wconf 77' lang='lat' dir='ltr'>Ecclesiastici,</span> <span class='ocrx_word' id='word_1_1080' title='bbox 1741 508 1766 525; x_wconf 88' lang='lat' dir='ltr'>v.</span> <span class='ocrx_word' id='word_1_1081' title='bbox 1780 507 1804 534; x_wconf 78' lang='lat' dir='ltr'>g.</span> <span class='ocrx_word' id='word_1_1082' title='bbox 1824 498 1959 533; x_wconf 73' lang='lat' dir='ltr'>Augustin.</span> <span class='ocrx_word' id='word_1_1083' title='bbox 1973 498 2004 525; x_wconf 87' lang='lat' dir='ltr'>de</span> <span class='ocrx_word' id='word_1_1084' title='bbox 2019 499 2119 526; x_wconf 90' lang='lat' dir='ltr'>Morib.</span> <span class='ocrx_word' id='word_1_1085' title='bbox 2141 498 2227 525; x_wconf 85' lang='lat' dir='ltr'>eccles.</span> <span class='ocrx_word' id='word_1_1086' title='bbox 2247 498 2342 524; x_wconf 81' lang='lat' dir='ltr'>cathol.</span> <span class='ocrx_word' id='word_1_1087' title='bbox 2355 507 2376 524; x_wconf 84' lang='lat' dir='ltr'>c.</span> <span class='ocrx_word' id='word_1_1088' title='bbox 2393 506 2424 530; x_wconf 83' lang='grc' dir='ltr'>3ο</span> <span class='ocrx_word' id='word_1_1089' title='bbox 2452 518 2453 522; x_wconf 65' lang='grc'><strong>.</strong></span> 
     </span>
    </p>

    <p class='ocr_par' dir='ltr' id='par_1_43' title="bbox 1391 533 2453 566">
     <span class='ocr_line' id='line_1_115' title="bbox 1391 533 2453 566; baseline 0.001 -7"><span class='ocrx_word' id='word_1_1090' title='bbox 1391 533 1496 560; x_wconf 86' lang='lat' dir='ltr'>Tantus</span> <span class='ocrx_word' id='word_1_1091' title='bbox 1508 536 1622 561; x_wconf 79' lang='lat' dir='ltr'>caritatis</span> <span class='ocrx_word' id='word_1_1092' title='bbox 1634 534 1713 560; x_wconf 89' lang='lat' dir='ltr'>ardor</span> <span class='ocrx_word' id='word_1_1093' title='bbox 1726 534 1884 566; x_wconf 84' lang='lat' dir='ltr'>innascitur,</span> <span class='ocrx_word' id='word_1_1094' title='bbox 1899 540 1927 560; x_wconf 87' lang='lat' dir='ltr'>vt</span> <span class='ocrx_word' id='word_1_1095' title='bbox 1940 534 2035 560; x_wconf 84' lang='lat' dir='ltr'>exustis</span> <span class='ocrx_word' id='word_1_1096' title='bbox 2052 534 2174 561; x_wconf 84' lang='lat' dir='ltr'>omnibus</span> <span class='ocrx_word' id='word_1_1097' title='bbox 2182 534 2265 565; x_wconf 85' lang='lat' dir='ltr'>vitiis,</span> <span class='ocrx_word' id='word_1_1098' title='bbox 2284 539 2309 559; x_wconf 90' lang='lat' dir='ltr'>et</span> <span class='ocrx_word' id='word_1_1099' title='bbox 2318 533 2424 560; x_wconf 86' lang='lat' dir='ltr'>homine</span> <span class='ocrx_word' id='word_1_1100' title='bbox 2437 543 2440 546; x_wconf 60' lang='lat'><strong>⁴</strong></span> <span class='ocrx_word' id='word_1_1101' title='bbox 2452 546 2453 554; x_wconf 35' lang='grc' dir='ltr'><strong>κ</strong></span> 
     </span>
    </p>

    <p class='ocr_par' dir='ltr' id='par_1_44' title="bbox 1342 567 2434 641">
     <span class='ocr_line' id='line_1_116' title="bbox 1391 567 2424 604; baseline 0 -10"><span class='ocrx_word' id='word_1_1102' title='bbox 1391 568 1559 596; x_wconf 68' lang='lat' dir='ltr'>sanctificato.</span> <span class='ocrx_word' id='word_1_1103' title='bbox 1617 570 1704 595; x_wconf 78' lang='lat' dir='ltr'>Verum</span> <span class='ocrx_word' id='word_1_1104' title='bbox 1711 570 1752 596; x_wconf 86' lang='lat' dir='ltr'>hic</span> <span class='ocrx_word' id='word_1_1105' title='bbox 1763 570 1904 604; x_wconf 76' lang='lat' dir='ltr'>metaphora</span> <span class='ocrx_word' id='word_1_1106' title='bbox 1918 567 2084 596; x_wconf 81' lang='lat' dir='ltr'>continuatur.</span> <span class='ocrx_word' id='word_1_1107' title='bbox 2137 571 2302 601; x_wconf 76' lang='lat' dir='ltr'>Caeterorum,</span> <span class='ocrx_word' id='word_1_1108' title='bbox 2316 578 2375 603; x_wconf 80' lang='lat' dir='ltr'>quae</span> <span class='ocrx_word' id='word_1_1109' title='bbox 2387 568 2424 595; x_wconf 86' lang='lat' dir='ltr'>de-</span> 
     </span>
     <span class='ocr_line' id='line_1_117' title="bbox 1342 603 2434 641; baseline 0 -10"><span class='ocrx_word' id='word_1_1110' title='bbox 1342 612 1373 631; x_wconf 82' lang='lat'>10</span> <span class='ocrx_word' id='word_1_1111' title='bbox 1389 603 1428 630; x_wconf 86' lang='lat' dir='ltr'>dit</span> <span class='ocrx_word' id='word_1_1112' title='bbox 1440 605 1529 640; x_wconf 58' lang='lat' dir='ltr'>Damjs.</span> <span class='ocrx_word' id='word_1_1113' title='bbox 1545 605 1579 631; x_wconf 85' lang='lat' dir='ltr'>ad</span> <span class='ocrx_word' id='word_1_1114' title='bbox 1591 605 1640 631; x_wconf 89' lang='lat' dir='ltr'>Cic.</span> <span class='ocrx_word' id='word_1_1115' title='bbox 1654 606 1671 631; x_wconf 87' lang='lat'>1.</span> <span class='ocrx_word' id='word_1_1116' title='bbox 1680 614 1701 631; x_wconf 93' lang='lat' dir='ltr'>c.</span> <span class='ocrx_word' id='word_1_1117' title='bbox 1710 612 1761 640; x_wconf 78' lang='lat' dir='ltr'>par</span> <span class='ocrx_word' id='word_1_1118' title='bbox 1773 609 1847 631; x_wconf 85' lang='lat' dir='ltr'>ratio.</span> <span class='ocrx_word' id='word_1_1119' title='bbox 1906 605 2013 631; x_wconf 76' lang='lat' dir='ltr'>Proinde</span> <span class='ocrx_word' id='word_1_1120' title='bbox 2032 615 2078 631; x_wconf 85' lang='lat' dir='ltr'>non</span> <span class='ocrx_word' id='word_1_1121' title='bbox 2091 605 2160 641; x_wconf 85' lang='lat' dir='ltr'>satis</span> <span class='ocrx_word' id='word_1_1122' title='bbox 2173 613 2240 631; x_wconf 74' lang='lat' dir='ltr'>certa</span> <span class='ocrx_word' id='word_1_1123' title='bbox 2256 603 2288 637; x_wconf 65' lang='lat' dir='ltr'>qs?</span> <span class='ocrx_word' id='word_1_1124' title='bbox 2302 604 2346 630; x_wconf 86' lang='lat' dir='ltr'>illa</span> <span class='ocrx_word' id='word_1_1125' title='bbox 2358 604 2434 631; x_wconf 48' lang='lat' dir='ltr'>verbu*</span> 
     </span>
    </p>

    <p class='ocr_par' dir='ltr' id='par_1_45' title="bbox 1391 639 2426 676">
     <span class='ocr_line' id='line_1_118' title="bbox 1391 639 2426 676; baseline 0 -11"><span class='ocrx_word' id='word_1_1126' title='bbox 1391 647 1500 666; x_wconf 84' lang='lat' dir='ltr'>exurere</span> <span class='ocrx_word' id='word_1_1127' title='bbox 1509 639 1671 676; x_wconf 77' lang='lat' dir='ltr'>significatio.</span> <span class='ocrx_word' id='word_1_1128' title='bbox 1741 641 1833 667; x_wconf 88' lang='lat' dir='ltr'>Exurit</span> <span class='ocrx_word' id='word_1_1129' title='bbox 1856 649 1933 667; x_wconf 88' lang='lat' dir='ltr'>eruca</span> <span class='ocrx_word' id='word_1_1130' title='bbox 1948 641 2046 667; x_wconf 84' lang='lat' dir='ltr'>semina</span> <span class='ocrx_word' id='word_1_1131' title='bbox 2063 641 2152 667; x_wconf 89' lang='lat' dir='ltr'>morsu</span> <span class='ocrx_word' id='word_1_1132' title='bbox 2185 640 2292 667; x_wconf 89' lang='lat' dir='ltr'>Colum.</span> <span class='ocrx_word' id='word_1_1133' title='bbox 2308 649 2353 672; x_wconf 88' lang='lat'>10,</span> <span class='ocrx_word' id='word_1_1134' title='bbox 2371 647 2426 674; x_wconf 81' lang='lat'>334.</span> 
     </span>
    </p>

    <p class='ocr_par' dir='ltr' id='par_1_46' title="bbox 1391 674 2426 712">
     <span class='ocr_line' id='line_1_119' title="bbox 1391 674 2426 712; baseline 0.002 -12"><span class='ocrx_word' id='word_1_1135' title='bbox 1391 674 1419 700; x_wconf 83' lang='lat' dir='ltr'>de</span> <span class='ocrx_word' id='word_1_1136' title='bbox 1433 674 1525 710; x_wconf 73' lang='lat' dir='ltr'>inftc&#39;lo</span> <span class='ocrx_word' id='word_1_1137' title='bbox 1537 676 1579 702; x_wconf 79' lang='lat' dir='ltr'>illo</span> <span class='ocrx_word' id='word_1_1138' title='bbox 1592 677 1720 701; x_wconf 84' lang='lat' dir='ltr'>multorum</span> <span class='ocrx_word' id='word_1_1139' title='bbox 1729 675 1817 710; x_wconf 78' lang='lat' dir='ltr'>pedum</span> <span class='ocrx_word' id='word_1_1140' title='bbox 1825 677 1907 712; x_wconf 69' lang='lat' dir='ltr'>sermo</span> <span class='ocrx_word' id='word_1_1141' title='bbox 1921 674 1963 709; x_wconf 80' lang='lat' dir='ltr'>est.</span> <span class='ocrx_word' id='word_1_1142' title='bbox 2033 676 2071 702; x_wconf 85' lang='lat' dir='ltr'>Id.</span> <span class='ocrx_word' id='word_1_1143' title='bbox 2086 685 2128 708; x_wconf 89' lang='lat'>12,</span> <span class='ocrx_word' id='word_1_1144' title='bbox 2141 684 2169 710; x_wconf 79' lang='grc' dir='ltr'><strong>ς,</strong></span> <span class='ocrx_word' id='word_1_1145' title='bbox 2184 685 2200 703; x_wconf 86' lang='lat'>2</span> <span class='ocrx_word' id='word_1_1146' title='bbox 2227 677 2343 703; x_wconf 83' lang='lat' dir='ltr'>Exurere</span> <span class='ocrx_word' id='word_1_1147' title='bbox 2360 675 2426 702; x_wconf 82' lang='lat' dir='ltr'>ferri</span> 
     </span>
    </p>

    <p class='ocr_par' dir='ltr' id='par_1_47' title="bbox 1391 710 2427 749">
     <span class='ocr_line' id='line_1_120' title="bbox 1391 710 2427 749; baseline 0.001 -12"><span class='ocrx_word' id='word_1_1148' title='bbox 1391 711 1478 749; x_wconf 66' lang='lat' dir='ltr'>massas</span> <span class='ocrx_word' id='word_1_1149' title='bbox 1493 711 1544 743; x_wconf 90' lang='lat' dir='ltr'>ita,</span> <span class='ocrx_word' id='word_1_1150' title='bbox 1565 718 1593 737; x_wconf 89' lang='lat' dir='ltr'>vt</span> <span class='ocrx_word' id='word_1_1151' title='bbox 1606 710 1673 745; x_wconf 82' lang='lat' dir='ltr'>ignis</span> <span class='ocrx_word' id='word_1_1152' title='bbox 1687 711 1798 744; x_wconf 81' lang='lat' dir='ltr'>speciem</span> <span class='ocrx_word' id='word_1_1153' title='bbox 1813 711 1941 743; x_wconf 84' lang='lat' dir='ltr'>habeant,</span> <span class='ocrx_word' id='word_1_1154' title='bbox 1967 711 2093 738; x_wconf 82' lang='lat' dir='ltr'>incendere</span> <span class='ocrx_word' id='word_1_1155' title='bbox 2107 720 2133 738; x_wconf 77' lang='lat' dir='ltr'>ut</span> <span class='ocrx_word' id='word_1_1156' title='bbox 2145 712 2273 737; x_wconf 77' lang='lat' dir='ltr'>candeant.</span> <span class='ocrx_word' id='word_1_1157' title='bbox 2344 710 2427 738; x_wconf 81' lang='lat' dir='ltr'>Exuri</span> 
     </span>
    </p>

    <p class='ocr_par' dir='ltr' id='par_1_48' title="bbox 1346 747 2429 888">
     <span class='ocr_line' id='line_1_121' title="bbox 1391 747 2428 781; baseline 0 -9"><span class='ocrx_word' id='word_1_1158' title='bbox 1391 751 1417 772; x_wconf 82' lang='lat' dir='ltr'>et</span> <span class='ocrx_word' id='word_1_1159' title='bbox 1428 747 1539 773; x_wconf 87' lang='lat' dir='ltr'>cremari</span> <span class='ocrx_word' id='word_1_1160' title='bbox 1553 748 1663 772; x_wconf 83' lang='lat' dir='ltr'>flammis</span> <span class='ocrx_word' id='word_1_1161' title='bbox 1687 747 1752 772; x_wconf 84' lang='lat' dir='ltr'>Plin.</span> <span class='ocrx_word' id='word_1_1162' title='bbox 1766 755 1788 779; x_wconf 84' lang='lat'>2,</span> <span class='ocrx_word' id='word_1_1163' title='bbox 1801 748 1842 777; x_wconf 87' lang='lat'>68.</span> <span class='ocrx_word' id='word_1_1164' title='bbox 1914 747 1972 781; x_wconf 84' lang='lat' dir='ltr'>Igni</span> <span class='ocrx_word' id='word_1_1165' title='bbox 1985 747 2108 774; x_wconf 85' lang='lat' dir='ltr'>exuritur</span> <span class='ocrx_word' id='word_1_1166' title='bbox 2120 747 2200 773; x_wconf 75' lang='lat' dir='ltr'>scelus</span> <span class='ocrx_word' id='word_1_1167' title='bbox 2233 747 2308 780; x_wconf 84' lang='lat' dir='ltr'>Virg.</span> <span class='ocrx_word' id='word_1_1168' title='bbox 2322 747 2387 772; x_wconf 90' lang='lat' dir='ltr'>Aen.</span> <span class='ocrx_word' id='word_1_1169' title='bbox 2401 748 2428 779; x_wconf 88' lang='lat'>6,</span> 
     </span>
     <span class='ocr_line' id='line_1_122' title="bbox 1346 781 2429 817; baseline 0.002 -10"><span class='ocrx_word' id='word_1_1170' title='bbox 1346 788 1372 814; x_wconf 78' lang='grc' dir='ltr'>ις</span> <span class='ocrx_word' id='word_1_1171' title='bbox 1392 789 1454 816; x_wconf 87' lang='lat'>742.</span> <span class='ocrx_word' id='word_1_1172' title='bbox 1524 783 1584 808; x_wconf 84' lang='lat' dir='ltr'>Sitis</span> <span class='ocrx_word' id='word_1_1173' title='bbox 1605 781 1694 807; x_wconf 88' lang='lat' dir='ltr'>exurit</span> <span class='ocrx_word' id='word_1_1174' title='bbox 1717 782 1827 808; x_wconf 86' lang='lat' dir='ltr'>miseros</span> <span class='ocrx_word' id='word_1_1175' title='bbox 1862 783 1966 809; x_wconf 90' lang='lat' dir='ltr'>Lucret.</span> <span class='ocrx_word' id='word_1_1176' title='bbox 1978 791 1991 814; x_wconf 85' lang='lat'>3</span> <span class='ocrx_word' id='word_1_1177' title='bbox 2002 803 2011 815; x_wconf 94' lang='lat'>,</span> <span class='ocrx_word' id='word_1_1178' title='bbox 2023 791 2081 815; x_wconf 80' lang='lat'>930.</span> <span class='ocrx_word' id='word_1_1179' title='bbox 2159 782 2202 809; x_wconf 89' lang='lat' dir='ltr'>Sol</span> <span class='ocrx_word' id='word_1_1180' title='bbox 2215 782 2324 817; x_wconf 78' lang='lat' dir='ltr'>graciles</span> <span class='ocrx_word' id='word_1_1181' title='bbox 2340 781 2429 809; x_wconf 75' lang='lat' dir='ltr'>exurit</span> 
     </span>
     <span class='ocr_line' id='line_1_123' title="bbox 1390 817 2428 854; baseline 0.002 -11"><span class='ocrx_word' id='word_1_1182' title='bbox 1390 822 1462 844; x_wconf 85' lang='lat' dir='ltr'>artus</span> <span class='ocrx_word' id='word_1_1183' title='bbox 1488 817 1586 844; x_wconf 88' lang='lat' dir='ltr'>Tibul.</span> <span class='ocrx_word' id='word_1_1184' title='bbox 1601 826 1626 850; x_wconf 86' lang='lat'>2,</span> <span class='ocrx_word' id='word_1_1185' title='bbox 1641 826 1663 849; x_wconf 85' lang='lat'>3,</span> <span class='ocrx_word' id='word_1_1186' title='bbox 1675 825 1702 850; x_wconf 89' lang='lat'>9.</span> <span class='ocrx_word' id='word_1_1187' title='bbox 1758 819 1789 844; x_wconf 84' lang='lat' dir='ltr'>In</span> <span class='ocrx_word' id='word_1_1188' title='bbox 1803 819 1877 846; x_wconf 86' lang='lat' dir='ltr'>MSS.</span> <span class='ocrx_word' id='word_1_1189' title='bbox 1890 818 2078 854; x_wconf 79' lang='lat' dir='ltr'>confunduntur</span> <span class='ocrx_word' id='word_1_1190' title='bbox 2096 818 2211 845; x_wconf 84' lang='lat' dir='ltr'>Exurere</span> <span class='ocrx_word' id='word_1_1191' title='bbox 2229 826 2253 844; x_wconf 83' lang='lat' dir='ltr'>et</span> <span class='ocrx_word' id='word_1_1192' title='bbox 2267 817 2428 845; x_wconf 78' lang='lat' dir='ltr'>Exhaurire:</span> 
     </span>
     <span class='ocr_line' id='line_1_124' title="bbox 1389 852 1534 888; baseline 0.007 -10"><span class='ocrx_word' id='word_1_1193' title='bbox 1389 852 1454 888; x_wconf 72' lang='lat' dir='ltr'>quod</span> <span class='ocrx_word' id='word_1_1194' title='bbox 1469 853 1534 880; x_wconf 81' lang='lat' dir='ltr'>vide.</span> 
     </span>
    </p>

    <p class='ocr_par' dir='ltr' id='par_1_49' title="bbox 1393 887 2422 956">
     <span class='ocr_line' id='line_1_125' title="bbox 1425 887 1852 920; baseline 0 -5"><span class='ocrx_word' id='word_1_1195' title='bbox 1425 895 1468 915; x_wconf 86' lang='lat' dir='ltr'>Ex</span> <span class='ocrx_word' id='word_1_1196' title='bbox 1479 895 1500 914; x_wconf 87' lang='lat' dir='ltr'>v</span> <span class='ocrx_word' id='word_1_1197' title='bbox 1510 895 1529 915; x_wconf 81' lang='lat' dir='ltr'>R</span> <span class='ocrx_word' id='word_1_1198' title='bbox 1539 894 1556 914; x_wconf 81' lang='lat' dir='ltr'>E</span> <span class='ocrx_word' id='word_1_1199' title='bbox 1565 896 1585 915; x_wconf 86' lang='lat' dir='ltr'>N</span> <span class='ocrx_word' id='word_1_1200' title='bbox 1595 895 1607 915; x_wconf 86' lang='lat' dir='ltr'>s</span> <span class='ocrx_word' id='word_1_1201' title='bbox 1617 908 1626 920; x_wconf 93' lang='lat'>,</span> <span class='ocrx_word' id='word_1_1202' title='bbox 1647 887 1722 914; x_wconf 85' lang='lat' dir='ltr'>entis.</span> <span class='ocrx_word' id='word_1_1203' title='bbox 1758 888 1852 915; x_wconf 79' lang='lat' dir='ltr'>Partic.</span> 
     </span>
     <span class='ocr_line' id='line_1_126' title="bbox 1393 922 2422 956; baseline -0.004 -6"><span class='ocrx_word' id='word_1_1204' title='bbox 1393 922 1507 950; x_wconf 85' lang='lat' dir='ltr'>dominis</span> <span class='ocrx_word' id='word_1_1205' title='bbox 1526 926 1600 950; x_wconf 86' lang='lat' dir='ltr'>Curt.</span> <span class='ocrx_word' id='word_1_1206' title='bbox 1613 926 1640 956; x_wconf 90' lang='lat'>6,</span> <span class='ocrx_word' id='word_1_1207' title='bbox 1655 927 1685 954; x_wconf 84' lang='lat'>6,</span> <span class='ocrx_word' id='word_1_1208' title='bbox 1701 925 1738 949; x_wconf 89' lang='lat'>16.</span> <span class='ocrx_word' id='word_1_1209' title='bbox 2418 943 2422 946; x_wconf 93' lang='lat'>.</span> 
     </span>
    </p>

    <p class='ocr_par' dir='ltr' id='par_1_50' title="bbox 1392 958 2439 1243">
     <span class='ocr_line' id='line_1_127' title="bbox 1427 958 2431 992; baseline 0 -6"><span class='ocrx_word' id='word_1_1210' title='bbox 1427 966 1444 986; x_wconf 75' lang='grc' dir='ltr'><strong><em>Ε</em></strong></span> <span class='ocrx_word' id='word_1_1211' title='bbox 1454 966 1522 986; x_wconf 90' lang='lat' dir='ltr'>xvs</span> <span class='ocrx_word' id='word_1_1212' title='bbox 1532 967 1553 987; x_wconf 86' lang='lat' dir='ltr'>T</span> <span class='ocrx_word' id='word_1_1213' title='bbox 1563 967 1620 991; x_wconf 87' lang='lat' dir='ltr'>vs,</span> <span class='ocrx_word' id='word_1_1214' title='bbox 1637 969 1665 990; x_wconf 89' lang='lat' dir='ltr'>a,</span> <span class='ocrx_word' id='word_1_1215' title='bbox 1684 968 1737 985; x_wconf 89' lang='lat' dir='ltr'>um.</span> <span class='ocrx_word' id='word_1_1216' title='bbox 1775 959 1868 986; x_wconf 84' lang='lat' dir='ltr'>Partic.</span> <span class='ocrx_word' id='word_1_1217' title='bbox 1903 959 2105 992; x_wconf 71' lang='grc' dir='ltr'>[ἐκκεκαυμένος]</span> <span class='ocrx_word' id='word_1_1218' title='bbox 2159 958 2249 985; x_wconf 80' lang='lat' dir='ltr'>Media</span> <span class='ocrx_word' id='word_1_1219' title='bbox 2265 967 2331 985; x_wconf 85' lang='lat' dir='ltr'>vero</span> <span class='ocrx_word' id='word_1_1220' title='bbox 2349 963 2431 986; x_wconf 45' lang='lat' dir='ltr'>terra?</span> 
     </span>
     <span class='ocr_line' id='line_1_128' title="bbox 1392 994 2430 1029; baseline 0.002 -10"><span class='ocrx_word' id='word_1_1221' title='bbox 1392 1002 1468 1027; x_wconf 90' lang='lat' dir='ltr'>rum,</span> <span class='ocrx_word' id='word_1_1222' title='bbox 1491 1004 1543 1029; x_wconf 88' lang='lat' dir='ltr'>qua</span> <span class='ocrx_word' id='word_1_1223' title='bbox 1562 995 1624 1021; x_wconf 87' lang='lat' dir='ltr'>solis</span> <span class='ocrx_word' id='word_1_1224' title='bbox 1645 995 1733 1021; x_wconf 90' lang='lat' dir='ltr'>orbita</span> <span class='ocrx_word' id='word_1_1225' title='bbox 1754 994 1806 1027; x_wconf 80' lang='lat' dir='ltr'>est,</span> <span class='ocrx_word' id='word_1_1226' title='bbox 1834 994 1922 1021; x_wconf 86' lang='lat' dir='ltr'>exusta</span> <span class='ocrx_word' id='word_1_1227' title='bbox 1941 995 2053 1021; x_wconf 87' lang='lat' dir='ltr'>flammis</span> <span class='ocrx_word' id='word_1_1228' title='bbox 2070 1000 2097 1020; x_wconf 87' lang='lat' dir='ltr'>et</span> <span class='ocrx_word' id='word_1_1229' title='bbox 2114 1001 2226 1021; x_wconf 86' lang='lat' dir='ltr'>cremata</span> <span class='ocrx_word' id='word_1_1230' title='bbox 2260 994 2327 1021; x_wconf 89' lang='lat' dir='ltr'>Plin.</span> <span class='ocrx_word' id='word_1_1231' title='bbox 2341 1002 2370 1027; x_wconf 88' lang='lat'>2,</span> <span class='ocrx_word' id='word_1_1232' title='bbox 2389 996 2430 1024; x_wconf 80' lang='lat'>68.</span> 
     </span>
     <span class='ocr_line' id='line_1_129' title="bbox 1393 1029 2434 1065; baseline 0.001 -9"><span class='ocrx_word' id='word_1_1233' title='bbox 1393 1031 1416 1055; x_wconf 95' lang='lat' dir='ltr'>V</span> <span class='ocrx_word' id='word_1_1234' title='bbox 1418 1031 1476 1056; x_wconf 90' lang='lat' dir='ltr'>iuus</span> <span class='ocrx_word' id='word_1_1235' title='bbox 1488 1031 1590 1057; x_wconf 84' lang='lat' dir='ltr'>exustus</span> <span class='ocrx_word' id='word_1_1236' title='bbox 1603 1030 1638 1057; x_wconf 86' lang='lat' dir='ltr'>est</span> <span class='ocrx_word' id='word_1_1237' title='bbox 1658 1031 1714 1057; x_wconf 88' lang='lat' dir='ltr'>Cic.</span> <span class='ocrx_word' id='word_1_1238' title='bbox 1723 1031 1801 1056; x_wconf 89' lang='lat' dir='ltr'>Verr.</span> <span class='ocrx_word' id='word_1_1239' title='bbox 1812 1038 1882 1065; x_wconf 47' lang='lat'>1,*70.</span> <span class='ocrx_word' id='word_1_1240' title='bbox 1955 1030 2023 1064; x_wconf 84' lang='lat' dir='ltr'>Ager</span> <span class='ocrx_word' id='word_1_1241' title='bbox 2036 1030 2138 1056; x_wconf 83' lang='lat' dir='ltr'>exustus</span> <span class='ocrx_word' id='word_1_1242' title='bbox 2152 1029 2328 1056; x_wconf 84' lang='lat' dir='ltr'>morientibus</span> <span class='ocrx_word' id='word_1_1243' title='bbox 2334 1029 2434 1061; x_wconf 78' lang='lat' dir='ltr'>aestuat</span> 
     </span>
     <span class='ocr_line' id='line_1_130' title="bbox 1394 1064 2439 1101; baseline 0.001 -11"><span class='ocrx_word' id='word_1_1244' title='bbox 1394 1064 1482 1091; x_wconf 83' lang='lat' dir='ltr'>herbis</span> <span class='ocrx_word' id='word_1_1245' title='bbox 1511 1067 1585 1101; x_wconf 85' lang='lat' dir='ltr'>Virg.</span> <span class='ocrx_word' id='word_1_1246' title='bbox 1601 1067 1698 1100; x_wconf 84' lang='lat' dir='ltr'>Georg.</span> <span class='ocrx_word' id='word_1_1247' title='bbox 1716 1074 1807 1100; x_wconf 88' lang='lat'>1‚107.</span> <span class='ocrx_word' id='word_1_1248' title='bbox 1878 1064 2011 1093; x_wconf 87' lang='lat' dir='ltr'>Columel.</span> <span class='ocrx_word' id='word_1_1249' title='bbox 2030 1074 2066 1100; x_wconf 88' lang='lat'>7,</span> <span class='ocrx_word' id='word_1_1250' title='bbox 2086 1071 2099 1095; x_wconf 87' lang='lat'>8</span> <span class='ocrx_word' id='word_1_1251' title='bbox 2137 1067 2261 1099; x_wconf 81' lang='lat' dir='ltr'>Qiorum</span> <span class='ocrx_word' id='word_1_1252' title='bbox 2285 1065 2439 1101; x_wconf 60' lang='lat' dir='ltr'>vitiorum,</span> 
     </span>
     <span class='ocr_line' id='line_1_131' title="bbox 1394 1100 2432 1136; baseline 0.002 -10"><span class='ocrx_word' id='word_1_1253' title='bbox 1394 1101 1508 1134; x_wconf 87' lang='lat' dir='ltr'>primum</span> <span class='ocrx_word' id='word_1_1254' title='bbox 1520 1103 1585 1129; x_wconf 90' lang='lat' dir='ltr'>solet</span> <span class='ocrx_word' id='word_1_1255' title='bbox 1598 1101 1730 1132; x_wconf 85' lang='lat' dir='ltr'>accidere,</span> <span class='ocrx_word' id='word_1_1256' title='bbox 1750 1101 1767 1127; x_wconf 84' lang='lat' dir='ltr'>fi</span> <span class='ocrx_word' id='word_1_1257' title='bbox 1782 1110 1873 1136; x_wconf 86' lang='lat' dir='ltr'>parum</span> <span class='ocrx_word' id='word_1_1258' title='bbox 1886 1102 1997 1135; x_wconf 77' lang='lat' dir='ltr'>pressus:</span> <span class='ocrx_word' id='word_1_1259' title='bbox 2031 1101 2188 1134; x_wconf 86' lang='lat' dir='ltr'>secundum,</span> <span class='ocrx_word' id='word_1_1260' title='bbox 2207 1101 2225 1127; x_wconf 85' lang='lat' dir='ltr'>fi</span> <span class='ocrx_word' id='word_1_1261' title='bbox 2239 1101 2326 1127; x_wconf 87' lang='lat' dir='ltr'>nimio</span> <span class='ocrx_word' id='word_1_1262' title='bbox 2338 1100 2388 1127; x_wconf 88' lang='lat' dir='ltr'>sale</span> <span class='ocrx_word' id='word_1_1263' title='bbox 2401 1100 2432 1128; x_wconf 80' lang='lat' dir='ltr'>fit</span> 
     </span>
     <span class='ocr_line' id='line_1_132' title="bbox 1395 1136 2432 1170; baseline 0.002 -9"><span class='ocrx_word' id='word_1_1264' title='bbox 1395 1136 1525 1164; x_wconf 82' lang='lat' dir='ltr'>imbutus:</span> <span class='ocrx_word' id='word_1_1265' title='bbox 1564 1139 1688 1168; x_wconf 82' lang='lat' dir='ltr'>tertium,</span> <span class='ocrx_word' id='word_1_1266' title='bbox 1713 1137 1730 1163; x_wconf 84' lang='lat' dir='ltr'>si</span> <span class='ocrx_word' id='word_1_1267' title='bbox 1751 1137 1805 1163; x_wconf 92' lang='lat' dir='ltr'>sole</span> <span class='ocrx_word' id='word_1_1268' title='bbox 1835 1137 1937 1163; x_wconf 68' lang='lat' dir='ltr'>exustus</span> <span class='ocrx_word' id='word_1_1269' title='bbox 1958 1137 2002 1162; x_wconf 88' lang='lat' dir='ltr'>est.</span> <span class='ocrx_word' id='word_1_1270' title='bbox 2093 1138 2196 1170; x_wconf 80' lang='lat' dir='ltr'>Corpus</span> <span class='ocrx_word' id='word_1_1271' title='bbox 2237 1136 2282 1162; x_wconf 86' lang='lat' dir='ltr'>Sil.</span> <span class='ocrx_word' id='word_1_1272' title='bbox 2314 1144 2345 1169; x_wconf 81' lang='grc'>3,</span> <span class='ocrx_word' id='word_1_1273' title='bbox 2379 1155 2386 1162; x_wconf 96' lang='grc'>.</span> <span class='ocrx_word' id='word_1_1274' title='bbox 2422 1155 2432 1163; x_wconf 88' lang='grc'><strong>.</strong></span> 
     </span>
     <span class='ocr_line' id='line_1_133' title="bbox 1395 1171 2432 1200; baseline 0 -2"><span class='ocrx_word' id='word_1_1275' title='bbox 1395 1172 1455 1198; x_wconf 87' lang='lat' dir='ltr'>Flos</span> <span class='ocrx_word' id='word_1_1276' title='bbox 1468 1173 1569 1200; x_wconf 85' lang='lat' dir='ltr'>exustus</span> <span class='ocrx_word' id='word_1_1277' title='bbox 1588 1174 1628 1199; x_wconf 89' lang='lat' dir='ltr'>sui</span> <span class='ocrx_word' id='word_1_1278' title='bbox 1649 1173 1745 1199; x_wconf 85' lang='lat' dir='ltr'>veteris</span> <span class='ocrx_word' id='word_1_1279' title='bbox 1769 1173 1895 1199; x_wconf 82' lang='lat' dir='ltr'>vbertatis</span> <span class='ocrx_word' id='word_1_1280' title='bbox 1919 1172 2023 1199; x_wconf 87' lang='lat' dir='ltr'>exaruit</span> <span class='ocrx_word' id='word_1_1281' title='bbox 2066 1172 2123 1199; x_wconf 87' lang='lat' dir='ltr'>Cic.</span> <span class='ocrx_word' id='word_1_1282' title='bbox 2144 1172 2177 1198; x_wconf 87' lang='lat' dir='ltr'>de</span> <span class='ocrx_word' id='word_1_1283' title='bbox 2199 1171 2269 1199; x_wconf 87' lang='lat' dir='ltr'>Clar.</span> <span class='ocrx_word' id='word_1_1284' title='bbox 2293 1172 2368 1198; x_wconf 90' lang='lat' dir='ltr'>Orat.</span> <span class='ocrx_word' id='word_1_1285' title='bbox 2393 1172 2432 1198; x_wconf 84' lang='lat'>16.</span> 
     </span>
     <span class='ocr_line' id='line_1_134' title="bbox 1393 1207 1789 1243; baseline 0 -9"><span class='ocrx_word' id='word_1_1286' title='bbox 1393 1207 1467 1234; x_wconf 83' lang='lat' dir='ltr'>Palus</span> <span class='ocrx_word' id='word_1_1287' title='bbox 1493 1209 1567 1243; x_wconf 84' lang='lat' dir='ltr'>Virg.</span> <span class='ocrx_word' id='word_1_1288' title='bbox 1581 1209 1677 1243; x_wconf 86' lang='lat' dir='ltr'>Georg.</span> <span class='ocrx_word' id='word_1_1289' title='bbox 1689 1218 1717 1241; x_wconf 85' lang='lat'>3,</span> <span class='ocrx_word' id='word_1_1290' title='bbox 1733 1217 1789 1241; x_wconf 81' lang='lat'>432.</span> 
     </span>
    </p>

    <p class='ocr_par' dir='ltr' id='par_1_51' title="bbox 1392 1242 2459 1349">
     <span class='ocr_line' id='line_1_135' title="bbox 1430 1242 2433 1278; baseline -0.001 -8"><span class='ocrx_word' id='word_1_1291' title='bbox 1430 1250 1613 1276; x_wconf 79' lang='lat' dir='ltr'>ExvsT10‚</span> <span class='ocrx_word' id='word_1_1292' title='bbox 1631 1246 1698 1271; x_wconf 81' lang='lat' dir='ltr'>onis.</span> <span class='ocrx_word' id='word_1_1293' title='bbox 1719 1244 1738 1270; x_wconf 85' lang='lat' dir='ltr'>f.</span> <span class='ocrx_word' id='word_1_1294' title='bbox 1776 1243 1923 1277; x_wconf 67' lang='grc' dir='ltr'><strong><em>[ἵκκαυσις]</em></strong></span> <span class='ocrx_word' id='word_1_1295' title='bbox 1959 1243 2015 1270; x_wconf 90' lang='lat' dir='ltr'>Cic.</span> <span class='ocrx_word' id='word_1_1296' title='bbox 2028 1243 2057 1270; x_wconf 91' lang='lat' dir='ltr'>in</span> <span class='ocrx_word' id='word_1_1297' title='bbox 2070 1243 2159 1270; x_wconf 86' lang='lat' dir='ltr'>Somn.</span> <span class='ocrx_word' id='word_1_1298' title='bbox 2173 1242 2240 1278; x_wconf 85' lang='lat' dir='ltr'>Scip.</span> <span class='ocrx_word' id='word_1_1299' title='bbox 2249 1244 2278 1269; x_wconf 90' lang='lat'>16</span> <span class='ocrx_word' id='word_1_1300' title='bbox 2292 1250 2338 1277; x_wconf 88' lang='lat' dir='ltr'>c.7</span> <span class='ocrx_word' id='word_1_1301' title='bbox 2370 1243 2433 1272; x_wconf 65' lang='lat' dir='ltr'>Pto.</span> 
     </span>
     <span class='ocr_line' id='line_1_136' title="bbox 1392 1279 2432 1314; baseline 0.001 -9"><span class='ocrx_word' id='word_1_1302' title='bbox 1392 1284 1451 1314; x_wconf 83' lang='lat' dir='ltr'>pter</span> <span class='ocrx_word' id='word_1_1303' title='bbox 1464 1279 1602 1306; x_wconf 86' lang='lat' dir='ltr'>eluuiones</span> <span class='ocrx_word' id='word_1_1304' title='bbox 1616 1281 1816 1314; x_wconf 81' lang='lat' dir='ltr'>exustionesque</span> <span class='ocrx_word' id='word_1_1305' title='bbox 1828 1286 1974 1312; x_wconf 84' lang='lat' dir='ltr'>terrarum,</span> <span class='ocrx_word' id='word_1_1306' title='bbox 2004 1288 2067 1314; x_wconf 85' lang='lat' dir='ltr'>quas</span> <span class='ocrx_word' id='word_1_1307' title='bbox 2089 1279 2207 1306; x_wconf 76' lang='lat' dir='ltr'>accidere</span> <span class='ocrx_word' id='word_1_1308' title='bbox 2228 1286 2349 1313; x_wconf 85' lang='lat' dir='ltr'>tempore</span> <span class='ocrx_word' id='word_1_1309' title='bbox 2359 1283 2432 1306; x_wconf 78' lang='lat' dir='ltr'>cetto</span> 
     </span>
     <span class='ocr_line' id='line_1_137' title="bbox 1392 1315 2459 1349; baseline 0.002 -8"><span class='ocrx_word' id='word_1_1310' title='bbox 1392 1315 1487 1341; x_wconf 78' lang='lat' dir='ltr'>necesse</span> <span class='ocrx_word' id='word_1_1311' title='bbox 1501 1315 1552 1347; x_wconf 80' lang='lat' dir='ltr'>est,</span> <span class='ocrx_word' id='word_1_1312' title='bbox 1570 1322 1615 1342; x_wconf 80' lang='lat' dir='ltr'>etc.</span> <span class='ocrx_word' id='word_1_1313' title='bbox 1687 1316 1796 1342; x_wconf 82' lang='lat' dir='ltr'>Exustio</span> <span class='ocrx_word' id='word_1_1314' title='bbox 1816 1315 1878 1341; x_wconf 84' lang='lat' dir='ltr'>solis</span> <span class='ocrx_word' id='word_1_1315' title='bbox 1901 1317 1966 1341; x_wconf 76' lang='lat' dir='ltr'>run.</span> <span class='ocrx_word' id='word_1_1316' title='bbox 1976 1323 2020 1349; x_wconf 90' lang='lat'>17,</span> <span class='ocrx_word' id='word_1_1317' title='bbox 2034 1324 2075 1348; x_wconf 86' lang='lat'>24.</span> <span class='ocrx_word' id='word_1_1318' title='bbox 2363 1329 2370 1338; x_wconf 67' lang='grc' dir='ltr'><em>ι</em></span> <span class='ocrx_word' id='word_1_1319' title='bbox 2456 1338 2459 1343; x_wconf 80' lang='grc'><strong>.</strong></span> 
     </span>
    </p>

    <p class='ocr_par' dir='ltr' id='par_1_52' title="bbox 1389 1348 2457 1703">
     <span class='ocr_line' id='line_1_138' title="bbox 1425 1348 2457 1384; baseline -0.002 -7"><span class='ocrx_word' id='word_1_1320' title='bbox 1425 1356 1547 1378; x_wconf 78' lang='lat' dir='ltr'>Exvsc</span> <span class='ocrx_word' id='word_1_1321' title='bbox 1558 1349 1644 1383; x_wconf 81' lang='lat' dir='ltr'>i&#39;To,</span> <span class='ocrx_word' id='word_1_1322' title='bbox 1663 1353 1703 1377; x_wconf 77' lang='lat' dir='ltr'>vel</span> <span class='ocrx_word' id='word_1_1323' title='bbox 1716 1358 1781 1378; x_wconf 77' lang='lat' dir='ltr'>Exs</span> <span class='ocrx_word' id='word_1_1324' title='bbox 1792 1357 1810 1375; x_wconf 94' lang='lat' dir='ltr'><strong>v</strong></span> <span class='ocrx_word' id='word_1_1325' title='bbox 1823 1357 1861 1377; x_wconf 88' lang='lat' dir='ltr'>sc</span> <span class='ocrx_word' id='word_1_1326' title='bbox 1872 1348 1956 1383; x_wconf 84' lang='grc' dir='ltr'><strong>ῑΤο,</strong></span> <span class='ocrx_word' id='word_1_1327' title='bbox 1975 1355 2027 1377; x_wconf 67' lang='lat' dir='ltr'>are.</span> <span class='ocrx_word' id='word_1_1328' title='bbox 2045 1350 2204 1383; x_wconf 70' lang='grc' dir='ltr'>[ἕξανίςημι,</span> <span class='ocrx_word' id='word_1_1329' title='bbox 2224 1350 2322 1384; x_wconf 64' lang='grc' dir='ltr'>ἐγείραι]</span> <span class='ocrx_word' id='word_1_1330' title='bbox 2357 1350 2434 1376; x_wconf 76' lang='lat' dir='ltr'>Plane</span> <span class='ocrx_word' id='word_1_1331' title='bbox 2456 1350 2457 1356; x_wconf 65' lang='lat'>¹</span> 
     </span>
     <span class='ocr_line' id='line_1_139' title="bbox 1389 1385 2442 1422; baseline -0.001 -9"><span class='ocrx_word' id='word_1_1332' title='bbox 1389 1385 1493 1422; x_wconf 76' lang='lat' dir='ltr'>Suscita.</span> <span class='ocrx_word' id='word_1_1333' title='bbox 1564 1387 1619 1413; x_wconf 84' lang='lat' dir='ltr'>Cic.</span> <span class='ocrx_word' id='word_1_1334' title='bbox 1633 1396 1683 1421; x_wconf 89' lang='lat' dir='ltr'>pro</span> <span class='ocrx_word' id='word_1_1335' title='bbox 1695 1388 1815 1413; x_wconf 73' lang='lat' dir='ltr'>Mur-aen.</span> <span class='ocrx_word' id='word_1_1336' title='bbox 1832 1395 1865 1413; x_wconf 84' lang='lat'>22</span> <span class='ocrx_word' id='word_1_1337' title='bbox 1889 1386 1935 1413; x_wconf 90' lang='lat' dir='ltr'>Te</span> <span class='ocrx_word' id='word_1_1338' title='bbox 1948 1386 2088 1420; x_wconf 82' lang='lat' dir='ltr'>gallorum,</span> <span class='ocrx_word' id='word_1_1339' title='bbox 2109 1386 2186 1411; x_wconf 90' lang='lat' dir='ltr'>illum</span> <span class='ocrx_word' id='word_1_1340' title='bbox 2198 1386 2368 1412; x_wconf 86' lang='lat' dir='ltr'>buccinarum</span> <span class='ocrx_word' id='word_1_1341' title='bbox 2376 1393 2442 1412; x_wconf 61' lang='lat' dir='ltr'>can-rv</span> 
     </span>
     <span class='ocr_line' id='line_1_140' title="bbox 1392 1421 2441 1455; baseline -0.002 -7"><span class='ocrx_word' id='word_1_1342' title='bbox 1392 1427 1433 1448; x_wconf 88' lang='lat' dir='ltr'>tus</span> <span class='ocrx_word' id='word_1_1343' title='bbox 1448 1422 1584 1449; x_wconf 85' lang='lat' dir='ltr'>exuscitat.</span> <span class='ocrx_word' id='word_1_1344' title='bbox 1655 1421 1694 1448; x_wconf 95' lang='lat' dir='ltr'>ld.</span> <span class='ocrx_word' id='word_1_1345' title='bbox 1707 1422 1739 1448; x_wconf 90' lang='lat' dir='ltr'>de</span> <span class='ocrx_word' id='word_1_1346' title='bbox 1753 1423 1828 1449; x_wconf 85' lang='lat' dir='ltr'>Orat.</span> <span class='ocrx_word' id='word_1_1347' title='bbox 1845 1430 1858 1453; x_wconf 89' lang='grc'><strong>3</strong></span> <span class='ocrx_word' id='word_1_1348' title='bbox 1889 1422 2019 1455; x_wconf 80' lang='lat' dir='ltr'>Qiietum</span> <span class='ocrx_word' id='word_1_1349' title='bbox 2038 1422 2172 1448; x_wconf 76' lang='lat' dir='ltr'>exuscitat.</span> <span class='ocrx_word' id='word_1_1350' title='bbox 2243 1421 2391 1447; x_wconf 88' lang='lat' dir='ltr'>Exuscitari</span> <span class='ocrx_word' id='word_1_1351' title='bbox 2438 1430 2441 1436; x_wconf 83' lang='lat'><strong>·</strong></span> 
     </span>
     <span class='ocr_line' id='line_1_141' title="bbox 1391 1424 2450 1519; baseline -0.001 -36"><span class='ocrx_word' id='word_1_1352' title='bbox 1391 1457 1557 1484; x_wconf 86' lang='lat' dir='ltr'>commoneri</span> <span class='ocrx_word' id='word_1_1353' title='bbox 1591 1457 1668 1483; x_wconf 62' lang='lat' dir='ltr'>Aufr.</span> <span class='ocrx_word' id='word_1_1354' title='bbox 1682 1456 1714 1483; x_wconf 87' lang='lat' dir='ltr'>ad</span> <span class='ocrx_word' id='word_1_1355' title='bbox 1730 1458 1828 1484; x_wconf 87' lang='lat' dir='ltr'>Heren.</span> <span class='ocrx_word' id='word_1_1356' title='bbox 1840 1465 1869 1488; x_wconf 88' lang='grc'>3,</span> <span class='ocrx_word' id='word_1_1357' title='bbox 1888 1461 1928 1488; x_wconf 87' lang='grc'><strong>36.</strong></span> <span class='ocrx_word' id='word_1_1358' title='bbox 2018 1457 2142 1483; x_wconf 83' lang='lat' dir='ltr'>Clamore</span> <span class='ocrx_word' id='word_1_1359' title='bbox 2159 1456 2275 1490; x_wconf 88' lang='lat' dir='ltr'>aliquem</span> <span class='ocrx_word' id='word_1_1360' title='bbox 2308 1455 2346 1483; x_wconf 88' lang='lat' dir='ltr'>Id.</span> <span class='ocrx_word' id='word_1_1361' title='bbox 2365 1424 2450 1519; x_wconf 54' lang='lat' dir='ltr'>ibid}</span> 
     </span>
     <span class='ocr_line' id='line_1_142' title="bbox 1391 1492 2424 1525; baseline -0.002 -6"><span class='ocrx_word' id='word_1_1362' title='bbox 1391 1501 1421 1525; x_wconf 88' lang='grc'>3,</span> <span class='ocrx_word' id='word_1_1363' title='bbox 1441 1501 1483 1519; x_wconf 90' lang='lat'>22.</span> <span class='ocrx_word' id='word_1_1364' title='bbox 1553 1493 1610 1518; x_wconf 86' lang='lat' dir='ltr'>Cic.</span> <span class='ocrx_word' id='word_1_1365' title='bbox 1624 1492 1676 1519; x_wconf 83' lang='lat' dir='ltr'>Off.</span> <span class='ocrx_word' id='word_1_1366' title='bbox 1693 1501 1717 1522; x_wconf 90' lang='lat'>1,</span> <span class='ocrx_word' id='word_1_1367' title='bbox 1731 1500 1758 1518; x_wconf 84' lang='lat'>12</span> <span class='ocrx_word' id='word_1_1368' title='bbox 1770 1502 1792 1517; x_wconf 82' lang='lat' dir='ltr'>c.</span> <span class='ocrx_word' id='word_1_1369' title='bbox 1806 1501 1826 1525; x_wconf 90' lang='lat'>4</span> <span class='ocrx_word' id='word_1_1370' title='bbox 1858 1493 1934 1524; x_wconf 86' lang='lat' dir='ltr'>Q1ae</span> <span class='ocrx_word' id='word_1_1371' title='bbox 1954 1500 2016 1518; x_wconf 89' lang='lat' dir='ltr'>cura</span> <span class='ocrx_word' id='word_1_1372' title='bbox 2036 1492 2160 1517; x_wconf 86' lang='lat' dir='ltr'>exuscitat</span> <span class='ocrx_word' id='word_1_1373' title='bbox 2174 1493 2254 1517; x_wconf 86' lang='lat' dir='ltr'>etiam</span> <span class='ocrx_word' id='word_1_1374' title='bbox 2270 1492 2391 1525; x_wconf 89' lang='lat' dir='ltr'>animos,</span> <span class='ocrx_word' id='word_1_1375' title='bbox 2409 1500 2424 1517; x_wconf 92' lang='lat' dir='ltr'>e</span> 
     </span>
     <span class='ocr_line' id='line_1_143' title="bbox 1392 1524 2441 1561; baseline 0 -7"><span class='ocrx_word' id='word_1_1376' title='bbox 1392 1528 1508 1554; x_wconf 87' lang='lat' dir='ltr'>maiores</span> <span class='ocrx_word' id='word_1_1377' title='bbox 1527 1526 1560 1553; x_wconf 88' lang='lat' dir='ltr'>ad</span> <span class='ocrx_word' id='word_1_1378' title='bbox 1574 1536 1630 1554; x_wconf 89' lang='lat' dir='ltr'>rem</span> <span class='ocrx_word' id='word_1_1379' title='bbox 1644 1527 1784 1561; x_wconf 81' lang='lat' dir='ltr'>gerendam</span> <span class='ocrx_word' id='word_1_1380' title='bbox 1797 1526 1870 1552; x_wconf 75' lang='lat' dir='ltr'>facit.</span> <span class='ocrx_word' id='word_1_1381' title='bbox 1941 1526 2094 1552; x_wconf 80' lang='lat' dir='ltr'>Incendium</span> <span class='ocrx_word' id='word_1_1382' title='bbox 2110 1528 2199 1560; x_wconf 69' lang='lat' dir='ltr'>ingens</span> <span class='ocrx_word' id='word_1_1383' title='bbox 2206 1527 2332 1553; x_wconf 86' lang='lat' dir='ltr'>exuscitat</span> <span class='ocrx_word' id='word_1_1384' title='bbox 2339 1524 2441 1561; x_wconf 54' lang='lat' dir='ltr'>paruum</span> 
     </span>
     <span class='ocr_line' id='line_1_144' title="bbox 1393 1561 2444 1596; baseline -0.001 -7"><span class='ocrx_word' id='word_1_1385' title='bbox 1393 1563 1462 1596; x_wconf 83' lang='lat' dir='ltr'>ignis</span> <span class='ocrx_word' id='word_1_1386' title='bbox 1487 1562 1547 1588; x_wconf 86' lang='lat' dir='ltr'>Liu.</span> <span class='ocrx_word' id='word_1_1387' title='bbox 1556 1570 1596 1594; x_wconf 86' lang='lat'>21,</span> <span class='ocrx_word' id='word_1_1388' title='bbox 1613 1571 1624 1594; x_wconf 90' lang='grc'>3</span> <span class='ocrx_word' id='word_1_1389' title='bbox 1638 1569 1702 1588; x_wconf 74' lang='lat' dir='ltr'>extr.</span> <span class='ocrx_word' id='word_1_1390' title='bbox 1773 1561 1933 1588; x_wconf 88' lang='lat' dir='ltr'>Memoriam</span> <span class='ocrx_word' id='word_1_1391' title='bbox 1945 1561 2089 1588; x_wconf 84' lang='lat' dir='ltr'>naturalem</span> <span class='ocrx_word' id='word_1_1392' title='bbox 2121 1561 2196 1587; x_wconf 71' lang='lat' dir='ltr'>Auc‘t.</span> <span class='ocrx_word' id='word_1_1393' title='bbox 2210 1562 2243 1588; x_wconf 84' lang='lat' dir='ltr'>ad</span> <span class='ocrx_word' id='word_1_1394' title='bbox 2255 1563 2353 1588; x_wconf 74' lang='lat' dir='ltr'>Hei-en.</span> <span class='ocrx_word' id='word_1_1395' title='bbox 2366 1571 2391 1594; x_wconf 90' lang='grc'>3,</span> <span class='ocrx_word' id='word_1_1396' title='bbox 2403 1564 2444 1595; x_wconf 69' lang='grc'><strong>34“</strong></span> 
     </span>
     <span class='ocr_line' id='line_1_145' title="bbox 1393 1597 2434 1631; baseline -0.001 -7"><span class='ocrx_word' id='word_1_1397' title='bbox 1393 1607 1414 1624; x_wconf 87' lang='lat' dir='ltr'>c.</span> <span class='ocrx_word' id='word_1_1398' title='bbox 1424 1606 1462 1624; x_wconf 82' lang='lat'>21.</span> <span class='ocrx_word' id='word_1_1399' title='bbox 1535 1597 1592 1624; x_wconf 90' lang='lat' dir='ltr'>Cic.</span> <span class='ocrx_word' id='word_1_1400' title='bbox 1605 1598 1637 1624; x_wconf 87' lang='lat' dir='ltr'>ad</span> <span class='ocrx_word' id='word_1_1401' title='bbox 1650 1598 1724 1624; x_wconf 86' lang='lat' dir='ltr'>Brut.</span> <span class='ocrx_word' id='word_1_1402' title='bbox 1739 1599 1768 1623; x_wconf 87' lang='lat'>16</span> <span class='ocrx_word' id='word_1_1403' title='bbox 1801 1598 1891 1630; x_wconf 73' lang='lat' dir='ltr'>Quare</span> <span class='ocrx_word' id='word_1_1404' title='bbox 1904 1606 1958 1623; x_wconf 91' lang='lat' dir='ltr'>non</span> <span class='ocrx_word' id='word_1_1405' title='bbox 1970 1597 2099 1624; x_wconf 62' lang='lat' dir='ltr'>Odiauius</span> <span class='ocrx_word' id='word_1_1406' title='bbox 2113 1597 2149 1622; x_wconf 89' lang='lat' dir='ltr'>est</span> <span class='ocrx_word' id='word_1_1407' title='bbox 2163 1597 2308 1631; x_wconf 86' lang='lat' dir='ltr'>rogandus,</span> <span class='ocrx_word' id='word_1_1408' title='bbox 2327 1603 2355 1624; x_wconf 90' lang='lat' dir='ltr'>vt</span> <span class='ocrx_word' id='word_1_1409' title='bbox 2368 1597 2434 1624; x_wconf 85' lang='lat' dir='ltr'>velit</span> 
     </span>
     <span class='ocr_line' id='line_1_146' title="bbox 1393 1632 2434 1668; baseline -0.001 -8"><span class='ocrx_word' id='word_1_1410' title='bbox 1393 1642 1441 1660; x_wconf 86' lang='lat' dir='ltr'>nos</span> <span class='ocrx_word' id='word_1_1411' title='bbox 1455 1633 1539 1660; x_wconf 81' lang='lat' dir='ltr'>saluos</span> <span class='ocrx_word' id='word_1_1412' title='bbox 1551 1633 1616 1665; x_wconf 82' lang='lat' dir='ltr'>effe,</span> <span class='ocrx_word' id='word_1_1413' title='bbox 1634 1633 1716 1667; x_wconf 81' lang='lat' dir='ltr'>magis</span> <span class='ocrx_word' id='word_1_1414' title='bbox 1730 1638 1758 1658; x_wconf 88' lang='lat' dir='ltr'>tu</span> <span class='ocrx_word' id='word_1_1415' title='bbox 1771 1638 1797 1659; x_wconf 85' lang='lat' dir='ltr'>te</span> <span class='ocrx_word' id='word_1_1416' title='bbox 1809 1633 1940 1665; x_wconf 85' lang='lat' dir='ltr'>exuscita,</span> <span class='ocrx_word' id='word_1_1417' title='bbox 1958 1638 1986 1659; x_wconf 90' lang='lat' dir='ltr'>vt</span> <span class='ocrx_word' id='word_1_1418' title='bbox 2000 1641 2057 1659; x_wconf 90' lang='lat' dir='ltr'>eam</span> <span class='ocrx_word' id='word_1_1419' title='bbox 2074 1633 2226 1664; x_wconf 86' lang='lat' dir='ltr'>ciuitatem,</span> <span class='ocrx_word' id='word_1_1420' title='bbox 2246 1633 2274 1659; x_wconf 91' lang='lat' dir='ltr'>in</span> <span class='ocrx_word' id='word_1_1421' title='bbox 2286 1641 2337 1668; x_wconf 87' lang='lat' dir='ltr'>qua</span> <span class='ocrx_word' id='word_1_1422' title='bbox 2345 1632 2434 1660; x_wconf 53' lang='lat' dir='ltr'>‘maxi-</span> 
     </span>
     <span class='ocr_line' id='line_1_147' title="bbox 1394 1667 2098 1703; baseline -0.003 -7"><span class='ocrx_word' id='word_1_1423' title='bbox 1394 1678 1436 1696; x_wconf 87' lang='lat' dir='ltr'>ma</span> <span class='ocrx_word' id='word_1_1424' title='bbox 1449 1668 1556 1703; x_wconf 86' lang='lat' dir='ltr'>gessisti,</span> <span class='ocrx_word' id='word_1_1425' title='bbox 1574 1668 1689 1696; x_wconf 85' lang='lat' dir='ltr'>liberam</span> <span class='ocrx_word' id='word_1_1426' title='bbox 1703 1674 1781 1703; x_wconf 90' lang='lat' dir='ltr'>atque</span> <span class='ocrx_word' id='word_1_1427' title='bbox 1793 1667 1928 1695; x_wconf 83' lang='lat' dir='ltr'>honestam</span> <span class='ocrx_word' id='word_1_1428' title='bbox 1943 1668 2003 1694; x_wconf 87' lang='lat' dir='ltr'>fore</span> <span class='ocrx_word' id='word_1_1429' title='bbox 2016 1674 2098 1702; x_wconf 88' lang='lat' dir='ltr'>putes.</span> 
     </span>
    </p>

    <p class='ocr_par' dir='ltr' id='par_1_53' title="bbox 1394 1703 2438 1800">
     <span class='ocr_line' id='line_1_148' title="bbox 1429 1703 2437 1736; baseline -0.002 -5"><span class='ocrx_word' id='word_1_1430' title='bbox 1429 1711 1446 1731; x_wconf 80' lang='lat' dir='ltr'>E</span> <span class='ocrx_word' id='word_1_1431' title='bbox 1456 1711 1503 1731; x_wconf 90' lang='lat' dir='ltr'>xv</span> <span class='ocrx_word' id='word_1_1432' title='bbox 1513 1711 1551 1732; x_wconf 85' lang='lat' dir='ltr'>sc</span> <span class='ocrx_word' id='word_1_1433' title='bbox 1562 1712 1631 1731; x_wconf 80' lang='lat' dir='ltr'>ITA</span> <span class='ocrx_word' id='word_1_1434' title='bbox 1643 1710 1664 1731; x_wconf 77' lang='grc' dir='ltr'><strong>Τ</strong></span> <span class='ocrx_word' id='word_1_1435' title='bbox 1680 1711 1688 1729; x_wconf 89' lang='lat'>1</span> <span class='ocrx_word' id='word_1_1436' title='bbox 1702 1710 1739 1736; x_wconf 88' lang='lat' dir='ltr'>o,</span> <span class='ocrx_word' id='word_1_1437' title='bbox 1758 1703 1826 1730; x_wconf 78' lang='lat' dir='ltr'>onis.</span> <span class='ocrx_word' id='word_1_1438' title='bbox 1853 1704 1872 1729; x_wconf 90' lang='lat' dir='ltr'>f.</span> <span class='ocrx_word' id='word_1_1439' title='bbox 1915 1704 2055 1730; x_wconf 79' lang='lat' dir='ltr'>Commotio.</span> <span class='ocrx_word' id='word_1_1440' title='bbox 2108 1703 2183 1730; x_wconf 66' lang='grc' dir='ltr'><strong>Αιιόὶ.</strong></span> <span class='ocrx_word' id='word_1_1441' title='bbox 2201 1703 2232 1729; x_wconf 82' lang='lat' dir='ltr'>ad</span> <span class='ocrx_word' id='word_1_1442' title='bbox 2245 1704 2343 1729; x_wconf 85' lang='lat' dir='ltr'>Heren.</span> <span class='ocrx_word' id='word_1_1443' title='bbox 2358 1712 2392 1736; x_wconf 89' lang='lat'>4,</span> <span class='ocrx_word' id='word_1_1444' title='bbox 2406 1709 2437 1736; x_wconf 77' lang='lat'>59</span> 
     </span>
     <span class='ocr_line' id='line_1_149' title="bbox 1394 1736 2438 1773; baseline -0.001 -8"><span class='ocrx_word' id='word_1_1445' title='bbox 1394 1749 1416 1766; x_wconf 90' lang='lat' dir='ltr'>c.</span> <span class='ocrx_word' id='word_1_1446' title='bbox 1430 1748 1465 1773; x_wconf 80' lang='lat'>42</span> <span class='ocrx_word' id='word_1_1447' title='bbox 1498 1740 1524 1766; x_wconf 91' lang='lat' dir='ltr'>Si</span> <span class='ocrx_word' id='word_1_1448' title='bbox 1538 1739 1693 1766; x_wconf 85' lang='lat' dir='ltr'>sententiam</span> <span class='ocrx_word' id='word_1_1449' title='bbox 1706 1739 1870 1766; x_wconf 87' lang='lat' dir='ltr'>traiiciemus</span> <span class='ocrx_word' id='word_1_1450' title='bbox 1883 1745 1928 1766; x_wconf 89' lang='lat' dir='ltr'>aut</span> <span class='ocrx_word' id='word_1_1451' title='bbox 1941 1739 1973 1765; x_wconf 89' lang='lat' dir='ltr'>ad</span> <span class='ocrx_word' id='word_1_1452' title='bbox 1987 1739 2250 1770; x_wconf 87' lang='lat' dir='ltr'>sermocinationem,</span> <span class='ocrx_word' id='word_1_1453' title='bbox 2274 1744 2319 1765; x_wconf 90' lang='lat' dir='ltr'>aut</span> <span class='ocrx_word' id='word_1_1454' title='bbox 2332 1736 2367 1764; x_wconf 86' lang='lat' dir='ltr'>ad</span> <span class='ocrx_word' id='word_1_1455' title='bbox 2377 1746 2438 1764; x_wconf 80' lang='lat' dir='ltr'>exu-</span> 
     </span>
     <span class='ocr_line' id='line_1_150' title="bbox 1394 1775 2388 1800; baseline 0.001 -1"><span class='ocrx_word' id='word_1_1456' title='bbox 1394 1775 1569 1800; x_wconf 70' lang='lat' dir='ltr'>[citationem.</span> <span class='ocrx_word' id='word_1_1457' title='bbox 2320 1782 2323 1783; x_wconf 53' lang='lat'><em>⁷</em></span> <span class='ocrx_word' id='word_1_1458' title='bbox 2382 1776 2388 1778; x_wconf 46' lang='lat'>.</span> 
     </span>
    </p>

    <p class='ocr_par' dir='ltr' id='par_1_54' title="bbox 1431 1807 1836 1839">
     <span class='ocr_line' id='line_1_151' title="bbox 1431 1807 1836 1839; baseline 0.002 -6"><span class='ocrx_word' id='word_1_1459' title='bbox 1431 1815 1601 1839; x_wconf 73' lang='lat' dir='ltr'>Evavs,</span> <span class='ocrx_word' id='word_1_1460' title='bbox 1636 1807 1690 1834; x_wconf 82' lang='lat' dir='ltr'>vid.</span> <span class='ocrx_word' id='word_1_1461' title='bbox 1715 1814 1732 1834; x_wconf 78' lang='lat' dir='ltr'>E</span> <span class='ocrx_word' id='word_1_1462' title='bbox 1744 1815 1792 1834; x_wconf 88' lang='lat' dir='ltr'>xv</span> <span class='ocrx_word' id='word_1_1463' title='bbox 1805 1814 1836 1834; x_wconf 92' lang='lat'>0.</span> 
     </span>
    </p>

    <p class='ocr_par' dir='ltr' id='par_1_55' title="bbox 1429 1843 2175 1877">
     <span class='ocr_line' id='line_1_152' title="bbox 1429 1843 2175 1877; baseline 0 -9"><span class='ocrx_word' id='word_1_1464' title='bbox 1429 1850 1473 1869; x_wconf 77' lang='lat' dir='ltr'>Ex</span> <span class='ocrx_word' id='word_1_1465' title='bbox 1485 1849 1624 1874; x_wconf 64' lang='lat' dir='ltr'>vvrAE,</span> <span class='ocrx_word' id='word_1_1466' title='bbox 1643 1847 1728 1868; x_wconf 69' lang='lat' dir='ltr'>arum.</span> <span class='ocrx_word' id='word_1_1467' title='bbox 1745 1843 1765 1868; x_wconf 87' lang='lat' dir='ltr'>f.</span> <span class='ocrx_word' id='word_1_1468' title='bbox 1784 1843 1818 1877; x_wconf 82' lang='lat' dir='ltr'>pl.</span> <span class='ocrx_word' id='word_1_1469' title='bbox 1838 1845 1869 1868; x_wconf 85' lang='lat' dir='ltr'>it.</span> <span class='ocrx_word' id='word_1_1470' title='bbox 1891 1849 2091 1873; x_wconf 74' lang='lat' dir='ltr'>EXVV1VM,</span> <span class='ocrx_word' id='word_1_1471' title='bbox 2110 1843 2128 1868; x_wconf 89' lang='lat' dir='ltr'>i.</span> <span class='ocrx_word' id='word_1_1472' title='bbox 2148 1851 2175 1869; x_wconf 89' lang='lat' dir='ltr'>n.</span> 
     </span>
    </p>
   </div>
   <div class='ocr_carea' id='block_1_29' title="bbox 1908 872 2429 924">
    <p class='ocr_par' dir='ltr' id='par_1_56' title="bbox 1908 872 2429 924">
     <span class='ocr_line' id='line_1_153' title="bbox 1908 872 2429 924; baseline 0.002 -10"><span class='ocrx_word' id='word_1_1473' title='bbox 1908 887 2065 923; x_wconf 85' lang='lat' dir='ltr'>Flagrabant</span> <span class='ocrx_word' id='word_1_1474' title='bbox 2083 872 2238 924; x_wconf 62' lang='lat' dir='ltr'>(fizrcirme)</span> <span class='ocrx_word' id='word_1_1475' title='bbox 2257 887 2429 920; x_wconf 67' lang='lat' dir='ltr'>exurentibus</span> 
     </span>
    </p>
   </div>
   <div class='ocr_carea' id='block_1_30' title="bbox 1343 959 1378 1344">
    <p class='ocr_par' dir='ltr' id='par_1_57' title="bbox 1343 959 1378 1344">
     <span class='ocr_line' id='line_1_154' title="bbox 1343 959 1378 978; baseline -0.029 0"><span class='ocrx_word' id='word_1_1476' title='bbox 1343 959 1378 978; x_wconf 79' lang='lat'>20</span> 
     </span>
     <span class='ocr_line' id='line_1_155' title="bbox 1345 1143 1376 1169; baseline 0 0"><span class='ocrx_word' id='word_1_1477' title='bbox 1345 1143 1376 1169; x_wconf 63' lang='grc' dir='ltr'>ις</span> 
     </span>
     <span class='ocr_line' id='line_1_156' title="bbox 1343 1319 1375 1344; baseline 0 -7"><span class='ocrx_word' id='word_1_1478' title='bbox 1343 1319 1375 1344; x_wconf 73' lang='lat'>30</span> 
     </span>
    </p>
   </div>
   <div class='ocr_carea' id='block_1_31' title="bbox 1343 1493 1372 1520">
    <p class='ocr_par' dir='ltr' id='par_1_58' title="bbox 1343 1493 1372 1520">
     <span class='ocr_line' id='line_1_157' title="bbox 1343 1493 1372 1520; baseline 0.034 -1"><span class='ocrx_word' id='word_1_1479' title='bbox 1343 1493 1372 1520; x_wconf 76' lang='lat'>33</span> 
     </span>
    </p>
   </div>
   <div class='ocr_carea' id='block_1_32' title="bbox 1394 1802 2479 2331">
    <p class='ocr_par' dir='ltr' id='par_1_59' title="bbox 1394 1802 2469 2230">
     <span class='ocr_line' id='line_1_158' title="bbox 2212 1802 2449 1879; baseline 0 -11"><span class='ocrx_word' id='word_1_1480' title='bbox 2212 1843 2225 1876; x_wconf 90' lang='lat'>[</span> <span class='ocrx_word' id='word_1_1481' title='bbox 2232 1842 2344 1878; x_wconf 64' lang='grc' dir='ltr'>λάφυρα,</span> <span class='ocrx_word' id='word_1_1482' title='bbox 2350 1802 2449 1879; x_wconf 44' lang='lat' dir='ltr'>&amp;impeti</span> 
     </span>
     <span class='ocr_line' id='line_1_159' title="bbox 1395 1877 2440 1912; baseline 0 -8"><span class='ocrx_word' id='word_1_1483' title='bbox 1395 1878 1520 1904; x_wconf 84' lang='lat' dir='ltr'>dicuntur</span> <span class='ocrx_word' id='word_1_1484' title='bbox 1534 1878 1624 1912; x_wconf 88' lang='lat' dir='ltr'>Spolia</span> <span class='ocrx_word' id='word_1_1485' title='bbox 1637 1877 1757 1904; x_wconf 85' lang='lat' dir='ltr'>hostibus</span> <span class='ocrx_word' id='word_1_1486' title='bbox 1768 1877 1898 1908; x_wconf 68' lang='lat' dir='ltr'>detraoa,</span> <span class='ocrx_word' id='word_1_1487' title='bbox 1917 1877 1950 1904; x_wconf 89' lang='lat' dir='ltr'>ab</span> <span class='ocrx_word' id='word_1_1488' title='bbox 1964 1877 2090 1904; x_wconf 84' lang='lat' dir='ltr'>Exuendo</span> <span class='ocrx_word' id='word_1_1489' title='bbox 2103 1878 2210 1912; x_wconf 82' lang='lat' dir='ltr'>quidem</span> <span class='ocrx_word' id='word_1_1490' title='bbox 2225 1878 2326 1910; x_wconf 59' lang='lat' dir='ltr'>dictae,</span> <span class='ocrx_word' id='word_1_1491' title='bbox 2352 1885 2382 1904; x_wconf 83' lang='lat' dir='ltr'>vt</span> <span class='ocrx_word' id='word_1_1492' title='bbox 2399 1881 2440 1904; x_wconf 89' lang='lat' dir='ltr'>in-</span> 
     </span>
     <span class='ocr_line' id='line_1_160' title="bbox 1395 1913 2440 1947; baseline 0.003 -10"><span class='ocrx_word' id='word_1_1493' title='bbox 1395 1916 1450 1947; x_wconf 83' lang='lat' dir='ltr'>quit</span> <span class='ocrx_word' id='word_1_1494' title='bbox 1465 1913 1560 1938; x_wconf 88' lang='lat' dir='ltr'>Festus.</span> <span class='ocrx_word' id='word_1_1495' title='bbox 1633 1913 1687 1938; x_wconf 88' lang='lat' dir='ltr'>Cic.</span> <span class='ocrx_word' id='word_1_1496' title='bbox 1705 1921 1753 1945; x_wconf 85' lang='lat' dir='ltr'>pro</span> <span class='ocrx_word' id='word_1_1497' title='bbox 1768 1914 1798 1938; x_wconf 89' lang='lat' dir='ltr'>L.</span> <span class='ocrx_word' id='word_1_1498' title='bbox 1814 1913 1907 1938; x_wconf 88' lang='lat' dir='ltr'>Manil.</span> <span class='ocrx_word' id='word_1_1499' title='bbox 1920 1920 1947 1944; x_wconf 76' lang='grc' dir='ltr'>ςς</span> <span class='ocrx_word' id='word_1_1500' title='bbox 1961 1922 1982 1938; x_wconf 85' lang='lat' dir='ltr'>c.</span> <span class='ocrx_word' id='word_1_1501' title='bbox 1998 1919 2021 1942; x_wconf 83' lang='lat'>18</span> <span class='ocrx_word' id='word_1_1502' title='bbox 2052 1915 2144 1945; x_wconf 84' lang='lat' dir='ltr'>Qum</span> <span class='ocrx_word' id='word_1_1503' title='bbox 2160 1922 2221 1938; x_wconf 88' lang='lat' dir='ltr'>eum</span> <span class='ocrx_word' id='word_1_1504' title='bbox 2234 1913 2312 1939; x_wconf 85' lang='lat' dir='ltr'>vobis</span> <span class='ocrx_word' id='word_1_1505' title='bbox 2325 1915 2440 1941; x_wconf 70' lang='lat' dir='ltr'>maiorec</span> 
     </span>
     <span class='ocr_line' id='line_1_161' title="bbox 1394 1946 2438 1984; baseline 0.003 -12"><span class='ocrx_word' id='word_1_1506' title='bbox 1394 1947 1475 1972; x_wconf 87' lang='lat' dir='ltr'>vestri</span> <span class='ocrx_word' id='word_1_1507' title='bbox 1489 1947 1594 1972; x_wconf 84' lang='lat' dir='ltr'>exuuiis</span> <span class='ocrx_word' id='word_1_1508' title='bbox 1609 1947 1721 1971; x_wconf 85' lang='lat' dir='ltr'>nauticis</span> <span class='ocrx_word' id='word_1_1509' title='bbox 1735 1952 1760 1971; x_wconf 88' lang='lat' dir='ltr'>et</span> <span class='ocrx_word' id='word_1_1510' title='bbox 1774 1946 1886 1971; x_wconf 79' lang='lat' dir='ltr'>claslium</span> <span class='ocrx_word' id='word_1_1511' title='bbox 1902 1947 1991 1978; x_wconf 88' lang='lat' dir='ltr'>spoliis</span> <span class='ocrx_word' id='word_1_1512' title='bbox 2004 1953 2127 1972; x_wconf 85' lang='lat' dir='ltr'>ornatum</span> <span class='ocrx_word' id='word_1_1513' title='bbox 2135 1948 2307 1981; x_wconf 74' lang='lat' dir='ltr'>reliquissent.</span> <span class='ocrx_word' id='word_1_1514' title='bbox 2363 1950 2438 1984; x_wconf 74' lang='lat' dir='ltr'>Virg.</span> 
     </span>
     <span class='ocr_line' id='line_1_162' title="bbox 1396 1979 2436 2021; baseline 0.005 -15"><span class='ocrx_word' id='word_1_1515' title='bbox 1396 1983 1460 2006; x_wconf 88' lang='lat' dir='ltr'>Aen.</span> <span class='ocrx_word' id='word_1_1516' title='bbox 1473 1989 1499 2012; x_wconf 84' lang='lat'>2,</span> <span class='ocrx_word' id='word_1_1517' title='bbox 1513 1988 1561 2015; x_wconf 76' lang='lat'>275</span> <span class='ocrx_word' id='word_1_1518' title='bbox 1597 1995 1643 2000; x_wconf 85' lang='lat'>-—</span> <span class='ocrx_word' id='word_1_1519' title='bbox 1668 1980 1715 2014; x_wconf 86' lang='lat' dir='ltr'>qui</span> <span class='ocrx_word' id='word_1_1520' title='bbox 1728 1980 1797 2006; x_wconf 88' lang='lat' dir='ltr'>redit</span> <span class='ocrx_word' id='word_1_1521' title='bbox 1810 1979 1920 2005; x_wconf 85' lang='lat' dir='ltr'>exuuias</span> <span class='ocrx_word' id='word_1_1522' title='bbox 1934 1980 2041 2006; x_wconf 85' lang='lat' dir='ltr'>indutus</span> <span class='ocrx_word' id='word_1_1523' title='bbox 2054 1981 2178 2013; x_wconf 82' lang='lat' dir='ltr'>Achillis,</span> <span class='ocrx_word' id='word_1_1524' title='bbox 2202 1984 2221 2008; x_wconf 89' lang='lat' dir='ltr'>i.</span> <span class='ocrx_word' id='word_1_1525' title='bbox 2234 1992 2312 2010; x_wconf 86' lang='lat' dir='ltr'>arma.</span> <span class='ocrx_word' id='word_1_1526' title='bbox 2365 1984 2436 2021; x_wconf 87' lang='lat' dir='ltr'>Conf.</span> 
     </span>
     <span class='ocr_line' id='line_1_163' title="bbox 1397 2015 2438 2050; baseline 0.005 -7"><span class='ocrx_word' id='word_1_1527' title='bbox 1397 2016 1470 2043; x_wconf 92' lang='lat' dir='ltr'>Non.</span> <span class='ocrx_word' id='word_1_1528' title='bbox 1486 2018 1518 2048; x_wconf 88' lang='lat'>6,</span> <span class='ocrx_word' id='word_1_1529' title='bbox 1532 2024 1567 2049; x_wconf 76' lang='lat'>55.</span> <span class='ocrx_word' id='word_1_1530' title='bbox 1637 2016 1730 2041; x_wconf 89' lang='lat' dir='ltr'>quen.</span> <span class='ocrx_word' id='word_1_1531' title='bbox 1747 2015 1797 2042; x_wconf 87' lang='lat' dir='ltr'>Sat.</span> <span class='ocrx_word' id='word_1_1532' title='bbox 1814 2023 1857 2047; x_wconf 88' lang='lat'>10,</span> <span class='ocrx_word' id='word_1_1533' title='bbox 1874 2023 1912 2047; x_wconf 86' lang='grc' dir='ltr'>ι33</span> <span class='ocrx_word' id='word_1_1534' title='bbox 1942 2015 2079 2043; x_wconf 86' lang='lat' dir='ltr'>Bellorum</span> <span class='ocrx_word' id='word_1_1535' title='bbox 2097 2018 2228 2050; x_wconf 86' lang='lat' dir='ltr'>exuuiae,</span> <span class='ocrx_word' id='word_1_1536' title='bbox 2248 2019 2348 2046; x_wconf 76' lang='lat' dir='ltr'>truncis</span> <span class='ocrx_word' id='word_1_1537' title='bbox 2360 2019 2438 2048; x_wconf 73' lang='lat' dir='ltr'>affixa</span> 
     </span>
     <span class='ocr_line' id='line_1_164' title="bbox 1399 2050 2438 2087; baseline 0.004 -9"><span class='ocrx_word' id='word_1_1538' title='bbox 1399 2051 1533 2086; x_wconf 84' lang='lat' dir='ltr'>trophaeis</span> <span class='ocrx_word' id='word_1_1539' title='bbox 1553 2051 1646 2078; x_wconf 86' lang='lat' dir='ltr'>Lorica</span> <span class='ocrx_word' id='word_1_1540' title='bbox 1656 2071 1663 2082; x_wconf 91' lang='lat'>‚</span> <span class='ocrx_word' id='word_1_1541' title='bbox 1684 2057 1709 2077; x_wconf 88' lang='lat' dir='ltr'>et</span> <span class='ocrx_word' id='word_1_1542' title='bbox 1721 2050 1804 2077; x_wconf 63' lang='lat' dir='ltr'>fracia</span> <span class='ocrx_word' id='word_1_1543' title='bbox 1816 2050 1848 2076; x_wconf 91' lang='lat' dir='ltr'>de</span> <span class='ocrx_word' id='word_1_1544' title='bbox 1861 2050 1949 2078; x_wconf 80' lang='lat' dir='ltr'>casside</span> <span class='ocrx_word' id='word_1_1545' title='bbox 1964 2050 2072 2078; x_wconf 85' lang='lat' dir='ltr'>buccula</span> <span class='ocrx_word' id='word_1_1546' title='bbox 2085 2053 2214 2087; x_wconf 88' lang='lat' dir='ltr'>pendens,</span> <span class='ocrx_word' id='word_1_1547' title='bbox 2234 2061 2280 2081; x_wconf 80' lang='lat' dir='ltr'>etc.</span> <span class='ocrx_word' id='word_1_1548' title='bbox 2349 2055 2438 2082; x_wconf 90' lang='lat' dir='ltr'>Bubu-</span> 
     </span>
     <span class='ocr_line' id='line_1_165' title="bbox 1396 2086 2436 2120; baseline 0.005 -7"><span class='ocrx_word' id='word_1_1549' title='bbox 1396 2087 1437 2114; x_wconf 91' lang='lat' dir='ltr'>lae</span> <span class='ocrx_word' id='word_1_1550' title='bbox 1458 2087 1570 2114; x_wconf 86' lang='lat' dir='ltr'>exuuiae</span> <span class='ocrx_word' id='word_1_1551' title='bbox 1596 2087 1677 2112; x_wconf 84' lang='lat' dir='ltr'>Plaut.</span> <span class='ocrx_word' id='word_1_1552' title='bbox 1697 2086 1800 2112; x_wconf 84' lang='lat' dir='ltr'>Mostel.</span> <span class='ocrx_word' id='word_1_1553' title='bbox 1813 2095 1839 2120; x_wconf 85' lang='lat'>4,</span> <span class='ocrx_word' id='word_1_1554' title='bbox 1858 2095 1881 2119; x_wconf 91' lang='lat'>1,</span> <span class='ocrx_word' id='word_1_1555' title='bbox 1897 2088 1912 2112; x_wconf 93' lang='lat'>6</span> <span class='ocrx_word' id='word_1_1556' title='bbox 1940 2087 2006 2113; x_wconf 66' lang='lat' dir='ltr'>Lori</span> <span class='ocrx_word' id='word_1_1557' title='bbox 2026 2097 2055 2113; x_wconf 79' lang='lat' dir='ltr'>ex</span> <span class='ocrx_word' id='word_1_1558' title='bbox 2072 2091 2139 2115; x_wconf 86' lang='lat' dir='ltr'>corio</span> <span class='ocrx_word' id='word_1_1559' title='bbox 2152 2089 2247 2115; x_wconf 76' lang='lat' dir='ltr'>bubulo.</span> <span class='ocrx_word' id='word_1_1560' title='bbox 2305 2090 2362 2117; x_wconf 77' lang='lat' dir='ltr'>vid.</span> <span class='ocrx_word' id='word_1_1561' title='bbox 2379 2091 2436 2118; x_wconf 91' lang='lat' dir='ltr'>No-</span> 
     </span>
     <span class='ocr_line' id='line_1_166' title="bbox 1396 2121 2469 2160; baseline 0.004 -11"><span class='ocrx_word' id='word_1_1562' title='bbox 1396 2123 1481 2149; x_wconf 90' lang='lat' dir='ltr'>nium.</span> <span class='ocrx_word' id='word_1_1563' title='bbox 1520 2142 1526 2148; x_wconf 96' lang='lat'>.</span> <span class='ocrx_word' id='word_1_1564' title='bbox 1564 2142 1570 2148; x_wconf 92' lang='lat'>.</span> <span class='ocrx_word' id='word_1_1565' title='bbox 1641 2122 1742 2157; x_wconf 89' lang='lat' dir='ltr'>Capitis</span> <span class='ocrx_word' id='word_1_1566' title='bbox 1760 2122 1817 2148; x_wconf 86' lang='lat' dir='ltr'>Sen.</span> <span class='ocrx_word' id='word_1_1567' title='bbox 1832 2121 1988 2156; x_wconf 81' lang='lat' dir='ltr'>Hippol.12.</span> <span class='ocrx_word' id='word_1_1568' title='bbox 2024 2123 2145 2160; x_wconf 78' lang='lat' dir='ltr'>intelligit</span> <span class='ocrx_word' id='word_1_1569' title='bbox 2158 2124 2273 2159; x_wconf 74' lang='lat' dir='ltr'>Capillos.</span> <span class='ocrx_word' id='word_1_1570' title='bbox 2342 2126 2437 2154; x_wconf 75' lang='lat' dir='ltr'>Dulcee</span> <span class='ocrx_word' id='word_1_1571' title='bbox 2464 2141 2469 2149; x_wconf 67' lang='grc' dir='ltr'><strong><em>ι</em></strong></span> 
     </span>
     <span class='ocr_line' id='line_1_167' title="bbox 1398 2157 2462 2198; baseline 0.004 -14"><span class='ocrx_word' id='word_1_1572' title='bbox 1398 2159 1474 2192; x_wconf 86' lang='lat' dir='ltr'>Virg.</span> <span class='ocrx_word' id='word_1_1573' title='bbox 1495 2159 1559 2184; x_wconf 89' lang='lat' dir='ltr'>Aen.</span> <span class='ocrx_word' id='word_1_1574' title='bbox 1574 2168 1607 2192; x_wconf 91' lang='lat'>4,</span> <span class='ocrx_word' id='word_1_1575' title='bbox 1628 2160 1680 2190; x_wconf 72' lang='lat'>651.</span> <span class='ocrx_word' id='word_1_1576' title='bbox 1914 2157 2022 2184; x_wconf 87' lang='lat' dir='ltr'>Tibull.</span> <span class='ocrx_word' id='word_1_1577' title='bbox 2037 2167 2063 2191; x_wconf 91' lang='lat'>1,</span> <span class='ocrx_word' id='word_1_1578' title='bbox 2077 2168 2101 2190; x_wconf 90' lang='lat'>1,</span> <span class='ocrx_word' id='word_1_1579' title='bbox 2121 2168 2161 2193; x_wconf 78' lang='lat'>54.</span> <span class='ocrx_word' id='word_1_1580' title='bbox 2239 2160 2336 2187; x_wconf 78' lang='lat' dir='ltr'>Leonis</span> <span class='ocrx_word' id='word_1_1581' title='bbox 2363 2163 2436 2198; x_wconf 76' lang='lat' dir='ltr'>Virg.</span> <span class='ocrx_word' id='word_1_1582' title='bbox 2458 2161 2462 2164; x_wconf 81' lang='grc'><em>”</em></span> 
     </span>
     <span class='ocr_line' id='line_1_168' title="bbox 1398 2192 2412 2230; baseline 0.004 -11"><span class='ocrx_word' id='word_1_1583' title='bbox 1398 2195 1463 2220; x_wconf 88' lang='lat' dir='ltr'>Aen.</span> <span class='ocrx_word' id='word_1_1584' title='bbox 1477 2202 1503 2226; x_wconf 89' lang='lat'>9,</span> <span class='ocrx_word' id='word_1_1585' title='bbox 1517 2199 1571 2226; x_wconf 80' lang='lat'>308.</span> <span class='ocrx_word' id='word_1_1586' title='bbox 1641 2192 1788 2226; x_wconf 87' lang='lat' dir='ltr'>Nauticae,</span> <span class='ocrx_word' id='word_1_1587' title='bbox 1819 2192 1873 2219; x_wconf 85' lang='lat' dir='ltr'>vid.</span> <span class='ocrx_word' id='word_1_1588' title='bbox 1887 2199 1968 2219; x_wconf 78' lang='lat' dir='ltr'>NAV</span> <span class='ocrx_word' id='word_1_1589' title='bbox 1978 2201 1987 2219; x_wconf 96' lang='lat'>1</span> <span class='ocrx_word' id='word_1_1590' title='bbox 1997 2201 2020 2219; x_wconf 82' lang='lat' dir='ltr'>s.</span> <span class='ocrx_word' id='word_1_1591' title='bbox 2091 2195 2224 2229; x_wconf 84' lang='lat' dir='ltr'>Serpentis</span> <span class='ocrx_word' id='word_1_1592' title='bbox 2254 2196 2327 2230; x_wconf 81' lang='lat' dir='ltr'>Virg.</span> <span class='ocrx_word' id='word_1_1593' title='bbox 2341 2197 2412 2224; x_wconf 87' lang='lat' dir='ltr'>Geor</span> 
     </span>
    </p>

    <p class='ocr_par' dir='ltr' id='par_1_60' title="bbox 1398 2206 2479 2331">
     <span class='ocr_line' id='line_1_169' title="bbox 1398 2206 2479 2331; baseline 0.005 -77"><span class='ocrx_word' id='word_1_1594' title='bbox 1398 2237 1419 2261; x_wconf 83' lang='grc'>3,</span> <span class='ocrx_word' id='word_1_1595' title='bbox 1432 2237 1491 2263; x_wconf 86' lang='lat'>437.</span> <span class='ocrx_word' id='word_1_1596' title='bbox 1563 2228 1705 2263; x_wconf 78' lang='lat' dir='ltr'>Qiondam</span> <span class='ocrx_word' id='word_1_1597' title='bbox 1720 2229 1800 2256; x_wconf 86' lang='lat' dir='ltr'>etiam</span> <span class='ocrx_word' id='word_1_1598' title='bbox 1813 2229 1899 2255; x_wconf 89' lang='lat' dir='ltr'>nimio</span> <span class='ocrx_word' id='word_1_1599' title='bbox 1912 2236 2033 2262; x_wconf 87' lang='lat' dir='ltr'>praeceps</span> <span class='ocrx_word' id='word_1_1600' title='bbox 2048 2229 2123 2255; x_wconf 87' lang='lat' dir='ltr'>vrina</span> <span class='ocrx_word' id='word_1_1601' title='bbox 2143 2231 2243 2256; x_wconf 84' lang='lat' dir='ltr'>fluento</span> <span class='ocrx_word' id='word_1_1602' title='bbox 2261 2232 2358 2265; x_wconf 83' lang='lat' dir='ltr'>Irriget</span> <span class='ocrx_word' id='word_1_1603' title='bbox 2377 2206 2434 2331; x_wconf 55' lang='grc' dir='ltr'>εξ</span> <span class='ocrx_word' id='word_1_1604' title='bbox 2450 2248 2455 2258; x_wconf 57' lang='grc' dir='ltr'><strong>ι.</strong></span> <span class='ocrx_word' id='word_1_1605' title='bbox 2477 2244 2479 2252; x_wconf 64' lang='lat' dir='ltr'>v</span> 
     </span>
    </p>
   </div>
   <div class='ocr_carea' id='block_1_33' title="bbox 1344 2026 1376 2051">
    <p class='ocr_par' dir='ltr' id='par_1_61' title="bbox 1344 2026 1376 2051">
     <span class='ocr_line' id='line_1_170' title="bbox 1344 2026 1376 2051; baseline 0 -7"><span class='ocrx_word' id='word_1_1606' title='bbox 1344 2026 1376 2051; x_wconf 71' lang='lat'>50</span> 
     </span>
    </p>
   </div>
   <div class='ocr_carea' id='block_1_34' title="bbox 2418 191 2479 3818">
    <p class='ocr_par' dir='ltr' id='par_1_62' title="bbox 2418 191 2479 3818">
     <span class='ocr_line' id='line_1_171' title="bbox 2418 191 2479 3818; baseline 0 0"><span class='ocrx_word' id='word_1_1607' title='bbox 2418 191 2479 3818; x_wconf 95' lang='lat' dir='ltr'> </span> 
     </span>
    </p>
   </div>
   <div class='ocr_carea' id='block_1_35' title="bbox 1347 2157 1875 2230">
    <p class='ocr_par' dir='ltr' id='par_1_63' title="bbox 1347 2157 1875 2230">
     <span class='ocr_line' id='line_1_172' title="bbox 1758 2157 1875 2184; baseline -0.009 0"><span class='ocrx_word' id='word_1_1608' title='bbox 1758 2157 1875 2184; x_wconf 83' lang='lat' dir='ltr'>Hostiles</span> 
     </span>
     <span class='ocr_line' id='line_1_173' title="bbox 1347 2203 1375 2230; baseline -0.036 0"><span class='ocrx_word' id='word_1_1609' title='bbox 1347 2203 1375 2230; x_wconf 77' lang='lat'>55</span> 
     </span>
    </p>
   </div>
   <div class='ocr_carea' id='block_1_36' title="bbox 1345 2263 2373 2407">
    <p class='ocr_par' dir='ltr' id='par_1_64' title="bbox 1398 2263 2373 2368">
     <span class='ocr_line' id='line_1_174' title="bbox 1398 2263 2373 2301; baseline 0.003 -11"><span class='ocrx_word' id='word_1_1610' title='bbox 1398 2273 1455 2291; x_wconf 82' lang='lat' dir='ltr'>vias</span> <span class='ocrx_word' id='word_1_1611' title='bbox 1481 2265 1640 2291; x_wconf 79' lang='lat' dir='ltr'>Sammonic.</span> <span class='ocrx_word' id='word_1_1612' title='bbox 1652 2273 1739 2297; x_wconf 77' lang='lat' dir='ltr'>v.592.</span> <span class='ocrx_word' id='word_1_1613' title='bbox 1775 2268 1794 2291; x_wconf 82' lang='lat' dir='ltr'>i.</span> <span class='ocrx_word' id='word_1_1614' title='bbox 1815 2263 1899 2296; x_wconf 71' lang='lat' dir='ltr'>vestes.</span> <span class='ocrx_word' id='word_1_1615' title='bbox 1954 2264 2026 2298; x_wconf 82' lang='lat' dir='ltr'>Conf.</span> <span class='ocrx_word' id='word_1_1616' title='bbox 2042 2265 2170 2290; x_wconf 68' lang='lat' dir='ltr'>flammari</span> <span class='ocrx_word' id='word_1_1617' title='bbox 2182 2266 2239 2290; x_wconf 89' lang='lat' dir='ltr'>Val.</span> <span class='ocrx_word' id='word_1_1618' title='bbox 2252 2265 2335 2293; x_wconf 86' lang='lat' dir='ltr'>Flacc.</span> <span class='ocrx_word' id='word_1_1619' title='bbox 2351 2276 2373 2301; x_wconf 83' lang='lat'>5,</span> 
     </span>
     <span class='ocr_line' id='line_1_175' title="bbox 1399 2297 2274 2333; baseline 0 -7"><span class='ocrx_word' id='word_1_1620' title='bbox 1399 2310 1427 2326; x_wconf 77' lang='lat' dir='ltr'>ex</span> <span class='ocrx_word' id='word_1_1621' title='bbox 1441 2300 1499 2326; x_wconf 87' lang='lat' dir='ltr'>Val.</span> <span class='ocrx_word' id='word_1_1622' title='bbox 1510 2301 1607 2332; x_wconf 53' lang='lat' dir='ltr'>Maxu,</span> <span class='ocrx_word' id='word_1_1623' title='bbox 1622 2309 1642 2332; x_wconf 88' lang='lat'>1,</span> <span class='ocrx_word' id='word_1_1624' title='bbox 1657 2303 1693 2326; x_wconf 90' lang='lat'>16.</span> <span class='ocrx_word' id='word_1_1625' title='bbox 1728 2302 1760 2325; x_wconf 77' lang='lat' dir='ltr'>it.</span> <span class='ocrx_word' id='word_1_1626' title='bbox 1775 2299 1874 2333; x_wconf 71' lang='lat' dir='ltr'>Salmafi</span> <span class='ocrx_word' id='word_1_1627' title='bbox 1888 2297 1922 2323; x_wconf 84' lang='lat' dir='ltr'>ad</span> <span class='ocrx_word' id='word_1_1628' title='bbox 1932 2298 2049 2324; x_wconf 90' lang='lat' dir='ltr'>Tertull.</span> <span class='ocrx_word' id='word_1_1629' title='bbox 2063 2299 2095 2325; x_wconf 88' lang='lat' dir='ltr'>de</span> <span class='ocrx_word' id='word_1_1630' title='bbox 2109 2299 2171 2325; x_wconf 85' lang='lat' dir='ltr'>Pall.</span> <span class='ocrx_word' id='word_1_1631' title='bbox 2185 2309 2209 2333; x_wconf 94' lang='lat' dir='ltr'>p.</span> <span class='ocrx_word' id='word_1_1632' title='bbox 2222 2302 2274 2332; x_wconf 85' lang='lat'>361.</span> 
     </span>
     <span class='ocr_line' id='line_1_176' title="bbox 1435 2334 2222 2368; baseline -0.003 -6"><span class='ocrx_word' id='word_1_1633' title='bbox 1435 2343 1451 2362; x_wconf 76' lang='lat' dir='ltr'><em>E</em></span> <span class='ocrx_word' id='word_1_1634' title='bbox 1462 2342 1601 2362; x_wconf 73' lang='lat' dir='ltr'>XYST1C</span> <span class='ocrx_word' id='word_1_1635' title='bbox 1613 2342 1631 2361; x_wconf 90' lang='lat' dir='ltr'>v</span> <span class='ocrx_word' id='word_1_1636' title='bbox 1644 2343 1672 2368; x_wconf 86' lang='lat' dir='ltr'>S,</span> <span class='ocrx_word' id='word_1_1637' title='bbox 1692 2336 1710 2361; x_wconf 95' lang='lat' dir='ltr'>i.</span> <span class='ocrx_word' id='word_1_1638' title='bbox 1730 2343 1765 2361; x_wconf 90' lang='lat' dir='ltr'>m.</span> <span class='ocrx_word' id='word_1_1639' title='bbox 1802 2335 1852 2360; x_wconf 85' lang='lat' dir='ltr'>Pro</span> <span class='ocrx_word' id='word_1_1640' title='bbox 1864 2334 1982 2365; x_wconf 69' lang='lat' dir='ltr'>Aihzeia,</span> <span class='ocrx_word' id='word_1_1641' title='bbox 1999 2334 2059 2368; x_wconf 81' lang='lat' dir='ltr'>Dig.</span> <span class='ocrx_word' id='word_1_1642' title='bbox 2072 2343 2085 2367; x_wconf 82' lang='lat'>3</span> <span class='ocrx_word' id='word_1_1643' title='bbox 2106 2340 2148 2361; x_wconf 83' lang='lat' dir='ltr'>t.2</span> <span class='ocrx_word' id='word_1_1644' title='bbox 2163 2334 2181 2359; x_wconf 97' lang='lat' dir='ltr'>l.</span> <span class='ocrx_word' id='word_1_1645' title='bbox 2194 2344 2222 2367; x_wconf 81' lang='lat'>4.</span> 
     </span>
    </p>

    <p class='ocr_par' dir='ltr' id='par_1_65' title="bbox 1345 2370 1775 2407">
     <span class='ocr_line' id='line_1_177' title="bbox 1345 2370 1775 2407; baseline -0.005 -10"><span class='ocrx_word' id='word_1_1646' title='bbox 1345 2373 1380 2398; x_wconf 89' lang='lat'>60</span> <span class='ocrx_word' id='word_1_1647' title='bbox 1396 2371 1511 2398; x_wconf 66' lang='lat' dir='ltr'>librariis</span> <span class='ocrx_word' id='word_1_1648' title='bbox 1518 2378 1568 2407; x_wconf 76' lang='lat' dir='ltr'>pro</span> <span class='ocrx_word' id='word_1_1649' title='bbox 1581 2370 1696 2403; x_wconf 86' lang='lat' dir='ltr'>Xystico.</span> <span class='ocrx_word' id='word_1_1650' title='bbox 1710 2378 1735 2396; x_wconf 82' lang='grc' dir='ltr'>υ.</span> <span class='ocrx_word' id='word_1_1651' title='bbox 1749 2377 1775 2396; x_wconf 85' lang='lat' dir='ltr'>v.</span> 
     </span>
    </p>
   </div>
   <div class='ocr_carea' id='block_1_37' title="bbox 2451 2280 2455 2293">
    <p class='ocr_par' dir='ltr' id='par_1_66' title="bbox 2451 2280 2455 2293">
     <span class='ocr_line' id='line_1_178' title="bbox 2451 2280 2455 2293; baseline 0 0"><span class='ocrx_word' id='word_1_1652' title='bbox 2451 2280 2455 2293; x_wconf 73' lang='lat' dir='ltr'>l</span> 
     </span>
    </p>
   </div>
   <div class='ocr_carea' id='block_1_38' title="bbox 2276 2318 2479 2370">
    <p class='ocr_par' dir='ltr' id='par_1_67' title="bbox 2276 2318 2479 2370">
     <span class='ocr_line' id='line_1_179' title="bbox 2276 2318 2479 2370; baseline 0.015 -7"><span class='ocrx_word' id='word_1_1653' title='bbox 2276 2334 2318 2370; x_wconf 79' lang='lat' dir='ltr'>Est</span> <span class='ocrx_word' id='word_1_1654' title='bbox 2334 2323 2402 2365; x_wconf 77' lang='lat' dir='ltr'>modo</span> <span class='ocrx_word' id='word_1_1655' title='bbox 2406 2343 2434 2366; x_wconf 64' lang='lat'>⁸0</span> <span class='ocrx_word' id='word_1_1656' title='bbox 2478 2318 2479 2327; x_wconf 41' lang='lat' dir='ltr'>l</span> 
     </span>
    </p>
   </div>
   <div class='ocr_carea' id='block_1_39' title="bbox 1809 2778 2035 2819">
    <p class='ocr_par' dir='ltr' id='par_1_68' title="bbox 1809 2778 2035 2819">
     <span class='ocr_line' id='line_1_180' title="bbox 1809 2778 2035 2819; baseline -0.009 0"><span class='ocrx_word' id='word_1_1657' title='bbox 1809 2778 1937 2819; x_wconf 84' lang='lat' dir='ltr'>Litera</span> <span class='ocrx_word' id='word_1_1658' title='bbox 1991 2778 2035 2818; x_wconf 91' lang='lat' dir='ltr'>F.</span> 
     </span>
    </p>
   </div>
   <div class='ocr_carea' id='block_1_40' title="bbox 1349 2862 2455 3155">
    <p class='ocr_par' dir='ltr' id='par_1_69' title="bbox 1349 2862 2455 3155">
     <span class='ocr_line' id='line_1_181' title="bbox 1401 2862 2452 2904; baseline -0.004 -9"><span class='ocrx_word' id='word_1_1659' title='bbox 1401 2868 1496 2904; x_wconf 84' lang='lat' dir='ltr'>posset,</span> <span class='ocrx_word' id='word_1_1660' title='bbox 1515 2868 1620 2896; x_wconf 87' lang='lat' dir='ltr'>irridet.</span> <span class='ocrx_word' id='word_1_1661' title='bbox 1680 2867 1717 2895; x_wconf 76' lang='lat' dir='ltr'>Ex</span> <span class='ocrx_word' id='word_1_1662' title='bbox 1732 2867 1933 2902; x_wconf 79' lang='lat' dir='ltr'>praecedentibus</span> <span class='ocrx_word' id='word_1_1663' title='bbox 1953 2873 2074 2903; x_wconf 80' lang='lat' dir='ltr'>apparet,</span> <span class='ocrx_word' id='word_1_1664' title='bbox 2097 2866 2167 2893; x_wconf 82' lang='lat' dir='ltr'>illum</span> <span class='ocrx_word' id='word_1_1665' title='bbox 2181 2864 2351 2901; x_wconf 70' lang='lat' dir='ltr'>pronuntitff</span> <span class='ocrx_word' id='word_1_1666' title='bbox 2370 2873 2401 2895; x_wconf 80' lang='lat' dir='ltr'>ve</span> <span class='ocrx_word' id='word_1_1667' title='bbox 2444 2862 2452 2891; x_wconf 75' lang='lat' dir='ltr'>&#39;t</span> 
     </span>
     <span class='ocr_line' id='line_1_182' title="bbox 1350 2899 2446 2941; baseline 0 -10"><span class='ocrx_word' id='word_1_1668' title='bbox 1350 2913 1382 2941; x_wconf 76' lang='grc'>7)-</span> <span class='ocrx_word' id='word_1_1669' title='bbox 1402 2907 1527 2931; x_wconf 69' lang='lat' dir='ltr'>Graecum.</span> <span class='ocrx_word' id='word_1_1670' title='bbox 1570 2906 1697 2931; x_wconf 81' lang='lat' dir='ltr'>Succurrit</span> <span class='ocrx_word' id='word_1_1671' title='bbox 1711 2899 1868 2937; x_wconf 70' lang='lat' dir='ltr'>Pristianus,</span> <span class='ocrx_word' id='word_1_1672' title='bbox 1886 2905 1955 2929; x_wconf 80' lang='lat' dir='ltr'>cuius</span> <span class='ocrx_word' id='word_1_1673' title='bbox 1967 2903 2082 2939; x_wconf 73' lang='lat' dir='ltr'>quaedam</span> <span class='ocrx_word' id='word_1_1674' title='bbox 2095 2911 2124 2927; x_wconf 81' lang='lat' dir='ltr'>ex</span> <span class='ocrx_word' id='word_1_1675' title='bbox 2139 2911 2147 2927; x_wconf 96' lang='lat'>1</span> <span class='ocrx_word' id='word_1_1676' title='bbox 2160 2910 2242 2935; x_wconf 77' lang='lat' dir='ltr'>p.342</span> <span class='ocrx_word' id='word_1_1677' title='bbox 2258 2903 2398 2936; x_wconf 84' lang='lat' dir='ltr'>sq.huctra</span> <span class='ocrx_word' id='word_1_1678' title='bbox 2427 2904 2446 2931; x_wconf 56' lang='grc' dir='ltr'>ε’</span> 
     </span>
     <span class='ocr_line' id='line_1_183' title="bbox 1394 2936 2442 2977; baseline -0.001 -11"><span class='ocrx_word' id='word_1_1679' title='bbox 1394 2941 1516 2977; x_wconf 77' lang='lat' dir='ltr'>feremur.</span> <span class='ocrx_word' id='word_1_1680' title='bbox 1571 2941 1637 2967; x_wconf 83' lang='lat' dir='ltr'>Eum</span> <span class='ocrx_word' id='word_1_1681' title='bbox 1650 2947 1731 2974; x_wconf 86' lang='lat' dir='ltr'>prope</span> <span class='ocrx_word' id='word_1_1682' title='bbox 1746 2940 1849 2972; x_wconf 89' lang='lat' dir='ltr'>sonum,</span> <span class='ocrx_word' id='word_1_1683' title='bbox 1867 2948 1946 2974; x_wconf 89' lang='lat' dir='ltr'>quem</span> <span class='ocrx_word' id='word_1_1684' title='bbox 1962 2947 2029 2964; x_wconf 89' lang='lat' dir='ltr'>nunc</span> <span class='ocrx_word' id='word_1_1685' title='bbox 2042 2937 2120 2963; x_wconf 84' lang='lat' dir='ltr'>habet</span> <span class='ocrx_word' id='word_1_1686' title='bbox 2128 2937 2157 2968; x_wconf 85' lang='lat' dir='ltr'>F,</span> <span class='ocrx_word' id='word_1_1687' title='bbox 2177 2936 2338 2971; x_wconf 77' lang='lat' dir='ltr'>fignificabat</span> <span class='ocrx_word' id='word_1_1688' title='bbox 2349 2939 2366 2965; x_wconf 87' lang='lat' dir='ltr'>P</span> <span class='ocrx_word' id='word_1_1689' title='bbox 2379 2937 2442 2973; x_wconf 61' lang='lat' dir='ltr'>etim]</span> 
     </span>
     <span class='ocr_line' id='line_1_184' title="bbox 1402 2973 2340 3010; baseline -0.002 -8"><span class='ocrx_word' id='word_1_1690' title='bbox 1402 2976 1575 3010; x_wconf 86' lang='lat' dir='ltr'>aspiratione:</span> <span class='ocrx_word' id='word_1_1691' title='bbox 1612 2975 1673 3002; x_wconf 85' lang='lat' dir='ltr'>ficut</span> <span class='ocrx_word' id='word_1_1692' title='bbox 1684 2975 1763 3001; x_wconf 82' lang='lat' dir='ltr'>etiam</span> <span class='ocrx_word' id='word_1_1693' title='bbox 1776 2975 1844 3009; x_wconf 84' lang='lat' dir='ltr'>apud</span> <span class='ocrx_word' id='word_1_1694' title='bbox 1858 2981 1958 3000; x_wconf 86' lang='lat' dir='ltr'>veteres</span> <span class='ocrx_word' id='word_1_1695' title='bbox 1977 2974 2089 2999; x_wconf 84' lang='lat' dir='ltr'>Graecos</span> <span class='ocrx_word' id='word_1_1696' title='bbox 2108 2980 2156 3006; x_wconf 87' lang='lat' dir='ltr'>pro</span> <span class='ocrx_word' id='word_1_1697' title='bbox 2169 2973 2206 3003; x_wconf 85' lang='grc' dir='ltr'><strong>Φ,</strong></span> <span class='ocrx_word' id='word_1_1698' title='bbox 2227 2974 2249 2998; x_wconf 86' lang='lat'>11</span> <span class='ocrx_word' id='word_1_1699' title='bbox 2264 2979 2290 2999; x_wconf 82' lang='lat' dir='ltr'>et</span> <span class='ocrx_word' id='word_1_1700' title='bbox 2305 2975 2340 3000; x_wconf 89' lang='lat' dir='ltr'>H.</span> 
     </span>
     <span class='ocr_line' id='line_1_185' title="bbox 1401 3008 2438 3046; baseline -0.003 -8"><span class='ocrx_word' id='word_1_1701' title='bbox 1401 3011 1489 3038; x_wconf 82' lang='lat' dir='ltr'>Postea</span> <span class='ocrx_word' id='word_1_1702' title='bbox 1503 3011 1600 3045; x_wconf 82' lang='lat' dir='ltr'>placuit</span> <span class='ocrx_word' id='word_1_1703' title='bbox 1613 3020 1661 3046; x_wconf 87' lang='lat' dir='ltr'>pro</span> <span class='ocrx_word' id='word_1_1704' title='bbox 1679 3011 1696 3035; x_wconf 87' lang='lat' dir='ltr'>P</span> <span class='ocrx_word' id='word_1_1705' title='bbox 1716 3017 1741 3037; x_wconf 83' lang='lat' dir='ltr'>et</span> <span class='ocrx_word' id='word_1_1706' title='bbox 1760 3011 1802 3043; x_wconf 90' lang='lat' dir='ltr'>H,</span> <span class='ocrx_word' id='word_1_1707' title='bbox 1830 3011 1849 3036; x_wconf 88' lang='lat' dir='ltr'>F</span> <span class='ocrx_word' id='word_1_1708' title='bbox 1870 3009 1962 3039; x_wconf 86' lang='lat' dir='ltr'>scribi,</span> <span class='ocrx_word' id='word_1_1709' title='bbox 1983 3014 2011 3034; x_wconf 92' lang='lat' dir='ltr'>vt</span> <span class='ocrx_word' id='word_1_1710' title='bbox 2031 3009 2108 3033; x_wconf 83' lang='lat' dir='ltr'>Fama</span> <span class='ocrx_word' id='word_1_1711' title='bbox 2142 3022 2187 3027; x_wconf 90' lang='lat'>—</span> <span class='ocrx_word' id='word_1_1712' title='bbox 2206 3008 2292 3042; x_wconf 82' lang='lat' dir='ltr'>Fuga,</span> <span class='ocrx_word' id='word_1_1713' title='bbox 2313 3009 2366 3035; x_wconf 87' lang='lat' dir='ltr'>Fur</span> <span class='ocrx_word' id='word_1_1714' title='bbox 2391 3019 2438 3041; x_wconf 73' lang='lat'>—=—‚</span> 
     </span>
     <span class='ocr_line' id='line_1_186' title="bbox 1402 3041 2455 3080; baseline -0.007 -7"><span class='ocrx_word' id='word_1_1715' title='bbox 1402 3048 1460 3073; x_wconf 87' lang='lat' dir='ltr'>Hoc</span> <span class='ocrx_word' id='word_1_1716' title='bbox 1472 3053 1559 3073; x_wconf 87' lang='lat' dir='ltr'>tamen</span> <span class='ocrx_word' id='word_1_1717' title='bbox 1572 3047 1636 3073; x_wconf 80' lang='lat' dir='ltr'>scire</span> <span class='ocrx_word' id='word_1_1718' title='bbox 1649 3046 1787 3076; x_wconf 88' lang='lat' dir='ltr'>debemus,</span> <span class='ocrx_word' id='word_1_1719' title='bbox 1808 3044 1880 3080; x_wconf 93' lang='lat' dir='ltr'>quod</span> <span class='ocrx_word' id='word_1_1720' title='bbox 1892 3053 1946 3070; x_wconf 91' lang='lat' dir='ltr'>non</span> <span class='ocrx_word' id='word_1_1721' title='bbox 1964 3049 2016 3069; x_wconf 89' lang='lat' dir='ltr'>tam</span> <span class='ocrx_word' id='word_1_1722' title='bbox 2030 3042 2088 3068; x_wconf 82' lang='lat' dir='ltr'>fixis</span> <span class='ocrx_word' id='word_1_1723' title='bbox 2101 3041 2182 3068; x_wconf 81' lang='lat' dir='ltr'>labris</span> <span class='ocrx_word' id='word_1_1724' title='bbox 2194 3043 2230 3069; x_wconf 88' lang='lat' dir='ltr'>est</span> <span class='ocrx_word' id='word_1_1725' title='bbox 2242 3043 2455 3079; x_wconf 62' lang='lat' dir='ltr'>pron11nciandfi3}</span> 
     </span>
     <span class='ocr_line' id='line_1_187' title="bbox 1349 3076 2439 3118; baseline -0.002 -9"><span class='ocrx_word' id='word_1_1726' title='bbox 1349 3092 1381 3118; x_wconf 71' lang='lat'>80</span> <span class='ocrx_word' id='word_1_1727' title='bbox 1402 3084 1421 3109; x_wconf 87' lang='lat' dir='ltr'>F</span> <span class='ocrx_word' id='word_1_1728' title='bbox 1435 3082 1571 3117; x_wconf 86' lang='lat' dir='ltr'>quomodo</span> <span class='ocrx_word' id='word_1_1729' title='bbox 1585 3083 1638 3113; x_wconf 86' lang='lat' dir='ltr'>PH,</span> <span class='ocrx_word' id='word_1_1730' title='bbox 1650 3087 1727 3117; x_wconf 89' lang='lat' dir='ltr'>atque</span> <span class='ocrx_word' id='word_1_1731' title='bbox 1741 3080 1791 3107; x_wconf 83' lang='lat' dir='ltr'>hoc</span> <span class='ocrx_word' id='word_1_1732' title='bbox 1805 3081 1889 3108; x_wconf 88' lang='lat' dir='ltr'>solum</span> <span class='ocrx_word' id='word_1_1733' title='bbox 1902 3078 2007 3106; x_wconf 84' lang='lat' dir='ltr'>interest</span> <span class='ocrx_word' id='word_1_1734' title='bbox 2020 3079 2089 3104; x_wconf 88' lang='lat' dir='ltr'>inter</span> <span class='ocrx_word' id='word_1_1735' title='bbox 2106 3079 2126 3105; x_wconf 90' lang='lat' dir='ltr'>F</span> <span class='ocrx_word' id='word_1_1736' title='bbox 2139 3086 2162 3103; x_wconf 89' lang='lat' dir='ltr'>et</span> <span class='ocrx_word' id='word_1_1737' title='bbox 2178 3079 2231 3104; x_wconf 87' lang='lat' dir='ltr'>PH.</span> <span class='ocrx_word' id='word_1_1738' title='bbox 2286 3081 2340 3105; x_wconf 88' lang='lat' dir='ltr'>Hoc</span> <span class='ocrx_word' id='word_1_1739' title='bbox 2358 3076 2439 3117; x_wconf 66' lang='lat' dir='ltr'>igiud&#39;·</span> 
     </span>
     <span class='ocr_line' id='line_1_188' title="bbox 1400 3113 2439 3155; baseline -0.002 -12"><span class='ocrx_word' id='word_1_1740' title='bbox 1400 3117 1527 3155; x_wconf 55' lang='lat' dir='ltr'>neglexisti*</span> <span class='ocrx_word' id='word_1_1741' title='bbox 1542 3118 1641 3145; x_wconf 78' lang='lat' dir='ltr'>videtur</span> <span class='ocrx_word' id='word_1_1742' title='bbox 1652 3118 1720 3145; x_wconf 70' lang='lat' dir='ltr'>uitis</span> <span class='ocrx_word' id='word_1_1743' title='bbox 1734 3118 1855 3147; x_wconf 74' lang='lat' dir='ltr'>Graecus,</span> <span class='ocrx_word' id='word_1_1744' title='bbox 1875 3124 1941 3149; x_wconf 59' lang='lat' dir='ltr'>‹Juem</span> <span class='ocrx_word' id='word_1_1745' title='bbox 1960 3113 2025 3140; x_wconf 77' lang='lat' dir='ltr'>ridet</span> <span class='ocrx_word' id='word_1_1746' title='bbox 2040 3114 2131 3139; x_wconf 82' lang='lat' dir='ltr'>Cicero.</span> <span class='ocrx_word' id='word_1_1747' title='bbox 2184 3113 2384 3149; x_wconf 65' lang='lat' dir='ltr'>Coniunfflffima</span> <span class='ocrx_word' id='word_1_1748' title='bbox 2397 3113 2439 3149; x_wconf 73' lang='lat' dir='ltr'>effi</span> 
     </span>
    </p>
   </div>
   <div class='ocr_carea' id='block_1_41' title="bbox 2393 2980 2439 2996">
    <p class='ocr_par' dir='ltr' id='par_1_70' title="bbox 2393 2980 2439 2996">
     <span class='ocr_line' id='line_1_189' title="bbox 2393 2980 2439 2996; baseline 0.022 -1"><span class='ocrx_word' id='word_1_1749' title='bbox 2393 2980 2439 2996; x_wconf 67' lang='lat'>—--&#39;</span> 
     </span>
    </p>
   </div>
   <div class='ocr_carea' id='block_1_42' title="bbox 1400 3148 2439 3221">
    <p class='ocr_par' dir='ltr' id='par_1_71' title="bbox 1400 3148 2439 3221">
     <span class='ocr_line' id='line_1_190' title="bbox 1400 3148 2439 3187; baseline -0.003 -6"><span class='ocrx_word' id='word_1_1750' title='bbox 1400 3155 1419 3180; x_wconf 90' lang='lat' dir='ltr'>F</span> <span class='ocrx_word' id='word_1_1751' title='bbox 1429 3161 1452 3180; x_wconf 73' lang='lat' dir='ltr'>et</span> <span class='ocrx_word' id='word_1_1752' title='bbox 1465 3154 1499 3180; x_wconf 89' lang='lat' dir='ltr'>Ph</span> <span class='ocrx_word' id='word_1_1753' title='bbox 1515 3152 1609 3187; x_wconf 78' lang='lat' dir='ltr'>conflat</span> <span class='ocrx_word' id='word_1_1754' title='bbox 1622 3163 1649 3179; x_wconf 72' lang='lat' dir='ltr'>ex</span> <span class='ocrx_word' id='word_1_1755' title='bbox 1658 3148 1763 3183; x_wconf 81' lang='lat' dir='ltr'>Numis,</span> <span class='ocrx_word' id='word_1_1756' title='bbox 1776 3152 1818 3177; x_wconf 77' lang='lat' dir='ltr'>obi</span> <span class='ocrx_word' id='word_1_1757' title='bbox 1832 3150 2003 3184; x_wconf 71' lang='lat' dir='ltr'>i›zdiffi·t·enter</span> <span class='ocrx_word' id='word_1_1758' title='bbox 2015 3149 2131 3184; x_wconf 72' lang='lat' dir='ltr'>usurpari</span> <span class='ocrx_word' id='word_1_1759' title='bbox 2161 3150 2234 3176; x_wconf 80' lang='lat' dir='ltr'>olent.</span> <span class='ocrx_word' id='word_1_1760' title='bbox 2283 3150 2439 3178; x_wconf 82' lang='lat' dir='ltr'>TRIVM-</span> 
     </span>
     <span class='ocr_line' id='line_1_191' title="bbox 1401 3180 2438 3221; baseline -0.004 -4"><span class='ocrx_word' id='word_1_1761' title='bbox 1401 3191 1420 3216; x_wconf 88' lang='lat' dir='ltr'>F</span> <span class='ocrx_word' id='word_1_1762' title='bbox 1428 3191 1449 3216; x_wconf 98' lang='lat' dir='ltr'>A</span> <span class='ocrx_word' id='word_1_1763' title='bbox 1458 3190 1487 3216; x_wconf 89' lang='grc' dir='ltr'><strong>Τ</strong></span> <span class='ocrx_word' id='word_1_1764' title='bbox 1495 3191 1519 3216; x_wconf 89' lang='lat' dir='ltr'>O</span> <span class='ocrx_word' id='word_1_1765' title='bbox 1527 3191 1558 3216; x_wconf 80' lang='lat' dir='ltr'>R.</span> <span class='ocrx_word' id='word_1_1766' title='bbox 1578 3189 1627 3215; x_wconf 83' lang='lat' dir='ltr'>GE</span> <span class='ocrx_word' id='word_1_1767' title='bbox 1638 3189 1664 3215; x_wconf 91' lang='lat' dir='ltr'>N</span> <span class='ocrx_word' id='word_1_1768' title='bbox 1674 3187 1747 3214; x_wconf 84' lang='lat' dir='ltr'>TT.</span> <span class='ocrx_word' id='word_1_1769' title='bbox 1769 3188 1787 3213; x_wconf 87' lang='lat' dir='ltr'>B</span> <span class='ocrx_word' id='word_1_1770' title='bbox 1795 3189 1816 3213; x_wconf 88' lang='lat' dir='ltr'>A</span> <span class='ocrx_word' id='word_1_1771' title='bbox 1825 3188 1847 3213; x_wconf 80' lang='lat' dir='ltr'>R</span> <span class='ocrx_word' id='word_1_1772' title='bbox 1855 3188 1873 3213; x_wconf 87' lang='lat' dir='ltr'>B</span> <span class='ocrx_word' id='word_1_1773' title='bbox 1882 3188 1903 3212; x_wconf 91' lang='lat' dir='ltr'>A</span> <span class='ocrx_word' id='word_1_1774' title='bbox 1912 3186 1941 3211; x_wconf 80' lang='lat' dir='ltr'>R.</span> <span class='ocrx_word' id='word_1_1775' title='bbox 1962 3185 1984 3211; x_wconf 90' lang='lat' dir='ltr'>D</span> <span class='ocrx_word' id='word_1_1776' title='bbox 1993 3184 2029 3211; x_wconf 85' lang='lat' dir='ltr'>N.</span> <span class='ocrx_word' id='word_1_1777' title='bbox 2050 3185 2139 3211; x_wconf 79' lang='lat' dir='ltr'>FOCA</span> <span class='ocrx_word' id='word_1_1778' title='bbox 2160 3204 2166 3210; x_wconf 96' lang='lat'>.</span> <span class='ocrx_word' id='word_1_1779' title='bbox 2225 3185 2287 3211; x_wconf 74' lang='lat' dir='ltr'>Vide</span> <span class='ocrx_word' id='word_1_1780' title='bbox 2295 3180 2438 3221; x_wconf 46' lang='lat' dir='ltr'>spanheim.</span> 
     </span>
    </p>
   </div>
   <div class='ocr_carea' id='block_1_43' title="bbox 1352 3220 2479 3965">
    <p class='ocr_par' dir='ltr' id='par_1_72' title="bbox 1352 3220 2479 3965">
     <span class='ocr_line' id='line_1_192' title="bbox 1401 3220 2443 3260; baseline -0.004 -8"><span class='ocrx_word' id='word_1_1781' title='bbox 1401 3224 1504 3258; x_wconf 75' lang='lat' dir='ltr'>Diffirt.</span> <span class='ocrx_word' id='word_1_1782' title='bbox 1518 3235 1531 3251; x_wconf 86' lang='lat'><em>2</em></span> <span class='ocrx_word' id='word_1_1783' title='bbox 1545 3232 1570 3260; x_wconf 92' lang='lat' dir='ltr'>p.</span> <span class='ocrx_word' id='word_1_1784' title='bbox 1585 3231 1620 3254; x_wconf 72' lang='grc' dir='ltr'><strong>ει.</strong></span> <span class='ocrx_word' id='word_1_1785' title='bbox 1780 3221 1801 3260; x_wconf 57' lang='lat' dir='ltr'>fl</span> <span class='ocrx_word' id='word_1_1786' title='bbox 1823 3231 1834 3254; x_wconf 91' lang='grc'>3</span> <span class='ocrx_word' id='word_1_1787' title='bbox 1871 3223 2045 3247; x_wconf 69' lang='lat' dir='ltr'>permutantur</span> <span class='ocrx_word' id='word_1_1788' title='bbox 2063 3228 2135 3246; x_wconf 73' lang='lat' dir='ltr'>ctiam</span> <span class='ocrx_word' id='word_1_1789' title='bbox 2154 3220 2174 3246; x_wconf 90' lang='lat' dir='ltr'>F</span> <span class='ocrx_word' id='word_1_1790' title='bbox 2187 3226 2211 3245; x_wconf 77' lang='lat' dir='ltr'>ct</span> <span class='ocrx_word' id='word_1_1791' title='bbox 2222 3221 2245 3246; x_wconf 96' lang='lat' dir='ltr'>V</span> <span class='ocrx_word' id='word_1_1792' title='bbox 2260 3229 2365 3256; x_wconf 76' lang='lat' dir='ltr'>propter</span> <span class='ocrx_word' id='word_1_1793' title='bbox 2383 3220 2443 3248; x_wconf 56' lang='lat' dir='ltr'>eam‘</span> 
     </span>
     <span class='ocr_line' id='line_1_193' title="bbox 1356 3255 2440 3300; baseline -0.003 -14"><span class='ocrx_word' id='word_1_1794' title='bbox 1356 3272 1384 3300; x_wconf 76' lang='lat'>35</span> <span class='ocrx_word' id='word_1_1795' title='bbox 1402 3261 1454 3287; x_wconf 66' lang='lat' dir='ltr'>dem</span> <span class='ocrx_word' id='word_1_1796' title='bbox 1469 3258 1628 3295; x_wconf 80' lang='lat' dir='ltr'>affinitatem:</span> <span class='ocrx_word' id='word_1_1797' title='bbox 1664 3258 1785 3284; x_wconf 88' lang='lat' dir='ltr'>Priscian.</span> <span class='ocrx_word' id='word_1_1798' title='bbox 1801 3267 1808 3284; x_wconf 92' lang='lat'>1</span> <span class='ocrx_word' id='word_1_1799' title='bbox 1824 3267 1848 3291; x_wconf 83' lang='lat' dir='ltr'>p.</span> <span class='ocrx_word' id='word_1_1800' title='bbox 1856 3259 1904 3288; x_wconf 76' lang='lat'>560</span> <span class='ocrx_word' id='word_1_1801' title='bbox 1928 3255 2047 3282; x_wconf 84' lang='lat' dir='ltr'>Habebat</span> <span class='ocrx_word' id='word_1_1802' title='bbox 2062 3256 2150 3283; x_wconf 88' lang='lat' dir='ltr'>haecF</span> <span class='ocrx_word' id='word_1_1803' title='bbox 2164 3256 2240 3283; x_wconf 86' lang='lat' dir='ltr'>litera</span> <span class='ocrx_word' id='word_1_1804' title='bbox 2254 3255 2322 3283; x_wconf 87' lang='lat' dir='ltr'>hunc</span> <span class='ocrx_word' id='word_1_1805' title='bbox 2336 3257 2440 3292; x_wconf 75' lang='lat' dir='ltr'>sonum,</span> 
     </span>
     <span class='ocr_line' id='line_1_194' title="bbox 1402 3291 2440 3331; baseline -0.006 -8"><span class='ocrx_word' id='word_1_1806' title='bbox 1402 3305 1481 3331; x_wconf 79' lang='lat' dir='ltr'>quein</span> <span class='ocrx_word' id='word_1_1807' title='bbox 1494 3305 1562 3322; x_wconf 87' lang='lat' dir='ltr'>nnnc</span> <span class='ocrx_word' id='word_1_1808' title='bbox 1575 3295 1653 3321; x_wconf 86' lang='lat' dir='ltr'>habet</span> <span class='ocrx_word' id='word_1_1809' title='bbox 1666 3295 1688 3319; x_wconf 98' lang='lat' dir='ltr'>V</span> <span class='ocrx_word' id='word_1_1810' title='bbox 1705 3293 1764 3319; x_wconf 91' lang='lat' dir='ltr'>loco</span> <span class='ocrx_word' id='word_1_1811' title='bbox 1775 3292 1948 3320; x_wconf 83' lang='lat' dir='ltr'>Consonantis</span> <span class='ocrx_word' id='word_1_1812' title='bbox 1962 3292 2049 3326; x_wconf 82' lang='lat' dir='ltr'>polita.</span> <span class='ocrx_word' id='word_1_1813' title='bbox 2106 3293 2156 3324; x_wconf 87' lang='lat' dir='ltr'>Sic,</span> <span class='ocrx_word' id='word_1_1814' title='bbox 2164 3299 2214 3326; x_wconf 75' lang='lat' dir='ltr'>pro</span> <span class='ocrx_word' id='word_1_1815' title='bbox 2221 3291 2440 3327; x_wconf 62' lang='lat' dir='ltr'>Grafarejacl&#39;um</span> 
     </span>
     <span class='ocr_line' id='line_1_195' title="bbox 1402 3327 2438 3364; baseline -0.005 -6"><span class='ocrx_word' id='word_1_1816' title='bbox 1402 3333 1528 3358; x_wconf 84' lang='lat' dir='ltr'>Grauare.</span> <span class='ocrx_word' id='word_1_1817' title='bbox 1571 3330 1628 3357; x_wconf 82' lang='lat' dir='ltr'>Vid.</span> <span class='ocrx_word' id='word_1_1818' title='bbox 1643 3329 1742 3364; x_wconf 73' lang='lat' dir='ltr'>Salmas</span> <span class='ocrx_word' id='word_1_1819' title='bbox 1757 3330 1841 3354; x_wconf 71' lang='lat' dir='ltr'>Exere.</span> <span class='ocrx_word' id='word_1_1820' title='bbox 1856 3329 1920 3353; x_wconf 76' lang='lat' dir='ltr'>pun.</span> <span class='ocrx_word' id='word_1_1821' title='bbox 1932 3335 1958 3361; x_wconf 84' lang='lat' dir='ltr'>p.</span> <span class='ocrx_word' id='word_1_1822' title='bbox 1972 3338 2025 3362; x_wconf 83' lang='lat'>775.</span> <span class='ocrx_word' id='word_1_1823' title='bbox 2083 3328 2146 3355; x_wconf 71' lang='lat' dir='ltr'>Item</span> <span class='ocrx_word' id='word_1_1824' title='bbox 2160 3328 2179 3353; x_wconf 89' lang='lat' dir='ltr'>F</span> <span class='ocrx_word' id='word_1_1825' title='bbox 2199 3333 2222 3352; x_wconf 81' lang='lat' dir='ltr'>et</span> <span class='ocrx_word' id='word_1_1826' title='bbox 2235 3327 2255 3353; x_wconf 87' lang='lat' dir='ltr'>E</span> <span class='ocrx_word' id='word_1_1827' title='bbox 2267 3331 2294 3353; x_wconf 81' lang='lat' dir='ltr'>in</span> <span class='ocrx_word' id='word_1_1828' title='bbox 2310 3329 2382 3354; x_wconf 82' lang='lat' dir='ltr'>libris</span> <span class='ocrx_word' id='word_1_1829' title='bbox 2394 3330 2438 3354; x_wconf 83' lang='lat' dir='ltr'>mi-</span> 
     </span>
     <span class='ocr_line' id='line_1_196' title="bbox 1397 3362 2456 3402; baseline -0.001 -11"><span class='ocrx_word' id='word_1_1830' title='bbox 1397 3367 1465 3402; x_wconf 80' lang='lat' dir='ltr'>sceri</span> <span class='ocrx_word' id='word_1_1831' title='bbox 1473 3374 1574 3402; x_wconf 73' lang='lat' dir='ltr'>potuere</span> <span class='ocrx_word' id='word_1_1832' title='bbox 1581 3364 1789 3402; x_wconf 72' lang='lat' dir='ltr'>propterfigurae</span> <span class='ocrx_word' id='word_1_1833' title='bbox 1801 3362 1954 3397; x_wconf 51' lang='lat' dir='ltr'>affinitatem.</span> <span class='ocrx_word' id='word_1_1834' title='bbox 1996 3362 2052 3389; x_wconf 78' lang='lat' dir='ltr'>Vid.</span> <span class='ocrx_word' id='word_1_1835' title='bbox 2068 3369 2084 3389; x_wconf 79' lang='lat' dir='ltr'>F</span> <span class='ocrx_word' id='word_1_1836' title='bbox 2093 3370 2111 3389; x_wconf 83' lang='lat' dir='ltr'>R</span> <span class='ocrx_word' id='word_1_1837' title='bbox 2121 3369 2170 3389; x_wconf 83' lang='lat' dir='ltr'>VT</span> <span class='ocrx_word' id='word_1_1838' title='bbox 2179 3369 2189 3388; x_wconf 94' lang='lat'>1</span> <span class='ocrx_word' id='word_1_1839' title='bbox 2200 3368 2224 3388; x_wconf 91' lang='lat' dir='ltr'>s.</span> <span class='ocrx_word' id='word_1_1840' title='bbox 2293 3363 2313 3388; x_wconf 89' lang='lat' dir='ltr'>F</span> <span class='ocrx_word' id='word_1_1841' title='bbox 2321 3366 2438 3398; x_wconf 71' lang='lat' dir='ltr'>proponi.-</span> <span class='ocrx_word' id='word_1_1842' title='bbox 2453 3371 2456 3397; x_wconf 57' lang='grc' dir='ltr'>ξ</span> 
     </span>
     <span class='ocr_line' id='line_1_197' title="bbox 1403 3397 2437 3435; baseline -0.001 -9"><span class='ocrx_word' id='word_1_1843' title='bbox 1403 3408 1445 3427; x_wconf 87' lang='lat' dir='ltr'>tur</span> <span class='ocrx_word' id='word_1_1844' title='bbox 1452 3403 1516 3435; x_wconf 79' lang='lat' dir='ltr'>solis</span> <span class='ocrx_word' id='word_1_1845' title='bbox 1530 3403 1551 3428; x_wconf 95' lang='lat' dir='ltr'>L</span> <span class='ocrx_word' id='word_1_1846' title='bbox 1565 3408 1588 3428; x_wconf 83' lang='lat' dir='ltr'>et</span> <span class='ocrx_word' id='word_1_1847' title='bbox 1600 3401 1622 3427; x_wconf 79' lang='lat' dir='ltr'>R</span> <span class='ocrx_word' id='word_1_1848' title='bbox 1631 3420 1637 3430; x_wconf 91' lang='lat'><em>‚</em></span> <span class='ocrx_word' id='word_1_1849' title='bbox 1655 3407 1683 3426; x_wconf 82' lang='lat' dir='ltr'>vt</span> <span class='ocrx_word' id='word_1_1850' title='bbox 1696 3399 1800 3426; x_wconf 59' lang='lat' dir='ltr'>Fluctus</span> <span class='ocrx_word' id='word_1_1851' title='bbox 1809 3418 1816 3430; x_wconf 91' lang='lat'>,</span> <span class='ocrx_word' id='word_1_1852' title='bbox 1836 3399 1946 3432; x_wconf 77' lang='lat' dir='ltr'>Frango.</span> <span class='ocrx_word' id='word_1_1853' title='bbox 2001 3400 2031 3425; x_wconf 88' lang='lat' dir='ltr'>In</span> <span class='ocrx_word' id='word_1_1854' title='bbox 2047 3399 2066 3425; x_wconf 90' lang='lat' dir='ltr'>F</span> <span class='ocrx_word' id='word_1_1855' title='bbox 2078 3404 2206 3425; x_wconf 71' lang='lat' dir='ltr'>mutantur</span> <span class='ocrx_word' id='word_1_1856' title='bbox 2219 3397 2340 3432; x_wconf 75' lang='lat' dir='ltr'>Confimue</span> <span class='ocrx_word' id='word_1_1857' title='bbox 2354 3399 2373 3424; x_wconf 92' lang='lat' dir='ltr'>B</span> <span class='ocrx_word' id='word_1_1858' title='bbox 2387 3399 2410 3425; x_wconf 92' lang='lat' dir='ltr'><strong>D</strong></span> <span class='ocrx_word' id='word_1_1859' title='bbox 2420 3397 2437 3426; x_wconf 82' lang='lat' dir='ltr'>S</span> 
     </span>
     <span class='ocr_line' id='line_1_198' title="bbox 1352 3432 2454 3471; baseline 0.002 -13"><span class='ocrx_word' id='word_1_1860' title='bbox 1352 3441 1387 3465; x_wconf 89' lang='lat'>90</span> <span class='ocrx_word' id='word_1_1861' title='bbox 1405 3441 1428 3459; x_wconf 82' lang='lat' dir='ltr'>et</span> <span class='ocrx_word' id='word_1_1862' title='bbox 1442 3437 1464 3461; x_wconf 89' lang='lat' dir='ltr'>X</span> <span class='ocrx_word' id='word_1_1863' title='bbox 1481 3440 1507 3462; x_wconf 85' lang='lat' dir='ltr'>in</span> <span class='ocrx_word' id='word_1_1864' title='bbox 1525 3435 1744 3471; x_wconf 76' lang='lat' dir='ltr'>Praepositionibus</span> <span class='ocrx_word' id='word_1_1865' title='bbox 1760 3441 1817 3460; x_wconf 76' lang='lat' dir='ltr'>mite</span> <span class='ocrx_word' id='word_1_1866' title='bbox 1836 3434 1913 3459; x_wconf 68' lang='lat' dir='ltr'>Verba</span> <span class='ocrx_word' id='word_1_1867' title='bbox 1925 3444 1939 3459; x_wconf 77' lang='lat' dir='ltr'>a</span> <span class='ocrx_word' id='word_1_1868' title='bbox 1957 3434 2031 3460; x_wconf 73' lang='lat' dir='ltr'>litera</span> <span class='ocrx_word' id='word_1_1869' title='bbox 2051 3435 2069 3460; x_wconf 90' lang='lat' dir='ltr'>F</span> <span class='ocrx_word' id='word_1_1870' title='bbox 2090 3434 2228 3460; x_wconf 67' lang='lat' dir='ltr'>ardicuria:</span> <span class='ocrx_word' id='word_1_1871' title='bbox 2265 3440 2308 3464; x_wconf 82' lang='lat' dir='ltr'>vt,</span> <span class='ocrx_word' id='word_1_1872' title='bbox 2326 3432 2454 3468; x_wconf 49' lang='lat' dir='ltr'>Officio„</span> 
     </span>
     <span class='ocr_line' id='line_1_199' title="bbox 1406 3467 2450 3505; baseline 0 -11"><span class='ocrx_word' id='word_1_1873' title='bbox 1406 3469 1494 3496; x_wconf 80' lang='lat' dir='ltr'>Affero</span> <span class='ocrx_word' id='word_1_1874' title='bbox 1504 3491 1510 3502; x_wconf 90' lang='lat'>,</span> <span class='ocrx_word' id='word_1_1875' title='bbox 1529 3472 1645 3503; x_wconf 81' lang='lat' dir='ltr'>Differo,</span> <span class='ocrx_word' id='word_1_1876' title='bbox 1666 3470 1761 3496; x_wconf 78' lang='lat' dir='ltr'>Effero.</span> <span class='ocrx_word' id='word_1_1877' title='bbox 1813 3469 1904 3495; x_wconf 70' lang='lat' dir='ltr'>Contra</span> <span class='ocrx_word' id='word_1_1878' title='bbox 1917 3469 2017 3495; x_wconf 81' lang='lat' dir='ltr'>Sitilum</span> <span class='ocrx_word' id='word_1_1879' title='bbox 2032 3479 2080 3503; x_wconf 85' lang='lat' dir='ltr'>pro</span> <span class='ocrx_word' id='word_1_1880' title='bbox 2093 3468 2179 3495; x_wconf 88' lang='lat' dir='ltr'>Sibilo</span> <span class='ocrx_word' id='word_1_1881' title='bbox 2192 3467 2327 3501; x_wconf 80' lang='lat' dir='ltr'>dicebant,</span> <span class='ocrx_word' id='word_1_1882' title='bbox 2351 3472 2378 3494; x_wconf 81' lang='lat' dir='ltr'>in</span> <span class='ocrx_word' id='word_1_1883' title='bbox 2392 3477 2450 3505; x_wconf 72' lang='lat' dir='ltr'>quo·</span> 
     </span>
     <span class='ocr_line' id='line_1_200' title="bbox 1401 3501 2455 3540; baseline 0.001 -11"><span class='ocrx_word' id='word_1_1884' title='bbox 1401 3510 1522 3540; x_wconf 69' lang='lat' dir='ltr'>prouocat</span> <span class='ocrx_word' id='word_1_1885' title='bbox 1536 3507 1675 3533; x_wconf 87' lang='lat' dir='ltr'>Priscian.1</span> <span class='ocrx_word' id='word_1_1886' title='bbox 1689 3515 1713 3540; x_wconf 91' lang='lat' dir='ltr'>p.</span> <span class='ocrx_word' id='word_1_1887' title='bbox 1726 3507 1781 3536; x_wconf 84' lang='lat'>560.</span> <span class='ocrx_word' id='word_1_1888' title='bbox 1814 3504 1847 3530; x_wconf 77' lang='lat' dir='ltr'>ad</span> <span class='ocrx_word' id='word_1_1889' title='bbox 1859 3505 1930 3531; x_wconf 87' lang='lat' dir='ltr'>Non.</span> <span class='ocrx_word' id='word_1_1890' title='bbox 1952 3505 1984 3532; x_wconf 85' lang='lat' dir='ltr'>de</span> <span class='ocrx_word' id='word_1_1891' title='bbox 1999 3505 2139 3531; x_wconf 65' lang='lat' dir='ltr'>deciorum</span> <span class='ocrx_word' id='word_1_1892' title='bbox 2161 3503 2282 3535; x_wconf 79' lang='lat' dir='ltr'>indagine</span> <span class='ocrx_word' id='word_1_1893' title='bbox 2301 3505 2318 3530; x_wconf 91' lang='lat' dir='ltr'>s.</span> <span class='ocrx_word' id='word_1_1894' title='bbox 2333 3513 2375 3537; x_wconf 87' lang='lat'>12,</span> <span class='ocrx_word' id='word_1_1895' title='bbox 2392 3512 2438 3539; x_wconf 55' lang='lat' dir='ltr'>4ffi</span> <span class='ocrx_word' id='word_1_1896' title='bbox 2454 3501 2455 3506; x_wconf 43' lang='lat'>¹</span> 
     </span>
     <span class='ocr_line' id='line_1_201' title="bbox 1412 3538 2438 3574; baseline 0.001 -9"><span class='ocrx_word' id='word_1_1897' title='bbox 1412 3539 1469 3566; x_wconf 78' lang='lat' dir='ltr'>Vid.</span> <span class='ocrx_word' id='word_1_1898' title='bbox 1489 3546 1626 3568; x_wconf 83' lang='lat' dir='ltr'>SlBlLO.</span> <span class='ocrx_word' id='word_1_1899' title='bbox 1819 3548 1838 3573; x_wconf 84' lang='lat'>4</span> <span class='ocrx_word' id='word_1_1900' title='bbox 1876 3542 1904 3566; x_wconf 73' lang='lat' dir='ltr'>ln</span> <span class='ocrx_word' id='word_1_1901' title='bbox 1926 3543 2000 3567; x_wconf 76' lang='lat' dir='ltr'>Notis</span> <span class='ocrx_word' id='word_1_1902' title='bbox 2019 3540 2052 3574; x_wconf 74' lang='lat' dir='ltr'>est</span> <span class='ocrx_word' id='word_1_1903' title='bbox 2072 3538 2296 3571; x_wconf 53' lang='lat' dir='ltr'>FsFaciundmn,</span> <span class='ocrx_word' id='word_1_1904' title='bbox 2316 3540 2438 3572; x_wconf 49' lang='lat' dir='ltr'>facium,</span> 
     </span>
     <span class='ocr_line' id='line_1_202' title="bbox 1406 3574 2438 3609; baseline 0 -8"><span class='ocrx_word' id='word_1_1905' title='bbox 1406 3575 1536 3608; x_wconf 86' lang='lat' dir='ltr'>Familia,</span> <span class='ocrx_word' id='word_1_1906' title='bbox 1557 3576 1679 3608; x_wconf 86' lang='lat' dir='ltr'>Famula,</span> <span class='ocrx_word' id='word_1_1907' title='bbox 1698 3575 1785 3602; x_wconf 81' lang='lat' dir='ltr'>Fastus</span> <span class='ocrx_word' id='word_1_1908' title='bbox 1799 3575 1868 3607; x_wconf 88' lang='lat' dir='ltr'>dies,</span> <span class='ocrx_word' id='word_1_1909' title='bbox 1885 3577 2057 3606; x_wconf 79' lang='lat' dir='ltr'>Februarius.</span> <span class='ocrx_word' id='word_1_1910' title='bbox 2078 3577 2165 3606; x_wconf 87' lang='lat' dir='ltr'>Fecit,</span> <span class='ocrx_word' id='word_1_1911' title='bbox 2189 3574 2325 3605; x_wconf 73' lang='lat' dir='ltr'>Feliciter,</span> <span class='ocrx_word' id='word_1_1912' title='bbox 2347 3575 2438 3609; x_wconf 83' lang='lat' dir='ltr'>Felix,</span> 
     </span>
     <span class='ocr_line' id='line_1_203' title="bbox 1354 3611 2436 3646; baseline 0 -9"><span class='ocrx_word' id='word_1_1913' title='bbox 1354 3619 1386 3645; x_wconf 79' lang='lat'>95</span> <span class='ocrx_word' id='word_1_1914' title='bbox 1407 3611 1530 3642; x_wconf 81' lang='lat' dir='ltr'>Femina,</span> <span class='ocrx_word' id='word_1_1915' title='bbox 1549 3611 1641 3643; x_wconf 85' lang='lat' dir='ltr'>Fides,</span> <span class='ocrx_word' id='word_1_1916' title='bbox 1662 3611 1748 3642; x_wconf 81' lang='lat' dir='ltr'>Fieri,</span> <span class='ocrx_word' id='word_1_1917' title='bbox 1775 3611 1858 3644; x_wconf 83' lang='lat' dir='ltr'>Filia,</span> <span class='ocrx_word' id='word_1_1918' title='bbox 1882 3612 1977 3642; x_wconf 83' lang='lat' dir='ltr'>Filius,</span> <span class='ocrx_word' id='word_1_1919' title='bbox 1997 3613 2085 3646; x_wconf 82' lang='lat' dir='ltr'>Finis,</span> <span class='ocrx_word' id='word_1_1920' title='bbox 2100 3611 2220 3641; x_wconf 78' lang='lat' dir='ltr'>Flamen,</span> <span class='ocrx_word' id='word_1_1921' title='bbox 2240 3611 2356 3643; x_wconf 89' lang='lat' dir='ltr'>Forum,</span> <span class='ocrx_word' id='word_1_1922' title='bbox 2377 3612 2436 3645; x_wconf 63' lang='lat' dir='ltr'>Fra.-⁴</span> 
     </span>
     <span class='ocr_line' id='line_1_204' title="bbox 1405 3645 2464 3682; baseline -0.001 -9"><span class='ocrx_word' id='word_1_1923' title='bbox 1405 3653 1462 3679; x_wconf 86' lang='lat' dir='ltr'>ter,</span> <span class='ocrx_word' id='word_1_1924' title='bbox 1481 3647 1577 3678; x_wconf 84' lang='lat' dir='ltr'>Frons,</span> <span class='ocrx_word' id='word_1_1925' title='bbox 1596 3647 1672 3679; x_wconf 86' lang='lat' dir='ltr'>Fuit,</span> <span class='ocrx_word' id='word_1_1926' title='bbox 1693 3647 1786 3673; x_wconf 90' lang='lat' dir='ltr'>Fuluo.</span> <span class='ocrx_word' id='word_1_1927' title='bbox 1815 3656 1833 3681; x_wconf 76' lang='lat' dir='ltr'>q</span> <span class='ocrx_word' id='word_1_1928' title='bbox 1853 3654 1876 3673; x_wconf 76' lang='lat' dir='ltr'>ct</span> <span class='ocrx_word' id='word_1_1929' title='bbox 1888 3657 1917 3682; x_wconf 69' lang='lat'>:1-</span> <span class='ocrx_word' id='word_1_1930' title='bbox 1941 3648 2018 3674; x_wconf 86' lang='lat' dir='ltr'>Filia.</span> <span class='ocrx_word' id='word_1_1931' title='bbox 2090 3647 2141 3674; x_wconf 74' lang='grc' dir='ltr'><strong>ΡΛ.</strong></span> <span class='ocrx_word' id='word_1_1932' title='bbox 2168 3645 2294 3678; x_wconf 84' lang='lat' dir='ltr'>Familia,</span> <span class='ocrx_word' id='word_1_1933' title='bbox 2315 3647 2437 3679; x_wconf 84' lang='lat' dir='ltr'>Femina,</span> <span class='ocrx_word' id='word_1_1934' title='bbox 2459 3662 2464 3670; x_wconf 86' lang='lat'>.</span> 
     </span>
     <span class='ocr_line' id='line_1_205' title="bbox 1406 3680 2437 3710; baseline 0 -2"><span class='ocrx_word' id='word_1_1935' title='bbox 1406 3683 1484 3709; x_wconf 87' lang='lat' dir='ltr'>Filia.</span> <span class='ocrx_word' id='word_1_1936' title='bbox 1553 3683 1581 3709; x_wconf 87' lang='lat' dir='ltr'>F.</span> <span class='ocrx_word' id='word_1_1937' title='bbox 1600 3683 1631 3708; x_wconf 89' lang='lat' dir='ltr'>A.</span> <span class='ocrx_word' id='word_1_1938' title='bbox 1649 3682 1720 3708; x_wconf 86' lang='lat' dir='ltr'>Filio</span> <span class='ocrx_word' id='word_1_1939' title='bbox 1734 3683 1920 3710; x_wconf 79' lang='lat' dir='ltr'>Amanrislirno.</span> <span class='ocrx_word' id='word_1_1940' title='bbox 1964 3684 1982 3709; x_wconf 84' lang='lat' dir='ltr'>F</span> <span class='ocrx_word' id='word_1_1941' title='bbox 2016 3683 2073 3709; x_wconf 89' lang='lat' dir='ltr'>AB.</span> <span class='ocrx_word' id='word_1_1942' title='bbox 2098 3681 2288 3708; x_wconf 83' lang='lat' dir='ltr'>HEREDIB.</span> <span class='ocrx_word' id='word_1_1943' title='bbox 2313 3680 2437 3708; x_wconf 80' lang='lat' dir='ltr'>TEST.</span> 
     </span>
     <span class='ocr_line' id='line_1_206' title="bbox 1406 3715 2438 3745; baseline -0.001 -1"><span class='ocrx_word' id='word_1_1944' title='bbox 1406 3719 1481 3745; x_wconf 84' lang='lat' dir='ltr'>FIE.</span> <span class='ocrx_word' id='word_1_1945' title='bbox 1502 3718 1577 3744; x_wconf 91' lang='lat' dir='ltr'>IVS.</span> <span class='ocrx_word' id='word_1_1946' title='bbox 1611 3717 1717 3744; x_wconf 57' lang='lat' dir='ltr'>Factum</span> <span class='ocrx_word' id='word_1_1947' title='bbox 1735 3718 1775 3744; x_wconf 83' lang='lat' dir='ltr'>Ab</span> <span class='ocrx_word' id='word_1_1948' title='bbox 1796 3719 1946 3745; x_wconf 83' lang='lat' dir='ltr'>Hcredibus</span> <span class='ocrx_word' id='word_1_1949' title='bbox 1959 3718 2158 3745; x_wconf 87' lang='lat' dir='ltr'>Testamentum</span> <span class='ocrx_word' id='word_1_1950' title='bbox 2178 3715 2250 3742; x_wconf 87' lang='lat' dir='ltr'>Fieri</span> <span class='ocrx_word' id='word_1_1951' title='bbox 2265 3716 2340 3743; x_wconf 81' lang='lat' dir='ltr'>Iullit.</span> <span class='ocrx_word' id='word_1_1952' title='bbox 2407 3716 2438 3743; x_wconf 77' lang='lat' dir='ltr'>F.</span> 
     </span>
     <span class='ocr_line' id='line_1_207' title="bbox 1407 3752 2470 3789; baseline -0.002 -9"><span class='ocrx_word' id='word_1_1953' title='bbox 1407 3754 1468 3780; x_wconf 78' lang='lat' dir='ltr'>AN.</span> <span class='ocrx_word' id='word_1_1954' title='bbox 1485 3753 1517 3780; x_wconf 93' lang='lat' dir='ltr'>X.</span> <span class='ocrx_word' id='word_1_1955' title='bbox 1539 3754 1568 3780; x_wconf 87' lang='lat' dir='ltr'>F.</span> <span class='ocrx_word' id='word_1_1956' title='bbox 1585 3753 1615 3780; x_wconf 93' lang='lat' dir='ltr'>C.</span> <span class='ocrx_word' id='word_1_1957' title='bbox 1642 3753 1726 3779; x_wconf 85' lang='lat' dir='ltr'>Filiae</span> <span class='ocrx_word' id='word_1_1958' title='bbox 1746 3757 1801 3786; x_wconf 75' lang='lat' dir='ltr'>(vet</span> <span class='ocrx_word' id='word_1_1959' title='bbox 1814 3755 1903 3787; x_wconf 88' lang='lat' dir='ltr'>Filio)</span> <span class='ocrx_word' id='word_1_1960' title='bbox 1923 3755 2059 3781; x_wconf 87' lang='lat' dir='ltr'>Annorum</span> <span class='ocrx_word' id='word_1_1961' title='bbox 2072 3753 2169 3778; x_wconf 86' lang='lat' dir='ltr'>Decem</span> <span class='ocrx_word' id='word_1_1962' title='bbox 2183 3752 2344 3777; x_wconf 81' lang='lat' dir='ltr'>Faciundum</span> <span class='ocrx_word' id='word_1_1963' title='bbox 2358 3753 2442 3789; x_wconf 50' lang='lat' dir='ltr'>Cump-</span> <span class='ocrx_word' id='word_1_1964' title='bbox 2467 3759 2470 3766; x_wconf 65' lang='lat'>¹</span> 
     </span>
     <span class='ocr_line' id='line_1_208' title="bbox 1523 3787 2479 3823; baseline -0.003 -8"><span class='ocrx_word' id='word_1_1965' title='bbox 1523 3789 1596 3816; x_wconf 66' lang='grc' dir='ltr'><strong>ΕΑΒ.</strong></span> <span class='ocrx_word' id='word_1_1966' title='bbox 1634 3789 1745 3822; x_wconf 74' lang='lat' dir='ltr'>Fabius,</span> <span class='ocrx_word' id='word_1_1967' title='bbox 1779 3790 1902 3817; x_wconf 76' lang='lat' dir='ltr'>Fabi-sun.</span> <span class='ocrx_word' id='word_1_1968' title='bbox 1974 3787 2168 3820; x_wconf 89' lang='lat' dir='ltr'>FACiundum,</span> <span class='ocrx_word' id='word_1_1969' title='bbox 2205 3787 2329 3813; x_wconf 86' lang='lat' dir='ltr'>FACtum</span> <span class='ocrx_word' id='word_1_1970' title='bbox 2360 3788 2436 3814; x_wconf 85' lang='lat' dir='ltr'>Bene.</span> <span class='ocrx_word' id='word_1_1971' title='bbox 2460 3792 2463 3801; x_wconf 75' lang='lat'><em>&#39;</em></span> <span class='ocrx_word' id='word_1_1972' title='bbox 2477 3819 2479 3823; x_wconf 23' lang='grc' dir='ltr'><em>Α</em></span> 
     </span>
     <span class='ocr_line' id='line_1_209' title="bbox 1408 3822 2479 3853; baseline -0.005 -1"><span class='ocrx_word' id='word_1_1973' title='bbox 1408 3824 1583 3852; x_wconf 86' lang='lat' dir='ltr'>FACiendum</span> <span class='ocrx_word' id='word_1_1974' title='bbox 1614 3825 1733 3851; x_wconf 88' lang='lat' dir='ltr'>Curauit.</span> <span class='ocrx_word' id='word_1_1975' title='bbox 1807 3827 1932 3853; x_wconf 86' lang='lat' dir='ltr'>FACtum</span> <span class='ocrx_word' id='word_1_1976' title='bbox 1958 3825 2088 3852; x_wconf 82' lang='lat' dir='ltr'>Feliciter.</span> <span class='ocrx_word' id='word_1_1977' title='bbox 2174 3823 2283 3852; x_wconf 49' lang='lat' dir='ltr'>rami,</span> <span class='ocrx_word' id='word_1_1978' title='bbox 2318 3822 2437 3850; x_wconf 82' lang='lat' dir='ltr'>Familia.</span> <span class='ocrx_word' id='word_1_1979' title='bbox 2478 3828 2479 3836; x_wconf 67' lang='lat'>¹</span> 
     </span>
     <span class='ocr_line' id='line_1_210' title="bbox 1409 3858 2437 3893; baseline -0.003 -5"><span class='ocrx_word' id='word_1_1980' title='bbox 1409 3860 1549 3888; x_wconf 86' lang='lat' dir='ltr'>FALerina</span> <span class='ocrx_word' id='word_1_1981' title='bbox 1569 3859 1651 3886; x_wconf 86' lang='lat' dir='ltr'>tribu.</span> <span class='ocrx_word' id='word_1_1982' title='bbox 1715 3861 1852 3893; x_wconf 92' lang='lat' dir='ltr'>FAMilia,</span> <span class='ocrx_word' id='word_1_1983' title='bbox 1877 3859 2032 3888; x_wconf 84' lang='lat' dir='ltr'>Familiaris.</span> <span class='ocrx_word' id='word_1_1984' title='bbox 2110 3860 2138 3886; x_wconf 93' lang='lat' dir='ltr'>F.</span> <span class='ocrx_word' id='word_1_1985' title='bbox 2157 3861 2186 3886; x_wconf 94' lang='lat' dir='ltr'>B.</span> <span class='ocrx_word' id='word_1_1986' title='bbox 2206 3862 2243 3887; x_wconf 92' lang='lat' dir='ltr'>M.</span> <span class='ocrx_word' id='word_1_1987' title='bbox 2280 3858 2352 3884; x_wconf 85' lang='lat' dir='ltr'>Fecit</span> <span class='ocrx_word' id='word_1_1988' title='bbox 2370 3859 2437 3885; x_wconf 79' lang='lat' dir='ltr'>Bene</span> 
     </span>
     <span class='ocr_line' id='line_1_211' title="bbox 1410 3893 2436 3928; baseline -0.006 -4"><span class='ocrx_word' id='word_1_1989' title='bbox 1410 3896 1540 3928; x_wconf 87' lang='lat' dir='ltr'>Merenti,</span> <span class='ocrx_word' id='word_1_1990' title='bbox 1565 3895 1649 3921; x_wconf 88' lang='lat' dir='ltr'>Filiae</span> <span class='ocrx_word' id='word_1_1991' title='bbox 1675 3898 1733 3928; x_wconf 76' lang='lat' dir='ltr'>(vel</span> <span class='ocrx_word' id='word_1_1992' title='bbox 1744 3897 1834 3928; x_wconf 85' lang='lat' dir='ltr'>Filio)</span> <span class='ocrx_word' id='word_1_1993' title='bbox 1854 3897 1924 3923; x_wconf 89' lang='lat' dir='ltr'>Bene</span> <span class='ocrx_word' id='word_1_1994' title='bbox 1934 3893 2058 3922; x_wconf 86' lang='lat' dir='ltr'>Merenti.</span> <span class='ocrx_word' id='word_1_1995' title='bbox 2134 3896 2163 3922; x_wconf 92' lang='lat' dir='ltr'>F.</span> <span class='ocrx_word' id='word_1_1996' title='bbox 2182 3897 2212 3922; x_wconf 91' lang='lat' dir='ltr'>C.</span> <span class='ocrx_word' id='word_1_1997' title='bbox 2244 3896 2339 3921; x_wconf 83' lang='lat' dir='ltr'>Facere</span> <span class='ocrx_word' id='word_1_1998' title='bbox 2358 3894 2436 3920; x_wconf 80' lang='lat' dir='ltr'>Cura-</span> 
     </span>
     <span class='ocr_line' id='line_1_212' title="bbox 1409 3929 2441 3965; baseline -0.005 -7"><span class='ocrx_word' id='word_1_1999' title='bbox 1409 3933 1465 3964; x_wconf 89' lang='lat' dir='ltr'>vit,</span> <span class='ocrx_word' id='word_1_2000' title='bbox 1496 3931 1657 3958; x_wconf 87' lang='lat' dir='ltr'>Faciundum</span> <span class='ocrx_word' id='word_1_2001' title='bbox 1677 3932 1804 3965; x_wconf 89' lang='lat' dir='ltr'>Curauit,</span> <span class='ocrx_word' id='word_1_2002' title='bbox 1842 3932 1915 3958; x_wconf 85' lang='lat' dir='ltr'>Fecit</span> <span class='ocrx_word' id='word_1_2003' title='bbox 1934 3930 2117 3961; x_wconf 68' lang='lat' dir='ltr'>Cinci-arium,</span> <span class='ocrx_word' id='word_1_2004' title='bbox 2143 3931 2215 3957; x_wconf 86' lang='lat' dir='ltr'>Fecit</span> <span class='ocrx_word' id='word_1_2005' title='bbox 2237 3929 2441 3957; x_wconf 69' lang='lat' dir='ltr'>Conditor-ium,-</span> 
     </span>
    </p>
   </div>
   <div class='ocr_carea' id='block_1_44' title="bbox 306 3959 2436 4001">
    <p class='ocr_par' dir='ltr' id='par_1_73' title="bbox 306 3959 2436 4001">
     <span class='ocr_line' id='line_1_213' title="bbox 306 3959 2436 4001; baseline -0.002 -8"><span class='ocrx_word' id='word_1_2006' title='bbox 306 3974 338 4000; x_wconf 86' lang='lat'>¹4</span> <span class='ocrx_word' id='word_1_2007' title='bbox 364 3967 415 3993; x_wconf 84' lang='lat' dir='ltr'>Pro</span> <span class='ocrx_word' id='word_1_2008' title='bbox 430 3964 567 3992; x_wconf 83' lang='lat' dir='ltr'>Fundanio</span> <span class='ocrx_word' id='word_1_2009' title='bbox 580 3964 675 3991; x_wconf 78' lang='lat' dir='ltr'>Cicero</span> <span class='ocrx_word' id='word_1_2010' title='bbox 689 3964 793 3996; x_wconf 83' lang='lat' dir='ltr'>testem,</span> <span class='ocrx_word' id='word_1_2011' title='bbox 813 3965 860 3999; x_wconf 92' lang='lat' dir='ltr'>qui</span> <span class='ocrx_word' id='word_1_2012' title='bbox 878 3973 992 3999; x_wconf 81' lang='lat' dir='ltr'>prunam</span> <span class='ocrx_word' id='word_1_2013' title='bbox 1004 3967 1061 3994; x_wconf 79' lang='lat' dir='ltr'>eius</span> <span class='ocrx_word' id='word_1_2014' title='bbox 1075 3967 1179 3994; x_wconf 81' lang='lat' dir='ltr'>literam</span> <span class='ocrx_word' id='word_1_2015' title='bbox 1189 3966 1277 3994; x_wconf 85' lang='lat' dir='ltr'>dicere</span> <span class='ocrx_word' id='word_1_2016' title='bbox 1286 3975 1341 3992; x_wconf 89' lang='lat' dir='ltr'>non</span> <span class='ocrx_word' id='word_1_2017' title='bbox 1354 3975 1397 4000; x_wconf 81' lang='lat'>¹05</span> <span class='ocrx_word' id='word_1_2018' title='bbox 1408 3967 1483 3994; x_wconf 88' lang='lat' dir='ltr'>Fidei</span> <span class='ocrx_word' id='word_1_2019' title='bbox 1496 3967 1685 3999; x_wconf 67' lang='lat' dir='ltr'>Commissum,</span> <span class='ocrx_word' id='word_1_2020' title='bbox 1711 3967 1785 3996; x_wconf 83' lang='lat' dir='ltr'>Fieri</span> <span class='ocrx_word' id='word_1_2021' title='bbox 1803 3967 1930 4000; x_wconf 79' lang='lat' dir='ltr'>Curauit,</span> <span class='ocrx_word' id='word_1_2022' title='bbox 1956 3965 2082 3994; x_wconf 71' lang='lat' dir='ltr'>fiduciae</span> <span class='ocrx_word' id='word_1_2023' title='bbox 2100 3966 2200 4001; x_wconf 88' lang='lat' dir='ltr'>Causa,</span> <span class='ocrx_word' id='word_1_2024' title='bbox 2224 3965 2327 3998; x_wconf 71' lang='lat' dir='ltr'>Fraude</span> <span class='ocrx_word' id='word_1_2025' title='bbox 2348 3959 2436 4001; x_wconf 62' lang='lat' dir='ltr'>Credi-</span> 
     </span>
    </p>
   </div>
   <div class='ocr_carea' id='block_1_45' title="bbox 2364 4003 2436 4026">
    <p class='ocr_par' dir='ltr' id='par_1_74' title="bbox 2364 4003 2436 4026">
     <span class='ocr_line' id='line_1_214' title="bbox 2364 4003 2436 4026; baseline -0.056 0"><span class='ocrx_word' id='word_1_2026' title='bbox 2364 4003 2436 4026; x_wconf 70' lang='lat' dir='ltr'>lom.</span> 
     </span>
    </p>
   </div>
  </div>
 </body>
</html>
