2479 4225
20 0 77 30 μέν
107 1 117 26 τ

20 138 108 228 ³⁶6⁵
263 171 660 213 -FlM
1520 167 1785 209 FlN
2111 174 2192 214 666

0 247 4 295 ‚V
37 244 107 302 quod
129 262 209 297 vulgo
230 262 359 289 laetamen
381 268 506 293 vocatur,
535 268 582 289 etc.
655 260 783 296 Apuleius
803 261 867 287 Met.
886 269 903 294 4
933 269 959 294 p.
985 267 1044 292 144,
1066 246 1102 291 3ἶ
1143 260 1175 286 ab
1191 260 1282 295 Apelle
1298 258 1455 298 potiss'unum
1470 256 1561 292 pingi,
1579 263 1605 283 et
1619 264 1634 283 a
1647 255 1758 297 Lysippo
1774 255 1838 296 fingi
1854 258 1969 298 volebat.
2025 258 2109 285 Paullo
2121 258 2191 298 post,

0 299 9 330 Γ,
38 303 114 330 Fimo
132 297 264 325 fistulatim
278 297 390 324 exculso.
460 298 527 324 Plin.
543 306 582 332 17,
596 306 611 330 9
634 299 765 324 M.Varro
779 297 953 332 principatum
971 295 1014 322 dat
1027 302 1080 321 tur·
1143 296 1200 322 Nec
1214 297 1302 322 minus
1316 295 1351 322 est
1363 295 1503 328 Spartiates
1518 292 1647 328 Agesilaus
1661 292 1705 319 illc
1723 291 1908 331 perhibeiulm,
1921 303 1966 327 qm
1982 302 2067 329 neque
2081 296 2189 330 pictam,

38 333 131 364 dorum
144 333 207 360 fimo
226 341 257 359 ex
271 333 391 359 auiariis.
462 333 566 360 Bubulo
586 333 650 360 fimo
669 334 774 360 incenso
793 332 875 358 sacius
896 332 983 356 sumus
1004 337 1078 364 aptus
1143 340 1229 366 neque
1243 331 1330 358 fictam
1345 329 1487 364 imaginem
1502 329 1570 355 suam
1587 329 1666 363 palliis
1681 328 1716 354 est
1730 327 1787 354 esse.
1846 328 1954 360 Fingere
1970 336 1993 355 ct
2008 330 2125 357 formare
2133 332 2190 358 Cic,

7 369 11 378 “
39 371 128 408 apibus
140 368 269 399 Columel.
283 377 311 402 9,
324 377 363 403 14,
380 377 398 394 1.
469 369 661 402 Colunibinus,
680 368 734 395 vid.
750 373 896 394 convaffl»
906 374 928 392 s.
1002 367 1079 392 Fimo
1145 367 1285 400 Acad.i,6.
1320 365 1400 400 Fingi
1413 365 1540 400 gignique
1557 364 1639 391 multa
1652 364 1681 391 in
1694 364 1762 399 agris
1779 369 1886 397 propter
1898 364 2082 392 secundimtem
2093 367 2190 394 (gig-,de

43 402 166 440 coi-rupto
179 404 294 438 aliquem
311 404 470 439 perfundere
498 405 515 432 l.
529 414 538 431 1
577 404 600 439 6.
621 414 631 432 1
668 404 700 431 D.
723 403 755 430 de
780 401 943 429 extraordin.
975 402 1080 428 crimin.
1103 408 1116 434 5
1147 403 1281 437 Diu.1,94
1289 403 1364 436 Qiae
1372 407 1464 427 natura
1472 409 1554 435 prona
1566 407 1644 435 atque
1653 399 1740 427 ventri
1752 398 1904 426 obedientia
1920 398 2058 425 finxitSall.
2069 402 2094 427 in
2103 404 2159 429 Cat,
2170 411 2189 429 ι,

5 454 7 459 ·
38 439 198 471 Gallinarum
212 440 288 466 fimus
300 439 388 467 bobus
401 441 497 467 noxius
512 438 606 475 Vege't.
619 449 642 473 3,
655 448 677 466 2.
713 439 835 474 Murinus
851 437 1009 464 Sammonic.
1024 446 1078 472 354·
1146 439 1266 472 Fingere,
1287 438 1316 464 de
1330 445 1398 472 opere
1408 434 1514 471 pistorio
1526 443 1568 461 aut
1582 437 1703 462 dulsiario
1716 437 1820 461 ffueton.
1835 433 1942 468 August.
1961 442 1982 459 c.
1997 442 2014 466 4
2033 443 2096 462 extr.
2132 439 2188 466 Cic.

40 477 157 509 Ouillus,
182 474 236 501 vid.
250 475 298 512 sub
322 483 341 502 o
352 482 428 503 VIS.
524 476 644 503 Reddere
667 475 775 505 fimum,
802 475 960 499 Excrementa
983 477 1081 499 ventris
1145 475 1221 500 Verr.
1233 484 1260 506 4,
1275 483 1305 506 30
1330 472 1470 505 cybiratae
1485 471 1542 497 sunt
1554 471 1647 497 fratrc-s
1662 471 1770 505 quidam
1783 470 1959 504 Tlepolemus
1971 474 1996 495 et
2008 471 2080 496 llcro
2093 482 2099 502 ;
2124 482 2189 507 quo.

41 521 132 551 egerere
155 510 222 537 Plin-
244 517 273 545 8,
298 518 331 544 15.
438 511 533 546 Pingui
549 510 612 538 fim'o
632 512 745 537 saturare
766 509 821 535 sola
840 508 936 542 Virgil.
957 509 1081 543 Georgic.
1145 519 1203 536 rum
1218 510 1330 536 alterum
1344 508 1441 542 lingere
1456 506 1553 540 opinor
1567 515 1581 532 e
1596 515 1654 532 cci-a
1669 507 1775 533 solitum
1789 507 1845 538 csse,
1862 505 1974 532 alterum
1987 505 2034 530 elle
2050 506 2188 539 pic‘torcni.

3 544 6 546 ’
41 558 60 581 ι,
78 553 117 579 80.
312 543 333 582 q
362 555 373 572 2
413 547 519 581 Fimus,
542 547 662 583 feminin.
683 544 751 570 dixit
770 544 875 579 Apulei.
896 545 960 570 Met.
975 552 992 578 7
1017 552 1081 571 carr.
1145 546 1175 571 In
1189 546 1254 572 ceris
1268 545 1366 578 fingere
1379 541 1452 570 Idem
1465 542 1496 568 de
1512 542 1606 568 Natur.
1620 543 1699 568 Dcor.
1714 550 1733 575 1,
1746 549 1783 576 71.
1953 545 1956 552 ·
1980 536 2001 602 ἶ
2022 547 2038 566 2
2075 543 2188 578 Metuph.

0 585 4 593 “
54 581 152 618 *quida
173 580 238 608 fimo
251 581 368 609 >strictim
388 583 480 617 egesta.
533 585 575 611 Sic
592 589 657 609 certe
673 581 781 607 Elmenh.
845 579 893 608 Sed
910 581 943 606 al.
965 580 1081 615 Liquido
1100 588 1127 607 ιο
1147 581 1249 607 Natura
1264 587 1290 607 te
1305 580 1381 606 tinxit
1396 578 1427 604 ad
1441 577 1601 603 honestatem
1617 578 1671 603 Cic.
1686 587 1733 611 pro
1745 578 1817 604 Mur.
1840 585 1862 602 c.
1876 583 1918 609 29.
2000 575 2058 602 dem
2075 586 2122 610 pro
2137 579 2189 604 Mi-

30 642 34 647 .
60 615 166 650 ercore,
186 623 232 644 etc.
390 621 393 624 ⁴
1148 616 1202 644 lou.
1226 624 1237 649 5
1263 615 1336 649 Qiid
1348 614 1419 641 enim
1438 613 1516 639 nobis
1533 612 1635 640 duobus
1650 613 1764 644 Iudices,
1785 611 1956 643 laboriosius,
1977 611 2043 646 quid
2054 612 2137 646 magis
2150 614 2189 639 so-

12 683 13 686 ,
41 648 222 685 ''⁴⁷F1MVM,
243 652 261 678 i.
286 662 312 679 11.
348 653 414 681 Plin.
430 659 466 686 28,
481 662 506 680 12
532 652 659 680 Dolorem
674 650 850 677 inflexibilem
869 650 1083 685 (Opistliotonon
1146 652 1250 679 licitum
1260 671 1268 684 ‚
1288 651 1371 686 magis
1383 649 1528 676 exercitum
1543 648 1603 674 Dici
1617 654 1660 675 aut
1675 649 1737 683 fingi
1751 648 1849 682 potest,
1866 654 1910 673 cte.
1983 647 2038 674 Cic.
2053 656 2102 682 pro
2110 649 2190 676 Dom.

32 691 149 720 vocant)
167 687 236 714 leuat
249 689 327 715 vrina
342 697 433 723 caprae
447 689 556 715 auribus
570 687 672 719 infusa,
688 692 732 712 aut
747 687 840 713 fimum
853 695 912 712 cum
929 685 1018 712 bulbis
1031 687 1082 712 illi-
1147 695 1182 722 79
1206 687 1279 720 Qiid
1292 692 1318 714 te
1331 691 1376 713 aut
1393 685 1453 711 fieri
1473 690 1518 711 aut
1532 683 1596 718 fingi
1611 683 1757 710 dementius
1771 683 1853 718 potest
1868 682 1882 722 ἓ,
1949 681 2021 709 Ideni
2038 682 2078 709 de'
2088 684 2188 710 Senect.

28 729 103 753 mim.
158 722 196 750 Id.
210 732 250 756 29,
268 732 280 757 5
305 724 411 751 Prodest
425 731 449 751 et
464 724 554 750 fimum
568 722 750 757 gallinaceum.
803 722 872 750 ibid.
887 729 900 755 5
926 721 1083 750 Remedium
1147 733 1177 758 41
1199 721 1279 757 Qiod
1294 730 1348 757 quo
1368 720 1450 755 magis
1470 720 1587 754 intelligi
1604 720 1699 754 poli‘ct,
1720 719 1819 753 lingere
1832 719 1930 744 Animo
1946 718 2062 753 aliquem
2080 718 2189 747 iubebat

28 759 77 787 sest
91 759 182 786 fimum
202 759 370 786 caballinum.
405 758 646 792 Add,Saiiin10nic.
660 766 713 792 721..
1102 764 1126 791 15
1147 763 1217 791 tama
1236 758 1376 787 incitatum
1394 756 1530 790 voluptate
1552 756 1688 789 corporiS,
1719 760 1815 789 quanta
1838 754 1940 788 percipi
1963 755 2043 788 posset
2065 755 2189 783 maxima.

75 801 146 822 FIM
157 795 174 821 1}
186 800 208 821 Τ
218 801 272 821 νΜ
285 815 293 828 ,
315 795 335 822 i.
372 805 398 822 n.
434 792 555 829 [έοπρόν]
597 794 794 829 Stcrquilim'um.
836 791 902 819 Plin.
923 801 954 825 ²4
964 812 972 824 ,
991 801 1028 825 19.
1061 799 1084 819 et
1147 794 1245 821 Animo
1261 799 1286 820 et
1301 793 1463 828 cogitatione
1478 790 1580 826 aliquid
1593 791 1690 825 fingere
1705 791 1760 817 Cic.
1772 790 1854 816 Tusc.
1870 797 1893 822 ς,
1907 792 1938 818 68
1963 798 1983 815 c.
1999 798 2038 822 24.
2111 792 2192 826 Cogi-

38 837 77 866 17,
97 838 113 863 9
139 830 241 857 Fimeta
260 831 307 857 sub
326 830 373 858 dio
391 838 506 857 concauo
525 829 603 861 loco,
629 835 654 856 ct
674 830 722 864 qui
740 829 879 855 humorem
898 827 1004 862 colligat
1023 828 1083 855 stra·
1146 830 1246 857 tatione
1258 829 1341 864 igitur
1355 828 1446 862 fingite
1465 827 1607 861 imaginem
1628 826 1704 852 huius
1720 825 1883 852 conditionis
1900 832 1974 851 meac
1992 825 2064 851 Idem
2079 834 2128 861 pro
2140 828 2192 855 Mi.

38 872 127 894 mento
142 865 257 899 intecta,
275 875 309 893 ne
320 867 349 893 in
361 866 416 893 sole
428 866 559 897 arescant,
580 865 642 900 palo
655 873 670 891 e
684 865 782 892 robore
798 862 909 899 depacto
929 863 989 891 fieri
1009 864 1083 891 iubet
1146 865 1200 892 lon.
1214 873 1258 900 79.
1355 864 1467 898 Fingere
1482 872 1512 889 ex
1528 863 1571 889 sua
1589 868 1682 889 natura
1698 868 1812 888 caeteros
1828 871 1833 887 :
1857 861 1881 887 h.
1897 869 1916 886 c.
1934 867 2042 887 caeteros
2055 871 2083 887 cx
2091 863 2138 898 suo
2153 866 2190 889 in.

37 901 178 936 Virgilius.
1144 904 1216 938 genio
1229 900 1339 928 iudicare
1354 901 1409 927 Cic.
1424 908 1471 934 pro
1486 899 1561 926 Rosc.
1575 899 1663 925 Auier.
1680 900 1710 924 26
1730 907 1752 923 c.
1767 906 1792 930 9.
1848 896 1952 931 Suscipe
1966 896 2107 931 paullisper
2121 907 2191 926 meas

38 939 54 956 ’Δ
72 943 141 964 FiM
152 938 201 964 ,KR
213 943 223 963 1
235 943 296 969 vs,
314 936 333 963 i.
367 944 404 962 m.
440 935 518 971 Apud
529 935 676 962 Firmicum
695 934 738 970 effi
751 934 855 962 dicitur.
1096 945 1130 964 20
1145 943 1243 972 partes,
1261 942 1288 963 et
1305 945 1366 962 eum
1380 942 1405 962 te
1425 936 1473 961 effe
1487 934 1572 969 finge,
1591 934 1638 969 qui
1651 934 1707 960 suin
1722 942 1771 967 ego
1790 931 1863 958 Idem
1878 932 1947 958 Fam.
1963 940 1984 963 3,
1999 940 2035 958 12.
2106 934 2190 969 Finge

71 974 260 1006 F1M6svs,
279 981 304 1005 a,
323 979 378 997 um·
412 970 474 998 Adi·
512 973 544 998 In
564 971 688 1006 Digestis·
1145 973 1263 1007 aliquem
1283 981 1351 998 nunc
1371 971 1430 998 ficri
1443 971 1601 1005 sapientem,
1620 969 1738 996 nondum
1757 969 1805 994 else
1826 967 1882 994 Cic.
1899 968 1977 993 Acad.
1991 976 2019 1000 4,
2033 969 2073 997 86.
2127 970 2190 1005 le.

1145 1008 1161 1034 l.
1175 1005 1234 1034 ium
1248 1007 1356 1043 quidam
1379 1008 1410 1033 D.
1431 1007 1462 1033 de
1477 1005 1637 1040 acquirenda
1649 1004 1762 1031 heredit.
1816 1003 1904 1041 Finge·
1918 1002 2071 1029 obstetrices
2091 1003 2188 1032 dicere.

432 1044 456 1076 F
559 1046 574 1077 I
681 1044 713 1076 N
1144 1044 1249 1078 Fingite
1263 1052 1305 1069 me
1319 1043 1427 1078 dignuin
1443 1041 1489 1068 tali
1501 1050 1564 1068 nece
1585 1040 1666 1067 Ouid.
1680 1048 1700 1072 1,
1711 1047 1738 1071 2,
1753 1046 1793 1078 57.
1876 1038 1958 1072 Finge
1977 1037 2078 1072 aliquid
2098 1041 2190 1067 saltem

1144 1079 1284 1106 commode
1300 1079 1357 1105 Cic.
1370 1088 1418 1113 pro
1432 1078 1507 1105 Rosc.
1524 1078 1582 1103 Am.
1604 1085 1626 1102 c.
1637 1084 1673 1108 19.
1728 1074 1793 1101 le.
1808 1071 1885 1106 Epist.
1901 1074 1928 1104 6,
1941 1075 1985 1105 26,
1995 1081 2010 1098 z
2031 1074 2102 1101 Tibi
2115 1076 2190 1110 spon-

38 1113 40 1115 *
71 1119 215 1147 FzNDO,
234 1113 297 1146 fidi,
322 1112 421 1146 fissum,
442 1115 497 1141 ere.
534 1114 547 1148 [
581 1113 640 1149 ἵζω]
677 1113 792 1141 Scindere
812 1118 836 1139 et
854 1109 986 1139 interiectu
1003 1116 1080 1144 cunei,
1095 1121 1127 1148 25
1140 1114 1210 1145 deo,
1240 1114 1394 1142 habiturum
1417 1121 1442 1141 te
1481 1121 1587 1139 eneruri
1600 1131 1607 1144 ,
1640 1119 1694 1145 quo
1714 1110 1813 1136 melior
1831 1107 1910 1142 fingi,
1934 1116 1967 1133 ne
1993 1114 2057 1135 voto
2079 1111 2189 1144 quidem

33 1149 76 1184 vel
84 1151 252 1184 ‹suini-cunque>
261 1151 301 1175 rei
320 1159 371 1175 rem
385 1149 498 1177 diuidere
516 1125 619 1176 iniiam
628 1152 739 1185 ῥᾶναι-’μ
761 1158 791 1175 ac
800 1151 904 1184 proprie
922 1149 956 1175 ad
966 1158 992 1175 ca
1002 1152 1081 1184 perti·
1143 1151 1239 1186 potuit.
1454 1122 1478 1186 ξ
1503 1157 1516 1180 3
1552 1148 1598 1175 Sco
1617 1155 1707 1173 omnem
1726 1149 1776 1172 vim
1796 1143 1867 1170 verbi
1886 1153 1934 1183 yion
1952 1145 2039 1170 melius
2056 1144 2190 1173 declarabi-

34 1190 91 1215 net,
111 1193 171 1220 quac
185 1185 303 1219 partibus
316 1183 412 1218 constat
433 1189 483 1219 iis,
503 1195 564 1221 quas
582 1196 598 1213 a
615 1184 740 1211 findendo
758 1184 838 1211 fibras
855 1188 955 1216 vocari,
969 1185 1015 1220 suo
1029 1187 1081 1211 loco
1141 1197 1212 1219 mus,
1233 1195 1304 1222 quam
1317 1184 1452 1221 propofitis
1469 1183 1618 1211 Nominibus
1633 1192 1730 1214 eorum,
1749 1189 1809 1217 quae
1826 1179 1903 1213 Fingi
1923 1178 2050 1219 dicuntur.
2086 1181 2142 1208 Cic.
2156 1182 2188 1209 de

35 1219 150 1257 diximus.
191 1219 250 1246 Vsd.
270 1227 447 1247 FiSSILis.
496 1221 641 1253 Laudatur,
662 1221 741 1257 nqscio
760 1230 831 1256 quam
849 1220 921 1252 bene,
948 1220 1079 1247 Columel.
1143 1222 1250 1249 Amicit.
1270 1231 1295 1254 51
1322 1223 1410 1256 Atque
1428 1221 1509 1246 etiam
1527 1219 1596 1245 mihi
1615 1217 1724 1253 quidem
1744 1216 1885 1255 videntur,
1909 1222 1956 1249 qui
1974 1215 2098 1243 Vtilitatis
2115 1219 2190 1246 causa

34 1263 65 1289 3,
100 1273 106 1282 .
142 1274 149 1281 .
185 1253 315 1289 Curabis,
335 1262 365 1283 vt
381 1257 586 1291 praeacutislima
600 1257 683 1289 falce,
701 1256 734 1283 ab
753 1265 783 1283 ea
799 1261 888 1291 parte,
907 1264 957 1290 qua
976 1256 1080 1283 bifurca
1144 1258 1247 1292 fingunt
1260 1257 1413 1286 Amicitias.
1434 1254 1646 1282 amabilill'iinuin
1660 1253 1758 1279 nodum
1774 1251 1906 1278 amicitiae
1918 1248 2023 1292 tollere.
2077 1252 2189 1281 Animos

37 1289 89 1323 est,
106 1289 187 1317 findas
202 1300 268 1317 cam.
339 1292 453 1319 Findere
469 1300 495 1319 ct
508 1292 628 1319 diuidere
648 1293 705 1324 Cic.
720 1291 751 1318 de
764 1291 857 1326 chib.
874 1300 899 1323 2,
914 1294 938 1318 6.
1010 1293 1080 1318 A'e'ra
1092 1300 1124 1324 30
1143 1293 1308 1320 audientium
1323 1291 1432 1326 Qiinft.
1447 1300 1469 1323 3,
1482 1300 1509 1324 4.
1581 1290 1673 1316 Animi
1690 1289 1776 1323 inopis
1793 1293 1818 1314 et
1838 1286 1926 1326 pusilli
1944 1286 1971 1311 di
1993 1295 2036 1312 me
2057 1286 2190 1319 finxerunt

3 1330 8 1335 ”
37 1325 111 1366 ἧῐξάἰτ
123 1326 203 1353 Ouid.
215 1327 281 1353 Met.
293 1335 322 1360 4,
336 1330 397 1355 666.
417 1327 446 1355 de
458 1329 557 1355 volante
566 1328 659 1364 Perseo.
730 1328 796 1354 Plin.
812 1337 850 1357 10,
863 1336 889 1359 23
909 1327 938 1353 de
956 1327 1082 1362 anseribus
1142 1331 1237 1356 Horat.
1252 1329 1334 1355 Serm.
1354 1337 1374 1359 1,
1393 1336 1419 1361 4,
1439 1333 1473 1357 18.
1501 1327 1525 1352 h.
1539 1335 1557 1352 e.
1571 1325 1698 1360 ficerunt.
1788 1324 1913 1349 Carmina
1930 1321 2104 1362 Ideanarin.
2119 1334 2153 1358 4,
2166 1335 2189 1357 2,

1 1379 5 1385 ·
40 1361 198 1399 edroloribus,
221 1362 426 1390 Liburnicarum
439 1373 514 1391 more
525 1364 639 1391 rostrato
653 1364 755 1398 impetu
770 1364 910 1395 feruntur,
927 1363 1031 1389 facilius
1045 1364 1082 1390 ita
1142 1374 1181 1398 32.
1206 1368 1224 1391 z'.
1244 1371 1393 1400 componere.
1468 1361 1538 1388 Ter.
1559 1362 1623 1387 Eun.
1644 1369 1665 1392 1,
1687 1368 1712 1392 z,
1733 1365 1760 1392 58
1787 1358 1925 1392 Postquam
1946 1358 2024 1384 sentit
2040 1367 2082 1385 me
2100 1365 2188 1388 tecum

42 1392 160 1425 findentes
172 1399 265 1429 Aeta„
276 1407 354 1433 quam
374 1399 393 1424 fi
407 1399 480 1426 recita
493 1400 583 1427 fronte
602 1400 769 1435 impellerent
783 1410 788 1425 :
814 1408 829 1425 a
843 1405 919 1433 tergo
933 1398 1024 1425 seufim
1043 1398 1081 1425 di·
1143 1409 1251 1437 quoque
1262 1409 1320 1427 rem
1330 1399 1440 1432 babere,
1460 1397 1535 1432 fingit
1549 1397 1651 1427 Causas,
1666 1405 1698 1421 nc
1712 1394 1765 1427 det,
1784 1394 1883 1420 sedule.
1902 1396 1919 1419 i.
1933 1393 2073 1421 cauillatur.
2120 1396 2188 1423 Ter.

42 1431 134 1460 latante
146 1433 174 1466 se
193 1442 278 1460 cuneo
295 1434 444 1469 porrigitur
462 1444 564 1470 agmen.
635 1437 720 1470 Agros
739 1435 822 1462 Sirius
842 1434 919 1461 findit
940 1434 1039 1461 Tibul.
1062 1443 1081 1466 1,
1143 1438 1207 1464 Hec,
1223 1445 1251 1469 4,
1263 1445 1291 1469 4,
1303 1443 1333 1470 71
1354 1435 1429 1461 Facis
1443 1434 1580 1465 iniuriam,
1593 1441 1674 1467 quum
1688 1431 1763 1465 fingis
1777 1430 1853 1456 falsas
1867 1429 1960 1455 Causas
1975 1429 2005 1455 ad
2020 1428 2188 1459 discordiam.

58 1475 115 1500 ,21.
181 1469 279 1496 Hiulca
299 1469 341 1496 {iti
361 1470 438 1497 findit
459 1472 529 1497 canis
543 1471 650 1498 aestifer
663 1472 735 1498 Arna
754 1470 853 1505 virgil.
867 1471 964 1505 Georg.
978 1479 1010 1501 2,
1030 1478 1080 1503 353.
1097 1484 1125 1508 35
1144 1472 1262 1504 Collyria
1282 1471 1380 1506 fingere
1397 1470 1517 1496 Scribon.
1538 1477 1571 1494 21.
1585 1476 1626 1494 22.
1646 1475 1686 1501 27.
1790 1466 1886 1492 eomas
1907 1473 1972 1491 auro
1994 1464 2106 1492 finxerat
2126 1467 2189 1495 Stat.

3 1529 6 1536 ‚
75 1502 142 1532 elum
157 1503 256 1531 findere
269 1512 357 1532 aratro
372 1506 453 1533 Ouid.
467 1507 553 1533 Trist.
570 1515 590 1538 1,
604 1512 627 1538 8,
642 1515 654 1538 3
681 1505 709 1532 dc
722 1507 758 1534 Re
778 1505 927 1541 impoffibili.
998 1506 1081 1532 Plaut.
1144 1507 1237 1534 Theb.
1252 1515 1274 1540 5,
1288 1514 1334 1536 228
1359 1505 1405 1540 mJi
1418 1507 1465 1541 leg.
1480 1505 1594 1531 Fixerat.
1665 1503 1786 1536 Corpora
1803 1501 1902 1535 fingere
1921 1500 2011 1540 lingua
2025 1511 2029 1526 :
2054 1501 2080 1528 h.
2100 1512 2120 1529 e.
2139 1504 2188 1530 lin·-

36 1537 123 1567 Bacch.
136 1547 162 1573 2,
178 1549 201 1572 3,
217 1548 245 1575 17
272 1542 332 1567 Heu
345 1550 392 1568 cor
405 1550 495 1568 meum
515 1547 541 1568 et
556 1542 695 1568 cerebrum
710 1541 845 1568 Nicobole
858 1539 985 1574 finditur,
1006 1541 1082 1568 istius
1144 1543 1222 1580 gendo
1242 1542 1390 1576 efformare,
1410 1539 1607 1576 quemadmodum
1624 1539 1702 1564 leones
1722 1544 1745 1563 et
1763 1536 1814 1570 vrfi
1828 1538 1911 1573 solent
1924 1538 1985 1576 suos
2001 1539 2096 1563 catulos
2114 1538 2190 1574 Virg.

33 1573 158 1606 hominis,
172 1576 219 1601 vbi
234 1575 263 1602 fit
278 1585 384 1610 quaque
396 1577 508 1603 mentio.
577 1576 720 1611 Euphrates
735 1577 791 1603 illic
805 1576 915 1603 finditur
929 1577 993 1603 Plin.
1004 1580 1030 1609 6,
1039 1580 1081 1603 26.
1145 1581 1209 1605 Aen.
1224 1584 1247 1611 8,
1260 1587 1305 1612 42.
1376 1575 1538 1603 Credibilius
1552 1574 1650 1608 fingere
1664 1571 1774 1608 QiinGt.
1787 1581 1814 1605 4,
1828 1581 1848 1598 2.
1919 1573 2028 1598 Crimen
2047 1573 2190 1602 Cic.Verr.

35 1609 112 1646 Ereta
124 1609 226 1637 findere
240 1611 313 1637 classe
327 1613 444 1646 Propert.
457 1621 479 1645 3,
493 1621 527 1646 4,
546 1621 572 1639 2.
644 1613 764 1638 Humum
783 1612 894 1639 solidam
912 1611 1011 1639 findere
1030 1621 1084 1639 cai·-
1143 1623 1165 1647 3,
1181 1623 1231 1647 141.
1301 1614 1396 1639 Horat.
1410 1611 1488 1646 Epist.
1503 1620 1522 1643 1,
1538 1619 1562 1643 2,
1574 1613 1611 1643 64
1629 1609 1718 1643 Fingit
1731 1609 1834 1641 Equum
1852 1612 1940 1632 tenera
1955 1607 2069 1633 docilem
2087 1609 2189 1635 ceruice

31 1645 105 1671 mine
125 1645 205 1672 Ouid.
220 1647 312 1674 Amor.
330 1656 349 1678 1,
366 1652 387 1677 8,
403 1653 436 1676 18.
508 1648 583 1675 Mare
603 1647 676 1674 findo
695 1648 784 1674 carina
802 1648 925 1682 Propert.
945 1656 974 1680 3,
992 1656 1025 1680 9,
1044 1656 1080 1680 35.
1092 1661 1129 1686 40
1144 1649 1266 1684 magister
1301 1650 1343 1675 Ire
1357 1648 1444 1679 viam,
1463 1646 1574 1682 format,
1593 1645 1670 1670 docet.
1766 1643 1834 1681 Ter.
1849 1643 1945 1667 Heaut.
1959 1649 1982 1673 3,
1996 1650 2022 1672 2,
2036 1640 2190 1674 34lN0nne

32 1680 105 1707 Rura
117 1680 255 1708 finduntur
266 1691 375 1709 vomere
388 1682 524 1709 claudian.
537 1683 567 1709 in
579 1684 687 1718 Eutrop.
704 1692 724 1715 1,
739 1692 790 1709 112.
861 1683 962 1709 Terras
977 1682 1081 1710 findunt
1143 1686 1175 1712 ad
1188 1687 1275 1711 senem
1288 1684 1406 1718 aliquam
1421 1681 1560 1708 Fabricam
1579 1679 1655 1712 fingit
1671 1680 1679 1704 3
1749 1677 1870 1708 Faciem,
1889 1676 2007 1716 vulturii,
2028 1677 2121 1703 sonum
2141 1688 2190 1705 no-

31 1714 134 1742 radices
152 1716 279 1743 arborum
297 1718 353 1744 Cic.
373 1719 402 1744 in
419 1719 493 1745 Arat.
599 1720 651 1745 Via
673 1718 783 1745 finditur
803 1718 832 1744 in
854 1718 968 1744 solidum
991 1718 1080 1745 cuncis
1143 1720 1190 1747 bis
1201 1729 1255 1747 non
1268 1720 1398 1753 possumus
1413 1717 1512 1750 fingere
1526 1715 1583 1740 Cic.
1598 1713 1630 1739 de
1638 1714 1739 1750 Orati,
1750 1719 1801 1751 137.
1874 1711 2016 1750 [fallaciam
2029 1711 2190 1742 Planesium

32 1750 110 1785 Virg.
124 1752 222 1786 Georg.
237 1761 260 1785 2,
275 1760 318 1787 79.
421 1754 472 1780 Via
491 1754 516 1780 sc
531 1753 607 1780 findit
625 1755 654 1781 in
673 1753 763 1780 ambas
784 1759 869 1787 partes
889 1753 962 1779 Idem
975 1754 1040 1780 Acn.
1054 1756 1081 1784 6,
1142 1763 1168 1786 2,
1183 1763 1203 1788 1,
1219 1762 1243 1780 2.
1337 1753 1406 1778 Ter.
1419 1752 1517 1777 Heaut.
1532 1758 1554 1780 3,
1575 1757 1600 1780 2,
1621 1756 1647 1772 22
1673 1746 1784 1780 Aliquid
1804 1752 1934 1779 reperiret
1950 1757 1955 1771 :
1980 1745 2090 1780 fingeret
2107 1749 2190 1777 Falla-

31 1793 91 1818 540.
162 1787 252 1819 Findi,
266 1793 330 1822 prae
343 1788 516 1824 indignatione
528 1792 618 1823 rumpi,
632 1796 657 1814 et
667 1788 786 1822 dfflire:
808 1788 874 1813 Pers.
884 1788 935 1812 Sat.
944 1796 990 1818 3‚9
1005 1788 1080 1812 Tur·
1142 1789 1211 1818 cias,
1229 1788 1299 1813 vnde
1315 1787 1374 1812 effer
1391 1785 1565 1815 adolescenti,
1584 1782 1683 1808 amicae
1697 1781 1769 1815 quod
1783 1781 1865 1807 daret.
1900 1781 1968 1809 Add.
1989 1782 2061 1808 Idem
2077 1784 2158 1812 Andr.
2167 1794 2190 1820 1,

31 1819 112 1853 gescit
127 1821 213 1848 vitrea
227 1821 298 1848 bilis.
334 1824 448 1849 Findor:
467 1829 496 1849 vt
505 1824 637 1848 'Arcadiae
653 1823 776 1855 pecuaria
794 1821 890 1848 rudere
905 1821 1002 1847 credas.
1037 1821 1081 1848 Sic
1095 1826 1130 1852 43
1143 1831 1166 1854 3,
1183 1829 1215 1853 15.
1285 1821 1354 1847 Ter.
1369 1821 1434 1846 Eun.
1456 1829 1480 1849 1,
1499 1827 1524 1850 2,
1541 1826 1586 1844 120
1614 1818 1668 1851 Ego
1686 1817 1731 1851 pol
1752 1825 1818 1851 quae
1837 1815 1907 1843 mihi
1921 1818 1978 1844 sum
1997 1818 2115 1852 conscia,
2137 1820 2189 1847 hoc

27 1855 198 1890 Cafizubonus:
222 1859 240 1881 i.
252 1863 354 1890 rumpor
365 1858 546 1892 indignatione.
579 1859 624 1883 Al.
637 1856 771 1882 Finditur.
1143 1863 1216 1882 certo
1233 1856 1302 1888 scio,
1322 1864 1408 1890 neque
1426 1864 1468 1881 nie
1486 1853 1584 1880 finxisse
1605 1852 1670 1879 Falfi
1691 1851 1854 1887 quidquam,
1871 1859 1917 1878 etc.
2024 1855 2080 1880 Cic.
2095 1855 2146 1881 Off.
2167 1864 2188 1888 1,

67 1896 147 1916 Flss
159 1895 218 1922 Vs,
238 1899 270 1922 a,
294 1899 348 1916 um.
385 1891 479 1917 Partic.
515 1890 626 1926 [χιςός]
661 1891 776 1925 Lignum
796 1888 880 1916 fiffiim
899 1889 996 1924 Virgil.
1011 1889 1079 1916 Aen.
1141 1900 1185 1925 ¹57
1204 1900 1226 1917 c.
1242 1901 1278 1925 40
1306 1891 1402 1925 Apium
1420 1890 1540 1917 examina
1558 1898 1612 1915 non
1631 1887 1814 1922 fingendorum
1830 1888 1963 1913 Fauorum
1984 1889 2058 1916 causa
2079 1899 2189 1925 congre.

31 1933 57 1959 9,
69 1933 126 1961 413.
192 1925 296 1960 Lingua
309 1925 361 1952 fissa
375 1925 404 1952 in
418 1926 481 1952 duas
494 1932 579 1960 partes
593 1926 674 1953 Ouid.
735 1931 752 1952 t.
767 1936 794 1960 4,
809 1928 864 1958 586.
937 1925 1024 1952 paries
1038 1925 1079 1952 fis·
1142 1932 1236 1962 gantur
1251 1938 1257 1952 :
1282 1927 1323 1953 sed
1338 1936 1420 1960 quum
1435 1924 1631 1959 congregabilia
1643 1930 1736 1949 natura
1750 1922 1812 1953 fint,
1833 1922 1936 1956 fingunt
1952 1922 2036 1950 fauos.
2086 1926 2187 1954 Filium

32 1960 158 1987 sus-tenui
171 1961 240 1987 rima
259 1961 332 1988 Idem
347 1962 413 1988 Met.
427 1971 455 1995 4,
473 1964 513 1994 65.
756 1970 772 1988 2.
809 1958 933 1993 Substant.
971 1961 1078 1993 Fiffinn,
1141 1970 1217 1989 tuum
1231 1962 1277 1988 ille
1290 1962 1368 1994 Syrus
1381 1961 1448 1987 mire
1463 1960 1539 1986 finxit
1551 1960 1620 1985 Ter.
1635 1959 1732 1984 Heaut.
1746 1965 1770 1990 5,
1782 1966 1801 1989 i,
1816 1965 1851 1990 ες.
1893 1958 2084 1986 VidDrakenb.
2097 1962 2131 1987 ad
2142 1963 2187 1990 Sil.

27 1994 185 2032 pro'Fiffiira
205 2003 229 2022 et
247 1996 370 2033 diuisum.
407 1998 463 2023 Cic.
480 1997 511 2023 de
524 1997 620 2024 Natur.
634 1997 716 2025 Deor.
732 2007 753 2030 3,
769 1999 799 2029 14
819 2005 841 2023 c.
856 1998 873 2022 6
899 1995 974 2022 Vnde
995 2005 1078 2030 porro
1095 2004 1126 2029 50
1142 2007 1163 2030 i,
1176 2004 1237 2030 445.
1309 1997 1418 2023 Formas
1431 2002 1489 2030 apte
1502 1994 1616 2028 fingetur
1635 1994 1663 2020 in
1676 2000 1767 2018 omncs
1780 1993 1861 2019 Ouid.
1875 1990 1994 2027 Met.⁴14,
2007 1997 2062 2028 685.
2123 1998 2188 2025 For.

32 2031 79 2059 ista
91 2031 245 2058 diuinatio?
275 2032 334 2067 quis
353 2031 459 2059 inuenit
478 2032 559 2059 fissum
580 2033 696 2059 iecoris?
758 2031 831 2058 Idem
852 2030 884 2057 de
897 2032 989 2058 Diuin.
1001 2040 1034 2064 2,
1047 2040 1078 2063 32
1140 2039 1203 2059 tuna
1221 2032 1273 2058 suis
1295 2032 1393 2066 cuique
1412 2031 1521 2066 fingitur
1540 2029 1660 2056 moribus
1679 2030 1735 2055 cic.
1749 2029 1778 2054 in
1791 2028 1881 2055 Parad.
1896 2037 1919 2061 5,
1934 2038 1953 2055 1.
2008 2031 2082 2068 Conf.
2103 2033 2188 2064 Plaut.

2 2091 8 2097 ,Α
33 2075 93 2100 ε.’13
117 2065 212 2094 Fiss'um
225 2067 375 2101 familiare,
394 2073 420 2094 et
433 2068 515 2095 vitale
528 2067 649 2095 traetant.
706 2069 737 2094 Et
750 2067 816 2094 ibid.
835 2076 856 2092 c.
872 2076 901 2100 14
922 2067 1077 2094 Coniienire
1139 2068 1223 2094 Trin.
1238 2076 1263 2100 2,
1278 2075 1303 2099 2,
1318 2072 1360 2101 84.
1466 2067 1548 2094 Plaut.
1563 2066 1638 2099 Capt.
1653 2074 1677 2094 z,
1692 2073 1711 2095 1,
1727 2072 1757 2098 14
1783 2064 1817 2090 At
1830 2064 1929 2098 Fugam
1947 2064 2046 2100 fingitis
2061 2077 2066 2092 :
2101 2068 2188 2096 sentio

34 2102 114 2138 potest
128 2102 209 2130 fissum
223 2102 320 2130 iecoris
334 2113 392 2131 cum
411 2103 508 2130 lucello
523 2109 592 2130 meo.
648 2104 680 2130 Et
699 2106 756 2135 1,16
775 2112 796 2129 c.
812 2112 840 2129 10
862 2102 936 2136 Qiid
951 2103 1033 2129 filsum
1048 2103 1077 2128 in
1141 2112 1221 2138 quam
1239 2111 1296 2129 rem
1315 2102 1403 2137 agitis.
1475 2103 1573 2128 Futura
1592 2109 1623 2126 cx
1637 2099 1738 2126 cucutis
1758 2099 1815 2126 Cic.
1828 2101 1899 2126 Fam.
1914 2103 1939 2131 6,
1959 2103 1984 2127 6.
2055 2102 2094 2129 Id.
2107 2104 2186 2132 Acad.

38 2138 110 2171 extis,
126 2138 191 2174 quid
209 2138 276 2166 fibra
290 2139 359 2171 (vid.
374 2142 486 2172 FIBRA)
506 2139 601 2171 valeat,
620 2139 737 2173 accipio:
757 2147 824 2173 quae
838 2139 912 2164 causa
926 2137 964 2169 fit,
979 2138 1090 2165 nesci0.>
1139 2147 1168 2171 4,
1184 2140 1216 2167 86
1242 2137 1362 2164 Etiamne
1380 2137 1430 2163 hoc
1448 2136 1579 2163 affirmare
1599 2141 1687 2170 pom,
1708 2135 1833 2165 Luculle,
1853 2136 1901 2162 esl'e
1915 2136 2032 2172 aliquam
2048 2140 2105 2165 vim
2125 2149 2187 2167 cum

0 2178 19 2206 «l
39 2174 106 2207 Echi,
118 2179 146 2205 28
163 2183 185 2201 c.
200 2182 226 2200 12
250 2175 396 2208 Qiiomodo
414 2175 449 2201 est
463 2175 557 2201 collata
577 2175 647 2201 inter
665 2174 734 2208 ipsos
748 2173 916 2208 (obseruatio)
936 2182 1004 2207 quae
1017 2181 1075 2206 pars
1093 2178 1122 2204 55
1139 2172 1281 2208 prudentia
1293 2178 1319 2199 et
1333 2173 1459 2204 consilio,
1476 2172 1591 2203 scilicet,
1607 2180 1674 2207 quae
1687 2170 1809 2203 finxerit,
1830 2172 1871 2197 vel
1893 2175 1937 2203 (vt
1953 2178 2000 2198 tuo
2013 2173 2098 2200 verbo
2110 2179 2187 2208 vtar)

0 2213 19 2234 ”l
41 2207 148 2242 infiniti,
160 2219 225 2244 quae
240 2220 297 2245 pars
311 2211 450 2237 familiaris
465 2211 541 2242 effet3
566 2209 639 2244 quod
653 2209 737 2236 fissum
751 2208 907 2242 periculum,
918 2207 992 2243 quod
1005 2216 1076 2240 com-
1139 2217 1207 2243 quae
1227 2208 1356 2235 fabricata
1376 2208 1407 2235 fit
1421 2208 1577 2235 Hominem.
1685 2206 1815 2233 Homines
1832 2207 1980 2234 imitatores
1999 2213 2025 2234 et
2038 2216 2189 2238 narratores

17 2255 19 2258 ·
39 2244 265 2280 moduni'aliquod
280 2246 451 2273 ostenderet?
475 2246 533 2273 lsid.
547 2245 654 2279 Brtjfflm.
668 2245 696 2270 de
711 2245 818 2271 formul.
830 2254 852 2276 1,
864 2253 901 2275 31.
1022 2240 1043 2279 q
1062 2252 1074 2275 3
1139 2245 1237 2271 facetos
1256 2250 1349 2271 natura
1369 2244 1444 2278 fingit
1466 2249 1491 2270 et
1510 2248 1580 2271 creat
1599 2241 1655 2268 Cic.
1675 2241 1707 2268 de
1725 2243 1799 2268 Orat.
1818 2250 1843 2276 2,
1863 2250 1918 2275 219.
2007 2244 2099 2271 Iocum
2118 2246 2188 2274 tristi

36 2279 82 2307 Sed
93 2280 183 2307 Firrum
197 2281 256 2314 ani,
280 2285 298 2308 i.
316 2285 383 2309 rima
395 2285 421 2308 in
435 2291 491 2308 ano.
528 2281 597 2308 Cels.
613 2288 634 2314 5,
647 2290 672 2307 21
689 2280 799 2314 Proprie
811 2284 900 2305 autem
911 2278 944 2306 ad
955 2279 1000 2306 ani
1010 2279 1076 2312 fissa,
1138 2286 1227 2306 mente
1244 2279 1353 2306 Tibull.
1366 2289 1395 2312 3,
1410 2287 1437 2314 7,
1457 2289 1479 2306 2.
1550 2278 1648 2305 Libere
1669 2284 1695 2304 et-
1714 2278 1822 2312 impune
1841 2277 1943 2313 aliquid
1962 2279 2093 2311 Qiinetil.
2113 2284 2145 2314 6,
2167 2292 2187 2309 i.

34 2314 75 2342 vel
88 2323 131 2342 ora
145 2325 270 2344 venarum
284 2317 422 2344 fundentia
436 2317 606 2352 sanguinem,
624 2316 668 2343 vel
684 2325 824 2348 cancrum,
838 2321 883 2342 etc.
954 2313 994 2342 ld.
1005 2323 1031 2351 7,
1044 2323 1077 2347 30
1140 2315 1302 2343 Maleficium
1317 2316 1373 2342 Cic.
1389 2325 1437 2350 pro
1458 2315 1532 2342 Rosc.
1546 2316 1635 2340 Amer.
1657 2315 1707 2339 116.
1780 2313 1883 2339 Pallade
1902 2315 1954 2340 iam
1977 2316 2070 2349 pingui
2087 2315 2188 2352 fingere

33 2349 52 2377 fi
63 2358 112 2386 qua
126 2351 176 2378 fissa
193 2353 222 2379 in
235 2361 269 2379 eo
286 2353 471 2380 induruerant.
1084 2355 1119 2379 60
1137 2350 1261 2378 Membra
1273 2358 1348 2387 putes
1361 2351 1441 2378 Ouid.
1450 2352 1515 2377 Her.
1530 2358 1565 2383 19,
1575 2359 1612 2382 44
1633 2349 1683 2384 sce.
1699 2346 1825 2375 lectionem
1839 2350 1924 2385 Hei'uJL
1943 2359 2011 2385 quem
2029 2354 2058 2377 it.
2073 2356 2141 2389 conf.
2154 2354 2189 2380 ad

1 2397 18 2414 Δ1
50 2391 212 2419 -Ρ1ςςῐο,
231 2389 298 2415 finis.
311 2415 317 2417 .
336 2390 356 2415 f.
391 2389 498 2425 [χίσις]
537 2387 611 2414 Idem.
647 2387 704 2414 Cic.
720 2386 752 2413 de
766 2387 830 2413 Nat.
849 2386 881 2413 D.
902 2394 929 2418 2,
944 2392 987 2419 159
1007 2395 1029 2412 c.
1043 2387 1074 2418 63
1138 2396 1183 2419 20,
1198 2395 1249 2420 134.
1356 2387 1513 2414 Moderatur
1533 2392 1557 2412 et
1578 2385 1654 2419 fingit
1674 2393 1728 2411 non
1747 2385 1829 2411 niodo
1845 2386 1963 2411 Mentem
1983 2392 2008 2411 ct
2027 2387 2187 2423 voluntates,

1 2423 17 2446 ,⁵³
32 2421 133 2456 Qubus
149 2432 231 2458 quum
244 2431 329 2451 terrae
343 2424 528 2457 subigerentur
542 2422 640 2448 fiffione
652 2422 805 2456 glebarum,
826 2428 871 2448 etc.
1137 2423 1182 2449 sed
1202 2431 1284 2458 paene
1303 2422 1394 2450 vultus
1414 2431 1522 2453 eorum,
1542 2421 1610 2456 HPUd
1629 2429 1696 2455 quos
1716 2421 1770 2454 agit
1785 2420 1859 2448 ὃᾱοῖ
1877 2421 1932 2447 Cic·
1949 2420 1980 2446 de
1992 2422 2084 2456 Leglb·
2099 2433 2121 2455 3²
2139 2434 2184 2457 40-

0 2464 4 2482 1
39 2461 43 2465 '
62 2463 138 2485 Flss
149 2466 167 2484 v
180 2466 198 2485 R
212 2467 251 2491 A,
270 2469 315 2488 ae.
348 2460 368 2485 f.
404 2459 417 2491 [
430 2458 514 2494 χίςά]
551 2457 683 2484 Columel.
697 2467 724 2491 4,
739 2466 769 2489 29
789 2457 870 2490 Quod
884 2463 940 2484 tum
954 2462 980 2484 et
992 2457 1075 2484 totius
1137 2459 1266 2485 Miserum
1287 2457 1366 2485 finxit
1383 2468 1425 2486 me
1438 2458 1547 2485 fortuna
1559 2457 1656 2491 Virgil.
1672 2457 1736 2482 Aen.
1754 2465 1775 2488 ἲ,
1791 2462 1831 2485 80.
1939 2457 1993 2482 Cic.
2007 2458 2085 2484 Acad.
2100 2469 2128 2491 4,
2144 2468 2185 2493 114

2 2490 6 2500 '
27 2492 230 2520 obtruncatione
243 2495 321 2525 vitis,
341 2500 366 2519 et
381 2503 440 2519 cum
456 2492 575 2519 eiusdem
586 2492 741 2519 resectionis
757 2493 842 2519 fissura
855 2493 984 2528 praecipit
1005 2492 1074 2520 fieri.
1139 2495 1262 2521 Tantum
1280 2494 1332 2521 tibi
1352 2503 1476 2529 arroges,
1499 2499 1528 2520 vt
1548 2501 1663 2527 exponas
1687 2491 1852 2525 disciplinam
1871 2491 2012 2525 sapientiae
2024 2512 2032 2524 ,
2063 2501 2184 2521 naturam

31 2528 91 2570 Vid.
104 2529 170 2554 Plin.
184 2537 223 2561 10,
235 2530 275 2561 63.
328 2526 403 2555 Idem
417 2535 439 2562 5,
454 2536 469 2554 2
490 2528 588 2555 Fiffura
601 2528 678 2562 Nili,
696 2531 716 2556 i.
735 2528 830 2563 ds1‘ffi0·
902 2529 1017 2556 Fiffiirae
1030 2529 1075 2556 ani
1089 2529 1121 2560 65
1136 2539 1228 2557 rerum
1247 2531 1370 2557 omnium
1391 2531 1517 2560 euoluas,
1540 2529 1630 2555 Mores
1650 2527 1745 2562 fingaS,
1768 2526 1830 2551 fines
1851 2525 1984 2552 bonorum
1998 2527 2185 2564 malorumque

26 2562 146 2589 diutinae
161 2564 300 2596 Scrib.223.
1137 2566 1288 2592 constituas.
1359 2567 1447 2592 Nidos
1467 2565 1532 2591 Plin.
1548 2572 1582 2595 11,
1599 2571 1636 2589 21.
1707 2562 1794 2587 Nudos
1809 2561 1909 2594 fingere
1929 2567 1954 2588 et
1969 2563 2119 2592 construere
2137 2575 2183 2592 vo.

63 2605 81 2624 F
94 2606 102 2624 1
115 2605 149 2625 ss
160 2605 170 2623 1
181 2604 197 2624 C
207 2605 227 2623 v
237 2607 253 2625 L
263 2606 298 2632 ο,
320 2603 373 2626 ᾗτε.
410 2599 482 2635 thffis
496 2599 519 2635 s.
536 2597 632 2635 fiffuris
643 2605 701 2627 exta
713 2597 873 2636 distinguere,
890 2598 959 2626 afflo
966 2599 1075 2635 proinde
1136 2602 1221 2628 lucres
1239 2601 1361 2627 videmus
1381 2601 1437 2627 Cic.
1458 2600 1488 2625 de
1503 2600 1576 2625 Orat.
1591 2607 1613 2629 2,
1629 2605 1658 2628 23
1683 2606 1705 2622 c.
1720 2599 1744 2621 6.
1817 2597 1874 2623 Cic.
1887 2597 1940 2623 Art.
1958 2606 1983 2629 1,
2001 2603 2026 2628 18
2042 2606 2083 2633 pr.
2116 2602 2184 2635 Qii.

27 2633 126 2663 deorum
139 2641 198 2662 exta
208 2634 502 2671 vaticiniisparantium.
540 2635 616 2670 Apul.
630 2635 661 2661 de
673 2636 731 2662 Deo
745 2636 816 2662 Socr.
836 2645 861 2669 p.
875 2643 916 2667 45,
932 2640 959 2664 28
984 2635 1012 2660 de
1030 2638 1074 2666 iis,
1137 2645 1196 2661 cum
1216 2644 1266 2669 ego
1285 2635 1424 2669 colloquar
1444 2635 1483 2669 (f.
1496 2643 1554 2660 cuni
1568 2633 1679 2667 loquar)
1706 2630 1782 2657 Nihil
1798 2631 1908 2666 fingam,
1928 2632 1997 2659 nihil
2018 2633 2184 2670 dissimulem,

26 2678 88 2704 quos
101 2669 240 2696 daemonas
253 2677 340 2703 vocat,
360 2672 459 2698 Eorum
472 2671 504 2697 de
518 2680 630 2697 numero
646 2671 759 2705 praediti
773 2676 864 2696 curant
878 2670 993 2703 singula,
1013 2678 1074 2703 pro·
1135 2670 1204 2696 nihil
1225 2670 1357 2704 obtegam.
1428 2668 1581 2703 Opprobria
1596 2667 1727 2703 quaelibet
1745 2667 1773 2692 in
1793 2668 1916 2702 quemuis
1936 2669 2004 2695 Hor.
2018 2670 2096 2704 Epist.
2110 2681 2130 2704 1,
2145 2675 2183 2705 16,

27 2704 91 2737 inde
109 2711 138 2731 vt
150 2705 186 2731 est
204 2714 299 2732 eorum
318 2707 415 2740 cuique
436 2706 535 2733 tributa
549 2705 707 2738 Prouincia,
727 2705 769 2731 vel
785 2705 893 2731 somniis
906 2705 1073 2730 conformari·
1083 2711 1119 2739 70
1136 2714 1176 2738 30.
1249 2706 1321 2739 Opus
1336 2705 1437 2731 luteum
1457 2705 1533 2739 fingit
1547 2703 1594 2730 sub
1609 2702 1683 2730 trabe
1702 2703 1768 2728 celsa
1782 2703 1890 2729 hirundo
1908 2703 1989 2730 Ouid.
2005 2705 2070 2732 Fast.
2084 2716 2109 2738 1,
2128 2715 2182 2743 157.

27 2739 84 2774 dis,
101 2741 144 2767 vel
159 2741 225 2767 extis
240 2741 419 2774 fisliculandis,
434 2742 476 2768 vel
489 2741 656 2776 praepetibus
669 2740 861 2775 gubernQidiS‚
882 2739 924 2766 vel
939 2739 1074 2765 oscinibus
1136 2741 1293 2768 Orationem
1313 2741 1440 2767 institutis
1460 2740 1613 2775 aliquorum
1631 2737 1772 2766 commode
1790 2737 1889 2774 fingere
1908 2739 1963 2766 Cic.
1979 2740 2011 2766 de
2024 2742 2093 2768 Clar.
2106 2744 2183 2771 Orat.

28 2775 195 2809 erudiendis,
214 2777 257 2803 vel
272 2777 377 2805 vatibus
396 2776 570 2811 inspirandis,
588 2784 633 2803 etc.
670 2777 759 2803 Omnes
772 2776 817 2802 hae
824 2776 887 2811 ficut
900 2774 1012 2801 ustiones
1024 2784 1073 2801 non
1138 2785 1187 2809 119.
1258 2777 1400 2803 Oratorem
1420 2777 1552 2802 summum
1569 2775 1642 2801 Idem
1662 2774 1689 2800 in
1703 2774 1777 2800 Orat.
1793 2781 1819 2808 7.
1889 2775 2033 2803 Parricidia
2046 2777 2103 2805 Seu.
2112 2779 2183 2806 Con-

26 2811 151 2840 bominum
158 2813 345 2848 scrutantium,
359 2812 408 2849 fid
419 2811 575 2848 efficientium
583 2812 659 2849 signa
672 2811 821 2838 daemonum.
858 2811 936 2837 Mart.
950 2810 1049 2845 Capell.
1065 2819 1073 2836 1
1136 2812 1182 2838 sol.
1200 2811 1234 2838 ad
1245 2813 1327 2839 Marc.
1340 2814 1383 2838 26.
1455 2811 1571 2838 Pastillos
1591 2809 1690 2844 fingere
1708 2809 1828 2836 scribon.
1847 2814 1884 2842 85.
1903 2819 1946 2843 90.
1966 2819 2012 2843 113.
2084 2814 2183 2842 Pilulas

30 2855 56 2882 p.
72 2855 84 2880 5
102 2848 132 2874 In
145 2848 230 2881 fanis,
249 2848 346 2883 quibus
364 2854 409 2875 aut
427 2848 553 2875 vaticinia
589 2862 634 2868 —
669 2847 864 2879 fundebantur,
898 2861 944 2866 —
967 2852 1013 2873 aut
1032 2846 1075 2873 de·
1137 2847 1236 2882 fingere
1252 2847 1325 2874 Idem
1345 2853 1386 2882 87.
1400 2852 1449 2880 138.
1523 2846 1617 2873 Pocula
1633 2847 1664 2872 de
1679 2845 1760 2871 humo
1776 2844 1858 2872 Ouid.
1873 2846 1958 2873 Trist.
1972 2856 1995 2879 2,
2007 2852 2067 2881 489.
2112 2851 2182 2878 Hor,

27 2883 147 2916 nuntiata
165 2884 295 2919 pecudum
308 2883 387 2911 caede
401 2884 538 2911 fifficulatis
558 2884 640 2918 (male
653 2884 745 2919 legitur
757 2882 935 2918 physiculatis)
948 2888 1072 2908 extorum
1089 2887 1122 2915 75
1136 2883 1165 2910 in
1178 2884 1241 2910 Arte
1254 2884 1327 2910 Po'e't.
1341 2886 1390 2919 367
1416 2882 1546 2916 Qiamuis
1565 2888 1591 2909 et
1606 2890 1671 2908 voce
1685 2887 1790 2915 paterna
1828 2882 1948 2916 Fingeris
1962 2883 1994 2908 ad
2008 2884 2118 2911 Rectum
2127 2906 2135 2918 ‚
2155 2892 2183 2913 et

29 2918 147 2953 proficiis
163 2919 262 2946 viscera
282 2920 469 2955 loquebantur.
536 2920 610 2946 Alter
630 2919 752 2954 Capellae
771 2920 838 2946 Iocus
858 2927 873 2944 2
899 2928 923 2952 p.
941 2923 969 2950 38
997 2919 1072 2954 plane
1135 2929 1182 2954 per
1201 2924 1227 2946 te
1248 2920 1323 2953 sapis.
1392 2919 1545 2954 Religiones
1565 2926 1647 2944 nouas
1662 2917 1711 2943 sibi
1726 2926 1757 2943 ex
1772 2917 1833 2943 loco
1852 2918 1924 2944 Caes.
1939 2919 2003 2945 Bell.
2020 2920 2087 2946 Gall.
2102 2923 2128 2953 6,
2140 2924 2181 2954 36.

3 2986 6 2990 ⁵
28 2954 164 2988 Apideiano
178 2958 307 2988 conuenit,
328 2956 363 2982 At
376 2956 446 2982 intra
460 2955 522 2982 solis
536 2960 652 2982 meatum
664 2964 746 2989 vsque
762 2955 882 2981 lunarem
896 2953 1021 2988 globum,
1036 2954 1073 2980 se·
1135 2955 1253 2982 Rhetora
1267 2956 1292 2982 se
1305 2955 1420 2981 Martial.
1436 2964 1461 2987 2,
1476 2957 1520 2988 64.
1596 2952 1719 2979 Ridicula
1739 2960 1776 2979 cx
1789 2958 1909 2988 tempore
1927 2954 1983 2981 Cic.
2002 2955 2030 2981 in
2044 2956 2120 2983 Orat.
2139 2962 2180 2992 87.

0 2992 6 2999 “
30 2987 128 3015 eundae
155 2989 325 3018 beatitudinis
353 2991 476 3022 numina,
511 2990 681 3025 supparisque
702 2990 835 3025 potentiae
850 3010 859 3022 ,
887 2999 934 3024 per
951 2999 1018 3025 quae
1037 2995 1074 3016 ta·
1135 2991 1257 3018 Proderit
1275 2997 1301 3017 et
1320 2990 1425 3023 subito,
1445 2999 1529 3025 quum
1541 2989 1573 3016 Se
1592 2997 1645 3015 nou
1666 2988 1773 3015 finxerit
1791 2989 1856 3021 vlli,
1876 2988 1915 3015 Ad
1930 2989 2066 3017 dominam
2083 2992 2180 3018 celeres

33 3030 96 3062 men
111 3025 234 3053 vaticinia
260 3027 414 3062 somniaque
437 3036 466 3053 ac
483 3027 604 3061 prodigia
626 3031 829 3060 componuntur.
876 3026 948 3052 Haec
976 3026 1076 3060 aruspi-
1136 3036 1213 3053 mane
1226 3026 1309 3053 tulisse
1323 3026 1418 3060 gradus
1431 3025 1513 3052 Ouid.
1527 3026 1602 3051 Rern.
1616 3026 1675 3051 Am.
1690 3033 1742 3057 341.
1767 3027 1785 3050 i.
1803 3024 1926 3060 comfi'rir,
1943 3028 2078 3052 ornauerit.
2149 3028 2180 3054 Se

19 3085 20 3090 ,
34 3064 78 3082 tio
95 3063 153 3084 exta
167 3059 296 3089 filliculant
317 3065 412 3097 (etiam
433 3063 475 3090 bic
494 3062 655 3097 physiculant
675 3061 786 3096 editum)
807 3060 977 3088 admonentis,
996 3071 1074 3096 quae·
1084 3067 1117 3092 80
1136 3068 1224 3089 totum
1241 3061 1274 3087 ad
1287 3062 1429 3089 arbitrium
1443 3068 1468 3088 et
1482 3067 1575 3088 nutum
1588 3070 1696 3091 eorum,
1718 3061 1765 3094 qui
1785 3060 1896 3086 audiunt
1913 3059 2012 3094 fingere
2033 3067 2058 3087 et
2079 3070 2180 3088 accom-

18 3099 21 3125 ἰ
34 3091 110 3123 ‘hm'
129 3099 174 3119 m·-
206 3097 326 3132 Qomodo
339 3098 500 3132 Phyliculare
513 3100 635 3134 explicare
647 3103 747 3125 conetur
760 3098 880 3133 Scaliger,
897 3097 950 3124 vid.
959 3098 984 3134 s
998 3100 1015 3124 I.
1027 3097 1076 3134 sub
1136 3098 1245 3125 modare
1260 3098 1315 3124 Cic.
1329 3098 1358 3124 in
1372 3099 1446 3124 Orat.
1462 3106 1507 3131 24.
1602 3097 1675 3123 Ideni
1694 3095 1725 3122 de
1742 3095 1826 3121 Amic.
1842 3101 1873 3127 98
1901 3096 1957 3121 Hos
1973 3095 2084 3123 delectat
2101 3098 2178 3123 assen-

18 3134 21 3142 ⁴
34 3133 81 3157 ΡΗ
90 3134 109 3154 Y
121 3133 134 3153 S
144 3135 153 3154 1
162 3135 184 3154 S·
1134 3134 1202 3161 tatio
1211 3154 1218 3166 ‚
1237 3133 1278 3159 his
1291 3133 1367 3160 fietus
1385 3133 1417 3160 ad
1430 3133 1549 3168 ipsorum
1565 3133 1728 3166 voluptatem
1744 3132 1835 3157 Sermo
1849 3139 1932 3165 quum
1946 3130 2101 3162 adhibetur,
2120 3140 2180 3160 ora-

72 3169 107 3205 F}
117 3170 151 3190 SS
161 3171 169 3189 1
180 3168 249 3192 CVL
257 3174 305 3199 AT
317 3175 336 3195 o
347 3177 367 3196 R
377 3190 385 3202 ,
404 3170 467 3197 aris.
489 3180 524 3196 m.
562 3166 752 3201 Elmenhorslius
763 3171 791 3194 in
806 3168 864 3195 lnd.
873 3169 985 3204 Apuleii,
1002 3178 1071 3204 quem
1134 3171 1236 3196 tionem
1249 3169 1322 3196 illam
1335 3178 1429 3195 vanam
1443 3169 1623 3196 testimonium
1638 3168 1686 3194 efl'e
1701 3166 1808 3193 laudum
1822 3166 1925 3192 suarum
1940 3171 2039 3199 putant.
2071 3167 2179 3195 Somnia

28 3197 144 3234 sequitur
161 3199 285 3235 Floridur,
301 3205 404 3231 laudant
418 3215 447 3232 ex
462 3205 552 3233 Glossis
565 3204 658 3232 Ifidori
671 3203 847 3236 Fifficulator,
867 3212 891 3231 et
904 3208 1071 3240 interpretan—
1134 3205 1184 3232 fibi
1198 3205 1295 3240 Virgil.
1309 3204 1361 3231 Ecl.
1381 3210 1394 3235 8
1404 3225 1412 3237 ,
1434 3211 1488 3235 108.
1558 3204 1700 3231 Stultitiam
1722 3201 1792 3228 Vict.
1813 3201 1845 3228 de
1859 3202 1916 3228 Vir.
1936 3202 2031 3229 illustr.
2051 3212 2070 3229 c.
2086 3211 2115 3229 10
2147 3204 2177 3231 de

3 3251 5 3254 ⁴
33 3240 91 3264 tur,
111 3243 205 3269 augur,
223 3243 322 3265 ‘laturas
339 3243 367 3266 in
387 3245 452 3267 extis
469 3244 633 3268 animantium
652 3249 778 3276 quaerens.
814 3240 863 3268 Sed
879 3250 909 3267 ne
923 3250 1004 3267 vocem
1017 3243 1070 3276 qui·
1087 3243 1116 3272 85
1135 3243 1222 3268 Bruto.
1295 3241 1429 3267 Timores
1457 3239 1539 3267 Ouid.
1558 3241 1650 3267 Amor.
1670 3247 1701 3270 2,
1720 3243 1747 3268 8,
1767 3246 1804 3269 23·
1876 3237 2054 3264 Venflstlffiffle
2075 3238 2177 3273 aliquid

3 3292 8 3300 .
33 3269 101 3299 dm,
120 3268 209 3295 nedum
224 3273 444 3308 interpretationem
457 3277 493 3303 ibi
504 3280 625 3304 inuenias.
778 3290 781 3292 >
1134 3275 1266 3310 Qiinctil.
1282 3279 1306 3308 6,
1319 3284 1341 3308 3.
1413 3276 1517 3309 Verba,
1534 3275 1596 3302 ficut
1609 3273 1782 3301 mollillimam
1801 3281 1902 3305 ceram,
1922 3273 1952 3299 ad
1967 3273 2109 3300 arbitrium
2129 3284 2176 3301 noe

0 3307 7 3331 3
65 3310 106 3344 ,ΡΙ
116 3311 128 3331 S
138 3312 150 3331 S
161 3311 171 3330 ¹
182 3312 198 3331 1.
209 3311 219 3330 ¹
230 3312 242 3332 S
253 3325 261 3338 9
282 3316 306 3334 e·
340 3310 399 3338 Adi.
436 3312 546 3349 [90:0¹5]
582 3312 656 3348 Quod
689 3310 755 3344 ffiim
774 3310 824 3345 est,
843 3318 887 3338 aut
897 3311 969 3348 findi
977 3309 1067 3346 potest.
1133 3313 1216 3339 strum
1228 3311 1328 3347 fingere
1346 3318 1372 3339 et
1383 3312 1502 3340 formare
1518 3311 1572 3338 Cic.
1588 3310 1620 3337 de
1633 3311 1706 3337 Orat.
1720 3317 1746 3341 3,
1761 3316 1812 3344 175.
1886 3308 1972 3336 Verba
1992 3309 2081 3335 inania
2099 3309 2177 3345 fingis

33 3339 99 3380 Plin.
109 3341 146 3372 16,
160 3345 188 3380 38
208 3339 237 3366 de
247 3342 378 3377 arboribus,
395 3349 484 3375 Venae
496 3349 602 3375 latiores
616 3357 663 3374 can
683 3347 833 3382 idiotesque
846 3348 940 3382 pulpae
954 3347 1070 3374 fissilibus
1133 3349 1251 3383 Propert.
1265 3357 1288 3381 3,
1302 3357 1346 3381 20,
1358 3356 1380 3382 5.
1452 3348 1547 3375 Versus
1568 3347 1662 3373 Horat.
1677 3345 1705 3371 in
1719 3348 1782 3371 Arte
1795 3345 1866 3371 Poet.
1880 3351 1932 3377 382.
2004 3344 2094 3371 Tacit.
2107 3346 2175 3373 Ann.

7 3403 9 3406 .
33 3373 124 3402 msfflst
137 3386 148 3416 ἦ
175 3375 236 3402 ¹de0
251 3375 298 3409 fit,
313 3383 341 3406 vt
352 3389 411 3408 aure
423 3383 455 3411 ad
468 3391 544 3419 caput
562 3384 660 3416 trabis,
681 3392 759 3418 quam
773 3383 840 3410 libet
853 3383 1009 3418 praelongae
1026 3383 1070 3410 ad·
1133 3386 1158 3416 6,
1173 3392 1199 3417 51
1221 3384 1362 3411 Occultum
1375 3393 1403 3411 ac
1417 3383 1557 3411 subdolum
1571 3381 1699 3417 fingendis
1712 3380 1871 3407 Virtutibus.
1940 3380 2012 3406 Caes.
2027 3381 2054 3406 B.
2067 3381 2097 3407 G.
2111 3390 2131 3414 1,
2145 3391 2175 3415 39

0 3413 10 3444 Q
34 3416 123 3452 mom)
141 3411 209 3437 lfffls
226 3410 259 3437 ab
272 3411 355 3439 altero
376 3419 456 3451 capite
478 3421 521 3447 vel
540 3419 644 3455 graphii
662 3419 805 3450 sentiatur,
823 3425 974 3453 penetrante
993 3418 1070 3445 tediis
1080 3430 1117 3456 90
1132 3420 1169 3446 Hi
1183 3428 1270 3455 neque
1282 3420 1394 3446 Vultum
1409 3419 1525 3454 fingere,
1544 3427 1629 3453 neque
1644 3415 1778 3444 interdum
1798 3416 1917 3442 lacrimas
1936 3421 2025 3443 tenere
2044 3423 2175 3451 poterant.

34 3446 166 3489 meatibus
186 3448 269 3489 sono:
301 3449 364 3475 vnde
381 3451 534 3488 declaratur,
553 3456 618 3492 quod
636 3454 665 3481 de
676 3454 860 3491 significatione
876 3458 982 3490 propria
999 3455 1070 3481 verbi
1132 3456 1187 3483 Cic.
1207 3455 1239 3482 de
1253 3456 1311 3482 Fin.
1331 3465 1365 3488 2,
1382 3464 1418 3491 77
1449 3455 1531 3489 Qiod
1551 3454 1568 3480 fi
1584 3453 1694 3481 Vultum
1713 3452 1777 3483 tibi,
1799 3451 1816 3477 fi
1837 3451 1957 3477 incessum
1974 3450 2101 3486 fingeres,
2120 3462 2175 3487 quo

32 3481 120 3517 Findo
139 3481 256 3509 dmmus.
326 3483 407 3512 Plaut.
419 3488 475 3515 Aul.
487 3499 508 3522 3,
521 3500 547 3524 2,
561 3499 591 3525 25
617 3490 657 3518 Ad
669 3490 759 3517 focum
773 3489 791 3517 fi
804 3490 916 3524 adesses,
930 3500 984 3517 non
997 3490 1070 3517 fiffile
1130 3491 1239 3526 grauior
1252 3491 1384 3524 videi-ere,
1403 3500 1458 3518 non
1473 3492 1533 3517 effes
1547 3490 1588 3517 tui
1602 3489 1693 3517 similis
1707 3499 1712 3514 :
1738 3487 1820 3515 verba
1838 3492 1865 3512 tu
1885 3486 1981 3520 fingas,
2001 3493 2027 3513 et
2045 3496 2075 3514 ea
2094 3488 2175 3522 dicas,

34 3515 144 3560 haberes
159 3524 250 3559 (sapui,
269 3520 445 3559 ⁷10²{P2tll'atui-
455 3524 524 3558 effes,
543 3527 646 3563 lasciuia
666 3529 766 3552 comica.
836 3526 967 3553 Columel.
981 3535 1006 3558 9,
1021 3535 1040 3558 1,
1056 3534 1068 3559 3
1132 3536 1199 3561 quae
1217 3536 1271 3553 non
1287 3527 1391 3554 sentias.
1461 3526 1530 3553 Ter.
1544 3527 1639 3553 Heaut.
1655 3533 1676 3558 5,
1684 3521 1714 3556 '1,
1733 3532 1762 3556 14
1794 3522 1888 3548 Vultus
1908 3530 2016 3558 quoque
2033 3522 2174 3552 hominum

35 3552 126 3594 Fffiffills
140 3554 233 3589 st'PeS›
249 3559 327 3581 ‘eren
340 3560 431 3582 trunco
444 3565 579 3594 opponitur.
649 3561 744 3589 Robur
757 3561 828 3588 fissile
841 3562 930 3589 cuneis
943 3562 1070 3589 scinditur
1131 3562 1207 3596 fingit
1227 3563 1318 3589 scelus.

0 3582 13 3629 fi,
27 3588 107 3623 ’Ὧι-ς,
120 3589 184 3616 Aen.
197 3592 223 3622 6,
238 3594 286 3620 181.
495 3606 499 3611 ι
575 3601 578 3603 ’
1080 3609 1113 3636 95
1169 3603 1231 3624 F1c
1243 3606 1264 3626 T
1274 3606 1294 3624 v
1304 3606 1333 3630 s,
1350 3606 1380 3630 a,
1399 3607 1455 3624 um.
1491 3597 1585 3625 Partic.
1621 3594 1814 3629 [mn-Quous'vof,
1826 3591 1941 3626 πλαςδς]
1966 3591 2021 3626 stne
2035 3595 2129 3621 Nomen
2143 3605 2173 3622 ex

0 3626 9 3671 ἱ
72 3630 256 3657 Ἐ1831ΡΕ3,
276 3625 340 3652 edis.
365 3625 385 3653 f.
421 3627 540 3656 Calamus
547 3632 700 3669 scriptorius
715 3633 812 3660 Auson.
821 3632 900 3669 Epist.
909 3640 935 3668 7,
945 3641 990 3667 49.
1025 3633 1068 3659 Iu-
1132 3634 1229 3659 Partic.
1244 3640 1294 3669 pro
1310 3635 1437 3660 Simulato.
1490 3633 1557 3661 Ter.
1572 3633 1635 3658 Eun.
1651 3640 1675 3661 1,
1698 3639 1727 3659 2,
1744 3637 1788 3660 24-
1841 3627 1898 3655 Cic.
1917 3627 1949 3653 de
1959 3629 2069 3668 Amicit.
2083 3637 2118 3665 79
2142 3632 2174 3658 In

2 3673 9 3694 ί
35 3667 130 3687 venae
147 3661 220 3688 Idem
234 3662 278 3696 ΕΡ·
294 3669 318 3694 5,
334 3671 342 3688 ¹
1132 3668 1250 3695 amicitia
1263 3674 1352 3695 autem
1365 3669 1432 3695 nihil
1446 3668 1482 3694 est
1496 3668 1596 3699 fictum,
1615 3666 1683 3692 nihil
1700 3663 1858 3690 simulatum·
1935 3663 2024 3691 Fifius
2038 3672 2064 3691 et
2076 3666 2174 3693 astutus

72 3697 215 3739 -FXNG-o,
234 3697 314 3730 finxi,
334 3696 435 3729 ficium,
455 3698 508 3723 &re-
538 3698 676 3737 [πλεέτω]
712 3703 999 3740 Componere,formarc,
1010 3700 1079 3739 pro-¹
1132 3705 1227 3730 Horat.
1240 3704 1322 3731 Scrm.
1339 3712 1360 3736 1,
1376 3714 1397 3737 ς,
1410 3707 1452 3732 62.
1483 3707 1501 3730 i.
1514 3703 1653 3737 fimulator.
1725 3699 1780 3726 Alii
1798 3699 1906 3731 fictum,
1926 3699 2060 3734 ingratum
2079 3702 2172 3728 imme-

0 3741 12 3756 ι.
32 3734 89 3772 prm
98 3730 132 3774 de
141 3732 182 3759 hii·
195 3733 306 3775 dicitur,
325 3733 493 3775 qui-formarit
506 3733 601 3775 aliquid
612 3746 640 3763 ex
654 3740 721 3770 luto,
742 3749 799 3766 cera
816 3741 897 3766 allaue
915 3741 983 3766 molli
995 3746 1068 3765 mate·
1132 3748 1235 3767 morem
1248 3739 1395 3775 loquuntur
1413 3740 1479 3766 Plin.
1494 3740 1539 3773 Ep.
1553 3744 1576 3769 8,
1594 3743 1628 3763 10..
1698 3735 1834 3762 Dederunt
1853 3741 1879 3761 et
1899 3735 1984 3768 vitio,
2004 3736 2076 3771 quod
2096 3737 2173 3762 fictus

37 3773 78 3807 ria
89 3776 97 3791 :
121 3768 178 3794 inde
197 3775 270 3795 ettam
283 3769 420 3796 statuaras
438 3768 567 3795 tribuitur.
621 3774 683 3799 Mox
698 3776 811 3810 generale
819 3774 856 3810 fit
873 3775 1016 3802 vocabulum
1036 3774 1123 3807 ad100
1133 3776 1231 3808 fumet,
1248 3784 1295 3801 nec
1309 3782 1362 3802 tam
1375 3775 1492 3810 fimplex,
1512 3783 1590 3809 quam
1604 3770 1741 3798 videretur
1753 3771 1897 3806 Capitolin.
1911 3770 1938 3797 in
1953 3772 1990 3798 M.
2004 3774 2063 3798 Ant.
2075 3771 2171 3797 Philos.

0 3810 3 3814 ’
38 3806 145 3836 caetera,
164 3807 267 3844 quae'in
286 3808 354 3845 ςιιίο,
373 3813 490 3838 manuque
503 3803 609 3830 hominis
621 3808 751 3846 artificiose
757 3811 924 3845 formantur,
941 3810 1069 3844 autfimu-
1134 3818 1199 3837 extr.
1271 3811 1327 3837 Cic.
1339 3810 1370 3838 de
1386 3812 1460 3838 Orat.
1477 3819 1496 3841 1,
1514 3817 1551 3841 115
1576 3807 1638 3834 Sunt
1652 3812 1738 3833 autem
1752 3807 1860 3842 quidam
1880 3808 1915 3833 ita
1936 3813 2042 3833 naturae
2055 3807 2171 3833 muneri-

3 3844 6 3847 ·
37 3835 128 3863 dantur.
183 3840 256 3873 Qun
287 3840 315 3867 il.
337 3848 358 3873 5,
381 3849 413 3880 12.
432 3839 579 3880 Statuarum
597 3841 723 3875 artifices,
742 3846 909 3881 pictoresque
928 3846 1070 3878 clarillimi,
1134 3846 1182 3872 bus
1195 3847 1224 3872 in
1236 3845 1332 3872 iisdem
1346 3846 1424 3873 rebus
1438 3845 1554 3875 habiles,
1573 3844 1610 3870 ita
1630 3844 1734 3875 ornati,
1752 3849 1782 3870 vt
1800 3852 1855 3869 non
1876 3843 1945 3871 nati.
1967 3843 2007 3867 scd
2027 3842 2060 3867 ab
2079 3842 2170 3876 aliqu⁰

39 3878 119 3904 quum
132 3882 252 3910 corpora,
266 3884 332 3910 quae
346 3874 524 3915 speciolillima
537 3875 677 3915 fingendo,
694 3878 824 3913 pingendo
844 3891 877 3908 ue
891 3881 1015 3917 effingere
1028 3892 1071 3908 cu-
1135 3881 1185 3908 deo
1207 3880 1263 3908 ficii
1288 3883 1337 3907 effe
1361 3881 1509 3908 videantur.
1580 3879 1679 3906 Amore
1701 3879 1764 3905 ficio
1786 3879 1916 3913 suspirare
1936 3878 2038 3903 Lucret.
2052 3886 2086 3909 4,
2107 3881 2169 3909 1183.

38 3913 135 3939 Ferent-
210 3911 283 3937 Idem
299 3919 328 3943 3,
346 3919 368 3938 ¹1
393 3912 451 3938 Nec
471 3919 578 3944 pmgere
597 3919 751 3947 quisquam,
770 3922 814 3943 aut
850 3927 930 3952 ngere
949 3918 1036 3953 coepit
1056 3926 1072 3944 a
1134 3919 1217 3945 Causa
1231 3917 1275 3944 abs
1289 3922 1314 3943 te
1327 3925 1373 3951 per
1385 3919 1511 3944 summani
1524 3914 1644 3942 fraudem
1658 3921 1683 3941 et
1697 3915 1827 3942 malitiam
1843 3914 1902 3940 fieta
1914 3914 1949 3939 cst
1957 3912 2010 3937 Cic.
2020 3920 2067 3944 pro
2075 3912 2168 3944 Qiint.

37 3941 154 3975 Pedibus
186 3987 208 4009 v
216 3947 280 4009 glic.
289 3947 366 4010 1Flam.
381 3955 404 3981 ς,
417 3955 444 3973 12
467 3947 563 3981 Neque
581 3946 652 3973 enim
664 3946 810 3977 Alexander
822 3952 868 3978 iLle
886 3953 985 3988 gratiae
998 3954 1122 3992 causa105
1133 3956 1173 3987 56.
1243 3952 1325 3980 Plaut.
1338 3953 1426 4014 Truci'
1436 3962 1461 3983 2,
1475 3960 1501 4022 ἶ,
1516 3959 1545 4022 {2
1566 3951 1648 3979 Abire
1670 3950 1731 3978 hinc
1749 3952 1778 3978 ni
1799 3958 1910 3985 propere
1929 3946 2094 3981 grandigras,
2114 3948 2169 4016 {agrg

263 4001 269 4008 .
322 4002 329 4010 .
854 3998 860 4017 J
1443 3996 1460 4022 P
