2479 4225
0 1852 1 1857 =
42 1845 110 1869 c.19.

0 1868 1 1874 ¹
41 1879 86 1897 me
99 1870 233 1904 indulgeo.

426 193 682 236 EIE

77 287 432 316 BlnC'rAMBN'rVM,
459 289 643 317 EIECTIO,
668 287 923 314 EIECTICIVS,
945 287 1071 309 EIEC'I'O.

39 210 109 252 329

12 361 26 379 '‹
48 320 111 383 mgl
122 326 164 382 {Ii
172 326 212 387 1oc,
220 326 283 383 laede.
319 353 477 388 [ἓξόμνυμι]
514 355 572 382 lure
591 352 695 381 iurando
713 350 855 387 interpolito
875 351 973 392 aliquid
990 351 1074 387 depre-

43 393 113 423 cari,
126 391 167 418 vel
185 399 273 426 negare
292 391 358 416 adeo.
401 390 455 417 Cic.
472 390 504 416 de
518 391 591 417 Orat.
604 399 626 423 2,
640 394 679 420 185
694 396 716 414 c.
730 394 764 422 70
798 387 883 414 Placet
903 394 983 413 ctiam
1003 387 1071 414 inihi

43 425 109 454 illud
122 425 261 460 Scipionis,
274 424 357 457 illius,
370 425 418 459 qui
430 425 469 452 T.
481 425 627 452 Gracchum
644 422 771 458 perculit,
790 431 871 457 quum
883 431 908 449 et
922 424 959 449 M.
969 423 1073 450 Flaccus
1098 426 1111 452 5
1137 422 1183 449 bra
1198 431 1244 450 etc.

45 461 133 489 multis
162 460 250 487 robris
263 460 377 487 obiectis
392 462 418 487 P.
431 461 547 488 Muti1=1u
560 459 678 498 iudicem.
691 457 800 498 tulisset,
810 454 898 489 Eierd,
912 458 1008 493 inquit,
1023 459 1074 499 ini?

63 505 108 523 uus
122 469 165 522 eli.
183 505 266 531 quum
280 497 340 522 esset
353 495 587 528 admurmuratum,
600 494 657 526 Ah,
671 498 774 527 mquit,
788 494 813 518 P.
827 494 857 520 C.
875 502 929 519 non
941 503 991 528 ego
1003 494 1073 520 mih1

45 533 52 538 '
74 540 117 557 mn
137 531 259 567 iniquum
277 532 367 564 ciem,
390 541 483 559 verum
499 529 629 558 omnibus.
663 528 712 555 Tu
732 528 749 567 si
766 527 867 555 diaboli
886 537 1009 564 pompam
1022 530 1075 555 eie-

42 565 103 594 rasti
116 566 233 593 Tertull.
250 566 282 593 de
293 566 390 593 Idolol.
405 577 426 594 c.
442 573 476 597 18.
511 565 577 593 Add.
587 563 625 591 Id.
641 563 673 590 de
686 563 768 598 Speet.
781 573 803 590 c.
817 572 862 597 24.
897 566 990 601 Nempe
1009 564 1073 591 idem

41 602 113 639 plane
126 601 159 634 ‘st
171 601 235 638 quod
246 608 360 634 EIVRO,
374 602 401 628 de
414 612 459 639 quo
490 621 496 627 .
508 603 525 627 Ι.

79 643 114 664 EI
125 643 141 663 ε
151 644 199 664 Re.
209 644 294 670 Τιο,
311 638 379 664 onis.
397 638 416 664 f.
482 634 566 663 ertull.
584 633 617 661 de
631 633 744 668 speetae.
759 643 781 662 c.
794 643 821 668 4.

81 678 298 700 BiERATOR.
334 674 388 700 ICt.
407 674 435 700 in
451 671 510 704 Dig.

82 706 227 741 Elicio,
247 708 304 741 cci,
323 711 376 735 ere.
413 705 564 741 [ἒκῶἔλλω,
583 704 688 738 tionum]
725 706 829 740 Proprie
845 702 879 738 est
895 704 1033 740 Expellere,
1054 712 1077 732 et

64 741 114 777 uas?
128 744 206 770 Extra
219 746 305 770 iacere.
341 744 440 770 Eiicere
451 740 554 768 sordida
568 739 745 773 Scribon.114.
762 744 780 767 i.
796 747 843 775 per
855 741 937 766 aluum
945 750 1078 768 excernere.

44 751 135 805 {leluti
152 778 249 806 eiicere
265 779 362 807 vitium
379 786 436 810 229.

45 813 99 840 fuit
108 833 116 846 ‚
135 814 272 841 excludere
284 814 361 841 facile
374 813 417 839 est.
456 813 547 847 Nempe
559 811 670 843 Eiicere,
683 821 734 837 eum
750 814 792 846 qui
804 814 873 837 intus
881 810 941 847 fuit
953 813 1077 847 expellere.

44 848 183 876 excludere
203 860 250 876 non
268 850 396 877 admittere
413 850 510 873 intrare
528 847 654 873 volentem.
691 847 773 873 Ouid.
788 846 873 873 Trist.
887 854 909 879 5,
922 849 949 879 6,
963 856 987 879 13
1004 848 1079 874 Tur-

42 883 102 918 pius
120 885 244 918 eiicitur,
269 893 346 921 qnam
362 892 416 909 non
432 882 582 909 admittitur
602 881 702 916 hospes.
773 882 829 909 Cic.
851 891 900 916 pro
917 883 1015 910 Milon.
1036 892 1078 910 102

45 920 117 946 I-Iaec
136 927 206 947 tanta
220 923 303 948 virtus
322 928 353 946 ex
372 918 418 944 hac
432 918 498 944 vrbe
515 917 676 952 expelletur,
689 917 926 949 exterminabitur,
939 919 1079 946 eiicietur3

42 954 192 982 Contraria:
222 956 294 984 Idem
306 963 354 989 pro
372 953 468 980 Milon.
485 962 525 979 101
551 962 573 979 c.
588 961 613 985 37
652 953 812 980 Memoriam
827 953 938 979 Milonis
952 955 1078 982 retinebi-
1090 964 1125 982 20
1144 960 1222 981 GEO.

45 990 95 1017 tis?
115 991 200 1026 ipsum
217 991 342 1020 ejicietis,
356 995 382 1015 et
402 989 453 1015 erit
473 989 580 1023 dignior
600 988 682 1018 Iocus,
696 995 741 1014 etc.
812 989 914 1015 Eiicere
926 989 998 1016 foras
1011 991 1078 1018 Ter.

46 1025 120 1054 Adel.
138 1035 158 1060 ι,
172 1035 196 1060 2,
211 1035 253 1059 29.
289 1026 391 1051 Lucret.
407 1034 433 1058 4,
447 1032 491 1057 915
505 1031 528 1050 et
540 1033 598 1057 920.
669 1024 770 1049 Eiicere
783 1024 854 1050 foras
867 1024 977 1051 aedibus
997 1026 1077 1053 Plaut.

45 1061 115 1087 Asin.
129 1070 149 1095 1,
163 1070 187 1095 2,
202 1070 221 1088 1.
275 1061 342 1087 Ter.
354 1061 419 1087 Eun.
434 1068 459 1092 2,
474 1068 499 1092 2,
513 1067 545 1092 45
573 1060 632 1086 Hoc
651 1067 719 1085 nunc
734 1058 803 1085 dices
813 1079 820 1091 ,
835 1059 934 1086 eiectos
947 1060 1009 1088 hinc
1023 1071 1078 1089 nos.

46 1097 166 1123 omnium
187 1105 273 1123 rerum
294 1095 359 1122 heus
378 1095 526 1122 viciffitudo
547 1094 592 1120 est.
663 1094 718 1120 Cic.
738 1094 770 1120 de
784 1095 884 1121 Sene&
905 1104 941 1129 42
976 1098 1079 1124 Inuitus

506 776 561 802 Cic.
578 776 648 802 Fam.
671 784 733 808 14,3
770 777 871 802 Eiicere
891 784 939 802 nos
953 785 1077 811 magnum
1095 784 1120 810 15
1140 784 1210 803 meas
1229 776 1362 802 eiulabani
1380 776 1457 810 Apul.
1472 777 1536 802 Met.
1551 785 1563 809 3
1582 786 1603 811 p.
1618 785 1671 811 129.

1523 191 1560 234 E
1658 190 1817 232 LA
2104 211 2173 248 330

1171 288 1186 308 ε
1196 287 1283 309 iter
1293 286 1314 307 v
1324 286 1353 312 S,
1374 279 1412 308 sis.
1434 290 1470 308 m.
1496 281 1601 309 Luci-et.
1614 289 1640 314 4,
1653 287 1701 314 957
1721 279 1826 314 Altior,
1837 287 1916 317 atque
1926 283 1998 311 foras
2011 284 2108 312 eiectus
2122 286 2174 314 lat.

1135 317 1195 351 gior
1210 318 1283 349 eius,
1317 317 1348 343 Et
1361 316 1470 344 diuisior
1485 317 1553 344 inter
1567 317 1608 348 se,
1621 325 1648 343 ac
1663 314 1814 342 distraCfior
1826 316 1904 344 intus.

1173 359 1189 379 E
1201 360 1210 379 1
1222 359 1238 379 E
1249 360 1265 381 c
1274 359 1295 379 'r
1305 358 1325 379 v
1335 359 1399 385 RA,
1422 361 1460 379 ae.
1479 353 1498 378 f.
1540 354 1593 379 Vox
1605 350 1771 386 restituenda,
1785 358 1814 377 vt
1827 352 1927 379 videtur
1939 354 1977 380 Vc
1997 355 2052 382 etio
2060 356 2173 384 Mulom.

1136 396 1161 419 2,
1174 396 1215 421 45,
1227 393 1240 418 8
1266 389 1296 415 Et
1310 387 1327 414 si
1340 396 1371 414 ex
1384 387 1501 415 eiectum
1516 388 1613 420 suerit,
1627 386 1698 422 prius
1711 386 1776 413 locis
1789 386 1841 413 suis
1853 396 1970 421 reponen
1989 400 2002 416 a
2017 392 2074 418 sunt
2092 401 2173 419 mem·

1286 424 1330 450 Vel
1342 422 1397 457 stc,
1412 426 1525 458 inquam,
1537 423 1678 457 legendum,
1692 424 1732 449 uel
1749 423 1780 449 Et
1798 421 1816 448 li
1835 421 1969 450 exiee‘tura
1985 432 2032 460 pro
2046 427 2174 455 cieftura,

1137 456 1177 491 Est
1193 465 1273 494 nempe
1284 459 1406 485 Eied'tura
1419 460 1524 485 laxatio.
1551 455 1608 487 Vni.
1624 464 1747 486 EllCERB
1771 467 1798 484 n.
1812 466 1836 485 2.

1526 531 1552 561 E
1647 531 1661 563 1
1759 531 1787 562 V

1176 598 1304 631 tusto,
1318 603 1370 627 dre.
1406 595 1494 634 [dioclv'
1509 610 1583 632 ομαι,
1602 597 1834 635 κλαυθμυρΙζομαι]
1870 597 1911 633 Est
1924 607 1982 626 voce
1989 599 2091 636 sublata
2096 601 2162 637 flere
2168 613 2176 628 .-

1137 636 1202 670 quod
1220 646 1259 661 ma
1278 639 1301 661 is
1319 637 1445 661 mulierum
1466 645 1477 660 c
1514 639 1652 669 proprium.
1688 636 1744 663 Cur
1763 635 1845 662 eiulas
1864 636 1945 662 Plaut.
1965 635 2024 662 Aul.
2044 645 2122 669 4,10‚
2135 639 2177 664 66.

1140 671 1212 696 Idem
1226 646 1316 697 Atfiul.
1335 679 1356 701 2,
1371 679 1398 702 4,
1412 678 1443 702 39
1476 671 1593 704 Quinam
1612 670 1694 697 homo
1714 671 1757 697 hic
1777 676 1837 697 ante
1856 669 1930 697 aedes
1949 671 2063 704 nostras,
2077 672 2178 699 eiulans

1139 707 1313 740 conqueritur
1334 706 1471 732 moerens3
1542 705 1598 731 Cic.
1612 706 1694 732 Tusc.
1710 715 1734 738 2,
1750 714 1776 739 19
1789 715 1811 732 c.
1826 713 1843 741 7
1883 707 1970 741 Ipsum
1988 707 2058 733 enim
2079 708 2178 734 Hereu-

1142 742 1193 768 lem
1219 741 1321 767 viderat
1343 741 1370 767 in
1390 742 1457 766 Oeta
1478 741 1659 775 magnitudine
1680 742 1806 769 dolorum
1829 741 1980 768 eiulantem.
2051 743 2180 770 Fortunas

1726 777 1887 811 Lugubriter
1899 778 2025 806 eiulantes
2042 777 2118 805 Idem
2130 787 2142 812 ς
2155 789 2180 814 p.

1144 821 1196 845 3¹9·
1251 811 1329 838 Eiulo
1343 820 1392 846 pro
1404 811 1492 838 eiulor
1505 811 1572 844 dici,
1585 820 1663 839 monet
1678 812 1799 839 Priscian.
1811 818 1825 843 8
1839 822 1864 847 p.
1875 821 1929 848 797
1941 820 1982 848 pr.

1181 853 1198 874 Ε
1209 854 1248 873 ιν
1258 853 1274 872 L
1286 854 1307 873 A
1316 854 1337 873 'r
1347 854 1382 873 10
1392 866 1400 879 ,
1419 847 1486 873 onis.
1506 847 1526 873 f.
1563 847 1575 881 [
1589 846 1761 882 κλαυθμύμσις
1773 849 1786 882 ]
1823 850 1938 875 Ploratus
1958 855 1999 875 rat
2012 850 2068 875 onis·
2087 856 2181 885 expers.

1142 882 1225 910 Plaut.
1240 882 1315 916 Capt.
1329 891 1351 913 2,
1366 891 1386 914 1,
1402 890 1418 916 7
1446 890 1470 909 L.
1486 883 1636 909 Eiulatione
1649 882 1718 909 haud
1733 891 1798 916 opus
1812 883 1865 916 est,
1884 884 1968 910 oculis
1981 894 1996 910 n
2009 884 2093 911 ultam
2107 886 2180 912 mise-

1142 919 1210 945 riam
1223 917 1328 944 additis.
1397 917 1529 952 Lugubris
1544 918 1654 945 eiulatio
1668 917 1764 944 Cic.de
1774 918 1852 952 Legg.
1864 927 1891 950 2,
1905 928 1935 952 59
1948 929 1970 947 c.
1983 929 2018 952 23.
2058 920 2116 948 md„
2130 927 2181 947 Lv-

1292 953 1340 979 Illa
1352 961 1405 979 non
1418 954 1506 981 virilis
1519 954 1630 980 eiulatio
1644 954 1711 979 Hor.
1720 951 1802 986 Epod.
1817 961 1899 988 1o‚17.

1178 989 1407 1020 Elel'xTvs,
1432 988 1470 1015 us.
1497 999 1531 1015 m.
1567 986 1805 1023 [κλαυθμυρισμδς]
1844 988 1919 1014 Idem.
1951 989 2008 1015 Cic.
2030 990 2063 1016 de
2087 991 2180 1026 Arusp.

1140 1025 1217 1059 Resp.
1229 1032 1261 1058 39
1297 1024 1361 1050 Νοη
1383 1024 1440 1050 sunt
1458 1025 1499 1051 illi
1517 1023 1629 1050 eiulatus
1647 1029 1673 1049 et
1693 1023 1805 1057 gemitus
1818 1022 1993 1055 Philoctetae,
2006 1032 2052 1051 etc.
2108 1027 2182 1053 Idem

1142 1061 1226 1087 Tusc.
1246 1068 1273 1092 2,
1285 1066 1352 1099 5;·c.
1368 1068 1393 1092 23
1428 1060 1602 1094 Iugemiscere
1623 1066 1813 1092 nonnunquam
1832 1058 1894 1084 viro
1910 1060 2055 1085 concessum
2072 1061 2122 1092 est,
2143 1062 2182 1089 id.

1141 1104 1192 1130 que
1206 1103 1281 1122 raro:
1296 1095 1409 1121 eiulatus
1423 1105 1488 1122 vero
1503 1104 1535 1121 ne
1549 1094 1657 1120 mulieri
1672 1093 1791 1128 quidem.
1861 1093 1939 1120 Hunc
1952 1094 2091 1128 eiulatum,
2103 1106 2181 1132 quem

45 1132 153 1166 quidem
174 1132 240 1164 feci,
259 1137 288 1158 vt
306 1130 437 1158 fortissimi
456 1131 511 1157 viri
524 1131 560 1157 T.
574 1129 696 1156 Flaminii
715 1130 825 1156 fratrem
846 1132 876 1158 C.
891 1131 1051 1159 Flaminium
1065 1143 1080 1160 e
1090 1135 1122 1162 ²3
1142 1131 1225 1166 gemis
1235 1150 1242 1162 ,
1258 1130 1347 1156 cuncti
1368 1138 1475 1165 gemunt
1490 1131 1548 1157 Sen.
1562 1131 1642 1156 Herc.
1657 1130 1717 1155 Oet.
1730 1136 1776 1163 74.

47 1167 140 1194 Senatu
158 1168 289 1194 eiicerem.
342 1166 416 1193 Idem
431 1175 479 1201 pro
493 1166 596 1192 Cluent.
612 1173 652 1197 119
665 1175 686 1191 c.
699 1174 734 1199 42
762 1167 792 1193 C.
805 1167 898 1193 Getam
911 1176 970 1194 cum
984 1177 999 1195 a
1014 1170 1081 1196 Cen-

46 1203 149 1230 soribus
168 1211 200 1229 ex
213 1203 306 1229 Senatu
323 1202 423 1229 eie6tus
443 1202 519 1234 efl‘ct,
538 1201 681 1228 Censorem
700 1201 784 1235 ipsum
803 1202 890 1236 postea
908 1204 956 1229 effe
970 1204 1079 1232 fanum.

45 1236 148 1265 Eiicere
165 1239 281 1273 aliquem
298 1246 313 1264 a
330 1239 382 1264 suis
399 1237 450 1264 diis
464 1236 600 1272 penatibus
620 1237 676 1264 Cic.
689 1245 738 1270 pro
752 1237 846 1270 Qiint.
863 1240 904 1264 62.
976 1241 1007 1266 In
1026 1242 1081 1267 exi-

46 1273 114 1300 lium
127 1273 198 1300 Idem
214 1275 241 1300 in
255 1273 344 1300 Parad.
358 1282 378 1307 4
389 1280 453 1300 extr.
490 1274 520 1299 Et
525 1271 675 1307 simpliciter
686 1273 789 1298 Eiicere
802 1273 881 1299 eadem
888 1273 1015 1309 sententia
1032 1285 1081 1310 pro

44 1307 133 1335 Domo
146 1318 166 1337 c.
179 1316 208 1342 25
221 1316 244 1335 et
255 1318 284 1340 32
302 1316 347 1336 etc.

45 1344 102 1371 Cic.
117 1344 149 1370 de
161 1344 233 1371 Orat.
247 1353 270 1377 2,
282 1353 331 1378 234
363 1344 460 1379 Atqui,
475 1343 562 1378 inquit
582 1343 681 1376 Iulius,
694 1352 748 1370 non
766 1344 880 1370 nimium
901 1345 1012 1373 liberale
1034 1347 1081 1374 ho-

42 1379 151 1414 spitium
160 1381 250 1407 'meum
263 1379 346 1407 dices:
365 1388 425 1406 nam
438 1385 464 1405 tc
481 1379 509 1405 in
522 1379 609 1411 viam,
623 1378 698 1405 simul
712 1388 740 1405 ac
754 1380 948 1414 perpaullulum
962 1383 1081 1416 gutiaris,

42 1415 179 1442 extrudam
197 1421 223 1442 et
240 1415 355 1442 eiiciam.
425 1415 528 1443 Eiicere
548 1423 644 1441 nauem
664 1415 692 1440 in
711 1421 810 1442 terram
835 1417 908 1443 Caes.
921 1417 949 1443 B.
964 1418 994 1444 C.
1010 1428 1032 1450 3,
1046 1424 1081 1449 28-

40 1449 144 1477 Eiicere
157 1449 190 1477 de
203 1451 266 1478 naui
277 1450 445 1484 nauigantem
458 1451 485 1477 in
498 1451 551 1477 alto
566 1450 620 1477 Cic.
633 1450 686 1477 Off.
700 1459 712 1483 3
723 1460 745 1477 c.
755 1460 790 1484 23.
845 1452 884 1479 De
896 1453 1012 1488 collegio
1025 1455 1081 1480 Cic.

41 1484 115 1512 Ratis
133 1485 216 1513 eie-fta
229 1486 311 1513 Ouid.
325 1485 404 1521 Epist.
419 1493 446 1521 7,
461 1494 517 1521 172.
587 1486 690 1513 Eiicere
709 1487 734 1512 se
752 1487 780 1513 in
793 1496 869 1521 agros
890 1488 951 1515 Liu.
965 1491 992 1522 6,
1030 1510 1036 1516 .

41 1520 98 1547 Cic.
118 1521 195 1548 Verr.
211 1530 234 1555 5,
248 1531 277 1555 91
293 1532 315 1549 c.
331 1531 358 1555 35
395 1523 450 1549 Iam
469 1523 521 1548 sese
541 1521 569 1547 in
587 1527 685 1548 terram
701 1531 715 1548 e
738 1523 800 1549 naui
821 1525 944 1550 eiecerat.
1014 1525 1081 1552 Plin.

40 1554 120 1590 Epist.
135 1562 156 1588 8,
170 1565 198 1592 17
214 1557 242 1584 de
254 1559 365 1591 Aniene,
386 1557 496 1592 Impulit
515 1556 599 1589 ῑεᾶὶει,
613 1565 642 1583 ac
658 1558 682 1583 se
699 1558 777 1592 super
796 1559 886 1584 ruinas
900 1560 983 1587 eiecit
1002 1567 1081 1596 atque

44 1591 138 1618 extulit
217 1593 278 1619 Liu.
291 1598 333 1626 28,
370 1613 376 1619 .
415 1613 421 1619 .
458 1594 618 1627 frequentes
630 1601 662 1619 cx
675 1593 775 1627 oppido
789 1594 841 1619 sese
855 1595 994 1621 eiecerant.
1013 1596 1083 1623 Add.

41 1627 114 1656 Caes.
128 1628 156 1655 B.
171 1628 203 1654 G.
220 1637 242 1661 5,
258 1635 291 1661 15.
362 1629 392 1654 Se
406 1629 518 1660 eiicere,
533 1629 645 1662 suosque
657 1628 744 1654 secum
758 1628 869 1655 educere
887 1630 944 1656 Cic.
959 1631 987 1657 in
1002 1632 1081 1657 Catil.

44 1668 64 1694 1,
79 1671 118 1695 30.
153 1664 251 1690 Vocem
269 1664 382 1695 eiicere,
397 1664 450 1690 vid.
472 1670 488 1689 Ε
499 1669 515 1688 1.
527 1669 617 1690 1C10.

43 1706 68 1729 2,
81 1705 108 1732 7,
121 1708 148 1731 4.
219 1698 322 1725 EieGms
341 1699 370 1725 in
390 1698 522 1725 desertum
543 1698 606 1724 litus
627 1699 683 1724 Sen.
702 1699 778 1733 Epist.
791 1708 816 1731 9.
887 1700 994 1728 Eiectus
1014 1701 1083 1736 apud

45 1733 165 1759 Andrum
186 1735 248 1760 naui
270 1734 368 1767 sraela,
385 1737 403 1760 i.
426 1734 598 1770 Naufragium
615 1733 698 1769 pallies
715 1732 748 1766 est
766 1735 835 1761 Ter.
854 1735 936 1762 Andr.
956 1745 979 1768 5,
998 1746 1027 1769 4,
1047 1746 1083 1763 21.

45 1767 119 1803 Conf.
132 1768 172 1795 lb.
188 1776 208 1800 1,
221 1777 243 1801 3,
257 1777 295 1803 17.
367 1769 469 1796 Eiieere
481 1770 600 1795 animum
613 1769 695 1802 patris
710 1769 742 1795 de
757 1769 848 1802 aliquo
868 1771 935 1796 Ter.
949 1772 1047 1796 Heaut.
1061 1778 1084 1803 5,

43 1810 70 1834 2,
83 1811 106 1829 2.
176 1803 279 1830 Eiicere
298 1812 330 1830 ex
348 1804 439 1830 animo
456 1812 575 1830 amorem
595 1803 701 1828 insitum
722 1804 776 1828 Cic.
797 1812 846 1835 pro
860 1804 935 1829 Rosc.
949 1805 1039 1830 Amer.
1055 1813 1083 1836 53

304 1872 406 1897 Eiicere
425 1880 456 1897 ex
470 1871 565 1897 animis
578 1871 735 1896 memoriam
753 1871 865 1897 alicuius
879 1872 938 1898 Liu.
951 1878 990 1903 28,
1029 1893 1036 1899 .
1075 1893 1082 1900 .

41 1905 97 1934 Cic.
112 1905 143 1932 de
157 1906 231 1932 Orat.
250 1914 270 1937 1,
284 1908 332 1938 146
348 1915 370 1932 c.
383 1913 415 1937 32
451 1906 492 1932 Sic
512 1905 560 1932 else
573 1914 628 1931 non
645 1905 824 1940 eloquentiam
843 1915 875 1933 ex
888 1907 1022 1941 artificio,
1039 1908 1084 1935 sed

40 1940 183 1969 artificium
202 1950 233 1968 ex
254 1940 406 1975 eloquentia
427 1947 532 1967 natum:
560 1940 633 1975 quod
654 1947 741 1968 tamen
757 1951 810 1968 non
829 1942 928 1975 eiicio,
952 1946 971 1970 i.
990 1947 1086 1976 reficio,

38 1983 172 2004 contemno.
207 1978 238 2003 Et
249 1984 275 2008 2,
287 1984 334 2003 102
346 1985 368 2003 c.
382 1985 418 2011 24
448 1976 503 2003 Vbi
522 1976 579 2011 plus
598 1976 663 2003 mali
679 1986 758 2011 quam
776 1977 840 2004 boni
855 1979 979 2013 reperio,
1001 1979 1027 2005 id
1043 1986 1083 2006 to-

417 1309 517 1335 Arenae
537 1308 565 1334 in
587 1307 650 1333 litus
670 1307 768 1334 eie&ae
797 1309 878 1335 Ouid.
899 1311 965 1336 Met.
981 1320 1014 1343 11,
1027 1315 1081 1345 ὄις,
1093 1315 1126 1340 3ο
1144 1308 1234 1335 cidum
1254 1309 1324 1335 enim
1347 1309 1507 1335 sarmentum
1527 1314 1636 1343 propter
1653 1306 1836 1332 infirmitatem
1855 1305 1949 1332 sterile.

1073 1510 1080 1516 .
1098 1496 1126 1522 35
1144 1489 1230 1524 legunt
1248 1489 1364 1514 certatim
1376 1494 1424 1522 pro
1440 1486 1592 1512 leuuncidas
1610 1488 1665 1511 viri
1683 1483 1760 1510 docti.

1179 1172 1196 1193 Ε
1206 1164 1430 1199 1VLABiL18,
1469 1166 1546 1200 Apul.
1560 1165 1603 1199 effi·
1621 1166 1731 1191 dicitur:
1757 1169 1833 1199 negat
1850 1162 1926 1190 index
1940 1163 2045 1191 Floridi.

1178 1208 1196 1229 E
1207 1209 1217 1228 1
1227 1208 1248 1226 v
1258 1208 1274 1227 L
1285 1200 1329 1228 i'T
1339 1208 1374 1233 Ο,
1393 1206 1444 1228 are.
1481 1203 1622 1237 Frequent.
1657 1198 1743 1226 Lucil.
1781 1219 1787 1226 .
1825 1221 1830 1226 .
1869 1218 1876 1225 .

1178 1243 1195 1264 E
1207 1245 1217 1264 1
1225 1244 1246 1263 v
1255 1243 1276 1262 N
1288 1243 1305 1263 C
1316 1235 1328 1263 f
1337 1243 1356 1263 D
1366 1245 1385 1263 v
1396 1244 1409 1263 s
1417 1257 1425 1269 ‚
1440 1246 1469 1270 a,
1483 1246 1536 1265 um.
1560 1236 1620 1263 Adi.
1656 1235 1754 1262 Debilis
1762 1254 1769 1267 ,
1783 1235 1904 1271 gracilis,
1917 1234 2064 1271 languidus,
2078 1242 2102 1263 et
2113 1235 2185 1263 valde

1142 1275 1251 1299 iunceus.
1286 1272 1463 1305 Eirmcidmu,
1483 1272 1636 1299 ἓκλεπτωθέν
1651 1270 1730 1297 Gloss.
1750 1271 1836 1297 Varro
1849 1269 1880 1297 de
1894 1271 1925 1296 R.
1940 1270 1972 1297 R.
1986 1279 2006 1304 1,
2020 1279 2055 1333 ᾖ,
2067 1280 2080 1304 3
2106 1271 2184 1334 {iufi-

2055 1316 2094 1333 em
2127 1317 2142 1334 e
2180 1328 2186 1335 .

1144 1345 1175 1371 R.
1190 1353 1215 1375 2,
1228 1353 1266 1377 10,
1282 1350 1295 1374 8
1332 1344 1416 1371 Audii
1434 1350 1458 1370 tc
1473 1343 1577 1376 dicere,
1598 1351 1680 1378 quum
1698 1342 1726 1368 in
1740 1341 1896 1368 Liburniam
1910 1342 2035 1375 venisses,
2049 1349 2075 1369 te
2092 1343 2186 1370 vidiffe

1143 1380 1355 1406 matresfamilias
1369 1388 1478 1411 eorum,
1502 1379 1597 1405 afferre
1619 1378 1706 1413 ligna,
1727 1383 1752 1404 et
1776 1377 1851 1403 simul
1866 1385 1970 1411 pueros,
1989 1387 2056 1412 quos
2075 1379 2187 1412 alerent,

1143 1416 1207 1442 alias
1221 1416 1349 1450 litigium,
1361 1415 1425 1442 alias
1445 1415 1537 1448 binos,
1551 1423 1618 1450 quae
1637 1411 1803 1440 ostenderent
1818 1413 1882 1438 fetas
1896 1412 2004 1445 nostras,
2023 1423 2089 1448 quae
2103 1415 2131 1441 in
2144 1423 2188 1441 co-

1144 1452 1236 1486 nopeis
1251 1452 1337 1478 iacent
1356 1450 1411 1477 dies
1426 1451 1546 1485 aliquot,
1562 1451 1610 1476 esse
1627 1447 1761 1475 cium-idas
1774 1458 1804 1475 ac
1822 1449 2032 1475 contemnendas.
2068 1450 2109 1476 Sic
2122 1453 2188 1477 enim

1829 1483 1895 1510 Plin.
1912 1492 1948 1518 17,
1963 1492 1997 1511 22
2015 1485 2034 1510 s.
2049 1492 2077 1517 35
2114 1486 2188 1512 Alias

1145 1523 1315 1549 festinatione
1335 1521 1456 1556 pariendi
1474 1521 1578 1555 gracilis
1597 1526 1624 1547 et
1643 1519 1781 1551 eiuncida,
1800 1518 1828 1545 ni
1847 1518 2004 1546 cohibeatur
2018 1520 2187 1555 castigatione

1145 1558 1208 1590 tali,
1222 1558 1250 1584 in
1264 1559 1348 1584 fetum
1362 1557 1438 1583 abeat
1451 1563 1514 1583 tota.
1557 1556 1606 1583 Vbi
1617 1557 1691 1591 vulgo
1703 1556 1795 1590 legitur
1807 1554 1940 1581 Emucida.
1977 1553 2018 1589 Est
2027 1563 2106 1582 autem
2119 1557 2189 1584 Vitis

1142 1593 1264 1620 eiuncida
1272 1612 1280 1625 ‚
1295 1594 1421 1624 Gracilis,
1434 1591 1569 1628 languida,
1582 1591 1684 1621 debilis,
1699 1599 1791 1616 macra.

1182 1634 1198 1654 E
1210 1635 1249 1654 IV
1260 1635 1280 1653 N
1291 1634 1308 1654 C
1318 1633 1334 1653 E
1343 1635 1356 1654 S
1366 1633 1383 1654 C
1395 1634 1414 1654 0
1422 1647 1431 1659 ,
1449 1630 1503 1654 ἕπε.
1538 1628 1674 1653 Extenuari
1683 1644 1691 1657 ,
1702 1622 1919 1658 eiuncidumfieri.
1954 1623 2020 1651 Plin.
2034 1632 2073 1660 17,
2087 1634 2120 1652 22
2134 1626 2152 1652 s.
2160 1633 2188 1659 35

690 1663 795 1690 eiectus
808 1673 822 1690 e
835 1665 903 1691 mari
917 1665 999 1692 Plaut.
1014 1667 1127 1698 Rud.40
1144 1662 1214 1689 Vitis
1228 1663 1378 1689 eiuncescit.
1413 1664 1454 1689 Ita
1470 1662 1597 1688 Harduin.
1611 1663 1668 1686 olim
1681 1659 1826 1685 Euanescit.

1182 1704 1199 1724 E
1209 1701 1318 1729 uino,
1338 1702 1391 1724 are.
1411 1697 1423 1730 [
1432 1697 1566 1730 ἑξόμνυμι,
1581 1694 1781 1726 amaneum]
1799 1691 1865 1728 quod
1877 1694 1952 1718 etiam
1965 1690 2000 1725 est
2013 1699 2108 1722 mrito
2122 1704 2148 1722 υ.
2161 1705 2187 1722 υ.

1145 1733 1318 1759 iureiurando
1336 1732 1479 1768 interposito
1498 1730 1595 1766 aliquid
1610 1739 1626 1755 a
1638 1731 1668 1765 sc
1688 1737 1829 1760 remouere,
1848 1727 1921 1762 idque
1938 1727 2105 1763 deprecando,
2118 1730 2189 1766 depo.

1144 1767 1237 1799 nendo,
1257 1767 1377 1803 negando.
1430 1769 1522 1801 Nempe
1541 1769 1581 1791 ius
1600 1764 1730 1791 iurandum
1754 1766 1882 1797 interponi
1898 1766 1925 1789 in
1942 1764 1984 1790 his
2001 1765 2072 1791 rebus
2084 1766 2189 1801 solebat.

1145 1810 1171 1826 υ.
1183 1810 1209 1835 g.
1230 1805 1259 1827 in
1271 1801 1420 1836 magistratu
1431 1800 1570 1836 deponendo
1579 1810 1587 1825 .·
1611 1799 1681 1826 Vnde
1695 1799 1761 1825 Plin.
1771 1798 1849 1832 Epist.
1862 1806 1871 1824 1
1883 1798 1983 1833 penult.
2002 1800 2033 1826 Et
2046 1801 2117 1835 quasi
2133 1803 2189 1828 eiu-

165 1838 231 1863 Ter.
239 1840 304 1864 Eun.
317 1847 343 1868 2,
357 1847 377 1869 1,
392 1841 421 1864 16
439 1836 578 1863 Eiiciunda
586 1836 673 1862 hercle
681 1837 744 1862 haec
759 1837 887 1862 mollities
901 1837 993 1870 animi,
1002 1838 1083 1864 nimis
1096 1841 1129 1866 45
1145 1841 1204 1861 rato
1217 1836 1369 1869 magistratu
1383 1838 1517 1870 priuatum
1530 1844 1574 1861 me
1588 1835 1712 1862 facerem.
1748 1834 1790 1861 Sic
1801 1833 1887 1860 eiurat
1899 1834 1999 1861 Forum
2012 1836 2029 1863 s.
2043 1836 2189 1871 Iudicium,

1144 1872 1187 1905 qui
1199 1870 1347 1905 deprecatur
1360 1871 1469 1902 iudices,
1488 1881 1548 1907 quos
1553 1870 1605 1905 fibi
1624 1873 1723 1906 iniquos
1735 1868 1778 1903 effe
1790 1872 1875 1896 iurare
1890 1869 1972 1904 pofft't.
2008 1871 2062 1898 Cic.
2077 1873 2153 1899 Verr.
2165 1882 2189 1905 3,

1147 1909 1187 1937 138
1202 1915 1223 1932 c.
1237 1908 1272 1932 60
1307 1906 1497 1941 Negotiatores
1515 1911 1607 1941 putant
1620 1907 1668 1932 effe
1688 1911 1765 1939 turpe
1779 1904 1806 1930 id
1820 1905 1917 1930 Forum
1931 1904 1982 1932 fibi
1993 1906 2116 1941 iniquum
2132 1909 2189 1935 eiu-

1146 1949 1220 1973 rare,
1232 1940 1281 1968 vbi
1292 1942 1476 1976 negotientur:
1512 1943 1621 1968 Praetor
1637 1940 1804 1975 prouinciam
1819 1940 1891 1980 suam
1903 1946 1986 1967 totam
2000 1941 2049 1968 fibi
2068 1943 2191 1978 iniquam

1147 1977 1243 2003 eiurat.
1297 1978 1353 2004 Cic.
1368 1976 1434 2003 Phil.
1448 1986 1475 2003 12
1488 1986 1510 2003 c.
1521 1984 1539 2011 7
1575 1976 1616 2003 Sic
1633 1984 1676 2002 me
1695 1976 1819 2010 iniquum
1833 1974 1980 2003 exui-abant.
2004 1978 2093 2004 Graeu.
2106 1979 2189 2006 eiera-

41 2017 97 2040 tum
113 2011 238 2039 abiudico
251 2017 330 2047 atque
344 2012 434 2039 eiicio.
468 2011 514 2040 Ad
531 2012 630 2039 theatra
648 2012 749 2039 videtur
756 2016 891 2048 pertinere,
907 2021 935 2040 vt
949 2015 1043 2050 Exigo,
1056 2015 1085 2041 dc
1097 2017 1129 2043 50
1146 2011 1217 2038 bant.
1235 2014 1253 2038 i.
1274 2021 1323 2039 meo
1343 2013 1450 2038 arbitrio
1467 2013 1535 2039 nihil
1552 2015 1596 2048 agi
1613 2010 1752 2038 traffariue
1772 2010 1902 2043 volebant,
1914 2020 1983 2046 quem
1991 2011 2044 2045 fibi
2061 2016 2191 2041 inimicum

43 2047 123 2084 quos.
138 2050 156 2075 l.
192 2049 232 2075 Sic
246 2047 302 2075 cic.
314 2047 346 2074 de
361 2049 435 2075 Orat.
447 2055 459 2080 3
472 2057 493 2074 c.
509 2055 540 2081 50
554 2054 618 2074 extr.
649 2048 770 2075 Theatra
783 2055 839 2075 tota
851 2049 1002 2077 reclamant.
1037 2067 1083 2072 ——

44 2084 82 2110 Vt
99 2093 113 2111 a
131 2083 303 2111 multitudine
323 2098 367 2103 —
385 2083 466 2110 etiam
485 2083 532 2118 ipfi
553 2083 601 2109 fibi
620 2083 715 2118 singuli
735 2084 911 2119 discrepantes
933 2086 1083 2113 eiiciantur.

45 2119 131 2155 Itaque
137 2118 239 2156 frustra
250 2128 299 2153 pro
313 2119 418 2146 Cluent.
431 2127 490 2159 c.·31
520 2119 663 2153 Explosum
678 2125 704 2146 et
717 2120 830 2147 eieeium
845 2124 873 2146 in
891 2121 1021 2148 reiectum
1034 2132 1084 2148 mu-

43 2158 98 2181 sari
117 2155 180 2181 iubet
194 2156 323 2182 Graculus.
394 2154 506 2180 Eiiciam
527 2163 559 2180 ex
584 2155 621 2181 eis
646 2156 778 2189 crepitum
799 2156 979 2190 polentarium
1001 2157 1083 2183 Plaut.

47 2189 124 2224 Cure.
139 2198 166 2222 2,
178 2198 200 2223 3,
214 2192 251 2216 16.
287 2191 403 2217 Minatur
416 2189 572 2227 philosophis
586 2197 686 2227 pugnos
703 2195 730 2216 in
749 2198 859 2218 ventrem
873 2192 904 2228 se
924 2191 1083 2229 ingesturum.
1099 2192 1128 2219 53
1145 2189 1216 2216 Beat.
1231 2198 1252 2215 c.
1267 2190 1309 2215 26.

45 2221 69 2287 Ξ
87 2233 104 2252 2
139 2225 272 2261 obseruari
289 2232 409 2252 merentur
421 2224 477 2258 ista.
499 2227 536 2252 De
545 2233 623 2261 partu
636 2227 743 2253 violento
755 2227 896 2260 adhibetur,
916 2228 943 2254 Si
959 2237 1025 2255 vero
1044 2229 1083 2254 in-

57 2268 104 2290 ans
117 2260 187 2287 intus
200 2260 315 2293 deceffit,
328 2270 382 2295 quo
393 2261 500 2288 facilius
515 2261 640 2288 eiiciatur
654 2270 699 2289 etc.
719 2263 786 2289 Cels.
802 2271 825 2296 5,
840 2272 864 2290 21
881 2263 909 2289 do
919 2270 1006 2298 paratu.
1038 2264 1085 2291 Sed

42 2297 116 2321 etiam
120 2295 170 2330 fim
187 2297 269 2323 liciter
280 2296 382 2323 Eiicere
394 2296 493 2324 dicitur
505 2297 619 2330 mulier,
638 2298 743 2333 leian.
757 2299 785 2325 in
798 2299 814 2326 l.
833 2300 858 2325 Si
873 2299 964 2326 seruus
978 2301 1083 2327 seruum

42 2327 67 2372 §.
87 2329 113 2357 Si
126 2340 170 2357 inu
183 2331 222 2358 ier
234 2340 323 2367 pugno
335 2333 367 2359 D.
376 2332 416 2359 Ad
429 2332 511 2367 legem
521 2333 657 2368 Aquiliam
666 2354 673 2364 ,
688 2334 714 2360 Si
730 2334 829 2361 mulier
840 2344 946 2370 pugno,
960 2336 1003 2362 vel
1017 2345 1084 2370 equa

1138 2047 1246 2083 scirent.
1317 2047 1410 2074 Tacit.
1425 2047 1493 2075 Hist.
1507 2056 1528 2080 3,
1544 2050 1586 2079 68,
1599 2056 1612 2079 7
1649 2047 1822 2073 Praeuenerat
1844 2054 1955 2079 rumor,
1977 2047 2078 2075 eiurari
2100 2050 2133 2076 ab
2156 2059 2191 2078 eo

1145 2082 1301 2117 Imperium.
1373 2084 1415 2109 Ius
1429 2084 1520 2117 fasque
1536 2083 1642 2108 eiurare
1655 2082 1713 2108 Sen.
1726 2080 1758 2107 de
1772 2081 1862 2107 Benef.
1876 2083 1903 2114 6,
1914 2091 1942 2115 4.
2005 2083 2118 2111 Liberos
2132 2087 2189 2113 sen,

1146 2118 1255 2145 Consol.
1270 2118 1301 2144 ad
1318 2119 1401 2144 Marc.
1416 2128 1437 2145 c.
1453 2127 1491 2151 19.
1545 2117 1728 2151 Magistratum
1743 2116 1833 2143 Tacit.
1842 2117 1910 2143 Ann.
1923 2125 1960 2150 12,
1972 2127 1999 2152 4.
2017 2122 2036 2145 i.
2053 2122 2188 2156 Deponere.

1145 2153 1274 2180 Militiam
1286 2154 1369 2180 Plaut.
1383 2153 1450 2188 opud
1462 2153 1566 2180 Festum
1579 2156 1605 2179 in
1619 2153 1748 2179 Eiuratio.
1818 2152 1895 2187 Spem
1908 2151 2005 2180 bonam
2018 2155 2075 2181 Sen.
2089 2155 2191 2184 deVita

1372 2190 1481 2215 Eiurare
1493 2189 1590 2215 bonam
1604 2188 1723 2223 copiam,
1741 2185 1775 2221 est
1789 2189 1876 2214 Iurare
1890 2188 1942 2222 fibi
1960 2192 2055 2224 copiam
2078 2202 2127 2218 non
2146 2192 2190 2226 ςθὲ

1143 2227 1210 2251 aeris
1223 2226 1299 2251 alieni
1311 2222 1464 2257 diffiilucndi.
1502 2225 1556 2251 Cic.
1574 2225 1647 2251 Fam.
1660 2232 1687 2257 9,
1699 2225 1728 2250 16
1755 2223 1804 2250 Tu
1817 2230 1905 2250 autem
1919 2226 1991 2259 quod
2002 2226 2071 2253 mihi
2092 2228 2191 2256 bonam

1144 2261 1249 2295 copiam
1263 2260 1361 2293 eiures,
1375 2259 1443 2286 nihil
1457 2259 1501 2286 est.
1536 2260 1614 2287 Tum
1626 2260 1709 2292 enim,
1723 2268 1804 2293 quum
1815 2268 1873 2286 rem
1886 2259 2011 2294 habebas,
2023 2264 2192 2297 quaesticulis

1145 2301 1170 2322 te
1184 2295 1316 2323 faciebam
1328 2296 1510 2322 attentiorem.
1551 2295 1620 2322 Vnde
1633 2295 1700 2331 apud
1714 2296 1791 2321 Varr.
1806 2294 1839 2321 de
1850 2295 1880 2322 L.
1895 2295 1923 2322 L.
1936 2298 1963 2329 6,
1976 2305 1989 2329 5
2008 2306 2033 2332 p.
2051 2303 2090 2331 82,
2104 2308 2135 2333 14
2151 2310 2191 2327 re-

1136 2330 1293 2365 stituendum
1311 2332 1409 2357 verbum
1425 2331 1570 2357 iudicarunt
1587 2334 1641 2357 viri
1653 2330 1739 2363 dotti,
1759 2330 1847 2366 quibus
1864 2330 1988 2367 obsecutus
2004 2332 2039 2366 est
2051 2336 2190 2370 Scioppius,

42 2365 99 2394 ιέἱιι
120 2375 135 2393 a
153 2372 178 2393 te
200 2368 315 2402 perculsa
336 2368 458 2395 eiecerit:
485 2370 580 2396 Brutus
605 2369 642 2396 ait
658 2370 768 2404 Aquilia
782 2376 866 2397 teneri
890 2371 962 2406 quasi
981 2372 1127 2406 ruperit6o
1144 2367 1210 2404 quod
1222 2369 1296 2393 Unius
1310 2368 1397 2393 literae
1410 2367 1547 2393 ademtione
1559 2366 1746 2402 omnemsensus
1758 2369 1870 2402 gratiam
1878 2367 2033 2402 perdiderat,
2070 2372 2111 2397 31.-
2126 2375 2191 2398 mim

42 2401 188 2437 ἔπι-τρώσασα.
214 2402 283 2429 Vnde
298 2403 379 2430 vulua
391 2404 523 2431 eiecticia.
578 2405 647 2431 Eiici
659 2405 780 2433 membra
794 2406 911 2433 dicuntur
925 2416 978 2433 cum
996 2408 1085 2433 luxan-

42 2444 87 2471 ‘us
98 2439 216 2470 articuli,
234 2438 310 2473 etfico
321 2440 445 2465 acetabulo
458 2447 574 2475 tanquam
587 2441 688 2467 cardine
701 2444 867 2468 excutiuntur.
892 2442 968 2477 Virg.
983 2451 1023 2476 10,
1033 2448 1084 2476 894

45 2471 53 2479 ¹
198 2472 293 2499 Tollit
309 2474 335 2499 se
354 2473 485 2500 arreetum
504 2475 669 2509 quadrupeS,
683 2482 708 2502 et
726 2476 842 2503 calcibus
854 2485 930 2504 auras

197 2507 343 2541 Verberat,
355 2508 518 2544 effusumque
531 2511 649 2545 equitem
663 2511 741 2545 super
758 2513 813 2547 ipse
827 2513 927 2539 secutus

109 2576 117 2583 ·
198 2542 334 2577 Imputat,
348 2544 487 2580 eieStoque
506 2546 640 2573 incumbit
652 2555 762 2574 cernuus
775 2556 859 2575 armo.

45 2577 144 2617 Hygin-
158 2577 219 2604 Fab.
236 2585 266 2613 57
285 2579 463 2614 Bellerophon
482 2581 603 2609 decidiss'e
615 2582 714 2609 dicitur
728 2584 756 2609 in
768 2593 872 2618 campos
887 2584 994 2617 Aleios,
1012 2583 1083 2610 vnde

46 2617 126 2653 enam
139 2613 224 2640 Coxas
235 2614 336 2641 eiecisse
348 2615 455 2643 dicitur.
497 2618 617 2644 Scribon.
632 2618 725 2654 Comp.
741 2622 789 2646 206
810 2619 849 2646 Ad
864 2620 982 2646 luxatum
995 2628 1084 2651 omne,

47 2654 73 2679 et
85 2647 198 2675 medium
207 2668 214 2679 ,
226 2656 251 2675 et
261 2651 405 2685 repositum
417 2653 647 2679 articulamentnm
660 2654 726 2681 bene
739 2655 812 2680 facit.
867 2655 968 2681 Elii-erc
981 2663 1085 2680 armum

44 2684 136 2718 Veget.
150 2683 261 2710 Mulom.
280 2694 304 2715 2,
317 2694 360 2718 45,
373 2694 400 2720 7.
436 2688 576 2713 Cernicem
596 2688 670 2714 idem
688 2697 714 2720 2,
727 2697 770 2722 41,
784 2698 802 2715 1.
839 2689 929 2715 Eieeta
947 2689 1013 2714 locis
1035 2689 1086 2714 suis

43 2718 164 2746 restitues
183 2719 220 2745 Id.
235 2728 260 2752 2,
273 2723 319 2753 46.
345 2720 403 2746 Vid.
428 2727 609 2748 ElECTVRA.

43 2754 142 2788 aliquid
159 2759 261 2781 eminere
281 2757 350 2782 vltra
367 2757 457 2782 lineam
474 2758 570 2784 volunt.
611 2757 645 2784 Vt
658 2757 746 2784 Eiecta
764 2758 837 2785 velut
851 2758 1003 2793 baptisteria
1019 2758 1085 2785 Plin.

44 2788 123 2823 Epist.
137 2798 162 2822 2,
175 2797 213 2824 17,
228 2799 258 2817 ιι,
277 2794 295 2817 ι’.
311 2793 452 2817 eminentia.
522 2791 640 2819 Macrob.
656 2793 684 2820 in
698 2794 768 2820 Som.
785 2794 852 2828 Scip.
868 2803 888 2826 1,
902 2801 915 2827 5
944 2795 965 2820 A
978 2794 1085 2828 singulis

44 2824 147 2859 pnnetis
161 2825 188 2850 in
200 2825 340 2852 aduersum
358 2826 484 2861 punctum
498 2827 582 2853 eiecta
594 2828 674 2854 linea.
731 2831 761 2855 Et
776 2838 796 2863 1,
808 2837 825 2864 7
862 2830 914 2855 Aut
927 2830 999 2855 enim
1014 2830 1085 2855 linea

44 2859 152 2887 eiicitur
166 2868 198 2886 ex
209 2860 324 2895 puncto,
347 2868 393 2888 aut
406 2871 437 2889 ex
454 2862 523 2889 linea
536 2862 699 2897 superficies,
716 2870 763 2890 aut
781 2873 813 2890 ex
827 2864 939 2898 planicie
957 2864 1084 2891 soliditas.

679 2723 882 2750 ‘architectorum
901 2733 951 2749 vox
969 2721 1017 2756 est,
1032 2733 1085 2749 cum
1094 2725 1129 2752 70

1143 2406 1191 2435 ait,
1211 2402 1303 2434 Liber,
1317 2403 1364 2437 qui
1378 2411 1469 2437 operas
1484 2403 1539 2428 suas
1552 2401 1580 2428 in
1592 2402 1720 2429 seruitute
1733 2411 1781 2436 pro
1794 2403 1915 2436 pecunia,
1928 2412 2006 2438 quam
2019 2404 2123 2437 debeat,
2134 2406 2189 2439 dat,
2204 2418 2206 2421 ·

1145 2438 1209 2465 dum
1222 2438 1353 2470 solueret,
1367 2447 1448 2464 nexus
1467 2443 1593 2470 vocatur,
1610 2444 1639 2464 vt
1652 2437 1684 2465 ab
1703 2446 1763 2464 aere
1783 2438 1930 2465 obaeratus.
1965 2438 2025 2466 Hoc
2039 2441 2069 2466 C.
2083 2441 2188 2475 Popilio

1143 2479 1270 2508 rogante,
1289 2473 1358 2500 Sulla
1371 2474 1510 2500 Dictatore
1524 2473 1671 2506 sublatum,
1688 2482 1721 2499 ne
1735 2473 1827 2505 fieret,
1847 2480 1873 2500 et
1891 2482 1997 2506 omnes,
2019 2476 2066 2509 qui
2089 2476 2187 2503 bonam

1145 2511 1248 2544 copiam
1262 2509 1397 2536 eiurarent
1406 2529 1414 2542 ,
1433 2509 1506 2543 (Sic,
1518 2512 1628 2545 inquam,
1639 2509 1772 2547 legendum,
1781 2516 1831 2542 pro
1843 2509 1977 2541 iurarent)
1990 2518 2023 2535 ne
2036 2511 2113 2537 essent
2127 2512 2190 2539 nexi

1097 2544 1129 2577 65
1145 2545 1271 2572 dissoluti.
1291 2548 1309 2571 i.
1324 2544 1349 2578 st
1361 2544 1521 2571 iureiurando
1541 2551 1661 2580 negarent
1672 2544 1725 2577 Jibi
1735 2543 1888 2578 facultatem
1899 2542 1972 2576 dari,
1987 2554 2011 2571 eo
2023 2545 2052 2581 se
2065 2555 2119 2573 aere
2129 2548 2189 2574 libe-

1144 2580 1230 2608 randi.
1268 2580 1335 2606 Idem
1349 2580 1429 2615 sentit
1440 2581 1575 2605 Manutius
1587 2577 1622 2604 ad
1638 2580 1683 2604 loc.
1698 2578 1747 2604 Cic.
1768 2577 1834 2604 laud.
1852 2577 1982 2605 ViHorius
1999 2580 2104 2616 viciffim
2122 2583 2189 2609 Cice.

1143 2623 1229 2643 ranem
1239 2624 1269 2640 ex
1285 2616 1396 2640 Varrone
1408 2616 1505 2649 corrigi
1521 2615 1608 2644 malit,
1620 2613 1678 2648 usus
1690 2616 1718 2639 in
1730 2616 1825 2648 primis
1836 2614 1882 2640 hoc
1897 2624 2040 2650 argumento
2048 2636 2056 2649 ,
2064 2617 2189 2653 frequens

1144 2650 1187 2683 effe
1200 2650 1314 2675 librariis
1327 2649 1353 2674 ei
1361 2656 1453 2683 ponere
1468 2656 1517 2683 pro
1529 2647 1651 2684 simplice.
1671 2651 1690 2675 i.
1710 2650 1839 2674 Nimirum
1852 2649 1898 2675 hoc
1910 2650 1989 2685 ipsum
2005 2661 2058 2677 cum
2065 2653 2146 2688 scint
2158 2656 2189 2681 li-

1145 2686 1246 2711 brarius
1265 2685 1404 2716 Varronis,
1424 2684 1514 2710 iurare
1523 2684 1608 2720 posuit
1619 2691 1669 2719 pro
1683 2683 1803 2716 eiurare,
1824 2684 1889 2719 quod
1899 2686 2015 2721 vitiosum
2021 2694 2127 2723 putaret
2134 2690 2188 2726 sci.

1144 2722 1212 2746 licet.
1251 2720 1347 2746 Firmat
1360 2719 1458 2746 verbum
1471 2720 1582 2746 Eiurare
1593 2728 1693 2751 nomen,
1705 2719 1770 2754 quod
1780 2721 1829 2745 iam
1842 2719 1937 2753 damus,

1183 2762 1199 2782 E
1209 2762 1218 2780 1
1228 2761 1337 2782 vnA‘r
1347 2761 1355 2780 1
1366 2762 1385 2782 o
1395 2774 1403 2787 ‚
1424 2755 1490 2781 anis.
1514 2755 1534 2781 f.
1570 2753 1731 2789 [ἕξόμνυσις]

1774 2754 1851 2781 Festo
1864 2756 1992 2791 Pompeio
2004 2756 2129 2793 fignificat
2157 2760 2187 2787 Id

1146 2791 1220 2825 quod
1242 2789 1402 2816 desideretur
1420 2798 1474 2816 non
1496 2790 1566 2824 porse
1584 2789 1719 2824 praestari.

1766 2790 1887 2824 Plautus,
1906 2792 2029 2820 Eiurauit
2052 2795 2187 2823 militiam.

1146 2828 1195 2853 Pro
1213 2825 1398 2861 Refignatione,
1412 2825 1479 2860 apud
1494 2825 1582 2851 Valer.
1595 2834 1621 2858 2,
1634 2834 1658 2857 2,
1672 2832 1689 2860 7
1709 2825 1738 2852 de
1756 2827 1785 2852 L.
1801 2827 1906 2862 Quintio
1925 2828 2088 2862 Cincinnato,
2110 2832 2188 2859 Iuno.

1144 2861 1257 2888 miniosa
1277 2860 1425 2887 Consulum
1440 2861 1601 2888 eiuratione.
1636 2861 1722 2888 Paullo
1740 2868 1798 2888 ante
1817 2862 1933 2896 dixerat,
1953 2860 2137 2893 Consulatum“
2147 2866 2190 2894 de*¹

86 2905 99 2929 3
136 2896 220 2928 Εὶείτ,
234 2904 283 2931 pro
298 2899 383 2929 Efficit,
396 2897 548 2933 dzſjjllabum
566 2897 615 2931 eli,
628 2905 658 2925 vt
677 2899 757 2925 Reice
775 2900 842 2935 apud
861 2900 936 2934 Virg.
948 2900 1000 2926 Ecl.
1014 2909 1036 2932 3,
1051 2902 1085 2933 96
1096 2903 1128 2939 75
1143 2904 1242 2932 ponere
1256 2896 1354 2937 coegit.

75 2932 144 2964 ityre
161 2932 290 2965 pascentes
301 2940 316 2958 a
330 2933 441 2959 flumine
455 2934 526 2960 reice
540 2933 656 2968 capellas.

728 2935 833 2961 Lucret.
846 2943 868 2968 3,
882 2940 931 2968 890
972 2936 1030 2963 Nec
1044 2944 1084 2962 ra-

44 2967 140 2994 dicitus
153 2975 168 2993 e
182 2968 234 2994 vita
249 2968 274 2994 se
287 2967 373 3000 tollit,
387 2975 413 2995 et
427 2968 500 2996 eicit.

556 2969 631 2996 Idem
642 2979 669 3004 4,
683 2972 747 3006 1267
765 2971 833 2998 Eicit
846 2971 919 2997 enim
932 2971 998 2999 sulci
1012 2971 1084 2998 reeta

23 3017 31 3035 ¹.
45 3003 169 3038 regione,
180 3003 277 3037 viaque
314 3005 438 3036 Vomere,
452 3011 498 3031 etc.

81 3044 98 3064 Ε
107 3045 118 3064 ι
128 3044 144 3064 E
154 3045 171 3065 c
179 3045 266 3071 Tvs,
283 3045 311 3072 a,
322 3048 377 3066 um.
398 3040 464 3067 Part.
486 3042 588 3067 Praeter
596 3049 633 3074 ea,
647 3043 739 3077 quaein
752 3041 829 3068 Verbo
833 3041 967 3077 posuimus,
986 3042 1042 3068 Cic.
1056 3042 1083 3068 in

50 3072 133 3100 Pison.
146 3081 174 3106 19
210 3073 252 3101 Ab
266 3073 316 3101 hoc
336 3074 423 3102 eietS’m
435 3075 563 3103 cadauere
582 3076 728 3111 quidquam
740 3076 808 3103 inihi
822 3086 879 3112 opis
893 3077 1084 3112 exspectabam,
1097 3080 1128 3106 80

51 3113 81 3133 vt
92 3116 118 3134 n.
132 3113 159 3143 82
180 3109 319 3137 Abieffium
335 3110 386 3137 hoc
400 3111 512 3138 cadauer
523 3115 628 3138 extremi
639 3119 786 3144 contemtus,
800 3120 824 3140 et
837 3114 1013 3149 exsecrationis
1026 3113 1085 3140 adeo

48 3151 63 3169 a
77 3142 182 3177 pellatia.
252 3145 325 3173 Idem
344 3155 394 3181 pro
417 3148 494 3174 Rosc.
518 3148 577 3173 Am.
602 3150 620 3175 6
656 3149 799 3175 Damnatus
822 3155 848 3175 et
869 3149 968 3175 eiectus
1000 3158 1085 3185 nempe

68 3187 128 3220 .⁰.'”.⁰’
139 3182 234 3214 patria.
406 3180 427 3220 fl
444 3191 460 3209 2
496 3183 586 3210 Eieeta
604 3184 671 3219 apud
684 3185 770 3215 ICtos,
781 3194 840 3221 quae
852 3194 863 3211 e
876 3188 945 3217 naui,
958 3186 999 3211 vel
1016 3185 1085 3212 domo

50 3221 179 3274 fugentur
195 3224 211 3241 a
229 3215 354 3251 dominis,
383 3222 465 3245 animo
486 3220 658 3254 recuperandi.
700 3220 758 3247 Vid.
783 3220 816 3247 ad
839 3221 875 3253 L.
894 3220 1027 3248 Rhodiam
1052 3221 1085 3247 de

49 3255 76 3274 xa
112 3257 130 3280 1,
143 3256 199 3281 etc„

73 3288 250 3325 ‘Eme'roy
271 3291 323 3314 ire.
358 3288 499 3324 Frequent.
536 3289 694 3325 [ἐκβάλλω]
728 3291 811 3318 Plaut.
827 3291 910 3319 Merc.
936 3299 957 3324 1,
975 3300 1010 3318 111
1040 3291 1084 3318 Ne

50 3317 95 3345 h1c
115 3322 141 3344 te
159 3326 318 3353 opprimeret
337 3323 549 3359 imprudentem,
571 3332 652 3361 atque
670 3326 804 3354 eiefiaret.
873 3327 972 3354 Arenas
1000 3327 1084 3354 Ouid.

51 3354 115 3380 Μθῑ·
129 3360 152 3386 5,
165 3361 214 3386 352.
235 3389 239 3395 Ι
282 3358 411 3387 Cruorem
424 3368 573 3387 manantem
593 3371 624 3388 ex
637 3371 686 3389 ore
701 3362 746 3389 Sil.
762 3371 800 3394 10,
815 3370 876 3397 277.
911 3362 980 3389 Add.
993 3363 1032 3389 Id.
1046 3371 1085 3396 10,

53 3397 108 3421 320.
179 3388 278 3417 Fauilla
295 3393 405 3422 eiectam
429 3396 510 3424 Ouid.
530 3398 594 3425 Met.
606 3406 632 3430 2,
644 3406 696 3429 23¹·
749 3398 868 3425 Eithans
891 3405 1011 3426 cruentas
1037 3408 1085 3425 ore

50 3423 129 3458 dapes
148 3423 221 3450 Idem
240 3426 302 3453 Met.
321 3437 360 3463 14,
374 3439 422 3458 211.
456 3432 530 3469 oms.
549 3433 638 3469 nans.
657 3433 692 3460 aa
708 3433 790 3460 Ouid.
810 3435 876 3461 Met.
895 3441 918 3467 ς,
937 3442 988 3468 352.
1023 3435 1129 3465 Bur-90

49 3469 134 3486 mann.
148 3459 182 3485 ad
198 3459 256 3485 Val.
269 3461 347 3490 Flacc.
361 3474 385 3497 2,
397 3475 420 3499 3.

71 3500 270 3536 ’mecvm
293 3498 359 3525 onis.
384 3500 403 3527 f.
438 3501 565 3538 [ἕκέῗολὴ]
602 3504 659 3531 Cic.
677 3507 731 3532 Att.
747 3513 773 3538 2,
788 3510 813 3535 18
847 3503 896 3532 Sed
923 3510 1038 3533 mortem
1060 3511 1086 3533 et

52 3529 212 3557 acchonem
221 3549 229 3562 ‚
248 3531 317 3565 quafi
333 3536 431 3563 maiora
444 3538 582 3571 timemus,
601 3549 668 3574 quae
680 3540 765 3567 multo
779 3542 836 3567 sunt
849 3541 963 3568 minora.

89 3570 422 3604 EIECTIVNCVLA,
440 3581 479 3600 ae.
497 3574 516 3600 f.
551 3575 670 3602 Marcell.
690 3576 790 3611 Empir.
808 3586 830 3603 c.
851 3585 888 3603 10.

90 3605 177 3627 misc
191 3607 341 3635 ΤΑΤιο,
360 3605 471 3643 ὂηὶεΊέ.
505 3611 532 3636 Α
548 3611 581 3637 ud
599 3611 689 3638 Sidon.
726 3632 732 3638 .
772 3633 777 3639 .
815 3632 822 3638 .

87 3640 341 3679 ειεοτιςινε,
359 3647 391 3672 a,
408 3650 460 3668 um.
494 3645 515 3671 A
536 3646 554 3672 i.
591 3646 761 3682 [ἕκςόλιμος]
803 3649 851 3679 Vs,
863 3647 951 3674 Vulua
964 3646 1087 3673 eiefficia

53 3669 84 3696 de
100 3676 193 3706 porca,
207 3682 246 3698 cuz
258 3679 352 3707 partus
369 3681 416 3709 per
431 3679 481 3704 vim
495 3687 518 3706 et
535 3682 636 3709 verbera
658 3682 750 3709 eieHus
767 3681 808 3716 est.
845 3683 913 3710 Plin.
929 3692 961 3713 ιι,
975 3690 1006 3718 37
1023 3683 1041 3708 s.
1055 3688 1088 3715 84

52 3703 245 3747 Vulua·eie&o
264 3715 339 3742 partu
357 3710 453 3738 melior
471 3722 548 3747 quam
565 3718 645 3745 edito.
664 3718 786 3746 eieeticia
805 3725 916 3746 vocatur
933 3718 997 3750 illa,
1022 3717 1086 3744 haec

52 3747 179 3776 porcaria.
215 3743 288 3779 Conf.
302 3745 443 3772 Athenaeus
453 3756 477 3779 3,
489 3758 524 3775 21.

87 3783 443 3814 ElECTAMENTVM,

55 3809 137 3853 eicsta.
155 3849 162 3854 ι
172 3813 262 3842 Tacit.
278 3815 310 3842 de
324 3817 414 3843 Germ.
430 3824 462 3850 43
481 3818 533 3844 Diu
545 3822 609 3854 quin
622 3825 700 3851 etiam
714 3825 785 3852 inter
798 3831 899 3852 caetera
912 3824 1086 3852 eiectamenta

55 3853 135 3907 ἰδίει-ιε
154 3849 261 3877 1acebat.
298 3854 336 3879 De
349 3853 451 3888 succino
471 3854 587 3894 loquitur.
621 3860 700 3886 Etiam
723 3862 800 3896 Apul.
824 3861 901 3895 Apol.
926 3871 949 3896 p.
973 3868 1025 3895 297
1043 3868 1085 3896 pr-

86 3882 167 3916 ufens,
179 3885 243 3919 alga,
259 3893 285 3914 et
296 3895 396 3915 caetera
410 3898 490 3915 maris
504 3889 688 3926 exeffiiamenta,
701 3905 768 3930 quae
782 3897 882 3931 vbique
894 3896 1005 3923 litorum
1024 3906 1086 3922 ven-

15 3939 16 3942 ,
52 3915 275 3984 ἷὲεὲζίιὲῑῑέιὲῗὲιὲπ,
295 3924 349 3951 salo
368 3924 543 3959 exspuuntur.
562 3928 708 3961 tempestate
724 3933 938 3967 reciprocantur,
958 3932 1086 3967 tranquil.

154 3997 238 4020 voi..
274 3994 319 4022 11.

464 3782 482 3808 i·
508 3793 535 3810 n.
567 3787 707 3824 [ἕκκριμα]
745 3791 793 3817 Pro
808 3791 965 3816 Exci-omento
977 3808 985 3821 ,
998 3790 1040 3816 vel
1053 3790 1141 3816 Remo
1150 3790 1256 3816 vincula
1274 3788 1350 3824 elapfi
1366 3790 1457 3816 Tacit.
1471 3789 1536 3813 Ann.
1553 3794 1573 3817 ι,
1587 3788 1624 3812 6¹·

1093 3976 1138 4003 105
1148 3968 1270 3994 multum.

1183 2939 1199 2958 Ε
1212 2940 1221 2958 1
1232 2939 1253 2958 v
1263 2939 1275 2959 s
1284 2939 1309 2958 M
1319 2939 1338 2959 ο
1347 2938 1365 2958 D
1374 2939 1394 2958 1.
1430 2931 1562 2967 [τοιέτος]
1599 2932 1694 2958 Nomen
1712 2931 1898 2963 indeclinabile,
1910 2933 2063 2969 compositum
2083 2945 2111 2963 ex
2127 2937 2188 2963 Eius

1145 2975 1168 2995 et
1183 2967 1269 2994 Modi.
1324 2967 1394 2994 Ter.
1408 2966 1491 2994 Andr.
1508 2975 1528 3000 1,
1543 2976 1564 3000 1,
1576 2969 1610 2994 66
1650 2968 1721 2994 Nam
1737 2968 1784 3002 qui
1803 2977 1863 2995 cum
1880 2969 1995 3004 ingeniis
2019 2973 2189 3000 conflictatur

1147 3003 1290 3036 eiusmodi,
1305 3009 1351 3030 etc.
1401 3003 1458 3029 Cic.
1471 3003 1549 3029 Acad.
1562 3011 1590 3036 4,
1604 3010 1640 3038 77
1653 3012 1675 3030 c.
1691 3012 1724 3038 24
1742 3004 1858 3030 Nullum
1871 3006 1920 3031 esse
1934 3006 2029 3037 visum,
2044 3007 2116 3042 quod
2131 3017 2188 3042 per-

1145 3040 1199 3074 cipi
1217 3040 1312 3074 poss'et,
1333 3038 1350 3064 fi
1365 3037 1393 3064 id
1409 3038 1460 3064 tale
1474 3039 1534 3065 effet
1552 3038 1586 3065 ab
1599 3047 1642 3072 eo,
1657 3039 1729 3074 quod
1748 3039 1800 3072 est,
1815 3046 1845 3066 vt
1859 3041 1991 3068 eiusmodi
2005 3042 2038 3068 ab
2057 3052 2099 3075 eo,
2114 3043 2186 3078 quod

1146 3085 1201 3102 non
1221 3074 1273 3107 est,
1299 3074 1379 3108 posset
1402 3075 1460 3101 effe.
1531 3074 1605 3102 Idem
1623 3075 1702 3101 Acad.
1719 3083 1738 3106 1,
1775 3095 1781 3101 .
1818 3095 1824 3101 .
1860 3075 1939 3102 Nihil
1960 3077 2032 3103 enim
2055 3078 2188 3105 eiusmodi

1145 3112 1230 3138 celare
1243 3110 1382 3145 possumus.
1419 3110 1508 3136 Genus
1521 3109 1588 3137 belli
1600 3110 1637 3136 est
1650 3109 1790 3144 eiusmodi,
1806 3111 1879 3145 quod
1891 3112 2007 3139 maxime
2020 3114 2119 3140 vestros
2133 3114 2188 3140 ani-

1145 3156 1203 3174 mos
1218 3146 1334 3172 excitare
1346 3150 1425 3180 atque
1438 3146 1603 3173 inflammare
1617 3145 1694 3173 debet
1709 3146 1747 3174 Id.
1760 3155 1809 3180 pro
1823 3146 1852 3173 L.
1866 3147 1958 3174 Manil.
1973 3150 1990 3174 6
2002 3158 2023 3174 c.
2036 3157 2061 3175 2.
2114 3149 2187 3175 Eius·

1147 3183 1206 3209 dem
1227 3180 1301 3208 modi
1314 3181 1369 3207 Cic.
1385 3181 1463 3208 Acad.
1482 3190 1511 3215 4,
1527 3189 1580 3214 ης,
1592 3191 1629 3215 40
1666 3181 1875 3209 Innumerabiles
1895 3194 1941 3203 ὰ
1959 3183 2026 3210 alios
2044 3183 2188 3217 diflimiles,

1144 3218 1212 3245 alios
1224 3216 1344 3244 eiusdem
1362 3217 1437 3243 modi
1456 3217 1568 3244 mundos
1588 3218 1645 3244 else.
1700 3217 1774 3244 Idem
1788 3216 1909 3259 Acad-e4,
1921 3226 1957 3254 77
1970 3228 1991 3245 c.
2006 3228 2038 3252 24
2073 3220 2187 3246 Nullum

1119 3262 1129 3269 ¹
1145 3255 1193 3280 esse
1206 3253 1258 3280 tale
1271 3253 1359 3279 visum
1374 3262 1388 3279 a
1402 3262 1483 3288 vero,
1502 3259 1531 3279 vt
1544 3261 1599 3280 non
1613 3252 1733 3280 eiusdem
1746 3253 1822 3280 modi
1841 3259 1923 3281 etiam
1935 3263 1950 3281 a
1964 3254 2030 3281 falso
2042 3254 2116 3289 possit
2130 3256 2187 3283 else.

1145 3289 1214 3318 Aad.
1228 3288 1306 3324 Epist.
1324 3287 1357 3316 ad
1370 3289 1424 3323 Qu.
1437 3289 1506 3317 Frat.
1522 3297 1542 3321 1,
1557 3298 1577 3322 1,
1591 3298 1619 3322 4.

1528 3363 1555 3394 E
1653 3362 1678 3394 L
1776 3364 1804 3394 A

1184 3439 1201 3460 E
1209 3433 1278 3461 LAB
1287 3439 1333 3460 OR
1342 3454 1351 3467 ,
1375 3431 1429 3459 abi.
1481 3431 1495 3466 [
1509 3430 1662 3464 ἔξολιιθαίνω,
1684 3430 1831 3466 oin-omnipo,
1854 3427 1980 3456 citimi-lxm
1992 3429 2006 3464 J
2061 3430 2188 3469 Effugere,

1147 3469 1223 3504 Virg.
1237 3470 1302 3496 Aen.
1316 3477 1341 3501 2,
1355 3471 1400 3501 526
1425 3468 1488 3494 Ecce
1501 3473 1590 3495 autem
1603 3468 1703 3503 elapsus
1716 3467 1808 3500 Pyrrhi
1821 3465 1853 3491 de
1867 3465 1945 3492 caede
1958 3466 2062 3493 Polites.
2134 3469 2188 3495 An-

1147 3511 1225 3532 tenor
1243 3505 1338 3532 mediis
1357 3504 1456 3538 elapsus
1475 3503 1586 3530 Achiuis
1605 3504 1678 3530 Idem
1693 3504 1757 3529 Aen.
1780 3510 1799 3533 1,
1814 3502 1872 3533 246.
1944 3501 1999 3528 Cic.
2021 3503 2093 3529 Fam.
2110 3512 2148 3536 10,
2161 3513 2188 3537 ²3

1148 3542 1247 3575 Magno
1265 3549 1324 3567 cum
1339 3539 1433 3566 dolore
1453 3539 1647 3574 parricidarum
1661 3539 1760 3572 elapsus
1775 3538 1831 3562 sum
1844 3536 1892 3576 *iis
1963 3537 2037 3564 Idem
2050 3538 2082 3565 de
2097 3539 2188 3566 Diuin.

1149 3585 1169 3609 1,
1183 3579 1219 3610 46
1239 3577 1310 3603 Nam
1326 3585 1407 3610 quum
1421 3574 1567 3602 dormienti
1587 3575 1613 3601 ei
1628 3574 1665 3600 sol
1680 3573 1712 3600 ad
1731 3572 1807 3606 pedes
1824 3572 1894 3598 visus
1907 3572 1980 3603 esset,
1996 3580 2036 3600 ter
2050 3583 2111 3600 eum
2126 3576 2189 3602 scri-

1121 3618 1132 3627 ¹
1148 3611 1188 3638 bit
1202 3612 1298 3639 frustra
1315 3611 1468 3645 appetiuilse
1482 3611 1621 3642 manibus,
1641 3618 1721 3644 quum
1737 3608 1761 3633 se
1775 3607 1936 3634 conuoluens
1951 3608 1988 3635 sol
2002 3609 2151 3637 elaberetur
2164 3617 2191 3638 et

1148 3647 1245 3674 abiret.
1316 3647 1372 3673 Cic.
1387 3648 1415 3673 in
1427 3647 1507 3673 Catil.
1521 3656 1540 3677 1,
1554 3649 1581 3672 16
1595 3655 1616 3671 c.
1630 3647 1646 3670 6
1671 3643 1784 3676 Quoties
1797 3643 1847 3669 tibi
1860 3649 1962 3670 extorta
1977 3644 2014 3671 est
2026 3645 2075 3672 lica
2089 3645 2121 3673 de
2135 3656 2189 3673 ma-

1149 3682 1245 3709 nibus?
1266 3683 1371 3718 quotics
1390 3692 1456 3709 vero
1476 3681 1575 3709 excidit
1591 3680 1648 3706 casu
1666 3679 1757 3713 aliquo
1775 3685 1801 3705 et
1816 3679 1900 3714 elapsa
1919 3679 1973 3706 est?
2044 3681 2117 3707 Idem
2139 3691 2187 3716 pro

1150 3719 1241 3745 Domo
1254 3718 1299 3745 sua
1313 3727 1362 3751 104
1379 3718 1479 3746 Exsisto
1497 3726 1558 3748 ore,
1571 3715 1711 3749 religionis
1729 3713 1842 3741 verbum
1856 3715 1978 3742 excidere
1990 3721 2035 3742 aut
2047 3717 2117 3743 elabi
2132 3723 2189 3752 pot-

1324 3754 1392 3781 Cum
1412 3753 1505 3781 vinclis
1524 3751 1622 3784 elapsus
1646 3750 1708 3777 Stat.
1722 3750 1814 3777 Theb.
1826 3753 1853 3783 6,
1867 3756 1924 3784 884.
1994 3752 2125 3786 Pugnam,
2144 3758 2189 3779 aut

1695 3782 1832 3812 Custodias
1850 3786 1954 3812 Vitellii
1976 3787 2090 3821 elapsum
2116 3787 2189 3814 Idem

1149 3825 1217 3852 Hist.
1231 3834 1253 3858 3,
1268 3833 1307 3858 59.
1873 3823 1929 3849 Cic.
1938 3825 1991 3848 Att.
2008 3831 2026 3851 ι,
2041 3832 2063 3855 ι3
2083 3823 2189 3857 Elapsus

1149 3870 1163 3887 e
1178 3861 1261 3887 soceri
1274 3860 1396 3887 manibus
1409 3868 1437 3886 ac
1449 3859 1531 3884 ferro.
1566 3857 1639 3884 Idem
1653 3866 1702 3892 pro
1709 3858 1828 3884 Muraen.
1844 3862 1880 3891 85.
1917 3858 1949 3883 Et
1961 3858 1992 3884 de
2005 3858 2077 3884 Orat.
2093 3868 2105 3884 2
2119 3866 2187 3890 c.50.

1148 3904 1171 3923 et
1184 3897 1214 3922 ad
1229 3897 1282 3922 Att.
1296 3905 1314 3927 1,
1328 3899 1357 3922 16
1370 3903 1394 3921 ct
1409 3903 1445 3926 10,
1461 3902 1487 3925 4.
1542 3893 1648 3928 Elapsus
1660 3901 1691 3919 ex
1704 3893 1806 3928 praelio
1823 3893 1895 3920 Caes.
1909 3893 1937 3919 B.
1953 3893 1984 3919 G.
2000 3901 2023 3924 5,
2036 3896 2076 3925 36.
2113 3893 2189 3920 Elabi

1149 3933 1219 3959 inter
1232 3931 1284 3957 tela
1297 3937 1322 3958 et
1334 3931 1434 3965 gladios
1447 3928 1557 3955 alicuius
1570 3929 1631 3955 Liu.
1647 3938 1665 3959 1,
1678 3937 1714 3961 53.
1761 3931 1791 3955 Et
1804 3934 1846 3961 28,
1883 3949 1889 3955 .
1928 3947 1934 3954 .
1971 3928 2046 3954 Elabi
2064 3928 2134 3954 inter
2147 3934 2188 3954 tu-

1339 3965 1452 3991 Sinuoso
1469 3965 1539 3993 flam
1558 3965 1629 3992 elabi
1647 3964 1723 4002 Virg.
1737 3965 1834 4000 Georg.
1855 3972 1875 3995 1,
1895 3972 1956 3996 244-
2026 3963 2045 3989 Ε
2059 3964 2189 3991 memoria

1340 4000 1371 4027 T
1391 4006 1402 4027 t
2115 3998 2188 4027 elabi

1149 3753 1195 3786 est,
1207 3761 1253 3780 etc.

1349 3824 1433 3855 Elabi,
1447 3824 1494 3855 de,
1507 3823 1547 3848 vel
1556 3820 1647 3855 e,s1'ue
1660 3830 1691 3848 ex
1705 3822 1834 3848 manibus.
