2479 4225
8 1683 12 1735 Ι

8 2282 13 2307 s

9 2319 11 2332 s

7 2387 12 2419 ί

6 2530 12 2545 ²

3 779 6 785 ¹
41 773 150 808 ,plorare
163 772 283 799 Scribon.
297 774 375 808 Epist.
390 774 426 800 in.

8 832 11 834 .
43 808 182 835 Auxilium
200 808 313 835 alicuius
332 809 477 845 implorare
491 813 517 835 et
535 807 653 842 flagitare
671 807 727 833 Cic.
741 814 791 841 pro
805 804 896 831 Rabir.
918 804 987 844 perd.
1010 814 1056 832 reo
1071 816 1086 839 9

0 1021 3 1053 ,ἱ
43 1023 220 1055 cognosceret.

0 1076 1 1081 .
42 1056 121 1090 gotio
134 1056 277 1092 implorare
292 1057 348 1084 Cic.
363 1059 440 1083 Verr.
457 1066 480 1090 3,
494 1059 550 1090 146.

0 1114 1 1118 ,
45 1091 96 1118 His
108 1092 266 1127 respondere
274 1092 382 1118 honeste
394 1099 485 1127 potes,
503 1098 548 1119 aut
563 1091 604 1118 illi
618 1092 720 1122 facere,
732 1089 780 1116 nisi
793 1096 822 1116 vt
836 1094 862 1115 tc
875 1098 903 1115 ac
922 1089 999 1116 fldem
1013 1097 1085 1117 tuam
1099 1098 1131 1124 25
1151 1087 1289 1122 perfidiam
1303 1089 1433 1120 abiicere,
1451 1094 1494 1114 aut
1507 1093 1617 1124 propter
1636 1087 1818 1114 infirmitatem
1832 1088 1915 1113 animi
1929 1088 2070 1123 deponere.

5 1136 9 1143 ·
43 1126 206 1162 implorent?

5 1343 7 1346 ⁴
40 1339 150 1378 mnoso,
171 1339 218 1374 qui
232 1349 365 1375 nunquam
380 1340 454 1366 istam
468 1339 620 1374 potestatem
631 1339 747 1377 fiderat,
765 1339 973 1374 comparabatur.

9 1382 11 1391 ¹
40 1380 115 1400 iniria
128 1375 272 1409 implorant
284 1384 378 1409 magno
392 1376 483 1410 questu
502 1375 591 1402 Valer.
606 1376 703 1410 Argon.
715 1383 738 1407 3,
753 1377 811 1408 639.

2 2209 11 2229 '¹
22 2186 160 2269 §tunicis
174 2223 226 2249 sata
239 2223 293 2256 edi,
307 2222 355 2248 vbi
368 2222 474 2249 aestiuis
487 2220 671 2248 serenitatibus
685 2228 746 2253 ager
760 2223 823 2244 aret.
861 2217 903 2243 Sic
916 2219 1005 2251 optimi
1013 2217 1089 2243 MSS.

3 3405 7 3413 «
30 3393 38 3418 .’
58 3391 250 3427 nipliiiiiatain?
271 3395 300 3416 vt
313 3389 408 3417 isthaec
421 3392 521 3420 faciunt
535 3393 700 3420 vestimentis
713 3392 829 3419 nomina.

11 3472 14 3490 J
40 3463 117 3489 mebus
138 3473 178 3497 14,
199 3471 237 3497 19.

10 3518 45 3528 a,
84 3503 237 3525 IMPOEN
250 3502 387 3528 ITENS,
410 3498 485 3525 entis.
517 3499 578 3526 Adi.

12 3538 13 3551 ³
31 3532 70 3570 ’μ
84 3540 122 3564 80.
142 3533 217 3569 Covzf.
231 3532 310 3566 Vulg.
326 3532 376 3558 Int.
389 3533 466 3559 Rom.
481 3542 507 3566 2,
520 3543 541 3566 3.
561 3542 583 3561 et
597 3535 718 3569 Fulgent.
735 3535 812 3569 Epist.
825 3535 857 3561 ad
871 3535 981 3560 Venant.

11 3577 13 3580 ’
40 3597 46 3605 ,
83 3574 378 3599 1ΜΡοΕΝ1ΤΕΝΤ1Α,
398 3576 436 3594 ae.
461 3569 481 3595 f.
516 3570 612 3597 Sarisb.
625 3571 747 3598 Policrat.
767 3579 790 3603 2,
802 3577 823 3603 5.
843 3577 866 3597 et
884 3570 1004 3604 Fulgent.
1020 3567 1088 3595 ibid.
1102 3577 1134 3603 95
1154 3570 1285 3605 quandam
1298 3570 1394 3596 nitoris
1409 3569 1490 3596 alicui
1502 3569 1655 3604 Plin.Epist.
1671 3571 1695 3600 6,
1708 3577 1746 3600 32,
1762 3577 1781 3594 1.

48 166 144 204 1009
465 150 480 190 Ι
562 150 611 190 M
700 149 729 190 P

83 237 237 270 :Minici
249 246 308 267 ΤΕ.
344 239 413 266 Adu-
448 239 690 273 [ἓμπεπλεγμὲνως]
727 238 783 265 Cic.
801 236 834 264 de
853 237 956 263 [nuent.
970 244 994 267 2,
1008 238 1042 269 69
1062 247 1084 264 c.

48 285 76 311 23
95 275 217 304 Absoluta
230 275 266 302 est
280 284 346 310 quae
361 276 415 312 ipsa
435 276 463 302 in
477 277 502 302 se
511 296 519 309 ,
539 284 594 302 non
606 281 634 301 vt
647 274 788 309 negotialis
801 272 928 307 implicite
940 279 966 297 et
980 271 1086 298 abscon-

40 313 120 345 dite,
144 311 186 338 sed
215 312 346 347 patentius
372 317 398 339 et
418 311 567 348 expeditius
592 310 660 337 resti
683 316 710 337 et
735 318 790 336 non
819 307 886 336 reeh
906 307 1085 342 quaestionem

48 349 170 376 continet.

85 381 242 412 1111116110,
262 385 315 408 are.
352 381 519 416 [ἐνακαλέω]

47 418 85 446 est
109 417 263 453 vapulantis.
304 418 402 444 Festus.
458 418 527 444 Ter.
541 416 615 443 Adel.
631 426 651 449 3,
665 425 692 449 4,
712 425 742 450 43
763 416 841 442 Certe
854 413 949 447 Hegio.
969 421 998 453 is.
1015 413 1085 447 hem,

47 454 121 482 illaec
140 452 219 479 iidem
239 461 308 479 nunc
327 453 442 479 vostram
463 452 588 489 implorat
608 453 714 479 Demea.
794 450 849 476 Cic.
867 457 917 483 pro
937 450 1029 482 Quint.
1049 459 1085 483 94

47 489 101 523 Qui
115 487 176 514 deus
192 488 360 524 appellandus
375 489 428 515 est?
447 489 521 515 cuius
536 488 652 514 hominis
667 487 731 513 fides
743 485 909 520 imploranda
923 484 975 510 est?
1011 485 1084 512 Idem

45 524 121 552 Verr.
135 531 158 556 5,
172 530 216 558 187
243 525 367 551 Caeteros
386 525 451 551 item
464 524 526 551 deos
545 523 657 558 deasque
675 529 765 548 omncs
784 520 901 555 imploro
920 525 999 554 atque
1012 521 1085 548 obte-

45 559 114 591 stor,
133 568 248 593 quorum
263 560 378 595 templis,
400 566 446 586 etc.
870 590 875 595 ⁸

45 595 192 630 appellans,
216 601 242 621 te
253 596 328 622 suum
347 595 496 622 carnificem
516 595 654 621 nominans
664 613 673 626 ,
693 591 744 618 filii
756 600 854 618 nomen
868 591 1026 625 implorans,
1041 600 1086 619 etc.

45 631 102 658 cic.
117 630 149 657 de
161 632 235 657 Orat.
252 639 272 664 1,
287 639 335 663 230
372 631 461 658 Nemo
481 630 517 657 est
540 630 657 665 questus,
675 636 755 655 nemo
774 625 974 661 Rempublicam
992 628 1088 663 implo-

503 665 576 693 Idem
592 673 640 700 pro
654 663 724 690 Sulla
738 665 774 696 64
808 662 983 697 Implorarein
1001 664 1087 691 sensus

44 666 133 698 fauit,
152 675 231 693 nemo
249 667 415 702 supplicauit.
991 698 1047 734 App
1068 700 1074 725 l

1051 710 1063 726 e
1078 717 1087 721 -

45 701 160 734 vesti-03,
178 702 384 737 vniuscuiusque
396 696 588 736 indulgentiam
601 701 630 727 in
648 700 707 726 suos
724 699 842 730 testarer,
857 705 902 724 etc,

45 737 117 769 lare,
131 737 274 770 obtestari,
287 738 430 773 implorare
446 738 562 772 aliquem
575 736 631 763 Cic.
645 744 694 771 pro
709 734 801 761 Flacco
814 743 842 767 4.

497 772 636 799 Auxilium
658 770 804 806 implorare
820 769 893 803 Virg.
910 770 974 795 Aen.
989 778 1016 802 4,
1031 772 1085 805 617.

171 845 244 871 Caes.
259 845 285 871 B.
299 845 331 871 G.
348 853 367 877 1,
381 853 407 877 3¹
447 844 543 878 Neque
557 843 696 869 Auxilium
715 850 730 868 a
749 842 810 876 Pop.
834 841 912 866 Rom.
932 840 1087 875 imploratu.

44 853 66 870 c.
80 852 100 869 ⁸.

79 861 89 875 ³
171 880 241 907 Deos
255 880 419 907 immortales
439 879 543 915 precari
560 878 682 905 venerari
695 884 720 904 et
735 876 878 911 implorare
897 875 952 902 Cic.
967 878 994 902 in
1009 877 1086 904 Catil.

44 887 99 906 ros.

47 923 74 947 2,
88 922 118 947 29
136 923 158 940 c.
176 923 209 947 13.

46 949 199 985 potestatem
217 949 337 983 habetis,
356 950 407 977 hoc
425 956 545 985 tempore
560 949 653 977 Fidem
666 948 826 983 implorem?
884 947 957 972 Idem
972 948 1046 974 Verr.
1061 957 1087 981 2,

45 993 79 1020 75
99 985 222 1020 Sopatrus
236 986 380 1022 implorare
395 985 534 1012 hominum
555 992 634 1021 atque
647 982 725 1010 desim
740 983 848 1014 Fidem,
861 988 889 1008 vt
904 992 963 1009 cum
976 984 1086 1010 consilio

289 1022 398 1054 Fidem,
412 1021 585 1056 dignitatem,
599 1019 759 1054 religionem
774 1018 884 1045 alterius
898 1017 926 1044 in
940 1019 1030 1053 aliquo
1044 1028 1087 1046 nc-

617 1056 690 1083 Idem
705 1056 782 1081 Verr.
796 1064 825 1087 4,
862 1073 868 1079 .
907 1073 913 1080 .
949 1054 1021 1088 Qid
1040 1061 1085 1082 aut

276 1128 337 1154 Iura
357 1128 487 1154 libertatis
508 1133 534 1154 et
550 1127 666 1153 ciuitatis
684 1125 828 1160 implorare
854 1125 909 1151 Cic.
924 1126 998 1152 Verr.
1021 1135 1038 1157 i,
1057 1135 1085 1161 7.

43 1161 117 1187 Idem
133 1162 211 1189 Acad.
225 1170 253 1194 4,
266 1171 289 1188 11
314 1164 349 1190 At
361 1164 406 1190 ille
419 1163 549 1190 Heracliti
564 1162 724 1189 Memoriam
738 1160 884 1195 implorans
893 1181 900 1193 ,
915 1168 1039 1195 quaerere
1053 1171 1085 1188 ex

42 1205 93 1229 eo,
106 1204 152 1224 etc.
223 1197 436 1226 Misericordiam
461 1204 486 1224 et
503 1197 583 1224 fidem
609 1196 722 1224 alicuius
743 1196 869 1223 obtestari
894 1202 918 1222 et
941 1197 1085 1232 implorare

41 1231 81 1258 Id.
97 1241 145 1266 pro
159 1232 279 1259 Muraen.
291 1237 331 1264 86.
395 1233 608 1261 Misericordiam
626 1232 739 1260 alicuius
751 1231 895 1267 implorare
909 1238 933 1258 et
946 1234 1085 1267 exposcere

41 1267 99 1294 Cic.
113 1276 162 1301 pro
177 1267 273 1295 Milon.
291 1278 327 1301 93.

40 1303 230 1338 vsurparetque
250 1305 358 1331 Nomen
379 1305 510 1336 ciuitatis,
536 1313 617 1337 crux,
635 1313 699 1331 crux
718 1305 829 1339 inquam
848 1304 950 1330 infelici
967 1310 993 1331 et
1011 1313 1085 1331 aeru-

1028 1341 1085 1367 Nu-

78 1416 87 1435 1
99 1416 122 1435 M
132 1417 172 1436 Pi.
182 1417 200 1436 0
210 1417 291 1437 RAN
301 1417 332 1443 s,
354 1411 431 1437 antis.
468 1412 535 1437 Part.
573 1411 645 1438 Hirt.
660 1412 688 1438 B.
703 1411 760 1437 Afr.
782 1420 803 1437 c.
816 1412 851 1436 26
877 1410 908 1436 Se
928 1410 956 1436 in
973 1410 1089 1437 miseriis

906 1482 982 1508 Prece
1003 1482 1089 1508 Pollu-

639 1482 652 1515 [
659 1482 869 1516 ἀνακεκλημένος]

39 1559 73 1578 22
100 1560 108 1577 1
134 1560 152 1577 ‘.
177 1558 201 1577 et
225 1561 254 1578 2-
320 1561 339 1578 1.

75 1571 122 1613 'tivi
131 1568 146 1614 1³³
156 1594 171 1613 1.
182 1594 201 1612 Ο
211 1594 229 1613 R
238 1561 312 1614 131,έί
322 1595 341 1614 o
352 1608 359 1619 ,
381 1587 449 1613 onis.
469 1586 488 1612 f.
527 1586 693 1621 [ἐπίκλησις]
729 1587 791 1614 Liu.
806 1596 846 1619 22,
861 1594 925 1623 5pr.
944 1588 1003 1614 Nec
1016 1588 1090 1615 enim

39 1658 170 1684 Omnium
183 1657 296 1684 deorum
311 1666 336 1685 et
349 1658 489 1685 hominum
504 1664 529 1684 et
543 1658 645 1684 ciuium
659 1665 685 1684 et
701 1659 835 1684 sociorum
855 1659 1011 1693 imploratio
1032 1661 1089 1686 Cic.

39 1692 72 1718 de
86 1693 161 1719 Orat.
177 1702 199 1725 2,
216 1697 262 1727 196
275 1703 296 1721 c.
312 1702 357 1729 47.
431 1693 533 1721 Acerba
547 1693 703 1728 imploratio
715 1700 741 1720 et
760 1703 812 1720 vox
832 1694 993 1721 miserabilis
1013 1696 1089 1723 Idem

1 1753 3 1757 ,
39 1729 116 1754 Verr.
129 1736 151 1760 5,
165 1731 208 1756 62.

78 1770 87 1788 1
97 1769 121 1789 M
130 1772 145 1790 P
155 1770 171 1789 1.
181 1769 201 1789 0
211 1771 230 1790 R
241 1770 260 1789 Α
270 1768 286 1790 B
294 1765 327 1791 iL
338 1771 347 1790 1
357 1771 370 1790 S
379 1784 386 1795 ,
407 1774 429 1791 e.
456 1763 517 1790 Adi.
553 1765 605 1799 Qui
623 1765 755 1798 implorari
771 1762 858 1799 potest.
895 1765 954 1790 Val.
972 1765 1056 1790 Flacc.
1071 1773 1090 1795 1,

76 1873 144 1894 IMP
155 1875 233 1894 LVM
243 1875 259 1895 B
269 1874 288 1894 Ο
298 1888 306 1900 ,
322 1872 375 1895 are.
413 1868 513 1894 Plumbo
526 1867 709 1903 ferruminare.
745 1867 853 1892 Vitruu.
872 1875 909 1896 10,
922 1868 939 1892 6
954 1872 997 1900 pr.
1026 1867 1089 1893 Fer-

36 1911 97 1932 1005
111 1902 238 1930 chodaces
251 1904 396 1935 (cnodaces
408 1905 474 1940 leg.)
495 1904 522 1929 in
536 1902 667 1937 capitibus
682 1903 817 1936 scaporum
837 1901 1032 1935 iinplumbauit.

73 1942 196 1966 IMPLV
208 1945 293 1971 Mis,
312 1947 335 1965 e.
356 1939 417 1965 Adi.
454 1938 593 1973 [ἄπτερος]
629 1938 702 1973 Quod
736 1939 809 1964 Iuniis
827 1944 903 1963 coi-et.
942 1936 1008 1963 Plin.
1026 1946 1064 1969 10,
1076 1945 1089 1969 3

38 1972 193 2001 Haliaeetus
215 1979 319 2000 tantum
344 1974 487 2008 implumes
510 1974 658 2000 etiamnum
679 1945 734 2007 pulli

38 2010 117 2037 Fetus
135 2009 210 2044 Virg.
229 2010 328 2043 Georg.
348 2019 376 2043 4,
396 2018 446 2042 513.
469 2008 498 2034 de
508 2010 650 2044 philomela.
724 2007 791 2033 Pulli
820 2008 887 2033 Hor.
909 2007 991 2041 Epod.
1013 2016 1032 2038 1,
1051 2016 1088 2039 19.

37 2046 104 2072 Pilis
118 2054 214 2071 carens.
251 2045 319 2071 Plin.
335 2050 357 2076 8,
371 2052 398 2077 55
428 2045 513 2079 Lepus
533 2044 655 2070 omnium
669 2042 778 2078 praedae
793 2043 896 2068 nascens
906 2062 913 2074 ,
932 2042 1001 2068 solus
1016 2051 1089 2076 prae-

37 2085 80 2108 tei·
98 2080 257 2114 dasypodem
278 2080 437 2115 superfetat‚
461 2079 535 2106 aliud
548 2079 677 2112 educans,
695 2077 769 2104 aliud
791 2077 819 2103 in
837 2084 914 2104 vtero
936 2078 997 2112 pilis
1011 2077 1090 2104 vesti-

18 2151 21 2153 ·
37 2121 113 2152 tum,
127 2115 199 2142 aliud
216 2116 359 2151 implume,
377 2115 450 2142 aliud
464 2115 618 2142 inchoatum
633 2123 724 2149 gerens
737 2113 845 2148 pariter.

46 2198 49 2199 ⁷
70 2186 208 2214 remellius
226 2187 334 2222 quidem
353 2188 493 2219 asseuerat‚
507 2186 581 2221 prius
591 2194 671 2220 quam
684 2184 858 2218 iinpluuerit‚
873 2182 906 2208 ab
920 2182 1014 2207 auibus
1024 2201 1031 2213 ,
1044 2186 1090 2207 aut

38 2259 96 2286 Alii
109 2258 258 2293 Impluerit.
331 2258 464 2292 Impluere
484 2258 513 2283 in
530 2256 647 2290 aliquem
666 2255 756 2280 locum
774 2252 841 2278 Plin.
854 2260 879 2282 2,
893 2254 935 2284 96.
1007 2251 1090 2280 Plaut.

38 2293 142 2320 Mostel.
157 2303 183 2326 4,
199 2302 218 2326 i,
234 2301 259 2326 15
278 2293 349 2319 Mihi
370 2293 475 2318 corium
495 2295 602 2325 oportet
622 2290 671 2315 esse
685 2289 829 2318 sincerum,
850 2288 938 2321 Atque
954 2292 984 2313 vt
1001 2293 1090 2314 vetem

37 2363 147 2398 impluit
157 2369 291 2395 caeteros,
303 2372 337 2389 ne
350 2362 462 2397 impluat
477 2361 555 2388 mihi.
577 2361 601 2388 h.
616 2371 636 2387 e.
657 2362 689 2387 ln
701 2369 738 2385 me
750 2366 804 2386 tota
817 2367 858 2385 res
869 2357 960 2392 cadat,
973 2365 996 2385 et
1009 2361 1038 2384 in
1050 2367 1091 2384 ca-

55 2407 82 2426 ut
97 2408 175 2425 meum
193 2406 260 2425 ruat.

32 2407 53 2443 “P
74 2441 84 2461 1
95 2441 143 2461 Mi>
153 2441 198 2461 LV
209 2440 230 2460 v
242 2440 284 2459 iv
294 2440 335 2464 M,
355 2432 374 2460 i.
399 2441 426 2458 n.
464 2430 564 2465 [αὐλὴ
582 2429 732 2464 ἓνομςρέἰον]
767 2429 854 2456 Locus
871 2432 918 2461 (vt
930 2432 1013 2464 inquit
1025 2430 1090 2455 Var-

37 2469 70 2498 ²ro
83 2470 116 2497 de
128 2470 159 2496 L.
172 2470 203 2495 L.
219 2477 247 2501 4,
263 2471 306 2500 33)
327 2469 356 2494 in
370 2467 461 2493 medio
479 2467 574 2493 domus
593 2465 717 2497 relictus,
737 2471 766 2491 vt
779 2465 865 2491 lucem
879 2470 1001 2499 caperent
1014 2464 1091 2490 deor-

37 2506 112 2538 sum,
125 2514 180 2540 quo
194 2503 349 2538 impluebat.
382 2502 441 2529 Vid.
465 2508 697 2528 COMPLVVIVM.

18 2536 127 2569 '‘lumen
141 2540 318 2574 relinquatur.
377 2538 508 2572 Qinetil.
523 2547 556 2570 ii,
572 2546 592 2568 2,
605 2546 640 2563 20
667 2537 744 2564 Tum
765 2536 896 2570 impluuia
912 2536 1088 2562 circumeunt.

38 2577 122 2604 Plaut.
138 2575 198 2601 Mil.
214 2584 236 2607 2,
251 2583 273 2607 2,
286 2584 305 2608 4
335 2574 406 2600 Mihi
426 2573 535 2615 quidem
556 2573 609 2600 iam
622 2572 718 2599 arbitri
736 2572 822 2599 vicini
843 2573 916 2605 sunt,
935 2580 1010 2598 meae
1023 2571 1090 2606 quid

39 2612 84 2638 siat
99 2611 182 2638 domi.
219 2611 258 2636 Ita
271 2619 317 2644 per
331 2609 492 2644 impluuium
505 2610 578 2635 intro
591 2608 714 2643 speciant.
776 2607 844 2634 Gell.
860 2616 898 2640 10,
912 2615 937 2640 15
961 2607 990 2633 de
1004 2609 1090 2633 Ponti-

32 2647 86 2684 fice
105 2655 170 2672 max.
196 2646 343 2678 Vinc'ium,
363 2645 380 2671 si
402 2645 478 2671 aedes
497 2645 554 2671 eius
574 2644 729 2676 introierit,
750 2643 820 2669 solui
841 2643 968 2668 necessum
987 2643 1038 2674 est,
1062 2648 1088 2668 et

210 2717 316 2743 Viti-uu.
330 2719 356 2750 6,
370 2725 388 2749 4
412 2715 542 2749 Impluuii
557 2714 646 2741 lumen
660 2713 743 2740 latum
757 2712 905 2739 latitudinis
919 2713 982 2739 atrii
995 2721 1028 2738 ne
1041 2720 1090 2739 mi·

40 2761 89 2779 iius
103 2752 205 2787 quarta,
216 2761 249 2778 ne
263 2752 320 2786 plus
333 2751 412 2778 tertia
428 2756 501 2785 parte
513 2750 689 2785 relinquatur.
754 2749 823 2775 Ter.
833 2749 898 2774 Eun.
914 2757 937 2781 3,
951 2756 974 2780 5,
981 2756 1012 2781 41
1039 2748 1090 2774 Ve-

38 2788 102 2814 nisse
116 2788 264 2814 clanculum
277 2796 323 2822 per
339 2787 502 2821 impluuiuin
511 2806 519 2818 ,
538 2786 630 2812 fucum
649 2784 748 2811 factum
762 2784 882 2811 mulieri.
942 2784 998 2811 Cic.
1011 2784 1089 2810 Verr.

41 2833 63 2856 1,
76 2826 104 2850 61
118 2833 139 2850 c.
155 2832 184 2856 23
214 2824 258 2850 Ne
271 2823 333 2849 haec
352 2822 461 2858 quidem
476 2821 530 2848 duo
543 2821 611 2855 signa
625 2820 817 2856 pulcherrima,
829 2828 895 2855 quae
907 2828 976 2846 nunc
988 2818 1020 2846 ad
1040 2819 1090 2846 ini-

20 2895 133 2931 .,pluere
148 2895 235 2921 imber
254 2895 281 2920 in
296 2894 405 2920 domum
425 2893 508 2928 possit.
581 2894 622 2919 Sic
635 2892 691 2919 Cic.
705 2893 783 2919 Verr.
799 2900 817 2924 i,
833 2900 877 2925 147
896 2900 918 2918 c.
931 2893 960 2924 56
996 2891 1090 2918 Osten-

20 2924 24 2932 ’
39 2930 101 2957 tiam
115 2930 144 2956 in
157 2929 267 2956 aedibus
286 2930 398 2964 priuatis
418 2929 496 2963 longa
514 2926 673 2963 difficilique
687 2928 810 2961 vec'lura‚
828 2927 964 2954 columnas
978 2926 1089 2961 singulas

9 2966 73 2995 ..ad
88 2965 251 3000 impluuiuin
273 2972 318 2992 Hs.
338 2965 513 2999 quadragenis
532 2964 652 2991 millibus
674 2972 729 2990 non
753 2964 841 2990 minus
860 2972 965 2998 magnas
984 2963 1089 2989 locatas.

40 3002 115 3038 Conf.
131 3001 191 3028 Liu.
205 3010 249 3035 43,
264 3008 289 3033 15
320 3001 435 3027 Palmam
456 3006 558 3027 enatam
579 2999 712 3034 impluuio
732 2999 780 3026 suo
793 3000 833 3026 T.
846 3000 963 3027 Marcius
980 2999 1090 3034 Figulus

12 3039 13 3042 ’
40 3037 188 3064 nuntiabat.
224 3035 298 3072 Conf.
311 3038 378 3063 Dan.
394 3037 480 3071 Heius.
494 3036 528 3063 ad
540 3035 586 3064 Sil.
601 3044 635 3069 15,
651 3041 686 3065 18.

77 3079 88 3098 1
98 3079 122 3099 M
131 3081 146 3100 i>
155 3081 171 3100 L
181 3079 202 3098 v
212 3078 231 3098 v
246 3079 285 3099 1A
295 3092 303 3105 ,
325 3081 363 3099 ae.
389 3073 408 3098 f.
445 3069 580 3106 [μανδύη]
622 3070 703 3104 Vestis
717 3077 785 3104 erat,
799 3073 883 3107 inquit
897 3071 1028 3103 Perottus,
1041 3078 1089 3105 qua

33 3107 178 3144 sacerdotes
186 3115 234 3144 per
252 3109 353 3134 imbrem
366 3108 514 3134 utebantur:
547 3108 657 3134 Pluuiole
670 3116 735 3133 nunc
747 3108 821 3143 vulgo
834 3107 980 3142 appellatur.
1026 3107 1092 3132 Var-

42 3143 343 3206 {xoimimimitUSalium
358 3153 466 3179 quoque
481 3145 575 3170 sereno
588 3149 708 3178 tempore
723 3142 854 3178 inipluuia
872 3141 1001 3169 amffitum
1014 3142 1091 3168 fuisse

229 3284 254 3309 V
269 3283 287 3308 d
543 3252 635 3285 Nempe
655 3249 750 3277 modica
760 3250 876 3286 fuligine
895 3249 1053 3285 infuscatus,
1068 3255 1092 3276 et

251 3293 267 3308 n
286 3293 297 3309 e
546 3294 547 3299 ¹

31 3337 36 3340 -
48 3330 50 3333 ·
79 3325 303 3351 IMPLVVIATA,
315 3328 353 3346 ae.
377 3321 398 3347 f.
435 3323 517 3348 Genus
529 3319 678 3354 vestimenti,
691 3330 706 3347 a
718 3321 807 3353 colore,
820 3319 849 3346 de
863 3329 908 3355 quo
920 3319 1002 3346 Plaut.
1015 3318 1090 3354 Epid.

26 3367 31 3372 ·
55 3358 72 3389 ζ,
86 3365 110 3387 2,
123 3365 155 3388 40
193 3354 267 3388 Quid
282 3360 338 3380 erat
356 3355 464 3384 induta?
483 3367 517 3384 an
529 3357 650 3391 regillam
669 3356 836 3390 induculam,
850 3366 883 3383 an
897 3354 1091 3386 mendiculam,

40 3428 90 3454 131).
104 3427 179 3454 Vtin‘
193 3425 354 3461 impluuiurn
369 3432 410 3453 eat
423 3427 531 3456 induta?
573 3429 630 3457 th.
641 3430 741 3456 Ferrar.
756 3426 874 3462 Re,Vest.
889 3437 910 3459 1,
920 3435 945 3459 3,
956 3436 993 3458 30.
1023 3428 1090 3454 Tur-

615 3499 709 3534 Qiint.
723 3498 807 3525 Trib.
821 3499 889 3525 Mar.
908 3506 930 3524 c.
944 3499 970 3524 6.
1002 3488 1088 3524 But-m.

35 3614 38 3624 ·
83 3612 128 3632 1M
140 3611 156 3631 i>
166 3612 185 3632 ο
195 3612 210 3631 E
220 3612 242 3631 N
253 3611 261 3629 1
272 3609 293 3629 T
303 3610 319 3629 E
332 3609 353 3628 Ν
365 3608 383 3628 D
394 3609 453 3634 vs,
470 3604 501 3636 a',
517 3614 571 3632 11111.
596 3607 657 3633 Adi.
694 3606 772 3640 Apul.
787 3607 852 3633 Met.
865 3614 886 3632 11
900 3615 924 3640 p.
939 3612 994 3640 271.
1031 3605 1091 3631 Cas-

12 3632 13 3668 Ῐ
47 3640 112 3668 fiod.
127 3640 205 3675 Epist.
220 3649 237 3670 1,
253 3648 292 3671 30.
313 3645 336 3664 et
351 3638 488 3671 Augustin.
501 3640 604 3674 Prolog.
619 3642 736 3669 Retrae't.

83 3683 152 3703 IMP
162 3683 206 3703 OE
217 3682 239 3701 N
252 3682 261 3700 1
271 3682 293 3701 T
303 3682 321 3699 v
332 3681 360 3704 s,
391 3682 419 3704 a,
431 3709 435 3713 ,
452 3683 506 3700 11111.
547 3676 607 3703 Adi.
644 3679 693 3704 Pro
711 3680 860 3713 Impunitus.
896 3675 972 3711 Apud
989 3680 1091 3703 veteres

47 3712 191 3747 Aegyptios
204 3712 276 3738 furta
289 3709 380 3736 omnia
393 3709 465 3735 licita
483 3714 509 3735 et
522 3709 667 3744 impoenita
686 3713 755 3740 Gell.
772 3721 805 3746 11,
819 3720 854 3743 18.

47 3783 104 3810 Cic.
118 3784 150 3809 de
163 3783 285 3810 Prouinc.
301 3781 379 3808 Cons.
395 3789 427 3814 34
440 3789 461 3806 c·
477 3788 502 3811 υ
526 3781 665 3814 Impolitae
676 3793 742 3811 vero
760 3793 800 3811 res
816 3792 841 3811 et
855 3784 964 3811 acerbae
983 3782 1000 3809 si
1014 3787 1092 3809 erunt

47 3818 167 3845 reli&ae.
237 3818 264 3844 Si
280 3817 337 3851 quis
350 3816 403 3843 erit
415 3816 492 3851 plane
505 3816 642 3849 impolitus
655 3824 680 3844 et
693 3820 774 3846 rnodo
787 3820 947 3847 vestibulum
961 3818 1039 3845 huius
1053 3826 1092 3844 ar-

46 3854 81 3880 tis
94 3854 218 3889 ingressus
238 3853 370 3887 Quinctil.
388 3861 409 3884 1,
428 3859 450 3884 5.
524 3851 581 3877 Cic.
594 3850 625 3877 de
638 3852 709 3880 Clar.
723 3855 797 3882 Orat.
812 3865 855 3888 293
875 3866 897 3882 c.
911 3860 939 3888 85
952 3861 1016 3881 extr.
1052 3854 1090 3880 Si-

7 3909 10 3912 .
47 3889 155 3924 gnificat
169 3889 241 3916 enim
254 3888 384 3924 quandam
400 3888 516 3914 formam
536 3886 655 3920 ingenii,
671 3887 714 3914 sed
729 3890 871 3918 admodum
891 3890 1041 3925 impolitam
1055 3895 1091 3916 at-

286 3924 362 3951 Idem
379 3922 411 3950 de
424 3923 499 3951 Orat.
512 3930 537 3955 2,
551 3930 590 3954 133
603 3931 624 3949 c·
637 3930 663 3954 31
689 3923 777 3951 Genu·
796 3925 846 3953 hoc
859 3935 964 3960 eorum,
979 3926 1027 3961 qui
1041 3924 1090 3952 sibi
1104 3928 1145 3955 ¹05
1156 3933 1180 3957 a,
1194 3932 1205 3951 1
1230 3924 1314 3951 Causa
1331 3926 1391 3953 sero
1409 3929 1544 3959 perorata,
1564 3925 1704 3952 sententias
1722 3926 1748 3952 se
1766 3931 1922 3960 rogaturum
1938 3921 2058 3956 negauit,
2076 3928 2110 3946 nc
2123 3918 2196 3953 quod

49 3934 101 3960 que
112 3925 214 3952 rudem.

178 3966 288 3988 -v01..
323 3960 367 3987 11.

914 733 1018 760 Auxilia
1039 736 1088 761 im-
1104 745 1130 772 ¹5

281 915 353 942 Idem
374 924 423 950 pro
442 915 517 941 Rosc.
531 915 620 941 Amer.
640 921 673 946 29
710 912 880 943 Vestramne,
896 911 942 945 qui
961 913 1087 939 summam
1104 925 1135 944 20
1151 918 1233 945 quum
1253 911 1322 936 dona
1341 911 1490 946 imponeret
1509 912 1570 938 aris.

1145 982 1243 1017 phoras
1255 981 1326 1008 hahet
1339 986 1425 1008 varlas
1437 982 1466 1008 de
1479 986 1526 1013 iis,
1541 991 1601 1018 quoe
1618 985 1701 1013 oneri,
1714 988 1737 1008 et
1749 982 1854 1021 germis-lo
1869 982 1939 1022 finit.

36 1621 102 1648 inde
123 1622 193 1648 votis
214 1629 259 1649 aut
279 1623 469 1657 imploratione
482 1621 578 1654 desim,
600 1622 643 1649 sed
663 1624 734 1648 viae
747 1623 846 1649 virtute
864 1623 1028 1651 euadendum
1043 1625 1088 1651 est.
1098 1639 1135 1664 40
1156 1622 1187 1647 Et
1203 1629 1242 1655 14,
1256 1629 1268 1653 3
1291 1620 1332 1647 Est
1345 1626 1371 1647 et
1383 1622 1459 1654 nigra
1471 1621 1590 1653 aminea,
1610 1621 1653 1646 cui
1667 1621 1786 1652 Syriacae
1806 1628 1904 1646 nomen
1918 1619 2067 1653 imponunt.

54 1805 84 1830 73
119 1799 277 1834 Lumenque
306 1800 416 1826 innoxia
439 1799 512 1826 fudit
546 1800 726 1833 Purpureum,
749 1799 853 1825 miseris
873 1798 940 1824 olim
964 1798 1135 1833 implora-45
1156 1795 1236 1821 Catil.
1250 1805 1271 1821 c.
1285 1800 1318 1827 48
1332 1801 1396 1821 extr.

10 1858 11 1862 ,
58 1832 94 1858 ile
111 1834 207 1859 nautis.

737 1981 765 1998 os
786 1973 844 1998 suos
866 1973 1029 2006 percutiens,
1043 1979 1088 1998 etc.
1105 1983 1137 2010 50
1155 1970 1221 1995 bat?

76 2157 240 2182 iMPLvo,
258 2152 286 2177 ui
302 2153 342 2178 vel
354 2152 418 2184 uui,
446 2154 538 2183 situm,
558 2153 611 2177 ere.
654 2147 828 2187 [ἓνομέρέω]
850 2147 984 2174 Columel.
1000 2156 1022 2179 2,
1038 2152 1062 2178 8,
1077 2153 1090 2179 5
1106 2148 1145 2180 553
1156 2153 1238 2178 prope
1253 2148 1340 2171 tamen
1356 2144 1489 2177 absoluto,
1508 2151 1633 2180 tanquam
1647 2145 1789 2180 Fastigium
1808 2147 1979 2181 imponimus.

37 2329 185 2355 verberari.
221 2329 248 2354 Si
268 2327 331 2354 huic
346 2327 501 2361 imperabo,
515 2334 597 2360 prope
616 2325 718 2351 te&um
732 2323 852 2350 habebo:
877 2323 995 2354 Malum,
1007 2332 1089 2357 quom
1098 2327 1133 2352 60
1154 2323 1197 2347 66.

744 2501 852 2527 Vitruu.
872 2503 898 2533 6,
917 2510 935 2533 4
959 2500 1090 2534 Iinpluuii
1102 2500 1134 2532 65
1154 2499 1302 2533 Nunquam
1317 2498 1365 2525 iste
1378 2499 1434 2533 plus
1451 2499 1534 2526 militi
1547 2499 1659 2526 Laboris
1673 2500 1816 2533 imposuit,
1836 2509 1915 2534 quam
1927 2500 1975 2526 sibi
1990 2501 2086 2528 sumsit.

39 2681 147 2709 vincula
168 2690 214 2716 per
226 2681 389 2714 implunium
407 2681 435 2706 in
451 2680 552 2713 tegulas
571 2679 697 2711 subduci,
717 2684 796 2712 atque
811 2678 872 2704 inde
886 2678 957 2704 foras
973 2677 1001 2702 in
1016 2677 1089 2717 viam
1098 2687 1134 2714 70

10 2732 12 2735 ·
40 2717 156 2744 demitti.

31 2859 163 2894 ,pluuium
177 2866 253 2885 tuum
268 2859 349 2891 stant,
369 2858 412 2884 vbi
424 2858 517 2884 Ascon.
537 2857 623 2883 Locus
636 2856 688 2883 sine
701 2856 773 2883 tecto
789 2856 817 2883 in
830 2855 956 2888 aedibus,
972 2864 1026 2891 quo
1041 2855 1090 2881 im-
1102 2862 1134 2891 75

10 3245 12 3255 Α
81 3214 313 3240 IMPLVVLRT
321 3221 381 3247 vs,
402 3224 432 3247 3,
450 3223 505 3242 11η1.
536 3212 598 3241 Adi.
634 3213 734 3246 Color,
748 3213 818 3249 quasi
837 3214 939 3240 fumato
953 3212 1091 3240 stillicidio
1107 3218 1136 3246 85
1154 3220 1287 3238 nouarum
1307 3221 1397 3239 rerum
1416 3213 1540 3240 omnibus
1560 3213 1651 3239 lustin.
1666 3221 1708 3247 34,
1729 3220 1753 3243 2,
1775 3214 1800 3238 6.

43 3249 188 3284 implums,
201 3251 287 3283 inquit
303 3249 410 3277 Nonius
431 3253 469 3284 16,
483 3259 503 3283 3.

6 3282 13 3314 ‚²
22 3295 27 3300 ⁴
41 3284 188 3320 jnacquJizs.

86 3754 95 3774 1
106 3754 129 3774 Μ
139 3755 154 3774 P
162 3754 181 3774 0
191 3753 206 3773 L
216 3749 227 3773 ῐ
237 3752 258 3772 Τ
268 3752 288 3771 ν
300 3753 312 3772 s
322 3765 330 3778 ,
349 3753 374 3777 a,
392 3754 447 3771 uin.
468 3744 529 3771 Adi.
564 3743 667 3783 [ἔξω]
705 3750 863 3776 Contrarium
878 3748 982 3778 Polito;
1002 3746 1091 3773 Rudis.
1098 3758 1146 3777 100
1155 3746 1271 3774 Honesta
1285 3748 1406 3775 Nomina
1418 3747 1570 3782 turpiffimis
1588 3745 1675 3773 rebus.

1536 123 1816 192 ''IMP

1149 236 1248 278 eruditi
1265 237 1407 278 videntur,
1427 237 1505 278 hebes
1523 243 1558 279 et⁴
1569 238 1730 279 impolitum.
1763 275 1767 279 ι
1800 241 1911 277 Compar.
1943 244 2034 278 Veget.
2057 253 2079 280 2,
2091 253 2109 278 4
2138 245 2189 271 De-

1149 274 1258 307 scriptio
1271 273 1411 300 obscurior
1425 281 1450 299 et
1465 274 1622 309 iinpolitior.
1658 274 1789 308 QunCiil.
1805 281 1828 307 8,
1841 281 1856 303 6
1877 278 1986 312 Lapides
2001 280 2187 314 impolitiores.

1186 317 1195 335 1
1205 316 1228 334 Μ
1239 317 1253 335 p
1264 315 1283 334 ο
1295 315 1311 334 1.
1320 315 1329 334 1
1339 316 1360 335 Τ
1369 316 1378 334 1
1390 315 1409 334 Α
1421 329 1428 340 ,
1449 318 1487 335 ae.
1508 310 1528 336 f.
1566 310 1714 344 [ἀκοσμία]
1749 310 1853 336 Rudinus
1868 320 1891 338 et
1909 316 2066 350 int-ligantia.
2093 316 2189 350 Specio-

2101 169 2188 195 1010

1148 347 1195 370 tim
1204 344 1272 370 Gell.
1287 354 1314 377 4,
1331 353 1357 370 12
1378 344 1477 383 Silquis
1493 354 1570 379 eques
1579 346 1710 372 Romanus
1724 354 1822 379 cquuni
1837 345 1931 373 habere
1943 351 2130 383 gracilentum,
2144 357 2189 377 aut

554 381 664 417 Proprie
681 381 717 407 est
731 381 800 407 Cum
814 379 876 404 fletu
891 386 1000 411 rogare,
1015 379 1085 413 quod
1108 383 1122 410 ς
1149 388 1242 413 parum
1258 379 1372 406 nitidum
1387 381 1457 405 Visus
1471 388 1540 412 erat,
1554 381 1702 416 impolitiae
1715 380 1863 407 notabatur.
1901 384 1931 408 Iti
1950 386 2045 411 verbum
2057 386 2189 421 ‚hg-nificat

1149 414 1216 450 quasi
1236 422 1262 440 tu
1283 415 1352 441 dicas
1367 416 1487 441 incuriae.
1560 417 1707 451 impolitias
1723 417 1849 443 Censores
1868 416 1953 443 facere
1967 419 2136 453 dicebantur,
2150 424 2188 446 iii-

1150 453 1203 486 quit
1219 450 1323 483 Festus,
1343 452 1433 484 Qium
1454 450 1538 484 equiti
1557 460 1598 477 aes
1619 452 1794 487 abnegabant,
1806 451 1842 478 ob
1864 460 1962 488 equum
1977 454 2042 480 male
2060 462 2187 482 curatum.

1186 489 1389 512 IMPOLITE.
1408 485 1474 511 Adu.
1512 486 1666 522 [ἀκόσμως]
1702 489 1864 524 Irzelegnnter.
1901 488 1956 514 Cic.
1971 488 2002 514 de
2018 490 2090 516 Orat.
2108 500 2127 523 1,
2142 500 2188 524 214

1150 529 1172 546 c.
1193 529 1229 554 49
1257 522 1347 554 Qium
1369 520 1508 554 saepissime
1529 521 1579 548 tibi
1598 523 1703 549 Senatus
1723 523 1842 550 breuiter
1855 543 1864 556 ,
1890 521 2070 559 impoliteque*
2083 525 2188 557 dicenti,

518 561 549 585 Et
562 560 638 586 Verr.
654 566 676 591 5,
690 562 720 587 28
740 557 770 582 Et
783 557 820 582 ita
834 563 877 581 me
892 555 962 581 suam
977 555 1085 584 salutem
1101 570 1130 589 10
1151 556 1274 582 maximis
1289 557 1318 582 sit
1331 557 1363 583 de
1379 557 1457 583 rebus
1472 557 1593 588 assensus,
1612 565 1656 584 etc.

1189 598 1256 618 1ΜΡ
1268 597 1288 618 0
1298 600 1314 618 L
1325 599 1340 618 1.
1351 593 1371 618 17
1381 599 1402 618 Τ
1412 599 1470 624 VS,
1491 601 1518 623 a,
1541 602 1596 619 um.
1634 593 1693 619 Adi.
1729 593 1895 628 [ἀμίαντος]
1933 595 1992 621 Non
2004 593 2127 629 pollutus:
2151 601 2189 626 ve,

1150 626 1228 653 Fides
1245 627 1386 662 impolluta
1404 626 1449 653 Sil.
1466 635 1500 659 13,
1514 629 1574 662 679.
1626 629 1771 663 Virginitas
1791 629 1931 663 impolluta
1957 630 2048 657 Tacit.
2063 631 2130 656 Ann.
2150 637 2191 663 14,

1150 670 1186 694 35,
1202 671 1224 688 2.
1261 663 1334 698 Coris.
1349 662 1421 689 Idem
1436 666 1474 694 16,
1488 664 1528 694 26,
1543 671 1563 695 5.
1587 669 1609 689 ct
1622 663 1722 690 Sallust.
1738 665 1840 699 Fragni.
1861 674 1881 698 i,
1893 667 1918 692 6.
1988 666 2062 691 Mens
2078 664 2189 691 Paullin.

1151 697 1216 724 Nol.
1232 698 1320 725 Carni.
1333 700 1348 724 6
1368 698 1400 724 de
1415 698 1526 732 Baptista
1543 707 1568 726 ν.
1583 706 1644 733 227.

1187 739 1233 760 1M
1244 740 1378 760 POMEN
1389 739 1411 760 'r
1422 740 1459 765 Α,
1480 742 1566 760 orum.
1590 743 1616 760 n.
1641 734 1712 770 quasi
1734 734 1944 770 Imponimenta‚
1962 736 2037 769 Qiae
2055 733 2112 770 post
2131 743 2191 761 coe-

1150 777 1212 794 nam
1227 769 1320 795 mensis
1336 769 1514 803 imponebant.
1529 769 1624 796 Festus.

1186 811 1196 830 1
1205 811 1230 830 M
1242 811 1258 830 Ρ
1269 806 1317 831 ὁΝ
1327 810 1362 835 0,
1390 804 1446 837 sui,
1474 806 1569 836 situm,
1593 807 1646 832 ere.
1683 805 1696 838 [
1709 804 1836 838 ἓντίθημι,
1868 805 1996 837 ἐπιτίθημι
2006 806 2022 838 ,⁸
2044 802 2193 840 ἓπιζοῖλλω]

1149 839 1344 875 supraponere,
1355 841 1395 866 vel
1406 842 1478 867 Intus
1492 847 1592 875 ponere.
1645 840 1720 875 Virg.
1736 841 1800 867 Aen.
1814 849 1832 871 i,
1845 843 1878 867 66
1910 841 2063 875 Molemque
2077 846 2102 866 et
2118 849 2194 867 mon-

1151 880 1188 901 tes
1213 875 1320 910 insuper
1345 875 1413 902 altos
1439 876 1577 910 Imposuit.
1631 876 1704 902 Idem
1719 877 1783 903 Aen.
1804 884 1830 909 4,
1842 884 1888 909 453
1925 876 2019 908 Vidit,
2042 876 2194 903 turicremis

1640 912 1722 938 Plaut.
1736 912 1824 938 Ausul.
1841 920 1863 944 2,
1876 917 1898 942 8,
1912 919 1937 944 15
1965 913 2036 938 Haec
2056 912 2195 947 imponen-

1151 953 1196 972 tur
1209 946 1238 972 in
1250 946 1312 972 foco
1326 947 1430 979 nostro,
1445 946 1510 979 lari,
1524 952 1552 973 vt
1564 947 1711 973 fortunatas
1724 947 1802 973 saciat
1815 953 1906 981 gnatae
1921 948 2033 982 nuptias.
2112 948 2195 974 Meta-

1983 983 2038 1009 Cie.
2072 991 2103 1008 ro
2118 982 2195 1010 Rosc-

1153 1017 1242 1043 Amer.
1256 1025 1285 1043 io
1308 1018 1387 1050 Qiod
1401 1018 1418 1044 si
1431 1017 1550 1052 perferre
1563 1026 1617 1043 non
1631 1023 1740 1051 potere,
1758 1025 1876 1053 opprimi
1890 1027 1930 1044 me
1944 1027 2024 1044 onere
2038 991 2121 1044 oi'ficii
2140 1027 2196 1048 uia-

1151 1051 1194 1084 lo,
1215 1061 1294 1086 quam
1314 1053 1352 1084 id,
1368 1054 1439 1088 qnod
1454 1062 1513 1079 cum
1533 1052 1585 1078 fide
1599 1052 1668 1078 mihi
1682 1052 1760 1078 semel
1784 1053 1934 1087 impositum
1955 1053 2006 1085 est,
2022 1060 2066 1079 aut
2086 1058 2196 1088 propter

2138 1088 2196 1115 Cic.

1151 1132 1201 1158 pro
1217 1124 1336 1150 Muraen.
1349 1131 1377 1157 38
1399 1125 1543 1159 Nunquam
1557 1123 1604 1149 iste
1616 1123 1675 1159 plus
1688 1122 1771 1149 militi
1784 1122 1883 1149 laboris
1897 1124 2039 1158 imposuit,
2053 1132 2132 1157 quam
2145 1123 2196 1150 fibi

1151 1158 1247 1185 sumsit.
1424 1158 1444 1198 ff
1470 1168 1482 1185 2
1523 1157 1692 1192 Sulfimztiua:
1729 1158 1901 1185 Admissarius
1932 1159 2083 1194 imponitur
2112 1167 2196 1192 equae

1151 1194 1283 1221 Columel.
1298 1196 1325 1227 6,
1338 1196 1379 1226 36,
1393 1203 1420 1227 4.
1456 1195 1497 1222 Sic
1505 1194 1608 1222 Arietes
1621 1194 1718 1220 ouibus
1733 1193 1851 1229 impositi
1864 1194 1938 1220 Idem
1952 1201 1979 1229 7,
1993 1202 2019 1227 2,
2026 1201 2049 1227 5.
2074 1193 2196 1220 Vicinus..

1152 1235 1269 1269 EQVVS.
1341 1231 1421 1256 Arces
1435 1230 1574 1265 imponere
1587 1229 1724 1256 montibus
1735 1229 1810 1264 Virg.
1824 1231 1890 1256 Aen.
1905 1231 1930 1260 6,
1943 1236 2007 1263 774.
2080 1229 2140 1255 Liu.
2155 1237 2197 1261 31,,

400 1269 473 1295 Idem
487 1270 563 1295 Verr.
584 1276 608 1301 5,
622 1271 660 1296 161
690 1269 782 1301 Qium
802 1268 956 1308 imploraret
974 1269 1086 1303 saepius,
1102 1277 1135 1302 30
1152 1273 1165 1291 2
1180 1271 1224 1306 pr.
1251 1263 1480 1299 Carthaginienses
1499 1274 1531 1291 eo
1553 1274 1622 1292 anno
1642 1267 1788 1299 Argentum
1812 1265 1841 1291 in
1861 1265 2022 1300 stipendium
2043 1264 2197 1299 impositum

1151 1309 1269 1337 primum
1289 1301 1401 1326 Romam
1420 1301 1593 1327 aduexerunt.
1665 1300 1797 1327 Columel.
1818 1308 1840 1333 5,
1856 1309 1876 1333 1,
1895 1309 1907 1333 3
1946 1300 1995 1327 Sed
2013 1299 2088 1326 aliud
2107 1299 2198 1327 existi·

1151 1342 1242 1368 ment,
1260 1336 1413 1371 profeffioni
1427 1337 1487 1362 suae
1499 1336 1653 1369 conuenire,
1671 1336 1743 1363 aliud
1756 1345 1863 1367 eorum,
1875 1336 1923 1371 qni
1936 1335 1990 1362 iam
2002 1335 2131 1362 exstriilzh
2144 1344 2199 1362 ine-

1151 1372 1256 1398 tiuntiir
1265 1391 1273 1404 ,
1299 1377 1324 1398 et
1343 1372 1467 1406 imposito
1481 1372 1608 1405 Calculo,
1627 1372 1740 1407 perfe6fi
1765 1372 1854 1406 operis
1878 1372 2010 1398 rationem
2036 1377 2198 1405 computant.

1155 1409 1197 1434 Ita
1211 1407 1297 1433 Posito
1308 1407 1418 1434 Calculo
1431 1407 1563 1434 Columel.
1576 1416 1597 1439 3,
1610 1416 1632 1440 3,
1646 1415 1672 1442 7.
1742 1407 1802 1434 Liu.
1816 1415 1857 1442 27,
1870 1415 1905 1440 24
1918 1414 1982 1433 extr.
2008 1406 2037 1433 C.
2051 1406 2199 1433 Terentius

20 1444 166 1482 3suanique
179 1445 261 1485 sideni
272 1446 478 1480 implorantibus
490 1446 593 1473 auxilio
607 1448 655 1473 esse
669 1455 723 1472 non
737 1447 814 1480 posse.
835 1445 908 1481 Coris.
923 1446 984 1472 Liu.
999 1454 1040 1480 37,
1048 1449 1090 1472 26.
1106 1457 1134 1484 35
1153 1449 1183 1470 vt
1201 1443 1324 1469 Aretium
1342 1451 1403 1469 cum
1422 1442 1528 1477 legione
1547 1443 1636 1476 venit,
1657 1443 1750 1469 Claues
1770 1449 1908 1477 portarum
1930 1451 2012 1477 quum
2033 1442 2200 1476 magistratus

9 1496 11 1503 ι
41 1489 43 1491 ’
77 1486 361 1514 1MPLORATVS,
379 1491 410 1514 a,
430 1491 484 1509 um.
510 1483 604 1509 Partic.

9 1534 11 1539 .
38 1514 76 1542 eis
98 1515 241 1550 implorata
267 1517 364 1543 Catull.
384 1517 417 1544 ad
428 1517 552 1544 Mallium
573 1519 603 1550 63
625 1519 683 1550 (69)
705 1520 745 1550 65.
780 1517 855 1553 Conf.
877 1517 970 1544 lustin.
990 1527 1014 1550 4,
1033 1526 1090 1550 3,1.

1154 1479 1321 1514 poposcisset,
1339 1478 1496 1512 negantibus
1521 1479 1554 1505 iis
1581 1487 1734 1513 comparere
1745 1498 1754 1511 ,
1780 1477 1873 1505 fraude
1896 1484 1995 1504 amotas
2020 1478 2103 1512 magis
2127 1484 2199 1504 ratus

1156 1523 1235 1549 quain
1248 1513 1409 1548 negligentia
1424 1514 1597 1545 intercidisse,
1615 1515 1669 1549 ipse
1682 1514 1745 1540 alias
1761 1506 1855 1540 Claues
1873 1513 1997 1540 omnibus
2016 1513 2100 1547 portis
2114 1513 2201 1547 impo-

1156 1550 1216 1576 suit.
1287 1549 1420 1576 Columel.
1435 1559 1458 1582 3,
1471 1558 1499 1583 19
1539 1550 1606 1576 Ante
1624 1558 1702 1584 quam
1721 1549 1893 1584 disputationi
1912 1548 2061 1575 Clausulam
2072 1549 2202 1583 ,impona-

1155 1594 1228 1616 mus,
1247 1585 1389 1612 dicendum
1402 1585 1452 1617 est,
1473 1592 1519 1612 etc.
1591 1586 1748 1619 Cognomen
1768 1586 1808 1611 vel
1827 1593 1926 1611 nomen
1945 1584 2027 1610 alicui
2053 1583 2120 1610 Plin.
2140 1591 2164 1616 5,
2181 1591 2201 1610 1.

2139 1618 2201 1644 Liu.

1156 1662 1180 1688 8,
1195 1665 1220 1688 23
1230 1663 1272 1691 pr.
1307 1658 1393 1690 Aegre
1413 1657 1467 1690 pati
1482 1657 1618 1682 ciuitatem
1631 1656 1804 1685 Samnitium,
1823 1654 1894 1689 quod
1910 1654 2041 1687 Fregellas
2055 1661 2086 1679 ex
2099 1653 2203 1679 Volscis

1155 1698 1257 1725 captas,
1272 1691 1426 1726 dirutasque
1440 1701 1453 1717 a
1469 1692 1494 1717 se
1508 1691 1655 1717 restituerit
1669 1691 1803 1716 Romanus
1818 1689 1946 1722 Populus,
1965 1688 2161 1722 Coloniamque
2173 1688 2203 1714 in

1154 1735 1219 1760 agro
1233 1727 1390 1753 Samnitium
1402 1726 1568 1760 imposuerit.
1642 1725 1784 1751 Consulem
1798 1723 1914 1758 populo,
1928 1725 1975 1749 Per
1987 1727 2039 1749 uim
2052 1730 2075 1749 et
2087 1725 2204 1758 tyranni-

1154 1761 1207 1787 dem
1225 1762 1341 1787 collocare
1360 1765 1388 1786 in
1408 1761 1540 1795 Consulatu
1559 1759 1616 1785 Cic.
1630 1760 1683 1785 Ati.
1699 1767 1717 1789 i,
1734 1768 1767 1791 13.
1824 1759 2021 1785 Contumeliam
2040 1758 2122 1785 alicui
2144 1758 2205 1786 Sall.

1467 1795 1602 1821 Coronam
1616 1794 1697 1820 alicui
1711 1795 1768 1821 Cic.
1783 1793 1814 1820 de
1824 1794 1918 1828 Legib.
1935 1803 1956 1825 2,
1968 1797 2011 1820 60.
2046 1794 2121 1820 Idem
2130 1794 2203 1820 Fam.

1700 1831 1742 1857 Ita
1756 1828 1837 1857 Ouid.
1852 1830 1943 1856 Amor.
1957 1838 1980 1861 3,
1993 1839 2022 1862 4,
2037 1837 2046 1855 1
2072 1830 2145 1856 Dure
2159 1829 2204 1856 vii·

1155 1863 1280 1898 imposito
1294 1870 1400 1893 tenerae
1414 1864 1528 1892 Custode
1541 1865 1651 1899 puellae.
1722 1865 1850 1891 Diadema
1869 1865 1926 1890 Cic.
1941 1863 2006 1890 Phil.
2021 1874 2046 1895 2,
2060 1869 2097 1897 85.
2134 1864 2203 1890 Add.

1154 1899 1194 1926 Id.
1208 1908 1220 1931 3
1244 1909 1264 1925 c.
1279 1907 1302 1932 5.
1374 1901 1565 1934 Dignationem
1580 1900 1748 1934 imperatoris
1763 1900 1842 1925 alicui
1856 1899 1924 1925 Tac.
1939 1899 2008 1925 Hist.
2024 1908 2042 1930 1,
2057 1908 2092 1932 52.
2147 1900 2204 1926 Cic.

1155 1934 1222 1960 Phil.
1238 1943 1272 1967 13,
1287 1942 1317 1969 17
1334 1934 1405 1961 Nam
1419 1935 1436 1961 si
1450 1936 1504 1969 ipse
1520 1935 1620 1962 seruire
1633 1941 1751 1969 poterat,
1769 1935 1847 1961 nobis
1861 1935 2009 1961 Dominum
2026 1935 2204 1969 01111111ροηο-

1292 1970 1441 1996 Dominum
1453 1971 1642 2004 sempiternum
1660 1970 1689 1996 in
1701 1970 1850 1996 ceruicibus
1869 1970 2023 2004 aliquorum
2042 1970 2080 1996 Id.
2095 1970 2127 1996 de
2140 1971 2204 1997 Nat.

1155 2005 1236 2031 Deor.
1251 2012 1270 2035 1,
1284 2012 1318 2037 54
1338 2014 1359 2031 c.
1376 2014 1419 2032 20.
1487 2006 1575 2041 Equus
1594 2005 1743 2040 imponitur
1761 2015 1844 2039 equae
1851 2005 1927 2039 fetus
1941 2005 2015 2040 cansa
2030 2005 2162 2032 Columel.
2177 2009 2205 2038 6,

1154 2048 1196 2074 27.
1213 2048 1248 2071 io,
1269 2047 1298 2065 vt
1316 2039 1498 2067 Admissarius.
1571 2042 1724 2068 Exercitum
1738 2040 1878 2066 Brundusii
1898 2040 2043 2075 imposuit,
2055 2041 2162 2076 subaud.
2176 2040 2206 2068 in

1154 2083 1234 2102 naues
1252 2075 1308 2101 Cic.
1323 2075 1356 2102 de
1370 2077 1432 2102 Diu.
1447 2084 1472 2107 2.,
1489 2081 1531 2108 84.
1602 2076 1710 2102 Exitum
1725 2075 1806 2101 alicui
1821 2076 1876 2107 rei,
1896 2083 1939 2101 aut
1958 2075 2125 2102 sermonibus
2144 2077 2205 2103 Liu.

1406 2111 1463 2136 Cic.
1479 2109 1556 2137 offic.
1574 2119 1595 2142 3,
1614 2119 1640 2142 33
1667 2119 1688 2136 c.
1707 2117 1725 2144 7
1758 2110 1808 2137 Sed
1828 2112 1956 2145 quoniam
1975 2112 2052 2146 operi
2071 2111 2206 2143 inchoato,

1735 2146 1740 2150 '
1810 2146 1815 2151 '
2071 2147 2207 2174 Fenestras

1155 2185 1181 2205 et
1193 2179 1260 2205 ostia
1280 2179 1308 2205 in
1322 2179 1408 2205 aliena
1427 2180 1547 2207 aedificia
1566 2181 1662 2207 Iulian.
1681 2181 1709 2207 in
1726 2181 1744 2208 l.
1759 2181 1904 2209 Habitator
1927 2183 1960 2208 D.
1978 2181 2010 2208 de
2029 2181 2070 2208 rei
2089 2182 2207 2209 vindica-

1154 2214 1238 2241 tione.
1310 2215 1403 2241 Finem
1424 2216 1495 2242 bello
1516 2216 1579 2243 Stat.
1594 2215 1687 2243 Theb.
1703 2222 1726 2249 8,
1741 2221 1801 2250 684.
1873 2217 1968 2243 Finem
1987 2216 2058 2243 bello
2079 2219 2120 2244 vel
2136 2218 2207 2244 curis

1157 2249 1303 2286 Aur.Vi<‘:*t.
1313 2249 1345 2276 de
1354 2251 1413 2277 Vir.
1429 2251 1516 2278 illustr
1519 2271 1694 2279 .....
1699 2253 1740 2280 Sic
1749 2253 1843 2278 Finem
1857 2252 1912 2286 spei
1927 2253 1986 2278 stiae
1999 2252 2059 2279 Liu.
2068 2260 2091 2286 5,
2103 2262 2122 2286 4
2140 2260 2207 2280 exer.

1154 2286 1249 2312 Finem
1264 2285 1379 2312 luffibus
1397 2286 1478 2313 Ouid.
1494 2288 1559 2314 Met.
1575 2295 1611 2320 15,
1625 2295 1690 2321 747.
1785 2288 1911 2313 Formam
1929 2287 2005 2321 operi
2024 2289 2111 2315 Senec.
2126 2289 2206 2323 Epist.

1249 2321 1345 2348 Forma
1364 2322 1432 2356 prati
1445 2323 1550 2357 imponi
1561 2323 1646 2357 potest
1659 2323 1720 2348 loco
1734 2322 1827 2356 gracili
1839 2322 2010 2359 Pallad.Sept.
2026 2333 2063 2355 10,
2077 2333 2097 2350 1.
2142 2325 2207 2351 For-

1153 2365 1224 2383 mam
1245 2357 1285 2383 sui
1304 2357 1402 2383 coloris
1421 2357 1561 2392 imponere
1576 2359 1642 2384 vino
1661 2357 1699 2383 ld.
1713 2357 1774 2384 Oet.
1788 2367 1833 2391 14,
1856 2367 1894 2385 10.
1984 2359 2040 2386 Cic.
2054 2362 2108 2386 Att.
2123 2368 2156 2393 15,
2177 2368 2206 2386 10

1154 2393 1328 2419 Frumentum
1342 2393 1496 2426 imponere,
1515 2402 1582 2428 quae
1597 2393 1634 2419 est
1647 2393 1700 2419 alia
1714 2393 1810 2420 Dionis
1829 2393 1942 2428 legatio,
1962 2401 2007 2422 aut
2021 2395 2094 2430 quod
2108 2404 2206 2422 munus

1155 2427 1183 2454 in
1197 2427 1342 2462 Republica
1356 2427 1511 2455 sordidius3
1618 2429 1658 2455 Id.
1674 2429 1750 2455 Verr.
1762 2437 1790 2461 4,
1805 2438 1836 2455 20
1856 2430 1962 2464 Qiibus
1978 2435 2006 2457 tu
2019 2431 2148 2465 priuatim
2162 2433 2205 2458 In-

1153 2463 1237 2489 iurias
1258 2463 1388 2497 plurimas
1406 2463 1633 2499 contumeliasque
1654 2464 1813 2498 imposuisti.
1889 2465 1946 2492 Cic.
1965 2474 2014 2499 pro
2028 2467 2156 2493 Muraena
2175 2472 2205 2498 38

1156 1836 1178 1861 5,
1193 1837 1228 1855 12.
1300 1829 1442 1855 Custodem
1464 1830 1535 1864 Nep.
1548 1837 1571 1862 5,
1586 1839 1614 1862 4,
1627 1838 1646 1855 i.

1153 2118 1195 2144 37³
1209 2118 1238 2142 Ι9
1253 2117 1298 2144 ΡΥ·

2130 2502 2203 2528 Caes.

1154 2534 1220 2561 Bell.
1234 2535 1264 2561 C.
1280 2543 1304 2567 3,
1319 2543 1356 2569 74
1375 2535 1551 2569 Tantumque
1565 2535 1680 2560 studium
1699 2535 1827 2561 infamiae
1844 2536 2007 2568 sarciendae,
2025 2542 2054 2563 vt
2067 2545 2147 2564 nemo
2157 2540 2204 2564 aut

1154 2569 1278 2597 Tribuni
1297 2577 1342 2596 aut
1354 2570 1527 2597 Centurionis
1541 2571 1671 2604 impetum
1691 2570 1864 2603 desideraret,
1882 2577 1908 2597 et
1921 2571 1970 2598 fibi
1990 2572 2104 2607 quisque
2124 2572 2205 2600 etiam

1152 2614 1254 2640 poenae
1267 2605 1328 2632 loco
1343 2606 1479 2640 grauiores
1493 2606 1642 2640 imponeret
1656 2605 1781 2632 Labores.
1853 2607 1910 2633 Cic.
1924 2607 1978 2634 Att.
1993 2615 2020 2643 7,
2034 2616 2051 2635 2.
2082 2608 2136 2635 Vni
2156 2609 2203 2635 Fa-

1154 2640 1238 2666 vonio
1252 2641 1334 2674 Leges
1351 2641 1384 2667 ab
1399 2642 1447 2667 illo
1459 2640 1538 2667 nobis
1551 2641 1654 2675 imponi
1667 2650 1720 2667 non
1734 2640 1860 2677 placebat,
1878 2642 1921 2669 sed
1941 2651 1987 2670 etc.
2067 2643 2106 2671 Id.
2122 2643 2203 2670 Acad.

1156 2685 1184 2709 4,
1200 2685 1226 2707 23
1254 2677 1309 2703 Cur
1322 2675 1368 2702 has
1382 2677 1465 2711 igitur
1481 2676 1530 2703 fibi
1544 2683 1597 2703 tam
1610 2685 1703 2711 graues
1718 2678 1801 2712 Leges
1814 2677 1988 2712 imposuerit,
2008 2685 2054 2705 etc.
2126 2680 2202 2714 Virg.

1155 2712 1254 2746 Georg.
1269 2720 1288 2744 1,
1303 2714 1332 2738 61
1353 2712 1491 2739 Continuo
1505 2712 1550 2739 has
1563 2713 1660 2747 Leges,
1673 2718 1831 2747 aeternaque
1844 2713 1953 2741 foedera
1966 2715 2045 2741 certis
2073 2714 2204 2750 Imposuit

1154 2753 1247 2774 natura
1260 2746 1335 2774 locis.
1405 2749 1462 2775 Cic.
1476 2748 1507 2775 de
1520 2749 1600 2783 Legg.
1617 2757 1636 2781 i,
1649 2757 1684 2781 42
1712 2749 1739 2775 Si
1757 2749 1828 2776 XXX
1843 2749 1885 2775 illi
1898 2750 2008 2777 Athenis
2022 2750 2105 2784 Leges
2118 2751 2204 2785 impo-

1153 2791 1217 2809 nere
1235 2783 1393 2817 voluissent,
1413 2791 1459 2811 ete.
1527 2785 1608 2818 Leges
1623 2793 1670 2818 per
1682 2784 1739 2811 vim
1754 2784 1927 2819 Reipublicae
1946 2786 1985 2813 Id.
2000 2786 2115 2821 Philipp.
2129 2788 2161 2819 6,
2179 2793 2203 2818 3.

1154 2818 1223 2845 Add.
1243 2819 1281 2846 ib.
1294 2827 1312 2854 7
1338 2828 1359 2846 c.
1374 2828 1396 2852 5.
1466 2819 1505 2846 Eo
1518 2820 1592 2847 Loco
1611 2819 1732 2854 imposita
1747 2820 1868 2847 Scribon.
1883 2829 1916 2848 11.
1987 2822 2019 2848 In
2036 2823 2111 2848 omni
2129 2821 2203 2848 Loco

1154 2853 1257 2881 dolenti
1272 2855 1427 2890 impositum
1441 2858 1496 2889 265.
1567 2857 1677 2882 Manum
1691 2856 1730 2883 rei
1743 2856 1838 2887 alicui,
1854 2863 1903 2892 pro
1918 2856 2037 2884 Inchoare
2050 2867 2101 2884 eam
2120 2856 2202 2884 Ouid.

1153 2890 1239 2917 Trist.
1253 2899 1287 2924 4,
1308 2899 1334 2923 1,
1355 2897 1396 2921 28.
1498 2890 1598 2926 Virgil.
1612 2892 1676 2918 Aen.
1691 2899 1725 2926 7,
1745 2899 1791 2926 572
1818 2892 1877 2919 Nec
1895 2893 1982 2919 minus
2000 2893 2100 2920 interea
2118 2898 2203 2919 extre-

1153 2934 1225 2952 mam
1243 2926 1365 2953 Saturnia
1391 2926 1464 2953 bello
1507 2927 1627 2961 Imponit
1650 2928 1741 2961 regina
1760 2927 1878 2954 Manum.
1962 2929 2083 2955 Seruius:
2120 2928 2202 2962 Quod

1153 2961 1269 2996 superest
1287 2961 1421 2996 perficere.
1481 2963 1512 2989 Et
1531 2962 1567 2989 est
1586 2963 1724 2990 translatio
1744 2972 1759 2990 a
1775 2963 1893 2998 ρίἑὶυι-3,
1919 2973 1999 2998 quarn
2019 2965 2113 2991 Manus
2131 2973 2202 2991 com—

1153 2997 1208 3032 plet
1234 3003 1313 3032 atque
1333 3003 1411 3024 ornat
1431 3004 1556 3025 extrema.
1626 2998 1701 3034 Coris.
1722 2999 1817 3026 Donat.
1836 2999 1871 3026 ad
1893 2999 1961 3026 Ter.
1983 3000 2064 3027 Andr.
2084 3009 2113 3032 2,
2132 3007 2162 3032 5,
2180 3007 2200 3026 1.

1152 3033 1272 3064 Potatio,
1289 3042 1356 3068 quae
1368 3033 1493 3060 ebrietati
1508 3034 1637 3060 summam
1650 3036 1759 3061 Manum
1771 3035 1887 3069 imponit
1906 3035 1964 3061 Sen.
1979 3036 2025 3069 Ep.
2040 3044 2077 3061 12.
2145 3035 2201 3060 Ma-

1154 3078 1220 3095 num
1238 3070 1367 3095 summam
1387 3069 1468 3096 alicui
1487 3070 1563 3104 operi
1582 3070 1650 3096 Plin.
1665 3073 1706 3103 36,
1719 3078 1741 3104 5.
1846 3070 1977 3104 Quintiis.
1997 3077 2118 3104 prooem.
2140 3077 2164 3100 1,
2181 3078 2200 3103 4

1154 3104 1209 3138 Qui
1228 3111 1311 3132 arteni
1330 3105 1425 3132 orandi
1439 3105 1524 3132 literis
1537 3105 1719 3139 tradiderunt,
1740 3106 1776 3132 ita
1795 3106 1855 3132 sunt
1872 3105 1972 3136 exorsi,
1989 3105 2059 3140 quasi
2073 3104 2200 3140 persenilis

1153 3141 1229 3167 omni
1245 3140 1300 3167 alio
1319 3150 1415 3175 genere
1434 3141 1572 3168 dotflrinae
1592 3143 1718 3169 summam
1736 3141 1764 3167 in
1785 3141 1936 3175 eloquentia
1948 3141 2059 3167 Manum
2078 3141 2200 3174 impone-

1155 3182 1222 3203 rent.
1290 3177 1400 3203 Manum
1417 3178 1566 3212 supremam
1585 3177 1664 3203 bellis
1682 3177 1763 3204 Ouid.
1777 3177 1851 3202 Rem.
1865 3177 1957 3204 Amor.
1972 3184 2024 3210 114.
2095 3177 2199 3202 Metum

1908 3212 1969 3238 Liu.
1983 3221 2015 3243 2,
2037 3219 2050 3245 5
2080 3211 2199 3246 Direptis

1153 3248 1232 3275 bonis
1253 3257 1363 3283 regum,
1382 3249 1501 3275 damnati
1518 3248 1682 3283 proditores,
1701 3249 1868 3282 sumtumque
1887 3248 2066 3282 supplicium:
2093 3248 2199 3282 conspe-

1145 3281 1223 3310 'etius
1237 3293 1286 3317 eo,
1306 3284 1379 3319 quod
1397 3293 1498 3320 poenae
1513 3284 1652 3318 capiendae
1666 3283 1845 3310 Ministerium
1858 3284 1927 3318 patri
1946 3283 1977 3310 de
1992 3281 2084 3310 liberis
2097 3283 2209 3309 Consus

1154 3319 1222 3346 latus
1241 3320 1377 3355 imposuit.
1443 3319 1554 3347 Modum
1569 3320 1707 3353 prosperae
1721 3327 1822 3353 pugnae
1833 3319 1895 3345 Liu.
1908 3328 1944 3352 31,
1958 3325 1994 3351 38.
2063 3317 2104 3344 Id.
2116 3327 2145 3352 4,
2162 3326 2199 3351 24

1154 3355 1299 3383 Maximam
1311 3361 1399 3383 autem
1415 3356 1472 3382 eius
1486 3354 1631 3381 custodiam
1646 3355 1710 3387 esse,
1730 3354 1748 3381 si
1763 3364 1856 3389 magna
1868 3355 1980 3395 imperia
1999 3353 2123 3380 diuturna
2143 3362 2200 3380 non

873 3392 1010 3418 Vernilitcr
1025 3391 1134 3424 ludit90
1153 3392 1246 3418 essent:
1273 3397 1299 3418 et
1317 3392 1433 3426 tempori
1447 3390 1542 3417 Modus
1555 3390 1747 3425 imponeretur,
1764 3391 1860 3425 quibus
1876 3399 1943 3417 iuris
1957 3390 2061 3424 imponi
2075 3398 2128 3416 non
2143 3390 2200 3424 pos-

1153 3427 1200 3453 set.
1256 3428 1368 3454 Modum
1382 3428 1428 3453 suo
1442 3426 1532 3453 dolori
1545 3426 1612 3453 Plin.
1621 3426 1699 3460 Epist.
1709 3434 1735 3458 9,
1749 3435 1782 3458 13.
1853 3426 1914 3452 Liu.
1929 3434 1966 3457 io,
1977 3433 2009 3460 37
2028 3425 2113 3452 Multa
2125 3433 2200 3460 prae-

1152 3464 1209 3489 sens
1226 3462 1401 3498 quingentum
1415 3461 1531 3488 millium
1544 3462 1611 3488 aeris
1625 3462 1653 3488 in
1671 3462 1780 3496 singulas
1800 3461 1920 3488 ciuitates
1939 3460 2070 3496 imposita.
2142 3461 2200 3488 Cic.

1154 3507 1204 3533 pro
1221 3499 1291 3525 Sulla
1311 3507 1339 3532 35
1366 3500 1452 3532 Atque
1467 3497 1517 3524 hoc
1529 3507 1577 3524 vos
1591 3496 1693 3524 Iudices
1713 3497 1810 3530 testor,
1829 3497 1897 3523 mihi
1917 3497 1950 3524 de
1969 3496 2125 3532 memetipso
2144 3502 2199 3524 tam

1153 3534 1237 3561 multa
1250 3534 1354 3561 dicendi
1368 3533 1507 3560 Necessitas
1521 3533 1649 3568 quaedam
1663 3532 1783 3567 imposita
1797 3532 1834 3559 est
1847 3533 1880 3560 ab
1893 3533 1950 3559 illo.
2018 3532 2200 3560 Necessitatem

1876 3569 1961 3596 Nitor
1974 3576 2081 3603 magnus
2095 3567 2200 3603 imposi-

1154 3611 1196 3632 tus
1211 3606 1246 3632 est
1259 3605 1413 3633 hominibus
1427 3611 1452 3631 et
1465 3605 1554 3637 rebus,
1574 3605 1602 3631 de
1615 3606 1717 3631 Graecis
1730 3602 1854 3638 Miifflliae
1868 3604 2037 3631 conditoribus
2051 3604 2142 3631 Iustin.
2155 3612 2199 3637 43,

1154 3651 1189 3675 4,
1209 3650 1235 3669 2.
1307 3642 1414 3668 Nomen
1434 3640 1515 3668 alicui
1533 3641 1613 3667 Ouid.
1627 3641 1691 3667 Met.
1710 3648 1744 3672 9,
1762 3647 1826 3674 707.
1860 3640 1914 3667 vid.
1928 3640 2095 3667 Vocabulum
2114 3640 2198 3672 impo-

1155 3685 1228 3703 nere.
1299 3678 1356 3704 Cic.
1372 3676 1405 3703 de
1418 3677 1492 3703 Orat.
1508 3685 1533 3709 2,
1547 3681 1571 3706 ¹8
1597 3676 1689 3710 Itaque
1704 3676 1775 3709 quod
1788 3674 1844 3701 vim
1858 3674 1937 3702 huius
1955 3676 2019 3703 mali
2031 3675 2125 3702 Graeci
2143 3682 2198 3699 11011

1153 3711 1263 3744 vident,
1283 3722 1317 3739 ne
1330 3713 1440 3739 Nomen
1453 3712 1560 3747 quidem
1574 3711 1600 3737 ei
1613 3711 1683 3737 vitio
1699 3710 1889 3745 imposuerunt.
1957 3712 1995 3738 Id.
2008 3712 2084 3738 Verr.
2098 3718 2124 3741 2,
2149 3727 2157 3734 .
2189 3727 2197 3734 .

1768 3746 1847 3780 Qiasi
1861 3747 1947 3774 Nullo
1962 3746 2083 3781 imposito
2096 3742 2196 3783 Sallust:

1812 3783 1880 3810 Ter.
1895 3782 1977 3810 Andr·
1993 3790 2015 3815 55
2029 3789 2051 3812 35
2065 3781 2097 3805 26
2118 3778 2196 3819 *lel

1785 3817 1791 3823 “
2000 3816 2055 3842 Cic.
2069 3816 2149 3841 Attic.
2167 3822 2195 3846 9,

1990 3852 2063 3878 Onus
2083 3850 2111 3875 in
2130 3849 2196 3875 ami-

2010 3886 2048 3912 Id.
2063 3886 2100 3919 Q
2110 3885 2194 3911 Fratr.

1155 3782 1277 3816 Iugurth.
1296 3791 1389 3815 c.⁴i00,
1400 3792 1422 3816 3.
1449 3786 1467 3809 i.
1480 3782 1545 3808 nullo
1560 3781 1708 3817 praeposito.

1154 3824 1229 3852 pater
1247 3827 1289 3855 me
1301 3818 1385 3845 dedo:
1410 3817 1518 3853 quiduis
1532 3818 1628 3844 Oneris
1643 3818 1765 3853 impone,
1783 3827 1893 3854 impera.

1156 3855 1173 3879 6
1194 3852 1243 3879 Sed
1257 3862 1371 3887 vereor,
1389 3863 1423 3880 ne
1436 3853 1563 3888 Pompeio
1583 3853 1649 3888 quid
1661 3854 1758 3881 Oneris
1776 3853 1920 3889 im'ponani.

1155 3889 1219 3915 citia
1237 3888 1319 3916 nimis
1337 3888 1520 3924 imprudenter
1537 3889 1676 3923 imponere
1695 3889 1752 3916 Cic.
1773 3891 1845 3917 Fam.
1866 3892 1897 3921 6,
1917 3895 1943 3922 7.

1382 3962 1399 3985 6
1420 3960 1450 3986 M
2124 3956 2199 3982 Onus
