2479 4225
292 147 360 195 263
654 139 692 179 0
773 137 937 178 οΜ

297 232 410 260 minatus
424 230 459 256 est
478 230 548 255 enim
566 227 862 261 Alexandriaesimmo
875 234 940 252 vero
955 223 981 249 in
995 220 1172 262 superbissimo
1185 217 1321 244 dominatu

299 269 358 294 fuit.
413 265 496 291 Vicus
509 264 643 291 dominari
658 262 731 298 Virg'.
743 267 802 289 Aen.
818 271 837 295 1,
852 267 904 292 288.
957 259 1028 297 'soti
1041 255 1209 297 dominabere
1221 250 1320 277 mundo

300 301 391 330 Claud.
406 302 434 327 in
448 300 534 335 Rufin.
551 309 570 332 1,
583 308 635 332 143.
705 301 833 326 Gcnitiuus
844 304 890 332 per
903 297 1066 328 Graecismum
1078 292 1186 328 sequiori
1206 296 1263 314 aeuo
1277 284 1321 311 ad—

300 341 396 364 iicitur.
423 346 448 362 v.
462 345 487 372 g.
514 335 562 362 Ille
576 334 757 361 dominabitur
770 335 809 360 tui
832 330 950 359 Tertull.
964 329 995 355 de
1003 328 1071 355 Hab.
1081 326 1142 366 mul.
1156 332 1198 359 pr.
1223 323 1322 348 Nonne

301 371 414 399 Romani
433 371 557 397 fruuntur
576 369 642 397 orbe
655 376 726 401 toto,
743 369 873 402 vestrique
886 366 1055 392 dominantur
1069 364 1165 400 Minue.
1181 358 1232 385 Fel.
1250 365 1285 385 12.
1301 364 1321 388 5.
1331 386 1341 393 .

301 407 382 434 Ouid.
400 408 463 433 Met.
478 416 498 437 1,
512 414 546 440 77
582 405 699 432 Sanctius
712 405 752 431 his
770 403 879 433 animal,
892 401 1039 434 mentisque
1060 405 1172 436 capacius
1187 394 1253 434 altae
1274 392 1324 417 De-

304 449 358 470 erat
379 442 479 474 adhuc,
500 448 525 468 et
544 440 615 475 quod
635 440 768 467 dominari
789 440 815 466 in
833 444 933 464 caetera
950 437 1036 471 pofl‘et.
1084 469 1089 473 ”
1107 434 1161 458 Cic.
1176 430 1206 456 de
1223 427 1323 467 aeneo:

304 486 335 513 37
349 487 369 505 c.
386 486 411 504 u
445 478 471 504 Si
484 478 564 511 vsque
577 476 608 502 ad
620 483 766 502 extremum
785 475 904 509 spiritum
916 472 1067 498 dominatur
1083 478 1109 494 m
1129 469 1193 493 suos.
1244 463 1323 496 Qum

304 515 332 540 in
345 513 473 547 mancipia
486 512 630 539 dominaris
650 513 722 538 Curt.
737 517 759 542 8,
773 518 798 544 7,
815 519 833 536 i.
903 509 959 535 Cic.
975 509 1045 534 Fam.
1059 516 1085 537 4,
1100 512 1123 529 12
1155 501 1232 528 Casus
1246 505 1271 524 et
1282 506 1326 523 na-

1741 128 1779 167 D
1866 130 1902 170 O
1989 130 2032 170 N
2337 135 2415 183 264
2443 124 2446 125 ⁷

1385 226 1505 252 magnam
1519 218 1598 244 nimi:
1612 218 1639 243 in
1652 225 1699 244 nos
1710 216 1804 243 habeat
1824 216 2041 246 dominationem.
2112 220 2245 252 Qiaererc
2257 220 2415 247 dominatio-

1384 263 1444 293 nem
1459 254 1513 280 Cic.
1528 255 1580 280 Att.
1595 259 1617 285 8,
1632 262 1662 279 11.
1735 252 1795 292 Vita
1818 252 1863 292 sub
1884 253 2063 281 dominatione
2077 255 2170 281 misera
2190 256 2225 282 cst
2245 256 2312 283 Asin.
2329 256 2415 282 Pollio

1385 289 1440 314 Cic.
1454 290 1523 315 Fam.
1539 299 1576 321 io,
1590 298 1622 321 31.
1694 289 1849 314 Doiiiiiiatio
1863 288 1971 323 dicitur,
1983 300 2055 326 quum
2071 290 2255 325 iiliuffamilizis
2267 295 2306 318 ins
2314 294 2415 327 patriae

1380 322 1511 357 potcstatis
1530 328 1596 357 exit,
1607 324 1694 359 sitique
1712 323 1816 350 dominu
1835 330 1858 349 et
1876 327 1953 357 iuris,
1968 325 2200 361 patei-‹uffamilias
2218 325 2333 360 effi'citur.
2370 328 2416 353 Fe-

1346 364 1359 391 5
1387 358 1436 384 stus
1447 378 1456 389 ,
1476 360 1583 393 Regalia
1596 365 1652 385 exta
1668 359 1847 394 appellantur,
1869 367 1936 392 quae
1948 362 2046 394 potenti
2068 370 2096 386 us
2111 363 2269 395 insperatum
2284 362 2415 388 honorem

1387 392 1558 432 pollicentur:
1576 395 1687 429 priuatis
1704 402 1729 421 et
1742 394 1932 421 humilioribus
1945 395 2116 423 hereditates:
2141 397 2316 424 filiofamiliae
2331 397 2417 424 domi-

1385 435 1529 455 nationem.
1973 440 1975 443 ·

1424 470 1442 490 D
1452 470 1470 490 O
1480 470 1504 489 Μ
1514 471 1523 490 1
1534 471 1554 490 N
1564 471 1601 490 IV
1612 472 1636 491 Μ
1645 484 1654 497 ,
1670 465 1686 490 1.
1706 474 1732 491 11.
1758 462 1919 498 [δεσποτεία]
1957 465 2000 491 Ius
2011 473 2033 492 et
2042 466 2125 500 status
2140 468 2180 493 ve!
2192 467 2301 493 condicio
2314 468 2417 493 domini.

1388 500 1475 525 Varro
1491 499 1522 525 de
1539 500 1569 525 R.
1587 501 1618 526 R.
1632 509 1653 530 2,
1671 502 1687 526 6
1713 502 1743 526 In
1756 499 1898 527 mercando
1919 500 1982 525 item
1997 504 2042 532 (vt
2053 510 2167 529 caeterae
2182 502 2308 536 pecudes)
2322 503 2417 529 emtio-

304 555 364 576 tura
376 549 405 575 in
417 548 494 574 nobis
509 547 666 573 dominatur.
722 547 793 580 V'irg.
808 546 872 572 Aen.
884 553 909 575 2,
922 552 952 576 32
977 541 1080 569 Incensa
1095 538 1178 565 Danai
1191 535 1326 562 dominan-
1352 535 1481 565 mnibus,
1495 534 1700 568 traditionibus,
1716 535 1867 562 dominium
1885 541 1996 561 mutant.
2031 537 2099 565 Suet.
2113 539 2142 564 in
2154 538 2252 564 Tibcr.
2267 547 2287 564 c.
2303 546 2334 570 59
2365 539 2419 564 Iin-

304 591 349 612 tur
362 584 390 610 in
404 583 477 610 vrbe.
534 583 588 608 Cic.
601 591 649 616 pro
663 583 755 615 Qiint.
769 590 804 614 94
835 581 899 607 Non
918 580 997 613 vsque
1012 586 1043 602 eo
1056 582 1140 602 tamen
1150 593 1157 605 ,
1169 578 1199 612 yt
1218 579 1249 610 in.
1259 576 1327 603 capi-

303 628 331 648 te
356 620 523 652 fortunisque
547 617 687 644 hominum
707 616 940 643 honestiffimoruni
964 613 1131 650 dominentur
1149 608 1192 639 hi,
1206 611 1326 645 quizetc.

304 657 336 683 In
350 655 482 681 affectibus
496 653 629 679 dominari
650 652 778 687 Qiine‘til.
791 661 817 684 2,
830 659 852 684 5.
904 651 959 677 Cic.
974 657 1022 683 pro
1035 648 1139 673 Caecin.
1153 651 1181 678 71
1208 643 1328 674 Denique

304 691 389 717 nimia
407 690 453 716 ista
472 697 538 723 quae
556 688 709 715 dominatur
726 689 754 715 in
774 687 880 713 ciuitate
899 685 1029 719 potentia,
1047 683 1075 708 in
1093 681 1141 707 hoc
1161 678 1217 705 solo
1234 683 1328 711 genere

1389 570 1516 605 patientes
1537 570 1636 595 Romae
1653 570 1776 597 dominii.
1848 571 2006 597 Dominium
2031 580 2120 599 rerum
2137 573 2234 600 collabi
2262 573 2327 599 solet
2359 574 2418 599 Val.

1389 607 1459 632 Max.
1473 616 1502 638 4,
1515 613 1533 638 4
1541 611 1584 640 pr.
1657 606 1813 632 Dominium
1822 626 1830 638 ,
1850 607 2037 642 Iurisconficltis
2049 610 2088 632 ius
2101 607 2133 640 est
2143 609 2171 635 de
2184 618 2210 636 re
2228 609 2351 643 corporali
2360 615 2419 643 per.

1384 641 1456 677 [σε-71
1478 640 1563 680 (quod
1575 640 1650 675 salua
1669 642 1745 676 legum
1760 642 1929 677 prohibitione
1938 643 2013 678 jiat)
2037 642 2063 668 di
2072 644 2187 677 ponendi.
2220 647 2335 670 Aicz'atm
2356 648 2383 670 in
2402 643 2420 669 1.

1390 675 1578 703 traditionibus
1591 676 1621 702 C.
1636 675 1668 700 de
1681 676 1770 709 pae'tis.
1808 677 1940 704 Diuiditur
1958 684 2039 704 autem
2071 678 2200 706 ominium
2213 683 2239 706 in
2252 679 2383 706 direetum
2397 686 2420 704 et

306 726 424 760 quiescit.
445 725 508 750 Vsus
523 723 627 750 dicendi
640 724 667 749 in
679 724 754 750 omni
767 729 852 757 pacata
859 727 883 747 et
896 720 978 747 libera
992 719 1098 745 ciuitate
1110 715 1259 742 dominatur
1274 711 1329 737 Cic.
1349 723 1374 750 ¹5
1390 712 1471 744 vtile,
1484 711 1501 738 l.
1516 712 1525 738 i
1543 709 1565 744 6.
1580 711 1624 736 sin.
1639 709 1655 736 fi
1670 719 1731 744 ager
1739 711 1834 747 νεξὶίς.
1871 714 1932 738 Item
1946 716 1973 739 in
1986 714 2172 747 proprietatem
2183 721 2206 741 et
2217 714 2422 747 vsumfruCtum,

307 763 339 787 de
347 762 418 787 Orat.
434 768 456 791 2,
469 768 503 791 33.
540 759 684 786 Consilium
700 759 848 785 dominatur
862 757 890 782 in
903 764 1014 789 corpore
1027 754 1128 779 Lucret.
1138 760 1158 782 3,
1171 758 1221 790 193.
1239 784 1244 788 .
1256 747 1330 773 Idem

307 798 359 830 Qu.
377 796 445 822 Frai.
459 804 479 827 1,
494 803 518 825 13
549 795 645 829 Neque
667 795 738 821 enim
761 791 891 819 eiusmodi
910 798 993 826 partes
1008 788 1120 822 Reipub.
1135 792 1264 824 geris-,an
1278 790 1329 821 qua

307 833 413 857 fortuna
435 830 600 861 dominetur,
627 830 669 856 scd
688 830 716 857 in
734 838 783 864 qua
801 827 946 862 plurimum
964 825 1033 851 ratio
1050 823 1121 858 pollit
1141 820 1330 861 et'diligentia.

306 867 358 892 Vbi
376 865 462 892 libido
481 865 648 897 dominatur,
662 864 826 891 innocentiae
841 863 898 888 leue
918 861 1073 896 praesidium
1093 858 1128 884 est
1147 858 1202 883 Cic.
1217 864 1244 881 in
1257 855 1330 880 Orat.

1390 748 1408 774 l.
1421 748 1468 782 qui
1482 744 1636 774 vsmiifruet.
1651 746 1682 771 D.
1697 746 1728 771 de
1745 747 1818 778 verb.
1838 747 1921 782 oblig.
1958 749 2005 775 Sed
2017 756 2040 775 ct
2056 751 2120 776 alias
2138 751 2166 774 in
2183 752 2235 776 iure
2253 753 2363 776 inueniri
2376 748 2422 776 do-

1391 783 1470 809 minii
1489 782 1584 817 species
1603 781 1700 808 indicat
1722 783 1818 808 Alciat.
1836 786 1863 808 in
1882 784 1985 820 Paret-g.
2009 793 2078 819 quem
2097 784 2161 810 vide.
2232 785 2390 812 Dominiuni
2408 794 2423 813 a

1391 818 1541 845 Poffeffione
1553 816 1652 851 differt.
1699 817 1856 843 Dominium
1875 821 1916 844 im·
1935 820 1998 845 illud
2006 819 2151 856 fignificat,
2165 828 2210 855 quo
2222 819 2280 847 *rem
2293 821 2424 857 faciamus

1391 853 1515 887 nostram,
1535 854 1649 888 nobisque
1661 855 1807 887 propriam:
1835 853 1967 886 Pofl‘effio,
1979 858 2005 881 in
2025 859 2161 882 detentione
2178 862 2201 881 et
2214 860 2367 890 occupatione
2386 858 2424 883 rei

306 911 326 928 c.
341 904 380 933 65.
431 901 489 927 sen.
502 900 561 927 Oft.
577 909 626 934 432
645 901 737 934 Turpi
751 898 835 926 libido
848 899 948 924 Venere
962 895 1113 922 dominatur
1126 899 1225 928 potens.
1279 890 1330 915 DO—
1341 901 1376 919 20
1386 887 1525 926 spaciatur.
1561 888 1627 915 Illud
1637 891 1664 913 in
1677 891 1744 919 iure,
1757 887 1821 923 quod
1833 888 1945 915 habemus
1958 890 1986 916 de
1996 891 2050 927 ipfii
2062 892 2136 919 libere
2154 890 2424 932 disp›0›ze71di,poJ{tujn

306 936 402 963 minari
416 936 484 962 inter
497 935 600 971 aliquos
614 937 685 963 Caes.
701 937 726 962 Β.
736 936 768 961 G.
781 943 806 967 2,
819 942 853 966 31.
888 931 970 958 Ouid.
985 932 1076 957 Amor.
1089 938 1111 962 3,
1125 932 1149 957 6.
1163 930 1192 968 63
1217 926 1264 952 Τ11
1274 933 1331 950 cen-

305 979 362 999 tum
375 978 419 998 aut
440 972 527 1006 plures
547 972 617 998 inter
632 971 801 997 dominabere
816 967 960 1002 Nymphas.
1015 967 1085 992 Deus
1105 964 1257 990 dominatur
1275 967 1333 986 tota

304 1014 393 1035 mente
414 1008 471 1033 Sen.
486 1007 593 1041 Hippoi.
607 1016 629 1033 2.
648 1009 723 1033 Deum
743 1005 807 1031 dicit
824 1013 935 1030 amorem.
1099 999 1119 1037 ⁴]
1141 1008 1158 1026 2
1192 996 1334 1059 ,411311ιὶ111άο

298 1042 392 1103 {affine
404 1045 511 1077 capitur.
547 1042 603 1068 Cic.
617 1042 669 1069 Off.
685 1051 704 1074 1,
718 1050 759 1074 ¹39
787 1041 811 1066 Ο
825 1039 917 1065 domus
936 1037 1057 1071 antiqua,
1071 1035 1123 1062 heu
1141 1042 1218 1069 quam
1255 1036 1332 1066 ilpari

324 1079 443 1104 ominare
461 1077 581 1103 domino.
595 1087 623 1103 ex
636 1079 693 1103 Vet.
706 1078 792 1103 Poeta.
829 1076 859 1101 Et
880 1072 972 1107 Nigid.
993 1072 1059 1107 apud
1078 1071 1200 1097 Priscian.
1213 1073 1226 1098 8
1246 1078 1269 1102 p.
1283 1075 1332 1101 793
1342 1079 1372 1104 25

304 1113 366 1139 med.
387 1114 473 1141 Omne
487 1121 562 1146 pecus
581 1111 741 1138 indomitum
755 1110 831 1137 habet
851 1109 975 1144 quiddam
988 1108 1016 1133 in
1028 1108 1053 1133 se
1067 1107 1169 1136 fei-unu
1189 1103 1231 1130 sed
1246 1110 1334 1130 tamen

305 1158 335 1176 ea
348 1154 441 1175 natura
453 1147 538 1178 est‚vt
551 1147 637 1174 curari
649 1154 674 1173 et
687 1147 820 1174 dominari
832 1144 913 1180 poffit.
934 1143 1016 1171 Addit
1025 1143 1177 1171 Priscianus,
1188 1138 1333 1172 δεσπᾶζὲθαί

303 1183 437 1210 dominari
454 1183 555 1217 palliue.

341 1217 559 1246 DomiNANS
572 1237 581 1249 ,
600 1215 674 1255 antis.
711 1216 803 1242 Partic.
840 1213 995 1250 [κυριεύων]
1038 1213 1094 1239 Cic.
1114 1212 1146 1239 de
1166 1211 1224 1238 Fin.
1245 1218 1276 1241 2,
1296 1215 1335 1242 117

1394 924 1442 958 est:
1461 926 1520 951 baec
1533 927 1561 950 in
1574 924 1619 960 vsu
1630 926 1683 954 rei,
1696 930 1719 949 et
1732 923 1869 949 detentione
1882 928 1962 960 magis
1976 927 2089 962 veisatur
2099 937 2106 951 :
2127 926 2181 962 ipsa
2192 925 2288 961 quidem
2302 925 2425 953 dominio

1388 963 1463 996 prior
1479 967 1503 987 et
1516 962 1657 994 antiizcior,
1665 958 1690 993 fi
1701 968 1783 985 rerum
1797 962 1916 995 originem
1928 960 2067 996 adspicias,
2079 962 2127 999 fid
2140 965 2203 988 iuris
2222 961 2323 993 ordine,
2341 960 2425 988 austo-

1392 999 1514 1031 ritateque
1526 996 1571 1031 po]
1585 998 1658 1021 crior.
1695 996 1731 1020 Ex
1752 995 1881 1026 Connano,
1892 1003 1915 1026 3,
1932 1005 1955 1026 3,
2109 995 2129 1032 q
2156 1006 2168 1023 2
2204 997 2362 1024 Dominium
2375 1003 2426 1032 pro

1394 1033 1508 1064 Domino,
1524 1038 1553 1057 υι
1567 1030 1712 1057 Seruitiuni
1721 1036 1770 1064 pro
1783 1030 1866 1055 Seruo
1875 1050 1882 1061 ‚
1896 1031 2098 1059 Matrimonium
2109 1040 2159 1068 pro
2172 1032 2284 1066 coniuge
2303 1039 2348 1058 etc.
2369 1033 2428 1059 Sen.

1395 1066 1427 1093 de
1440 1067 1501 1093 Vita
1513 1067 1589 1093 beata
1603 1075 1624 1091 c.
1639 1073 1651 1098 5
1687 1066 1767 1092 Vides
1779 1072 1884 1097 autem,
1899 1075 1978 1100 quam
1991 1068 2085 1104 niglam
2105 1075 2130 1094 et
2145 1068 2252 1094 noxiam
2269 1067 2425 1094 seruitutem

1394 1102 1538 1129 seruiturus
1552 1102 1597 1134 fit,
1618 1110 1698 1136 quem
1711 1101 1858 1136 voluptates
1876 1100 2049 1137 doloresque,
2061 1103 2227 1130 incertissima
2239 1103 2359 1130 dominia
2377 1104 2428 1130 im-

1395 1137 1620 1173 potentiffimaque
1632 1137 1740 1163 alternis
1758 1136 1928 1171 possidebunt.
2124 1137 2144 1174 ἢ
2164 1148 2175 1171 3
2214 1139 2354 1170 Dominia,
2367 1139 2428 1165 Con-

1393 1176 1467 1201 uiuia
1486 1173 1608 1200 hilariora
1619 1172 1659 1206 stc
1672 1172 1742 1199 clieta
1761 1183 1775 1198 a
1789 1172 1908 1198 Domino
1927 1175 2045 1205 conuiuii,
2061 1179 2090 1199 vt
2103 1174 2264 1208 Magisteria,
2288 1181 2317 1201 vt
2331 1175 2429 1210 Regna.
2471 1198 2473 1203 .

1396 1209 1463 1236 Gell.
1476 1217 1502 1241 2,
1515 1217 1551 1242 24
1564 1243 1570 1249 .
1590 1209 1655 1243 Legi
1676 1224 1720 1228 -—
1739 1209 1846 1234 Senatus
1867 1207 1999 1234 decretum
2019 1214 2095 1234 vetus
2113 1224 2158 1229 —-
2182 1218 2211 1236 in
2230 1219 2283 1245 quo
2303 1210 2429 1238 iubemur

304 1255 432 1281 Maximas
446 1262 511 1279 vero
529 1253 640 1278 virtutes
658 1259 743 1277 iacere
755 1259 845 1277 omnes
862 1250 957 1276 necesse
971 1248 1006 1275 est
1021 1249 1155 1282 voluptate
1172 1246 1373 1280 dominante-30
1394 1245 1526 1280 principes
1548 1244 1678 1275 ciuitatis,
1698 1244 1745 1278 qui
1762 1243 1831 1270 ludis
1851 1243 2041 1283 Megalensibus
2061 1245 2171 1279 antiquo
2189 1246 2244 1272 ritu
2264 1246 2430 1278 mutuarent,

303 1290 359 1316 Cic.
377 1298 426 1323 pro
440 1288 542 1314 Cluent.
557 1290 591 1321 67
610 1287 645 1312 Vt
661 1286 742 1312 etiam
759 1286 855 1313 bestiae
873 1287 943 1312 fame
965 1284 1117 1311 dominante
1132 1283 1287 1318 plerumque
1301 1279 1334 1306 ad

304 1333 366 1350 eum
387 1325 490 1355 locum,
515 1322 562 1348 vbi
581 1321 666 1356 pastae
684 1321 826 1356 aliquando
847 1321 911 1353 lint,
934 1325 1109 1347 reuertamur.
1134 1319 1177 1345 Al.
1199 1322 1334 1343 monente.

303 1359 375 1398 Qud
383 1358 409 1392 Ji
424 1358 563 1384 domante?
633 1356 760 1384 Libidine
779 1357 932 1383 dominante
943 1365 998 1382 non
1010 1355 1046 1381 est
1060 1353 1246 1389 temperantiae
1262 1352 1334 1377 locus

302 1396 359 1421 Cic.
374 1394 405 1419 de
419 1392 519 1419 Seneet.
533 1401 577 1425 40.
648 1392 734 1419 Nullo
747 1392 900 1418 dominante
914 1397 993 1418 ruunt
1005 1391 1084 1425 equi,
1101 1394 1119 1417 i.
1142 1389 1216 1416 Nullo
1236 1393 1334 1424 regente

301 1438 341 1456 eos
356 1429 411 1455 Sen.
425 1428 536 1462 Hippol.
554 1432 624 1459 ¹089.
694 1427 751 1453 Cic.
772 1428 855 1453 Tusc.
876 1436 897 1459 1,
910 1435 947 1461 74
965 1436 986 1453 c.
1000 1434 1031 1458 30
1063 1427 1140 1452 Vetat
1158 1425 1230 1451 enim
1249 1422 1371 1461 domi-33

301 1473 364 1490 nans
378 1464 423 1489 ille
441 1463 468 1488 in
487 1462 564 1488 nobis
582 1461 645 1487 deus
664 1461 759 1488 iniuffii
779 1461 841 1488 hinc
853 1470 901 1487 nos
919 1463 967 1488 suo
985 1461 1143 1496 demigrare.
1214 1458 1335 1486 Nomina

301 1499 464 1526 dominantia
478 1499 545 1524 Hor.
559 1497 587 1522 in
601 1497 663 1522 Arte
678 1497 749 1521 Po'e't.
765 1505 815 1529 234
834 1497 918 1531 κύρια,
930 1496 1048 1530 propria.

337 1542 357 1561 D
368 1540 387 1560 o
397 1541 440 1560 Mi
450 1541 470 1560 N
480 1541 502 1560 A
512 1541 533 1559 N
542 1539 563 1559 T
573 1539 582 1558 1
592 1538 613 1558 O
623 1538 653 1562 R,
668 1540 705 1557 us.
724 1532 848 1565 Compar.
868 1530 994 1565 [κυριεύων
1006 1530 1126 1563 μᾶλλον]
1146 1530 1279 1560 Lucret.3,
1286 1535 1336 1562 397

301 1570 333 1597 Et
349 1570 432 1603 magis
449 1569 484 1595 est
505 1568 607 1594 animus
624 1567 692 1593 vita'i‘
711 1566 820 1594 claustra
834 1568 973 1599 coercens,
1009 1565 1040 1592 Et
1055 1564 1236 1591 dominantior
1249 1563 1282 1589 ad
1297 1564 1336 1589 vi-

1395 1281 1424 1307 id
1436 1281 1488 1313 est,
1500 1285 1593 1307 mutua
1605 1280 1674 1306 inter
1688 1280 1740 1306 sese
1753 1279 1872 1305 dominia
1883 1285 2027 1314 agitarent,
2045 1279 2135 1307 iurare
2147 1280 2216 1315 apud
2230 1281 2356 1307 Consules
2371 1290 2430 1308 ver-

1395 1316 1437 1343 bis
1450 1316 1599 1350 conceptis,
1625 1324 1680 1341 non
1700 1315 1812 1349 amplius
1833 1315 1862 1340 in
1880 1314 1989 1349 lingulas
2007 1324 2099 1341 coenas
2118 1317 2215 1343 sumtus
2235 1317 2283 1343 ess'e
2302 1316 2430 1349 faEturos,

1396 1361 1475 1387 quam
1489 1357 1611 1377 centenos
1625 1358 1670 1376 etr.
1706 1352 1774 1377 Male
1792 1350 1891 1386 quidam
1910 1357 2065 1377 mutauerant
2080 1356 2107 1376 in
2126 1352 2260 1379 conuiuia.
2297 1353 2344 1379 Sed
2361 1350 2433 1385 resti-

1390 1387 1482 1422 tuendi
1494 1386 1595 1423 signum
1613 1384 1716 1422 fifiialit
1738 1388 1806 1422 Lips.
1820 1387 1872 1412 Sat.
1888 1396 1909 1418 1,
1922 1396 1958 1419 19.
2012 1386 2118 1412 Nonius
2138 1396 2165 1420 4,
2179 1396 2219 1420 ¹23
2243 1396 2276 1413 ex
2300 1388 2386 1414 Lucil.
2405 1395 2430 1420 13

1397 1424 1515 1450 Primum
1534 1422 1654 1448 dominia
1671 1427 1749 1455 atque
1768 1420 1889 1448 sodalitia
1907 1421 1998 1447 onmia
2015 1422 2149 1449 tollantur.
2196 1424 2271 1458 Qem
2290 1423 2327 1449 ibi
2345 1423 2432 1450 laudat

1397 1458 1535 1486 Ciceronis
1552 1459 1629 1484 Iocum
1649 1458 1678 1482 in
1698 1457 1886 1488 frumentaria,
1900 1457 1946 1492 scd
1964 1465 2092 1492 corrupte,
2112 1461 2136 1483 is
2155 1456 2187 1491 est
2201 1459 2276 1484 Verr.
2290 1467 2303 1490 3
2321 1467 2342 1484 e.
2355 1468 2373 1492 4
2393 1461 2432 1484 ita

1395 1493 1511 1530 legendus
1525 1502 1580 1519 curn
1596 1493 1702 1518 Grutero
1720 1498 1744 1517 et
1759 1494 1836 1518 Gron.
1871 1493 1958 1518 Huius
1979 1499 2086 1526 argento
2105 1492 2225 1519 dominia
2237 1494 2337 1526 vestra,
2352 1493 2432 1520 huius

1396 1530 1474 1564 {ignis
1493 1534 1519 1554 et
1538 1527 1637 1554 tabulis
1656 1527 1747 1553 forum
1766 1527 1959 1562 comitiumque
1974 1529 2083 1555 ornari?
2111 1527 2250 1562 Fqsiinabat
2265 1530 2385 1555 Graeuius
2398 1527 2434 1556 ad

1396 1566 1421 1592 h.
1435 1566 1453 1590 l.
1466 1573 1520 1589 cum
1528 1563 1669 1597 scriberet,
1687 1571 1806 1597 nusquam
1819 1562 1985 1596 dominiafic
1999 1562 2041 1596 ςίῘὲ
2054 1562 2133 1590 diHa.

302 1610 371 1637 tam,
392 1613 469 1638 quam
483 1604 523 1629 vis
536 1601 644 1628 anima'i'.
1342 1612 1380 1636 40
1433 1605 1451 1626 D
1461 1605 1480 1625 o
1490 1605 1515 1624 M
1524 1605 1546 1623 N
1555 1603 1576 1621 v
1587 1603 1599 1623 s
1621 1604 1644 1623 et
1665 1604 1683 1623 D
1692 1603 1710 1623 o
1719 1604 1774 1623 MN
1783 1603 1802 1623 Α
1814 1617 1821 1628 ,
1836 1604 1884 1632 per
1891 1597 1964 1633 [γης.
1978 1601 2006 1624 in
2019 1598 2210 1626 Commodiani
2222 1597 2344 1625 Instrueh
2356 1606 2398 1633 59,
2410 1607 2430 1626 1.

336 1646 357 1666 1)
367 1646 385 1666 o
395 1647 419 1665 M
429 1646 438 1664 1
448 1646 469 1665 N
478 1640 500 1664 Ᾱ
509 1645 530 1663 T
538 1645 557 1663 v
568 1644 580 1664 s
589 1657 598 1669 ,
617 1645 631 1662 a
639 1655 648 1668 ,
670 1645 725 1662 um.
760 1636 853 1662 Partic.
889 1637 1021 1670 Imperium
1040 1634 1139 1661 habens.
1175 1634 1251 1668 Virg.
1269 1633 1335 1660 Aen.

303 1683 331 1708 2,
344 1676 388 1707 363
407 1674 476 1700 Vrbs
485 1673 594 1707 antiqua
606 1672 660 1697 ruit
673 1671 770 1697 multos
784 1671 917 1697 dominata
931 1679 976 1705 per
989 1679 1080 1697 annos.

340 1716 418 1737 DOM
428 1717 437 1735 1
448 1716 467 1734 Ν
479 1710 501 1735 Ᾰ
512 1716 532 1735 T
541 1715 562 1734 V
571 1715 600 1740 S,
615 1706 653 1732 sis.
673 1716 709 1733 m.
729 1707 868 1742 [nosfoen‘oc]
892 1708 1062 1741 Principdtus.
1080 1705 1137 1731 Cic.
1150 1704 1182 1730 de
1195 1704 1252 1730 Fin.
1264 1712 1292 1735 4,
1307 1708 1334 1734 38

304 1754 326 1770 c.
340 1753 370 1777 ¹4
408 1745 476 1771 Cum
496 1744 602 1771 assumta
619 1742 688 1768 ratio
703 1741 754 1773 est,
773 1748 847 1768 tanto
866 1742 894 1767 in
907 1741 1042 1767 dominatu
1056 1741 1172 1770 locatur,
1194 1745 1223 1764 vt
1242 1739 1335 1764 omnia

1395 1635 1428 1661 Et
1438 1637 1465 1660 in
1473 1635 1604 1669 propr-iix,
1620 1638 1650 1658 vt
1662 1632 1731 1659 Iulia
1745 1633 1859 1658 Domna.

1431 1676 1451 1695 D
1460 1675 1479 1695 o
1488 1676 1513 1695 M
1522 1675 1545 1694 N
1554 1666 1576 1694 xi
1585 1675 1602 1694 L
1610 1675 1631 1693 v
1642 1675 1654 1694 s
1678 1674 1702 1694 et
1722 1675 1741 1695 1)
1752 1673 1772 1694 ο
1782 1675 1808 1694 Μ
1817 1675 1838 1694 N
1848 1675 1869 1694 v
1878 1673 1895 1693 Ι.
1904 1674 1935 1694 A.
1956 1667 2058 1694 Dimin.
2082 1669 2140 1695 Vid.
2152 1669 2241 1696 Sidon.
2255 1664 2332 1702 Epist.
2345 1675 2381 1700 13,
2391 1672 2428 1699 38.

1394 1710 1419 1730 et
1438 1704 1552 1729 Saluian.
1573 1703 1651 1737 Epist.
1666 1713 1693 1736 4.
2382 1716 2384 1718 v

1432 1745 1545 1764 DOMN
1556 1745 1600 1763 ΑΕ
1611 1745 1647 1763 Di
1658 1745 1700 1763 vs
1714 1757 1724 1769 ,
1749 1737 1768 1764 i.
1796 1746 1832 1763 m.
1862 1738 1912 1763 Pro
1930 1737 2137 1771 Dominaedius,
2160 1741 2180 1764 i.
2207 1740 2329 1765 Dominus
2343 1733 2433 1763 raedis.

299 1780 349 1806 «illa
363 1780 447 1812 prima
460 1785 566 1804 naturae
579 1777 658 1803 huius
677 1776 774 1804 tutelae
791 1776 973 1803 subiiciantur.
1021 1776 1095 1803 Idem
1111 1775 1143 1801 de
1157 1775 1232 1800 Orat.
1247 1781 1272 1805 2,
1287 1779 1334 1804 225
1341 1782 1374 1807 45
1397 1772 1477 1798 Gloss.
1491 1773 1548 1798 Lat.
1565 1772 1611 1797 Gr.
1638 1771 1834 1803 Domnaedius,
1846 1773 2069 1803 Coenacularius‚
2086 1774 2232 1805 ςαθμέχας.
2270 1772 2344 1798 Ha'nc
2354 1779 2435 1797 vocem

302 1823 324 1840 c.
339 1821 365 1845 55
403 1814 431 1838 L.
445 1814 538 1838 Brutus
553 1812 681 1845 Populum
696 1812 772 1838 Rom.
788 1812 925 1838 dominatu
938 1812 1014 1846 regio
1033 1810 1168 1837 liberauit.
1223 1809 1254 1835 Et
1268 1807 1335 1833 Phil.

303 1856 336 1880 11,
348 1850 379 1880 36
406 1847 487 1874 Caslio
506 1854 572 1872 vero
591 1847 717 1872 sententia
737 1855 795 1873 inea
815 1847 981 1874 dominatum
999 1852 1025 1872 et
1044 1846 1220 1881 principatum
1238 1842 1333 1869 dicari.

300 1884 423 1910 Caeterum
438 1881 593 1908 Dominatus
608 1886 631 1905 et
644 1881 806 1913 Principatus
823 1882 850 1906 di
874 1889 955 1908 crunt.
991 1882 1058 1908 Illud
1071 1880 1103 1913 est
1119 1881 1252 1913 Imperium
1268 1879 1337 1903 velut

301 1918 437 1954 instruor,
452 1918 497 1944 hoc
509 1926 562 1942 cum
576 1915 689 1941 libertate
701 1914 866 1940 coniune‘lum.
903 1916 969 1941 Plin.
984 1917 1076 1949 Paneg.
1091 1922 1124 1947 45
1152 1913 1206 1938 Scis
1224 1918 1254 1938 vt
1273 1912 1336 1938 ficut

1397 1807 1502 1834 auctori
1517 1806 1675 1832 Rhetoricae
1689 1806 1720 1831 ad
1735 1807 1832 1831 Heren.
1845 1814 1873 1837 4,
1885 1808 1921 1839 64
1941 1815 1962 1831 c.
1983 1815 2009 1838 51
2029 1809 2084 1832 vult
2103 1806 2202 1838 restitui
2215 1807 2315 1842 Salmas.
2335 1805 2364 1832 de
2381 1808 2435 1831 iure

1395 1845 1484 1870 Αιιίεο
1496 1849 1524 1877 p.
1543 1851 1581 1875 73.
1616 1841 1750 1868 Paullinus
1770 1841 1891 1867 Nolanus
1909 1840 1987 1875 Epist.
2003 1850 2012 1867 1
2028 1847 2073 1868 etc.
2101 1842 2126 1868 S.
2141 1841 2256 1868 Felicem
2269 1842 2344 1877 fizepe
2361 1846 2435 1866 vocae

1397 1878 1603 1904 Domnaedium.

1434 1907 1705 1942 DOMVNCV'LA,
1723 1918 1761 1936 ae.
1781 1910 1802 1935 f.
1839 1911 1922 1936 Parim
1941 1910 2033 1936 domus.
2069 1911 2216 1942 symmach.
2236 1919 2258 1944 5,
2276 1912 2320 1936 66.
2357 1907 2436 1944 Apul.

301 1953 419 1980 diuersae
431 1959 537 1979 naturae
552 1950 698 1976 dominatio
713 1954 737 1975 et
750 1949 911 1983 principatus
924 1950 963 1976 ita
980 1958 1035 1974 non
1047 1949 1107 1974 aliis
1124 1948 1173 1972 esse
1185 1946 1334 1979 Principem
1344 1952 1376 1976 50
1398 1946 1483 1971 Miles.
1497 1953 1517 1977 4
1534 1954 1560 1979 p.
1575 1947 1630 1977 146.
1664 1946 1772 1970 Vitruu.
1787 1948 1810 1973 8,
1825 1952 1863 1970 10.
1898 1945 1957 1978 le.
1975 1945 2036 1978 Dig.
2050 1945 2067 1971 l.
2081 1953 2118 1979 47
2138 1951 2156 1971 t.
2172 1955 2199 1972 12
2216 1946 2233 1971 1.
2247 1955 2259 1977 3
2274 1944 2298 1982 §.
2314 1953 2347 1971 11.

301 1990 445 2024 gratiorem
459 1996 536 2022 quam
555 1986 602 2020 qui
618 1985 732 2011 maxime
746 1985 893 2010 Dominum
911 1988 1061 2018 grauentur.
1098 1983 1155 2008 Huc
1168 1983 1279 2016 pertinet
1298 1979 1336 2005 di-

302 2023 369 2051 Hum
387 2023 514 2054 Tiberii3
541 2021 686 2048 Dominum
705 2021 729 2045 se
749 2020 907 2051 Sei-uorum,
927 2020 1119 2053 Imperatorem
1137 2016 1254 2042 militum
1276 2015 1336 2048 effe,

302 2066 465 2086 ‹aeterorum
478 2058 634 2091 Principem.
670 2057 727 2086 Ita,
739 2055 893 2081 Dominatus
906 2060 931 2081 et
945 2053 1046 2080 Seruile
1066 2053 1211 2086 imperium
1225 2052 1336 2083 synony-

302 2104 346 2122 ma
358 2095 416 2122 sunt
429 2095 532 2120 Donato
544 2092 578 2118 ad
592 2092 660 2118 Ter.
674 2089 754 2118 Andr.
768 2099 787 2123 1,
803 2099 822 2122 1,
835 2098 860 2122 9.
930 2089 986 2116 Cic.
1001 2089 1033 2114 de
1046 2089 1083 2115 N.
1099 2090 1130 2114 1).
1146 2096 1169 2119 2,
1183 2096 1216 2119 29
1242 2088 1334 2120 Itaque

303 2131 401 2157 necesse
414 2129 449 2156 est
467 2128 531 2156 illud
541 2148 548 2160 ,
560 2128 588 2154 in
603 2136 656 2161 quo
670 2125 699 2152 sit
719 2126 800 2152 totius
814 2131 921 2151 naturae
941 2125 1119 2159 principatus,
1144 2123 1192 2149 esse
1212 2122 1334 2148 omnium
1342 2130 1371 2155 55

300 2167 449 2200 optimum,
472 2165 643 2197 omniumque
668 2170 756 2188 rerum
775 2161 900 2195 potestate
925 2160 1118 2193 dominatuque
1147 2157 1334 2191 digniffimum.

303 2202 359 2229 Cic.
373 2201 402 2227 in
415 2199 502 2227 Parad.
519 2208 531 2232 5
550 2198 623 2232 Qud
639 2206 697 2224 cum
710 2196 861 2231 cupiditatis
875 2195 1026 2222 dominatus
1037 2193 1153 2225 excessit,
1176 2199 1202 2219 et
1218 2193 1284 2219 alius
1299 2192 1335 2219 est

305 2237 429 2264 dominus
448 2242 553 2261 exortus
573 2243 604 2260 cx
624 2233 779 2259 conscientia
794 2238 961 2266 peccatorum
980 2231 1081 2257 timor3
1133 2230 1248 2263 Copiae,
1263 2237 1337 2263 opes,

304 2272 439 2303 maiestas,
450 2271 598 2297 dominatus
612 2270 667 2295 Cic.
681 2269 765 2294 Tusc.
777 2276 800 2300 5,
835 2287 841 2294 .
878 2286 885 2293 .
955 2267 1089 2300 impotens
1101 2265 1269 2296 dominatus,
1281 2264 1335 2290 vid.

1433 1986 1451 2008 D
1462 1986 1480 2006 ο
1489 1986 1514 2005 Μ
1524 1986 1545 2005 ν
1555 1985 1568 2005 s
1577 1986 1593 2007 c
1604 1987 1624 2005 v
1633 1986 1650 2005 1.
1659 1986 1691 2010 A,
1704 1988 1742 2004 ae.
1756 1978 1775 2004 f.
1797 1978 1873 2004 Idem.
1897 1979 1975 2012 Apul.
1984 1980 2071 2005 Miles.
2083 1989 2102 2013 4
2116 1989 2141 2014 p.
2157 1988 2202 2014 ¹54
2222 1982 2328 2007 Mecum
2342 1979 2438 2014 primis

1396 2014 1430 2042 ab
1445 2016 1520 2042 annis
1533 2015 1648 2041 nutritus
1668 2020 1694 2040 et
1703 2013 1807 2039 adultus
1821 2012 1962 2040 indiuiduo
1977 2014 2154 2042 contubernio
2166 2015 2342 2048 domusculae,
2351 2016 2437 2042 immo

1396 2060 1463 2077 vero
1489 2050 1608 2077 cubiculi
1634 2050 1742 2084 torique
1766 2049 1869 2076 sanetae
1890 2050 2008 2076 caritatis
2032 2050 2174 2077 affectione
2193 2058 2288 2078 mutuo
2306 2051 2377 2078 mihi
2396 2051 2436 2085 pi-

1395 2092 1530 2121 gnoratus.

1779 2122 1810 2154 D
1908 2122 1937 2153 O
2031 2123 2064 2155 N

1435 2198 1590 2220 nonfuit
1601 2198 1676 2224 LIS,
1711 2197 1917 2222 nonnula,
1953 2197 2174 2220 nonarivvri.
2220 2192 2280 2221 Vid.
2306 2189 2435 2222 bonvm.

1434 2234 1453 2254 D
1464 2236 1482 2255 Ο
1493 2235 1514 2254 Ν
1523 2235 1544 2255 Α
1553 2235 1583 2260 Χ,
1596 2228 1657 2255 acis.
1678 2236 1713 2253 m.
1732 2225 1839 2260 [δόναξ]
1859 2227 1980 2253 Calamus
1994 2228 2111 2255 crassiore
2127 2229 2216 2263 ligno,
2231 2236 2257 2257 et
2270 2231 2345 2257 tenui
2364 2230 2436 2256 fora-

1399 2264 1482 2296 mine,
1491 2273 1569 2298 quem
1584 2269 1671 2289 totum
1687 2263 1797 2297 fungosa
1810 2263 1894 2297 replet
1908 2263 2307 2298 medulla,fructicofiffinms‚et
2318 2274 2372 2292 non
2386 2265 2435 2293 nisi

304 2313 481 2335 IMI’OTENS.
550 2306 581 2332 In
595 2303 771 2338 superbiffimo
783 2302 922 2329 dominatu
935 2303 983 2328 esse
997 2301 1052 2328 Cic.
1062 2309 1110 2335 pro
1118 2299 1207 2326 Rabir.
1216 2300 1282 2326 Post.
1294 2294 1334 2331 ’39-
1343 2303 1378 2329 60
1397 2300 1427 2327 in
1438 2299 1567 2334 aquaticis
1580 2305 1670 2331 natus,
1683 2299 1823 2333 sagittariis
1836 2298 1993 2332 aptissimus,
2012 2300 2156 2334 longiffima
2178 2301 2256 2328 habet
2269 2300 2438 2332 internorum

305 2343 465 2374 Dominatu,
479 2344 507 2367 in
523 2341 621 2367 Datiuo
636 2340 686 2366 dici
699 2339 799 2365 Gellius
813 2348 841 2364 ex
855 2338 964 2364 Caesare
982 2335 1070 2363 αιιέῖον
1086 2335 1134 2368 est:
1159 2337 1200 2363 Sic
1215 2339 1276 2361 enim
1289 2338 1338 2368 ait,

304 2379 334 2405 C.
351 2378 430 2404 etiam
444 2376 546 2409 Caesar,
561 2376 646 2410 grauis
660 2374 751 2401 auc‘ior
770 2375 876 2408 linguae
889 2372 998 2399 Latinae
1011 2372 1040 2398 in
1053 2372 1222 2398 Anticatone:
1241 2371 1337 2403 Vnius,

304 2414 410 2448 inquit,
435 2413 616 2446 arrogantiae,
638 2410 842 2444 superbiaeque,
868 2407 1068 2442 dominatuque.
1105 2407 1173 2432 Haec
1193 2407 1233 2432 ille
1252 2415 1280 2438 4,
1299 2409 1336 2431 16.

304 2450 361 2475 Cic.
374 2450 403 2474 in
416 2447 503 2474 Parad.
519 2456 532 2480 5
564 2447 644 2473 Iudex
665 2454 730 2472 vero
744 2450 870 2480 quantum
883 2443 961 2470 habet
983 2441 1164 2469 dominatum!
1243 2440 1338 2466 Locari

304 2484 333 2511 in
352 2484 531 2515 dominatum,
547 2482 600 2508 vid.
622 2487 734 2508 Locvs.
805 2481 861 2507 Cic.
876 2480 960 2506 Tute.
980 2486 1003 2511 5,
1018 2486 1049 2512 57
1069 2487 1090 2503 c.
1109 2486 1144 2503 20
1180 2475 1337 2509 Duodequa-
1359 2475 1390 2506 63
1403 2476 1518 2510 speciare
1531 2477 1613 2502 donec
1626 2476 1658 2502 ad
1672 2476 1760 2502 locum
1773 2477 1873 2503 venias.
1925 2477 2007 2503 Plaut.
2016 2478 2112 2512 Amph.
2121 2487 2144 2511 2,
2160 2487 2181 2510 1,
2195 2486 2225 2511 50
2250 2479 2346 2513 Neque
2358 2479 2395 2505 ita
2407 2476 2437 2506 di.
2464 2486 2473 2519 Q

305 2520 425 2553 draginta
444 2527 523 2544 annos
542 2524 664 2550 tyrannus
682 2517 901 2549 Syracusanorum
922 2514 976 2541 fuit
990 2513 1145 2545 Dionysius,
1170 2520 1253 2546 quum
1269 2513 1291 2537 V
1313 2518 1338 2537 et

302 2555 353 2582 XX
374 2559 447 2579 natus
468 2562 548 2578 annos
567 2553 732 2578 dominatum
758 2551 940 2586 occupauiss'et.
1011 2551 1134 2582 Qioruin
1157 2546 1339 2573 dominatibus

307 2588 433 2616 humidus
452 2587 498 2613 iste
518 2588 548 2613 Et
568 2588 649 2620 pigris
670 2587 761 2613 densus
780 2587 882 2613 nebulis
903 2585 1069 2619 obtemperat
1087 2586 1132 2610 aEr
1149 2582 1272 2609 Prudent.
1287 2583 1340 2608 Ha-

309 2629 385 2650 mart.
401 2630 440 2656 515
461 2622 489 2647 de
508 2621 644 2655 spiritibus
658 2621 798 2646 tenebrosis
813 2631 840 2647 ex
857 2619 932 2656 Epist.
948 2621 980 2646 ad
993 2620 1078 2656 Ephefi
1090 2624 1116 2652 6,
1130 2629 1164 2645 12.
1237 2618 1340 2644 Terre-

1397 2341 1424 2362 et
1436 2335 1500 2361 dum
1513 2334 1653 2361 calefactus
1671 2334 1720 2366 est,
1733 2335 1811 2361 facile
1831 2333 1956 2360 1106111111·-
1992 2336 2028 2361 Ex
2042 2336 2130 2362 Plinio
2142 2339 2167 2368 6,
2179 2339 2219 2369 36.
2256 2335 2298 2371 Est
2310 2340 2369 2364 item
2381 2337 2436 2364 Do-

1398 2379 1448 2398 nax
1457 2391 1465 2404 ,
1486 2371 1566 2406 Pifi-is
1578 2379 1670 2406 genus,
1686 2373 1757 2397 cuius
1768 2373 1880 2396 meminit
1892 2370 1958 2396 Plin.
1971 2378 1999 2402 32
2015 2379 2036 2397 e.
2049 2373 2097 2398 vlt.
2434 2383 2439 2393 ι

1434 2414 1453 2433 D
1465 2413 1514 2433 ΟΝ
1524 2413 1540 2433 Ε
1550 2412 1576 2433 C.
1614 2405 1682 2432 Adit.
1718 2405 1792 2438 [isaia
1815 2405 1916 2435 εἰσόκεν,
1934 2405 2009 2432 εἶα-ότι
2021 2407 2035 2441 ]
2071 2410 2089 2433 i.
2109 2406 2214 2442 Qvod,
2239 2408 2280 2434 vel
2298 2407 2436 2443 Quousque.

1398 2442 1454 2467 Cic.
1470 2442 1541 2469 Fam.
1554 2450 1578 2475 5,
1595 2450 1619 2467 12
1646 2441 1685 2467 Ad
1699 2441 1913 2475 properationem
1926 2449 2010 2468 meam
2023 2441 2149 2477 quiddam
2166 2443 2274 2470 interest
2284 2450 2340 2469 non
2352 2448 2377 2469 te
2392 2450 2437 2469 ex-

1399 2520 1449 2551 me·
1456 2517 1558 2551 ament,
1576 2511 1718 2550 *credebam
1734 2512 1823 2545 primo
1834 2511 1959 2537 mihimet
1972 2512 2072 2544 Sosiae,
2093 2512 2177 2538 donec
2189 2513 2259 2539 Sosia
2272 2514 2319 2539 ille
2332 2518 2438 2548 egomet

1399 2548 1463 2573 fecit
1476 2546 1524 2573 sibi
1543 2552 1583 2573 vti
1601 2545 1744 2572 crederem.
1814 2546 1902 2580 Vsque
1923 2546 2007 2572 donec
2026 2547 2107 2573 Plaut.
2122 2547 2181 2573 Mil.
2193 2555 2219 2579 2,
2232 2555 2258 2579 2,
2272 2556 2325 2581 1¹4·
2366 2547 2436 2574 Ter.

1400 2582 1476 2609 Adel.
1495 2591 1523 2615 4,
1536 2584 1563 2614 6,
1577 2584 1594 2608 6
1629 2582 1737 2608 Certum
1756 2581 1876 2608 obsidere
1894 2581 1931 2607 est
1951 2582 2032 2615 vsque
2051 2582 2136 2608 donec
2151 2582 2271 2609 redierit.
2347 2582 2438 2617 Vsque

1401 2617 1467 2645 adeo
1486 2616 1570 2643 donec
1588 2617 1671 2643 Plaut.
1686 2617 1774 2643 Cistel.
1789 2625 1815 2648 2,
1827 2625 1850 2648 3,
1863 2625 1908 2649 40.
1965 2617 2034 2644 Ter.
2053 2617 2136 2643 Andr.
2156 2627 2185 2649 4,
2205 2625 2224 2647 ι,
2242 2625 2269 2649 37
2291 2616 2438 2651 Nunquam
2461 2641 2466 2646 ,

308 2667 406 2686 norum
421 2655 623 2683 commodorum
636 2657 722 2680 omnis
738 2655 773 2680 est
794 2656 821 2680 in
840 2656 949 2681 homine
966 2656 1118 2681 dominatus
1142 2654 1196 2680 Cic.
1210 2653 1242 2680 de
1257 2653 1292 2680 N.
1307 2654 1338 2679 D.
1373 2666 1390 2683 0
1402 2653 1501 2680 destitit
1519 2660 1596 2679 orare
1615 2652 1695 2686 vsque
1713 2651 1780 2678 adeo
1793 2651 1875 2677 donec
1892 2651 2016 2685 pei-milit.
2087 2653 2178 2678 Donec
2194 2660 2254 2677 cum
2267 2651 2386 2679 Scribon.
2399 2660 2439 2688 47

309 2703 336 2726 2,
351 2703 402 2726 152.
450 2691 533 2718 Nouo
547 2690 682 2716 dominatu
696 2689 798 2723 pulsum
809 2690 857 2715 effe
871 2690 942 2715 Idem
955 2699 1004 2722 pro
1019 2691 1107 2715 Domo
1123 2690 1166 2715 sua
1178 2691 1218 2718 68.
1266 2691 1297 2714 Et
1310 2688 1342 2714 de

312 2729 403 2757 Diuiii.
416 2736 436 2759 1,
451 2735 476 2759 53
493 2736 514 2752 c.
524 2734 554 2758 25
581 2727 656 2758 Qiae
669 2731 723 2750 erat
737 2724 798 2750 vrbs
813 2724 993 2752 in'rhess‘alia‚
1005 2730 1062 2749 tum
1074 2724 1216 2749 admodum
1233 2723 1345 2755 nobilis,

309 2764 343 2791 ab
364 2762 514 2790 Alexandro
534 2768 622 2788 autem
647 2766 759 2792 tyranno
782 2758 882 2785 crudeli
903 2757 1040 2783 dominatu
1063 2758 1209 2783 tenebatur.
1230 2761 1264 2784 al.
1286 2767 1344 2792 pre-

310 2798 441 2826 mebatur.

1397 2696 1447 2725 pro
1458 2688 1570 2723 simplici
1581 2688 1681 2714 Donec.
1707 2687 1764 2713 Vid.
1785 2692 1948 2713 DONJCVM.
2019 2687 2110 2713 Donec
2127 2686 2312 2720 effocer0‚fiue
2324 2688 2441 2721 perfece-

1402 2733 1434 2752 ro
1447 2724 1517 2751 Ter.
1530 2723 1635 2750 Phorm.
1651 2730 1710 2756 4,1‚
1725 2731 1766 2755 24.
1802 2722 1876 2755 Virg.
1894 2722 1958 2748 Aen.
1977 2730 1998 2754 1,
2017 2729 2071 2756 274
2099 2723 2190 2749 Donec
2209 2723 2301 2757 regina
2319 2723 2438 2750 sacerdos

1404 2761 1491 2786 Marte
1505 2759 1594 2792 grauis
1607 2759 1739 2792 geminam
1754 2763 1831 2791 partu
1843 2756 1917 2783 dabit
1930 2757 1979 2782 Ilia
1994 2757 2105 2790 prolem.
2177 2759 2267 2784 Donec
2297 2763 2437 2784 cruentum

1404 2794 1441 2819 est
1454 2793 1486 2819 ad
1499 2793 1561 2819 hacc
1574 2799 1695 2826 tempora
1707 2793 1766 2818 Liu.
1781 2792 1840 2817 Pro.
1887 2791 1962 2825 Virg.
1977 2792 2030 2819 Ecl.
2044 2795 2070 2825 6,
2084 2799 2113 2826 83
2149 2793 2251 2826 Cogere
2288 2800 2353 2818 onec
2371 2801 2437 2820 oues

349 2840 426 2860 nom
439 2830 613 2863 ἰΝᾹΤοιζ,
638 2830 701 2856 oris.
728 2839 763 2855 m.
805 2826 960 2864 [κυριιυτής]
996 2826 1155 2852 Dominator
1172 2834 1261 2851 rerum
1281 2826 1343 2851 deus
1358 2829 1390 2856 73
1405 2827 1527 2858 stabulis,
1552 2835 1746 2860 numerumque
1775 2826 1878 2852 referre
1916 2826 1994 2853 Iullit.
2050 2828 2124 2863 Conf.
2147 2827 2206 2854 Liu.
2225 2835 2299 2860 4,1!3.
2317 2834 2341 2853 ct
2357 2835 2380 2860 ς,
2397 2835 2436 2862 17.

313 2869 370 2895 Cic.
384 2868 415 2894 de
429 2867 464 2894 N.
474 2868 507 2893 D.
521 2875 537 2892 2
555 2875 576 2892 c.
591 2874 612 2891 2.
649 2866 714 2891 Plin.
730 2866 770 2896 36,
785 2872 818 2896 15.
873 2863 944 2890 Freti
966 2863 1055 2888 saeuus
1068 2861 1236 2891 dominator,
1252 2863 1344 2898 Repra-

313 2914 359 2930 nus
370 2904 428 2930 Sen.
443 2901 552 2936 Hippol.
568 2909 631 2933 1159.
683 2901 816 2934 impotens
829 2898 981 2925 dominator
995 2898 1052 2924 Seu.
1067 2898 1146 2923 Herc.
1160 2896 1212 2921 fur.
1226 2900 1284 2925 1181.

352 2945 369 2964 1)
379 2946 397 2965 o
407 2937 482 2964 1111111
493 2939 589 2964 Ᾱτκι
602 2944 618 2962 x
633 2955 640 2966 ‚
658 2935 715 2961 icis.
746 2935 765 2960 f.
801 2933 981 2969 [κυριεύτμα]
1017 2933 1074 2959 Cic.
1094 2933 1125 2958 dc
1144 2932 1247 2958 Inuent.
1262 2939 1270 2956 1
1291 2939 1313 2956 c.
1327 2938 1342 2956 2

314 2975 398 3001 Caeca
411 2982 439 2999 ac
454 2972 594 2999 temeraria
607 2970 768 2997 dominatrix
782 2970 865 2995 animi
883 2969 1019 3003 cupiditas.
1072 2966 1240 2993 Dominatrix
1254 2975 1343 2992 rerum

1406 2863 1481 2896 Virg.
1496 2862 1594 2895 Georg.
1609 2872 1637 2895 4,
1652 2867 1703 2894 558.
1743 2861 1836 2888 Tacit.
1849 2862 1918 2887 Ann.
1938 2871 1958 2894 1,
1973 2865 2017 2897 67,
2031 2872 2049 2890 1.
2084 2861 2216 2897 Qamdiu.
2251 2861 2331 2890 Ouid.
2349 2863 2436 2890 Trist.

1406 2906 1427 2929 1,
1446 2905 1465 2929 i,
1481 2905 1507 2929 53
1547 2897 1635 2923 Donec
1648 2905 1719 2923 eram
1739 2897 1839 2931 sospes,
1857 2897 1930 2925 tituli
1949 2898 2074 2931 tangebar
2091 2905 2191 2923 amore.
2261 2897 2335 2924 Idem
2349 2898 2435 2926 Trist.
2454 2911 2456 2913 >

1407 2941 1427 2964 1,
1442 2937 1465 2964 8,
1479 2939 1492 2965 5
1531 2932 1620 2958 Donec
1639 2933 1691 2958 eris
1710 2933 1792 2965 felix,
1817 2933 1914 2959 multos
1933 2932 2084 2959 numerabis
2103 2932 2210 2958 amicos.
2281 2933 2342 2959 Liu.
2360 2944 2387 2968 4,
2400 2936 2436 2961 60

1404 2967 1511 2999 Nemo,
1522 2967 1604 2994 donec
1623 2968 1768 3003 quidquam
1788 2968 1890 2996 virium
1908 2968 2059 3002 superesset,
2073 2968 2180 3002 corpori
2195 2974 2239 2994 aut
2252 2969 2374 3003 sanguini
2387 2970 2435 2996 suo

315 3009 392 3036 Prud.
406 3008 501 3042 Apotli.
514 3017 539 3033 v.
553 3012 591 3037 88.
661 3005 828 3032 Dominam-ix
843 3005 920 3030 Creta
931 3004 995 3030 freti
1010 3004 1066 3029 Sen.
1076 3002 1184 3036 Hippol.
1193 3007 1230 3032 ὃς.
1359 3007 1392 3033 80
1403 3008 1528 3037 parceret.

350 3051 370 3070 D
381 3050 399 3069 O
409 3051 433 3069 M
444 3051 451 3069 1
462 3051 482 3070 N
494 3051 515 3070 Α
524 3050 563 3069 TI
574 3048 594 3068 Ο
603 3061 611 3073 ,
632 3041 697 3067 finis.
717 3041 736 3066 f.
773 3039 908 3075 [τυραννι’ς,
922 3037 1045 3067 deomedvn
1057 3038 1135 3064 Closs.
1145 3039 1201 3063 Vet.
1211 3038 1266 3063 Lat.
1275 3036 1343 3069 GL]

314 3080 372 3106 Cic.
382 3080 459 3104 Verr.
474 3087 495 3111 3,
530 3097 537 3103 .
573 3097 580 3104 .
616 3078 675 3110 Qua
688 3076 852 3110 impudentia
864 3075 959 3109 putatis
972 3083 1032 3100 euni
1046 3074 1072 3099 in
1085 3073 1266 3099 dominatione
1280 3072 1344 3097 fuis-

315 3117 357 3146 se‚
371 3114 417 3149 qui
436 3114 463 3140 in
481 3113 542 3146 fuga
559 3118 613 3138 tam
626 3112 761 3146 improbus
780 3111 827 3137 sit?
897 3110 989 3136 Tacit.
1005 3110 1060 3135 Vit.
1075 3109 1161 3142 Agric.
1176 3117 1207 3140 30
1244 3106 1343 3134 Oculos

315 3158 424 3185 quoque
437 3158 450 3175 a
464 3147 582 3174 romanu
595 3147 784 3174 dominationis
796 3145 940 3172 inuiolatos
951 3144 1122 3171 habebamus.
1184 3142 1257 3169 Idem
1277 3144 1343 3168 Ann.

1442 3044 1461 3064 D
1471 3045 1490 3065 O
1500 3045 1520 3064 N
1532 3045 1540 3063 1
1550 3045 1566 3065 C
1576 3044 1595 3064 V
1604 3045 1638 3065 M.
1675 3039 1788 3073 [εἰσέτι]
1825 3038 1892 3065 Idem
1902 3036 2033 3074 fignificat
2048 3037 2114 3078 quod
2126 3039 2225 3071 Donec,
2244 3038 2385 3075 Qcamdiu,
2397 3041 2439 3068 vel

1405 3074 1499 3108 Qmaa'.
1537 3074 1620 3100 Plaut.
1634 3075 1708 3108 Capt.
1722 3083 1744 3101 2.
1757 3082 1782 3106 2,
1796 3079 1827 3105 89
1854 3074 1908 3108 Ego
1921 3082 1963 3099 me
1976 3073 2080 3105 amitti,
2092 3073 2216 3100 donicum
2232 3075 2277 3101 ille
2289 3075 2340 3102 huc
2352 3075 2440 3104 redie'-

1405 3110 1451 3136 rit.
1504 3108 1576 3136 Idem
1589 3110 1703 3137 Trucul.
1718 3118 1743 3142 2,
1757 3116 1784 3143 7,
1798 3117 1837 3143 57.
1885 3109 1951 3136 Cato
1964 3108 1995 3134 de
2009 3109 2040 3135 R.
2055 3109 2086 3135 R.
2099 3118 2121 3134 c.
2138 3112 2186 3143 146
2222 3111 2355 3137 Donicum
2367 3111 2437 3138 solu-

1405 3150 1460 3170 tum
1474 3145 1540 3177 erit,
1576 3160 1620 3165 —
1656 3154 1722 3180 quae
1736 3145 1764 3171 in
1778 3144 1861 3171 fundo
1876 3143 1950 3170 illata
1969 3149 2063 3175 erunt,
2079 3144 2182 3179 pigneri
2196 3146 2281 3172 sunto.
2316 3148 2367 3173 Hic
2379 3153 2437 3173 ante

316 3189 360 3217 16,
378 3187 407 3210 26
444 3185 518 3216 Qiae
546 3182 645 3208 cuneiis
661 3183 736 3208 malis
757 3180 947 3208 dominationis
963 3179 1133 3214 cupidinibus
1156 3179 1280 3212 flagrans,
1298 3184 1342 3203 etc.
1360 3182 1388 3211 85
1410 3179 1549 3207 ls'iflorium
1567 3181 1691 3217 legebatur
1708 3183 1789 3215 inepte
1806 3179 1924 3206 Domino
1941 3188 2002 3205 cum
2022 3179 2133 3206 solutum
2152 3180 2212 3207 erit.
2267 3181 2339 3209 Idem
2351 3191 2373 3208 c.
2387 3190 2436 3215 149

315 3219 481 3247 Diuturnitas
500 3217 628 3244 victoriae
641 3223 665 3243 et
679 3217 868 3243 dominationis
886 3216 941 3242 Cic.
957 3216 1008 3243 An.
1023 3220 1047 3246 8,
1062 3224 1099 3241 21.
1169 3214 1260 3240 Tacit.
1276 3214 1342 3239 Ann.

319 3264 359 3287 14,
377 3264 398 3280 11
420 3253 520 3280 Cunfta
534 3253 589 3279 cius
603 3252 789 3279 dominationis
801 3251 900 3286 flagitia
915 3252 943 3277 in
956 3257 1065 3277 matrem
1079 3249 1216 3276 transtulit.
1270 3249 1343 3275 Idem

318 3291 385 3316 Anu.
401 3298 429 3322 4,
444 3297 459 3323 7
479 3290 508 3315 Et
524 3288 636 3314 consiliis
649 3288 762 3314 eiusdem
777 3288 808 3314 ad
824 3289 891 3322 spem
905 3286 1095 3313 dominationis
1110 3291 1236 3312 vteretur.
1272 3284 1342 3310 Alie-

317 3333 350 3351 na
363 3325 509 3350 dominatio
524 3323 560 3349 Id.
575 3324 628 3350 Vit.
644 3324 729 3357 Agric.
746 3332 780 3355 32.
851 3322 905 3349 Cic.
921 3321 1033 3356 Philipp.
1048 3330 1069 3354 3,
1084 3330 1115 3354 34
1140 3321 1229 3347 Nemo
1244 3319 1279 3345 est
1291 3326 1342 3345 tam

1405 3216 1538 3242 Donicum
1559 3217 1696 3251 pecuniam
1716 3215 1885 3247 satisfecerit,
1897 3220 1942 3241 aut
1954 3214 2096 3249 delegarit,
2115 3225 2191 3250 pecus
2213 3222 2238 3243 et
2250 3217 2353 3244 familia
2367 3226 2436 3252 quae

1404 3251 1459 3278 illic
1479 3252 1546 3285 erit,
1564 3252 1668 3286 pigneri
1686 3252 1770 3277 sunto.
1820 3252 1900 3277 Corn.
1920 3250 1989 3284 Nep.
2007 3259 2049 3282 22,
2069 3260 2087 3283 1,
2100 3261 2119 3284 4
2149 3252 2281 3278 Donicum
2300 3258 2345 3279 aut
2362 3258 2434 3280 certe

1403 3287 1541 3319 vicissent,
1559 3294 1605 3314 aut
1617 3287 1682 3313 victi
1695 3295 1802 3312 manum
1815 3285 1949 3312 dedissent.
1990 3286 2048 3313 Vni.
2064 3286 2143 3322 Solip.
2157 3287 2258 3315 Charis.
2270 3296 2286 3315 2
2301 3297 2324 3322 p.
2338 3293 2390 3323 178.
2411 3293 2437 3314 et

1405 3323 1493 3358 than.
1510 3323 1567 3350 Ind.
1582 3323 1686 3349 Lucrct.
1722 3322 1783 3356 Veg.
1802 3321 1844 3347 Gl.
1859 3321 1990 3347 Donicum
2009 3319 2119 3357 ἔχρηςον.
2156 3323 2274 3349 Emendat
2290 3324 2384 3360 Ascurs.
2400 3321 2438 3349 ad

318 3360 424 3391 stultus,
440 3360 484 3394 qui
504 3368 557 3385 non
578 3358 721 3392 intelligat,
739 3358 755 3384 ss
775 3358 962 3385 dormierimus
982 3357 1031 3383 hoc
1049 3363 1181 3390 tempore,
1195 3364 1248 3381 non
1260 3356 1340 3382 modo
1360 3366 1395 3390 90
1405 3359 1498 3384 Caton.
1511 3359 1542 3384 R.
1559 3359 1590 3384 R.
1604 3361 1650 3391 146
1666 3357 1739 3392 ἄχρις
1757 3357 1780 3382 ἑ.
1817 3355 1875 3389 Nisi
1888 3358 1967 3383 voluit
1977 3360 2058 3392 primo
2071 3361 2164 3394 aliquis
2176 3359 2288 3385 indicare
2302 3359 2436 3385 Donicum

317 3395 447 3421 crudelem
459 3415 465 3426 ,
481 3394 667 3428 superbamque
686 3393 894 3420 dominationem
913 3392 1009 3425 nobis,
1029 3391 1070 3419 secl
1090 3390 1293 3426 ignominiosam
1308 3397 1344 3417 et—

319 3432 372 3457 iam
393 3436 418 3456 ct
437 3431 590 3463 flagitiosam
610 3430 657 3455 css‘e
677 3429 820 3455 ferendam.
891 3428 978 3455 Firma
1000 3433 1025 3454 et
1042 3426 1175 3453 moderata
1195 3426 1343 3452 dominatio

318 3466 374 3492 Cic.
387 3465 418 3491 de
432 3466 531 3491 Inucnt.
546 3473 569 3494 2,
584 3467 635 3496 163.
706 3465 763 3490 Liu.
779 3473 818 3497 34,
855 3483 861 3489 .
899 3483 905 3489 .
942 3463 969 3489 Si
988 3463 1079 3489 audire
1097 3462 1171 3488 iuuat
1185 3471 1247 3488 vera
1260 3461 1343 3488 domi-

318 3501 434 3527 nationis
454 3500 678 3533 impoteutissimae
697 3500 816 3526 crimina.
894 3498 1014 3525 Nefanda
1035 3498 1184 3524 dominatio
1209 3497 1302 3523 Vellei.
1321 3506 1343 3529 ι’,

1403 3393 1531 3428 obsoletum
1544 3400 1567 3419 ct
1577 3400 1650 3419 extra
1659 3392 1728 3428 ostem
1742 3391 1793 3425 effe.
1835 3393 1922 3418 Vtrum
1938 3392 2068 3419 Donicum
2081 3401 2161 3420 ortum
2167 3395 2205 3428 sit
2218 3403 2247 3420 ex
2261 3395 2350 3420 Donec
2364 3403 2434 3427 cum,

1403 3437 1449 3464 quo
1463 3428 1615 3455 Scribonium
1632 3428 1701 3464 osum
1720 3427 1777 3461 este,
1791 3427 1860 3453 modo
1881 3427 2074 3462 obscruouitmts,
2093 3439 2125 3455 an
2145 3429 2330 3458 Scribonianum
2344 3429 2436 3456 Donec

1402 3473 1463 3490 cum
1477 3473 1506 3489 ex
1521 3463 1653 3490 Donicum
1665 3469 1745 3489 ortum
1755 3462 1812 3497 sit?
1829 3463 1919 3498 otiosus
1932 3464 2022 3498 aliquis
2035 3472 2146 3500 quaerat.

1439 3505 1518 3526 1)οΝ
1531 3504 1569 3528 ο,
1589 3508 1623 3525 as.
1664 3498 1722 3525 νηί.
1760 3503 1809 3524 no
1822 3504 1916 3524 NVM.

319 3538 362 3567 60,
376 3545 403 3568 4.
476 3535 569 3561 Nimia
582 3541 658 3569 atque
678 3535 766 3569 aspera
780 3534 927 3561 dominatio
942 3535 1066 3568 Pompou.
1082 3533 1109 3559 in
1124 3533 1139 3559 l.
1156 3542 1171 3558 2
1185 3531 1207 3569 §.
1222 3540 1248 3559 et
1260 3542 1340 3567 quum
1363 3541 1395 3566 95
1440 3541 1459 3560 D
1470 3540 1490 3560 Ο
1500 3541 1521 3560 Ν
1531 3541 1550 3560 V
1561 3541 1584 3560 Μ
1598 3555 1606 3566 ,
1627 3534 1646 3560 1.
1672 3543 1697 3560 n.
1734 3531 1836 3567 [δῶροῃ
1859 3531 1951 3568 δωρεαὶ]
1993 3535 2087 3561 Munus
2098 3555 2108 3568 ,
2138 3534 2203 3570 quod
2232 3536 2317 3570 gratis
2348 3534 2432 3561 datur.

318 3570 449 3604 placuisset
464 3571 495 3595 D.
509 3570 541 3596 de
553 3570 627 3603 Orig.
644 3570 716 3596 iuris.
770 3571 860 3597 Tacit.
875 3570 940 3596 Anu.
955 3571 980 3599 6,
994 3577 1026 3602 45
1053 3569 1123 3595 Dum
1138 3568 1340 3602 adipisceremur

317 3605 511 3632 dominationes
532 3604 613 3631 multa
631 3606 745 3632 caritate.
833 3606 906 3632 Idem
924 3606 990 3631 Ann.
1004 3614 1031 3637 4,
1047 3613 1055 3630 ι
1086 3606 1146 3636 Quo
1166 3604 1283 3630 facinore
1297 3604 1343 3630 do-

318 3642 492 3668 minationem
512 3640 669 3674 captaucrit,
683 3641 827 3675 expediam.
898 3641 1057 3674 Comparare
1077 3639 1123 3665 sibi
1142 3648 1238 3665 nouam
1258 3639 1341 3666 domi-

316 3677 451 3704 nationem
471 3676 526 3702 Cic.
541 3675 572 3701 dc
586 3675 646 3710 Leg.
660 3677 720 3709 Agr.
737 3685 755 3705 1,
772 3685 807 3708 19.
880 3676 938 3702 Liu.
952 3684 995 3709 34,
1031 3694 1038 3701 .
1074 3694 1080 3700 .
1117 3675 1146 3700 Et
1167 3675 1249 3708 ipsum
1269 3675 1341 3701 velut

1404 3570 1471 3596 Plin.
1487 3578 1524 3601 35,
1539 3578 1567 3595 10
1605 3569 1700 3596 Graeci
1719 3569 1790 3594 enim
1808 3569 1878 3599 (ait)
1893 3569 1996 3603 antiqui
2017 3570 2103 3598 doron
2116 3570 2229 3605 palmum
2247 3569 2389 3596 vocabant:
2408 3575 2435 3595 et

1405 3606 1466 3632 idco
1481 3604 1545 3631 dora
1558 3613 1682 3634 munera,
1700 3604 1762 3638 quia
1775 3613 1853 3630 manu
1867 3604 2001 3631 darentur.
2059 3606 2127 3633 Ter.
2139 3606 2202 3632 Eun.
2215 3611 2235 3636 5,
2248 3612 2275 3636 9,
2290 3613 2321 3639 27
2341 3605 2433 3638 Qod-

1403 3642 1445 3667 vis
1458 3640 1556 3667 donum
1568 3647 1593 3667 et
1606 3640 1752 3674 praemium
1769 3649 1782 3665 a
1797 3649 1838 3665 me
1853 3646 1943 3674 optato
1953 3661 1960 3672 ‚
1980 3640 2007 3666 id
2025 3648 2143 3675 optatum
2156 3640 2231 3666 feres.
2285 3641 2333 3666 Vbi
2347 3641 2435 3666 Dona-

1403 3682 1459 3708 tus,
1475 3678 1586 3708 Donum,
1605 3675 1751 3709 praemium
1771 3675 1821 3701 cst:
1850 3682 1874 3701 et
1894 3686 1978 3702 munus
1995 3677 2154 3711 praemium:
2184 3674 2227 3700 sed
2246 3674 2349 3708 donum,
2363 3683 2434 3709 prae-

317 3711 486 3746 eomprobata
507 3711 688 3737 dominatione
704 3711 846 3737 firmiorem
862 3712 991 3742 futurum,
1003 3717 1048 3736 etc.
1119 3709 1280 3743 Concupiuit
1294 3710 1396 3737 sibiioo
1405 3712 1491 3738 mium
1512 3711 1563 3737 diis
1582 3711 1671 3740 datur3
1695 3720 1796 3742 mimus,
1811 3710 1957 3744 praemium
1978 3711 2140 3738 hominibus.
2198 3710 2269 3738 Nasu
2286 3711 2433 3745 separatim,

316 3748 525 3774 dominationem
539 3747 629 3773 Tacit.
644 3746 711 3772 Hiss.
726 3757 753 3778 4,
768 3755 806 3780 73.
861 3747 981 3780 Experiri
1000 3746 1057 3772 vim
1071 3745 1260 3771 dominationis
1274 3745 1340 3772 Vell.

315 3792 338 3816 2,
354 3786 395 3816 68,
411 3792 436 3816 4.
507 3782 597 3808 Tacit.
613 3782 679 3807 Auri.
694 3790 726 3813 13.
742 3791 748 3807 1
785 3782 873 3815 Segnis
887 3789 911 3808 et
931 3780 1158 3808 dominationibus
1170 3779 1229 3806 aliis
1244 3779 1342 3806 fastidi-

314 3824 364 3845 tus.
434 3817 570 3851 Postquam
592 3818 651 3843 exui
665 3817 806 3851 aequalitas
819 3822 844 3842 ct
863 3825 911 3850 pro
924 3817 1053 3843 modestia
1072 3825 1100 3842 ac
1114 3815 1215 3850 pudore
1229 3815 1341 3841 ambitio

313 3863 339 3880 et
353 3853 392 3880 vis
405 3852 551 3885 incedebat,
571 3861 717 3887 proucnere
730 3852 923 3878 dominationes
938 3852 1009 3878 Idem
1024 3854 1091 3878 Ann.
1104 3861 1126 3883 3,
1141 3854 1182 3881 26,
1196 3859 1216 3882 3.
1289 3851 1341 3877 Au-

1404 3747 1494 3772 donum
1507 3746 1618 3772 deorum
1633 3746 1683 3776 est,
1702 3749 1838 3780 praemium
1853 3748 1975 3773 virorum
1989 3748 2025 3774 est
2043 3746 2152 3774 fortium
2161 3764 2169 3777 ,
2180 3754 2267 3771 manus
2281 3745 2433 3772 hominum.

1402 3788 1430 3808 et
1445 3782 1544 3807 domun
1558 3790 1704 3815 munusqm¹
1719 3788 1771 3807 tam
1786 3788 1843 3808 ante
1857 3782 1953 3809 noum
1963 3792 2056 3818 ,quam
2069 3780 2124 3815 post
2137 3779 2237 3807 fae’tum
2252 3780 2341 3808 datur:
2363 3790 2434 3815 prae-

1405 3817 1503 3847 mium,
1516 3825 1570 3842 non
1589 3816 1637 3842 nili
1659 3816 1713 3850 post
1729 3816 1826 3842 tactum
1847 3817 1891 3844 est.
1932 3819 2054 3848 Donum,
2067 3815 2260 3843 voluntarium:
2287 3816 2435 3850 praemium

1404 3852 1523 3878 debetur.
1551 3851 1604 3877 Alii
1618 3861 1681 3885 ergo
1695 3853 1827 3879 κ’σωὲέτως
1841 3854 2026 3886 pronuntiant:
2045 3851 2132 3885 primo
2145 3850 2258 3878 donum:
2277 3859 2303 3878 et
2316 3851 2348 3878 sic
2361 3860 2435 3886 prae·

312 3889 369 3916 etot
384 3888 416 3916 ad
430 3890 526 3916 Heren.
542 3897 560 3921 4
577 3898 597 3915 c.
616 3897 643 3919 ¹9
682 3888 744 3914 Non
765 3888 820 3914 sunt
835 3887 924 3914 omnia
945 3887 1132 3917 conunittenda
1149 3887 1290 3919 fortunae,
1308 3894 1340 3912 ne
1352 3896 1393 3921 ¹05
1402 3887 1504 3920 mium,
1519 3886 1588 3921 quasi
1602 3896 1680 3914 vnum
1695 3894 1795 3922 partem
1814 3889 1953 3918 orationis.
1988 3889 2057 3915 Haec
2069 3887 2194 3913 Donatus.
2230 3886 2278 3915 Sed
2290 3894 2435 3924 perpetuum

2385 3930 2435 3948 ΝΟ).

2476 782 2479 870 ι
