<?xml version="1.0" encoding="UTF-8"?>
<!DOCTYPE html PUBLIC "-//W3C//DTD XHTML 1.0 Transitional//EN"
    "http://www.w3.org/TR/xhtml1/DTD/xhtml1-transitional.dtd">
<html xmlns="http://www.w3.org/1999/xhtml" xml:lang="en" lang="en">
 <head>
  <title>
</title>
<meta http-equiv="Content-Type" content="text/html;charset=utf-8" />
  <meta name='ocr-system' content='tesseract 3.04.00' />
  <meta name='ocr-capabilities' content='ocr_page ocr_carea ocr_par ocr_line ocrx_word'/>
</head>
<body>
  <div class='ocr_page' id='page_1' title='image "./novuslinguaeeter02gesn_0415.png"; bbox 0 0 2479 4225; ppageno 0'>
   <div class='ocr_carea' id='block_1_1' title="bbox 25 200 2157 257">
    <p class='ocr_par' dir='ltr' id='par_1_1' title="bbox 25 200 2157 257">
     <span class='ocr_line' id='line_1_1' title="bbox 25 200 2157 257; baseline 0 -11"><span class='ocrx_word' id='word_1_1' title='bbox 25 215 102 257; x_wconf 77' lang='lat' dir='ltr'>gor</span> <span class='ocrx_word' id='word_1_2' title='bbox 218 238 219 241; x_wconf 18' lang='grc' dir='ltr'>η</span> <span class='ocrx_word' id='word_1_3' title='bbox 408 204 447 244; x_wconf 87' lang='lat' dir='ltr'>G</span> <span class='ocrx_word' id='word_1_4' title='bbox 537 204 572 244; x_wconf 90' lang='lat' dir='ltr'>E</span> <span class='ocrx_word' id='word_1_5' title='bbox 658 204 690 244; x_wconf 89' lang='lat' dir='ltr'>R</span> <span class='ocrx_word' id='word_1_6' title='bbox 1518 201 1558 242; x_wconf 84' lang='lat' dir='ltr'>G</span> <span class='ocrx_word' id='word_1_7' title='bbox 1644 200 1679 240; x_wconf 93' lang='lat' dir='ltr'><strong>E</strong></span> <span class='ocrx_word' id='word_1_8' title='bbox 1772 203 1802 241; x_wconf 90' lang='lat' dir='ltr'>R</span> <span class='ocrx_word' id='word_1_9' title='bbox 2082 215 2157 253; x_wconf 84' lang='lat'>802</span> 
     </span>
    </p>
   </div>
   <div class='ocr_carea' id='block_1_2' title="bbox 19 287 2159 469">
    <p class='ocr_par' dir='ltr' id='par_1_2' title="bbox 19 287 2159 469">
     <span class='ocr_line' id='line_1_2' title="bbox 61 287 2159 328; baseline -0.002 -9"><span class='ocrx_word' id='word_1_10' title='bbox 61 295 262 322; x_wconf 73' lang='lat' dir='ltr'>GERAERA‚</span> <span class='ocrx_word' id='word_1_11' title='bbox 283 300 320 318; x_wconf 80' lang='lat' dir='ltr'>ae.</span> <span class='ocrx_word' id='word_1_12' title='bbox 347 292 366 319; x_wconf 84' lang='lat' dir='ltr'>f.</span> <span class='ocrx_word' id='word_1_13' title='bbox 404 293 449 327; x_wconf 79' lang='grc' dir='ltr'>[γε</span> <span class='ocrx_word' id='word_1_14' title='bbox 464 294 537 328; x_wconf 71' lang='grc' dir='ltr'>αι’ροι]</span> <span class='ocrx_word' id='word_1_15' title='bbox 573 293 615 321; x_wconf 85' lang='lat' dir='ltr'>Sic</span> <span class='ocrx_word' id='word_1_16' title='bbox 632 291 782 320; x_wconf 76' lang='lat' dir='ltr'>vocabantur</span> <span class='ocrx_word' id='word_1_17' title='bbox 798 287 925 324; x_wconf 76' lang='lat' dir='ltr'>ministrae</span> <span class='ocrx_word' id='word_1_18' title='bbox 941 288 1058 324; x_wconf 78' lang='lat' dir='ltr'><em>quaedam</em></span> <span class='ocrx_word' id='word_1_19' title='bbox 1121 290 1156 315; x_wconf 87' lang='lat' dir='ltr'>set</span> <span class='ocrx_word' id='word_1_20' title='bbox 1167 309 1173 319; x_wconf 95' lang='lat'>,</span> <span class='ocrx_word' id='word_1_21' title='bbox 1189 288 1392 324; x_wconf 82' lang='lat' dir='ltr'>germanissimus</span> <span class='ocrx_word' id='word_1_22' title='bbox 1413 289 1514 316; x_wconf 79' lang='lat' dir='ltr'>Stoicis.</span> <span class='ocrx_word' id='word_1_23' title='bbox 1586 289 1705 316; x_wconf 88' lang='lat' dir='ltr'>Baiulum</span> <span class='ocrx_word' id='word_1_24' title='bbox 1726 288 1861 316; x_wconf 78' lang='lat' dir='ltr'>literarum</span> <span class='ocrx_word' id='word_1_25' title='bbox 1881 291 1975 320; x_wconf 80' lang='lat' dir='ltr'>habeas</span> <span class='ocrx_word' id='word_1_26' title='bbox 1993 294 2159 321; x_wconf 62' lang='lat' dir='ltr'>commenda.</span> 
     </span>
     <span class='ocr_line' id='line_1_3' title="bbox 19 304 2158 368; baseline 0 -16"><span class='ocrx_word' id='word_1_27' title='bbox 19 328 146 368; x_wconf 64' lang='lat' dir='ltr'>smomm</span> <span class='ocrx_word' id='word_1_28' title='bbox 166 326 233 363; x_wconf 78' lang='lat' dir='ltr'>apud</span> <span class='ocrx_word' id='word_1_29' title='bbox 245 327 422 364; x_wconf 56' lang='lat' dir='ltr'>Athenienses,</span> <span class='ocrx_word' id='word_1_30' title='bbox 438 304 466 355; x_wconf 52' lang='lat' dir='ltr'>&lt;Z—</span> <span class='ocrx_word' id='word_1_31' title='bbox 501 329 571 354; x_wconf 63' lang='lat' dir='ltr'>uibus</span> <span class='ocrx_word' id='word_1_32' title='bbox 585 330 751 365; x_wconf 44' lang='lat' dir='ltr'>Harpal-ratio</span> <span class='ocrx_word' id='word_1_33' title='bbox 772 332 822 353; x_wconf 85' lang='lat' dir='ltr'>etc.</span> <span class='ocrx_word' id='word_1_34' title='bbox 859 326 932 351; x_wconf 84' lang='lat' dir='ltr'>Hanc</span> <span class='ocrx_word' id='word_1_35' title='bbox 946 323 1058 359; x_wconf 72' lang='lat' dir='ltr'>suspica·</span> <span class='ocrx_word' id='word_1_36' title='bbox 1121 331 1177 351; x_wconf 85' lang='lat' dir='ltr'>tuni</span> <span class='ocrx_word' id='word_1_37' title='bbox 1187 345 1194 356; x_wconf 91' lang='lat'>‚</span> <span class='ocrx_word' id='word_1_38' title='bbox 1213 331 1238 351; x_wconf 87' lang='lat' dir='ltr'>ct</span> <span class='ocrx_word' id='word_1_39' title='bbox 1251 324 1318 351; x_wconf 87' lang='lat' dir='ltr'>mihi</span> <span class='ocrx_word' id='word_1_40' title='bbox 1331 325 1394 350; x_wconf 82' lang='lat' dir='ltr'>scias</span> <span class='ocrx_word' id='word_1_41' title='bbox 1408 325 1625 358; x_wconf 73' lang='lat' dir='ltr'>germaniss&#39;iinum</span> <span class='ocrx_word' id='word_1_42' title='bbox 1640 325 1803 359; x_wconf 63' lang='lat' dir='ltr'>Hieroniip.</span> <span class='ocrx_word' id='word_1_43' title='bbox 1817 332 1848 358; x_wconf 80' lang='lat'>98</span> <span class='ocrx_word' id='word_1_44' title='bbox 1863 326 1893 351; x_wconf 90' lang='lat' dir='ltr'>ad</span> <span class='ocrx_word' id='word_1_45' title='bbox 1907 329 2040 357; x_wconf 67' lang='lat' dir='ltr'>Augiistiii.</span> <span class='ocrx_word' id='word_1_46' title='bbox 2102 330 2158 356; x_wconf 78' lang='lat' dir='ltr'>Me-</span> 
     </span>
     <span class='ocr_line' id='line_1_4' title="bbox 26 359 2157 397; baseline -0.002 -7"><span class='ocrx_word' id='word_1_47' title='bbox 26 364 66 393; x_wconf 65' lang='lat' dir='ltr'>tu&gt;</span> <span class='ocrx_word' id='word_1_48' title='bbox 83 365 218 391; x_wconf 81' lang='lat' dir='ltr'>Gronouius</span> <span class='ocrx_word' id='word_1_49' title='bbox 244 365 317 389; x_wconf 80' lang='lat' dir='ltr'>etiam</span> <span class='ocrx_word' id='word_1_50' title='bbox 338 364 428 390; x_wconf 88' lang='lat' dir='ltr'>Plauto</span> <span class='ocrx_word' id='word_1_51' title='bbox 452 365 490 397; x_wconf 71' lang='lat' dir='ltr'>rel</span> <span class='ocrx_word' id='word_1_52' title='bbox 501 364 625 390; x_wconf 74' lang='lat' dir='ltr'>itueiidam</span> <span class='ocrx_word' id='word_1_53' title='bbox 649 363 708 390; x_wconf 90' lang='lat' dir='ltr'>Mil.</span> <span class='ocrx_word' id='word_1_54' title='bbox 729 371 750 394; x_wconf 82' lang='lat'>3,</span> <span class='ocrx_word' id='word_1_55' title='bbox 770 371 789 394; x_wconf 88' lang='lat'>1,</span> <span class='ocrx_word' id='word_1_56' title='bbox 811 368 856 387; x_wconf 87' lang='lat'>102</span> <span class='ocrx_word' id='word_1_57' title='bbox 879 359 1058 395; x_wconf 70' lang='lat' dir='ltr'>legendumque,</span> <span class='ocrx_word' id='word_1_58' title='bbox 1121 361 1206 386; x_wconf 86' lang='lat' dir='ltr'>moria</span> <span class='ocrx_word' id='word_1_59' title='bbox 1222 361 1374 387; x_wconf 77' lang='lat' dir='ltr'>literaturae</span> <span class='ocrx_word' id='word_1_60' title='bbox 1393 368 1514 393; x_wconf 75' lang='lat' dir='ltr'>germana</span> <span class='ocrx_word' id='word_1_61' title='bbox 1533 361 1588 387; x_wconf 81' lang='lat' dir='ltr'>Cic.</span> <span class='ocrx_word' id='word_1_62' title='bbox 1604 361 1631 387; x_wconf 93' lang='lat' dir='ltr'>in</span> <span class='ocrx_word' id='word_1_63' title='bbox 1645 361 1732 387; x_wconf 82' lang='lat' dir='ltr'>Partit.</span> <span class='ocrx_word' id='word_1_64' title='bbox 1749 363 1787 386; x_wconf 68' lang='grc' dir='ltr'>τό.</span> <span class='ocrx_word' id='word_1_65' title='bbox 1984 373 1994 394; x_wconf 77' lang='lat'>3</span> <span class='ocrx_word' id='word_1_66' title='bbox 2033 366 2098 391; x_wconf 69' lang='lat' dir='ltr'>Vitis</span> <span class='ocrx_word' id='word_1_67' title='bbox 2116 375 2157 391; x_wconf 63' lang='lat' dir='ltr'>m.</span> 
     </span>
     <span class='ocr_line' id='line_1_5' title="bbox 25 394 2101 435; baseline 0 -10"><span class='ocrx_word' id='word_1_68' title='bbox 25 397 180 435; x_wconf 76' lang='lat' dir='ltr'>Iampridem</span> <span class='ocrx_word' id='word_1_69' title='bbox 195 397 258 432; x_wconf 85' lang='lat' dir='ltr'>quia</span> <span class='ocrx_word' id='word_1_70' title='bbox 273 398 341 424; x_wconf 85' lang='lat' dir='ltr'><strong>nihil</strong></span> <span class='ocrx_word' id='word_1_71' title='bbox 361 399 498 426; x_wconf 84' lang='lat' dir='ltr'>abstulerit</span> <span class='ocrx_word' id='word_1_72' title='bbox 516 400 643 426; x_wconf 86' lang='lat' dir='ltr'>succenset</span> <span class='ocrx_word' id='word_1_73' title='bbox 659 406 778 434; x_wconf 83' lang='lat' dir='ltr'>geraera,</span> <span class='ocrx_word' id='word_1_74' title='bbox 796 401 851 422; x_wconf 88' lang='lat' dir='ltr'>tuin</span> <span class='ocrx_word' id='word_1_75' title='bbox 864 394 998 421; x_wconf 77' lang='lat' dir='ltr'>obstetrix</span> <span class='ocrx_word' id='word_1_76' title='bbox 1013 402 1058 421; x_wconf 78' lang='lat' dir='ltr'>etc.</span> <span class='ocrx_word' id='word_1_77' title='bbox 1121 405 1172 422; x_wconf 75' lang='lat' dir='ltr'>men</span> <span class='ocrx_word' id='word_1_78' title='bbox 1188 394 1219 429; x_wconf 82' lang='lat' dir='ltr'>est</span> <span class='ocrx_word' id='word_1_79' title='bbox 1233 395 1296 421; x_wconf 81' lang='lat' dir='ltr'>Plin.</span> <span class='ocrx_word' id='word_1_80' title='bbox 1312 404 1350 429; x_wconf 84' lang='lat'>14,</span> <span class='ocrx_word' id='word_1_81' title='bbox 1365 403 1377 421; x_wconf 90' lang='lat'>2</span> <span class='ocrx_word' id='word_1_82' title='bbox 1404 395 1439 421; x_wconf 84' lang='lat' dir='ltr'>Ex</span> <span class='ocrx_word' id='word_1_83' title='bbox 1456 396 1488 421; x_wconf 89' lang='lat' dir='ltr'>iis</span> <span class='ocrx_word' id='word_1_84' title='bbox 1503 397 1632 422; x_wconf 74' lang='lat' dir='ltr'>Germana</span> <span class='ocrx_word' id='word_1_85' title='bbox 1646 397 1734 422; x_wconf 90' lang='lat' dir='ltr'>niinor</span> <span class='ocrx_word' id='word_1_86' title='bbox 1747 397 1823 422; x_wconf 86' lang='lat' dir='ltr'>acino</span> <span class='ocrx_word' id='word_1_87' title='bbox 1837 395 1930 421; x_wconf 87' lang='lat' dir='ltr'>melius</span> <span class='ocrx_word' id='word_1_88' title='bbox 1967 399 2101 426; x_wconf 70' lang='lat' dir='ltr'>eiiorcscit.</span> 
     </span>
     <span class='ocr_line' id='line_1_6' title="bbox 26 430 2157 469; baseline 0 -8"><span class='ocrx_word' id='word_1_89' title='bbox 26 436 69 464; x_wconf 84' lang='lat' dir='ltr'>Al.</span> <span class='ocrx_word' id='word_1_90' title='bbox 82 433 200 465; x_wconf 80' lang='lat' dir='ltr'>Cei-aria,</span> <span class='ocrx_word' id='word_1_91' title='bbox 214 433 325 460; x_wconf 83' lang='lat' dir='ltr'>Geraria</span> <span class='ocrx_word' id='word_1_92' title='bbox 338 436 394 462; x_wconf 86' lang='lat' dir='ltr'>alii.</span> <span class='ocrx_word' id='word_1_93' title='bbox 431 436 560 462; x_wconf 83' lang='lat' dir='ltr'>Geracrae</span> <span class='ocrx_word' id='word_1_94' title='bbox 573 434 671 462; x_wconf 77' lang='lat' dir='ltr'>videtur</span> <span class='ocrx_word' id='word_1_95' title='bbox 683 440 785 460; x_wconf 75' lang='lat' dir='ltr'>metrum</span> <span class='ocrx_word' id='word_1_96' title='bbox 799 430 911 466; x_wconf 78' lang='lat' dir='ltr'>versuum</span> <span class='ocrx_word' id='word_1_97' title='bbox 922 433 1058 457; x_wconf 81' lang='lat' dir='ltr'>vicinorum</span> <span class='ocrx_word' id='word_1_98' title='bbox 1081 437 1095 463; x_wconf 82' lang='grc' dir='ltr'>ς</span> <span class='ocrx_word' id='word_1_99' title='bbox 1162 437 1181 457; x_wconf 65' lang='lat' dir='ltr'>(s</span> <span class='ocrx_word' id='word_1_100' title='bbox 1194 439 1209 457; x_wconf 85' lang='lat' dir='ltr'>i:</span> <span class='ocrx_word' id='word_1_101' title='bbox 1220 437 1238 456; x_wconf 85' lang='lat' dir='ltr'>R</span> <span class='ocrx_word' id='word_1_102' title='bbox 1248 438 1271 457; x_wconf 84' lang='lat' dir='ltr'>M</span> <span class='ocrx_word' id='word_1_103' title='bbox 1282 438 1302 457; x_wconf 79' lang='lat' dir='ltr'>A</span> <span class='ocrx_word' id='word_1_104' title='bbox 1313 439 1333 457; x_wconf 79' lang='lat' dir='ltr'>N</span> <span class='ocrx_word' id='word_1_105' title='bbox 1344 438 1352 457; x_wconf 91' lang='lat' dir='ltr'>i</span> <span class='ocrx_word' id='word_1_106' title='bbox 1362 437 1383 456; x_wconf 76' lang='lat' dir='ltr'>&#39;r</span> <span class='ocrx_word' id='word_1_107' title='bbox 1393 437 1414 456; x_wconf 86' lang='grc' dir='ltr'>Λ</span> <span class='ocrx_word' id='word_1_108' title='bbox 1423 437 1451 462; x_wconf 90' lang='lat' dir='ltr'>s,</span> <span class='ocrx_word' id='word_1_109' title='bbox 1472 431 1528 456; x_wconf 65' lang='lat' dir='ltr'>aiis.</span> <span class='ocrx_word' id='word_1_110' title='bbox 1548 432 1567 457; x_wconf 84' lang='lat' dir='ltr'>f.</span> <span class='ocrx_word' id='word_1_111' title='bbox 1607 431 1761 464; x_wconf 61' lang='lat' dir='ltr'>[ymni-rm,</span> <span class='ocrx_word' id='word_1_112' title='bbox 1774 430 1910 463; x_wconf 59' lang='grc' dir='ltr'>ἀδελφότης</span> <span class='ocrx_word' id='word_1_113' title='bbox 1927 432 2005 458; x_wconf 80' lang='lat' dir='ltr'>Gloil&#39;.</span> <span class='ocrx_word' id='word_1_114' title='bbox 2020 435 2073 460; x_wconf 77' lang='lat' dir='ltr'>Lat.</span> <span class='ocrx_word' id='word_1_115' title='bbox 2089 436 2157 469; x_wconf 62' lang='lat' dir='ltr'>Gia]</span> 
     </span>
    </p>
   </div>
   <div class='ocr_carea' id='block_1_3' title="bbox 0 0 19 2274">
    <p class='ocr_par' dir='ltr' id='par_1_3' title="bbox 0 0 19 2274">
     <span class='ocr_line' id='line_1_7' title="bbox 0 0 17 389; baseline 0 0"><span class='ocrx_word' id='word_1_116' title='bbox 0 0 17 389; x_wconf 95' lang='lat' dir='ltr'>  </span> 
     </span>
     <span class='ocr_line' id='line_1_8' title="bbox 0 389 17 1252; baseline 0 -519"><span class='ocrx_word' id='word_1_117' title='bbox 0 389 17 1252; x_wconf 95' lang='lat' dir='ltr'>   </span> 
     </span>
     <span class='ocr_line' id='line_1_9' title="bbox 0 1252 17 1589; baseline 0 -204"><span class='ocrx_word' id='word_1_118' title='bbox 0 1252 17 1589; x_wconf 95' lang='lat' dir='ltr'>   </span> 
     </span>
     <span class='ocr_line' id='line_1_10' title="bbox 0 1589 15 1891; baseline 0 -30"><span class='ocrx_word' id='word_1_119' title='bbox 0 1589 15 1891; x_wconf 95' lang='lat' dir='ltr'>    </span> 
     </span>
     <span class='ocr_line' id='line_1_11' title="bbox 0 1891 19 2274; baseline 0 0"><span class='ocrx_word' id='word_1_120' title='bbox 0 1891 19 2274; x_wconf 95' lang='lat' dir='ltr'>       </span> 
     </span>
    </p>
   </div>
   <div class='ocr_carea' id='block_1_4' title="bbox 18 466 2158 722">
    <p class='ocr_par' dir='ltr' id='par_1_4' title="bbox 18 466 2158 722">
     <span class='ocr_line' id='line_1_12' title="bbox 25 466 2156 508; baseline 0 -12"><span class='ocrx_word' id='word_1_121' title='bbox 25 477 165 508; x_wconf 73' lang='lat' dir='ltr'>repugnare.</span> <span class='ocrx_word' id='word_1_122' title='bbox 1123 466 1179 492; x_wconf 85' lang='lat' dir='ltr'>Cic.</span> <span class='ocrx_word' id='word_1_123' title='bbox 1200 466 1232 492; x_wconf 88' lang='lat' dir='ltr'>de</span> <span class='ocrx_word' id='word_1_124' title='bbox 1246 467 1338 500; x_wconf 89' lang='lat' dir='ltr'>Arusp.</span> <span class='ocrx_word' id='word_1_125' title='bbox 1353 466 1428 499; x_wconf 84' lang='lat' dir='ltr'>Resp.</span> <span class='ocrx_word' id='word_1_126' title='bbox 1442 475 1476 498; x_wconf 76' lang='lat'>42</span> <span class='ocrx_word' id='word_1_127' title='bbox 1495 475 1516 491; x_wconf 88' lang='lat' dir='ltr'>c.</span> <span class='ocrx_word' id='word_1_128' title='bbox 1537 475 1569 492; x_wconf 84' lang='lat'>20</span> <span class='ocrx_word' id='word_1_129' title='bbox 1598 468 1627 493; x_wconf 86' lang='lat' dir='ltr'>In</span> <span class='ocrx_word' id='word_1_130' title='bbox 1648 467 1796 493; x_wconf 76' lang='lat' dir='ltr'>domesticis</span> <span class='ocrx_word' id='word_1_131' title='bbox 1816 467 1851 493; x_wconf 85' lang='lat' dir='ltr'>cst</span> <span class='ocrx_word' id='word_1_132' title='bbox 1868 468 2045 501; x_wconf 71' lang='lat' dir='ltr'>germanitatis</span> <span class='ocrx_word' id='word_1_133' title='bbox 2064 470 2156 503; x_wconf 79' lang='lat' dir='ltr'>stupris</span> 
     </span>
     <span class='ocr_line' id='line_1_13' title="bbox 65 501 2156 538; baseline -0.001 -6"><span class='ocrx_word' id='word_1_134' title='bbox 65 510 198 532; x_wconf 79' lang='lat' dir='ltr'>GERAN</span> <span class='ocrx_word' id='word_1_135' title='bbox 208 510 217 529; x_wconf 87' lang='lat'><em>1</em></span> <span class='ocrx_word' id='word_1_136' title='bbox 227 511 247 530; x_wconf 88' lang='lat' dir='ltr'>V</span> <span class='ocrx_word' id='word_1_137' title='bbox 257 511 298 537; x_wconf 87' lang='grc' dir='ltr'>Μ,</span> <span class='ocrx_word' id='word_1_138' title='bbox 319 505 337 531; x_wconf 90' lang='lat' dir='ltr'>i.</span> <span class='ocrx_word' id='word_1_139' title='bbox 358 515 383 532; x_wconf 94' lang='lat' dir='ltr'>n.</span> <span class='ocrx_word' id='word_1_140' title='bbox 409 506 501 532; x_wconf 85' lang='lat' dir='ltr'>Herba.</span> <span class='ocrx_word' id='word_1_141' title='bbox 529 505 593 531; x_wconf 85' lang='lat' dir='ltr'>Plin.</span> <span class='ocrx_word' id='word_1_142' title='bbox 606 506 649 537; x_wconf 90' lang='lat'>26,</span> <span class='ocrx_word' id='word_1_143' title='bbox 661 512 692 531; x_wconf 86' lang='grc' dir='ltr'>ιι.</span> <span class='ocrx_word' id='word_1_144' title='bbox 727 501 840 538; x_wconf 80' lang='lat' dir='ltr'>Dioscor.</span> <span class='ocrx_word' id='word_1_145' title='bbox 853 508 876 533; x_wconf 82' lang='lat'>3,</span> <span class='ocrx_word' id='word_1_146' title='bbox 890 509 937 533; x_wconf 85' lang='lat'>131.</span> <span class='ocrx_word' id='word_1_147' title='bbox 1122 503 1264 528; x_wconf 76' lang='lat' dir='ltr'>volutatus.</span> <span class='ocrx_word' id='word_1_148' title='bbox 1301 504 1330 528; x_wconf 83' lang='grc' dir='ltr'>Ει</span> <span class='ocrx_word' id='word_1_149' title='bbox 1346 510 1393 535; x_wconf 85' lang='lat' dir='ltr'>pro</span> <span class='ocrx_word' id='word_1_150' title='bbox 1406 501 1493 535; x_wconf 78' lang='lat' dir='ltr'>Ligar.</span> <span class='ocrx_word' id='word_1_151' title='bbox 1510 510 1535 532; x_wconf 82' lang='grc'>33</span> <span class='ocrx_word' id='word_1_152' title='bbox 1549 511 1568 527; x_wconf 90' lang='lat' dir='ltr'>c.</span> <span class='ocrx_word' id='word_1_153' title='bbox 1584 510 1604 527; x_wconf 86' lang='lat' dir='ltr'>ii</span> <span class='ocrx_word' id='word_1_154' title='bbox 1634 503 1739 528; x_wconf 81' lang='lat' dir='ltr'>Moucat</span> <span class='ocrx_word' id='word_1_155' title='bbox 1759 508 1784 528; x_wconf 86' lang='lat' dir='ltr'>te</span> <span class='ocrx_word' id='word_1_156' title='bbox 1798 502 1892 536; x_wconf 87' lang='lat' dir='ltr'>pietas,</span> <span class='ocrx_word' id='word_1_157' title='bbox 1905 509 2010 528; x_wconf 84' lang='lat' dir='ltr'>moueat</span> <span class='ocrx_word' id='word_1_158' title='bbox 2028 505 2156 535; x_wconf 68' lang='lat' dir='ltr'>germani-</span> 
     </span>
     <span class='ocr_line' id='line_1_14' title="bbox 60 537 2156 574; baseline -0.002 -6"><span class='ocrx_word' id='word_1_159' title='bbox 60 546 132 568; x_wconf 80' lang='lat' dir='ltr'>GER</span> <span class='ocrx_word' id='word_1_160' title='bbox 142 540 309 571; x_wconf 78' lang='lat' dir='ltr'>ANfTES,</span> <span class='ocrx_word' id='word_1_161' title='bbox 327 549 365 567; x_wconf 86' lang='lat' dir='ltr'>ae.</span> <span class='ocrx_word' id='word_1_162' title='bbox 386 540 406 567; x_wconf 84' lang='lat' dir='ltr'>f.</span> <span class='ocrx_word' id='word_1_163' title='bbox 427 542 533 567; x_wconf 80' lang='lat' dir='ltr'>Gemma.</span> <span class='ocrx_word' id='word_1_164' title='bbox 568 540 635 567; x_wconf 88' lang='lat' dir='ltr'>Plin.</span> <span class='ocrx_word' id='word_1_165' title='bbox 647 547 684 574; x_wconf 81' lang='lat'>37,</span> <span class='ocrx_word' id='word_1_166' title='bbox 698 546 730 564; x_wconf 84' lang='grc' dir='ltr'>ιι,</span> <span class='ocrx_word' id='word_1_167' title='bbox 1121 543 1168 563; x_wconf 88' lang='lat' dir='ltr'>tas.</span> <span class='ocrx_word' id='word_1_168' title='bbox 1225 537 1300 571; x_wconf 86' lang='lat' dir='ltr'>Apul.</span> <span class='ocrx_word' id='word_1_169' title='bbox 1314 537 1377 563; x_wconf 87' lang='lat' dir='ltr'>Met.</span> <span class='ocrx_word' id='word_1_170' title='bbox 1394 545 1405 569; x_wconf 75' lang='grc' dir='ltr'><strong><em>ς</em></strong></span> <span class='ocrx_word' id='word_1_171' title='bbox 1419 546 1443 570; x_wconf 85' lang='lat' dir='ltr'>p.</span> <span class='ocrx_word' id='word_1_172' title='bbox 1460 542 1510 570; x_wconf 68' lang='lat'>171¹,</span> <span class='ocrx_word' id='word_1_173' title='bbox 1525 545 1536 568; x_wconf 82' lang='lat'>5</span> <span class='ocrx_word' id='word_1_174' title='bbox 1561 537 1672 563; x_wconf 86' lang='lat' dir='ltr'>Fallacie</span> <span class='ocrx_word' id='word_1_175' title='bbox 1685 538 1864 571; x_wconf 73' lang='lat' dir='ltr'>germanitatis</span> <span class='ocrx_word' id='word_1_176' title='bbox 1877 537 1997 570; x_wconf 58' lang='lat' dir='ltr'>includia,</span> <span class='ocrx_word' id='word_1_177' title='bbox 2011 547 2071 573; x_wconf 71' lang='lat' dir='ltr'>quae</span> <span class='ocrx_word' id='word_1_178' title='bbox 2089 548 2103 563; x_wconf 90' lang='lat' dir='ltr'>a</span> <span class='ocrx_word' id='word_1_179' title='bbox 2117 540 2156 574; x_wconf 79' lang='lat' dir='ltr'>fh-</span> 
     </span>
     <span class='ocr_line' id='line_1_15' title="bbox 18 571 2158 610; baseline -0.001 -8"><span class='ocrx_word' id='word_1_180' title='bbox 18 578 19 581; x_wconf 76' lang='grc'>’</span> <span class='ocrx_word' id='word_1_181' title='bbox 42 588 44 592; x_wconf 62' lang='grc'>’</span> <span class='ocrx_word' id='word_1_182' title='bbox 56 580 138 602; x_wconf 69' lang='lat' dir='ltr'>Gl-:R</span> <span class='ocrx_word' id='word_1_183' title='bbox 148 581 266 607; x_wconf 82' lang='lat' dir='ltr'>ANVS,</span> <span class='ocrx_word' id='word_1_184' title='bbox 302 575 355 602; x_wconf 77' lang='lat' dir='ltr'>uid.</span> <span class='ocrx_word' id='word_1_185' title='bbox 394 581 415 602; x_wconf 83' lang='lat' dir='ltr'>G</span> <span class='ocrx_word' id='word_1_186' title='bbox 429 583 447 602; x_wconf 78' lang='lat' dir='ltr'>R</span> <span class='ocrx_word' id='word_1_187' title='bbox 457 583 476 602; x_wconf 90' lang='lat' dir='ltr'>v</span> <span class='ocrx_word' id='word_1_188' title='bbox 486 583 508 602; x_wconf 89' lang='lat' dir='ltr'>s.</span> <span class='ocrx_word' id='word_1_189' title='bbox 1121 581 1177 598; x_wconf 83' lang='lat' dir='ltr'>rore</span> <span class='ocrx_word' id='word_1_190' title='bbox 1192 572 1311 607; x_wconf 80' lang='lat' dir='ltr'>fraudem</span> <span class='ocrx_word' id='word_1_191' title='bbox 1325 581 1372 598; x_wconf 85' lang='lat' dir='ltr'>non</span> <span class='ocrx_word' id='word_1_192' title='bbox 1386 571 1552 606; x_wconf 44' lang='lat' dir='ltr'>immerens}</span> <span class='ocrx_word' id='word_1_193' title='bbox 1573 581 1619 597; x_wconf 85' lang='lat' dir='ltr'>non</span> <span class='ocrx_word' id='word_1_194' title='bbox 1632 582 1712 598; x_wconf 82' lang='lat' dir='ltr'>minus</span> <span class='ocrx_word' id='word_1_195' title='bbox 1729 583 1800 608; x_wconf 80' lang='lat' dir='ltr'>quam</span> <span class='ocrx_word' id='word_1_196' title='bbox 1813 574 1923 608; x_wconf 67' lang='lat' dir='ltr'>sororem</span> <span class='ocrx_word' id='word_1_197' title='bbox 1940 574 2040 610; x_wconf 78' lang='lat' dir='ltr'><em>dignam</em></span> <span class='ocrx_word' id='word_1_198' title='bbox 2062 578 2158 608; x_wconf 77' lang='lat' dir='ltr'>nuptiis</span> 
     </span>
     <span class='ocr_line' id='line_1_16' title="bbox 51 605 2157 643; baseline -0.002 -5"><span class='ocrx_word' id='word_1_199' title='bbox 51 613 83 638; x_wconf 87' lang='lat' dir='ltr'>.‘G</span> <span class='ocrx_word' id='word_1_200' title='bbox 94 617 166 638; x_wconf 76' lang='lat' dir='ltr'>ERD</span> <span class='ocrx_word' id='word_1_201' title='bbox 177 616 254 642; x_wconf 82' lang='lat' dir='ltr'>ivs,</span> <span class='ocrx_word' id='word_1_202' title='bbox 281 610 299 636; x_wconf 93' lang='lat' dir='ltr'>i.</span> <span class='ocrx_word' id='word_1_203' title='bbox 324 620 359 638; x_wconf 89' lang='lat' dir='ltr'>m.</span> <span class='ocrx_word' id='word_1_204' title='bbox 396 611 503 638; x_wconf 87' lang='lat' dir='ltr'>Firmic.</span> <span class='ocrx_word' id='word_1_205' title='bbox 518 616 540 641; x_wconf 82' lang='lat'>8,</span> <span class='ocrx_word' id='word_1_206' title='bbox 555 618 585 642; x_wconf 78' lang='lat'>25</span> <span class='ocrx_word' id='word_1_207' title='bbox 609 607 739 643; x_wconf 83' lang='lat' dir='ltr'>Vigefima</span> <span class='ocrx_word' id='word_1_208' title='bbox 758 607 828 633; x_wconf 89' lang='lat' dir='ltr'>sexta</span> <span class='ocrx_word' id='word_1_209' title='bbox 848 615 905 641; x_wconf 85' lang='lat' dir='ltr'>pars</span> <span class='ocrx_word' id='word_1_210' title='bbox 924 605 1021 633; x_wconf 80' lang='lat' dir='ltr'>Librae</span> <span class='ocrx_word' id='word_1_211' title='bbox 1041 606 1058 632; x_wconf 84' lang='lat' dir='ltr'>si</span> <span class='ocrx_word' id='word_1_212' title='bbox 1076 617 1104 635; x_wconf 90' lang='grc' dir='ltr'>ιο</span> <span class='ocrx_word' id='word_1_213' title='bbox 1122 609 1254 642; x_wconf 75' lang='lat' dir='ltr'><em>Cupidinis</em></span> <span class='ocrx_word' id='word_1_214' title='bbox 1263 614 1373 643; x_wconf 78' lang='lat' dir='ltr'>putaret.</span> <span class='ocrx_word' id='word_1_215' title='bbox 1410 607 1482 633; x_wconf 86' lang='lat' dir='ltr'>Idem</span> <span class='ocrx_word' id='word_1_216' title='bbox 1497 616 1508 632; x_wconf 69' lang='grc' dir='ltr'><em>ε</em></span> <span class='ocrx_word' id='word_1_217' title='bbox 1523 615 1547 641; x_wconf 91' lang='lat' dir='ltr'>p.</span> <span class='ocrx_word' id='word_1_218' title='bbox 1562 614 1608 639; x_wconf 79' lang='grc' dir='ltr'>ιις,</span> <span class='ocrx_word' id='word_1_219' title='bbox 1625 615 1654 639; x_wconf 83' lang='lat'>29</span> <span class='ocrx_word' id='word_1_220' title='bbox 1681 609 1715 633; x_wconf 84' lang='lat' dir='ltr'>Ex</span> <span class='ocrx_word' id='word_1_221' title='bbox 1734 609 1837 635; x_wconf 84' lang='lat' dir='ltr'>familia</span> <span class='ocrx_word' id='word_1_222' title='bbox 1850 608 1982 636; x_wconf 70' lang='lat' dir='ltr'>Plutarchi</span> <span class='ocrx_word' id='word_1_223' title='bbox 1995 608 2086 635; x_wconf 87' lang='lat' dir='ltr'>ambae</span> <span class='ocrx_word' id='word_1_224' title='bbox 2099 618 2157 642; x_wconf 88' lang='lat' dir='ltr'>pro-</span> 
     </span>
     <span class='ocr_line' id='line_1_17' title="bbox 21 642 2157 679; baseline -0.002 -5"><span class='ocrx_word' id='word_1_225' title='bbox 21 645 55 674; x_wconf 75' lang='lat' dir='ltr'>¹in</span> <span class='ocrx_word' id='word_1_226' title='bbox 73 645 221 679; x_wconf 89' lang='lat' dir='ltr'>horoscopo</span> <span class='ocrx_word' id='word_1_227' title='bbox 241 646 323 672; x_wconf 86' lang='lat' dir='ltr'>fuerit</span> <span class='ocrx_word' id='word_1_228' title='bbox 345 648 469 679; x_wconf 83' lang='lat' dir='ltr'>inuenta,</span> <span class='ocrx_word' id='word_1_229' title='bbox 494 652 608 673; x_wconf 78' lang='lat' dir='ltr'>textores</span> <span class='ocrx_word' id='word_1_230' title='bbox 630 644 707 670; x_wconf 82' lang='lat' dir='ltr'>faciet</span> <span class='ocrx_word' id='word_1_231' title='bbox 730 643 896 678; x_wconf 84' lang='lat' dir='ltr'>gerdiosque.</span> <span class='ocrx_word' id='word_1_232' title='bbox 942 642 1059 668; x_wconf 86' lang='lat' dir='ltr'>Lucilius</span> <span class='ocrx_word' id='word_1_233' title='bbox 1122 650 1212 677; x_wconf 83' lang='lat' dir='ltr'>gnatae</span> <span class='ocrx_word' id='word_1_234' title='bbox 1228 644 1314 669; x_wconf 83' lang='lat' dir='ltr'>simius</span> <span class='ocrx_word' id='word_1_235' title='bbox 1329 657 1375 662; x_wconf 86' lang='lat'>—-</span> <span class='ocrx_word' id='word_1_236' title='bbox 1392 648 1417 668; x_wconf 88' lang='lat' dir='ltr'>et</span> <span class='ocrx_word' id='word_1_237' title='bbox 1432 642 1458 668; x_wconf 91' lang='lat' dir='ltr'>in</span> <span class='ocrx_word' id='word_1_238' title='bbox 1478 651 1547 668; x_wconf 81' lang='lat' dir='ltr'>nexu</span> <span class='ocrx_word' id='word_1_239' title='bbox 1561 643 1739 676; x_wconf 75' lang='lat' dir='ltr'>germanitatis</span> <span class='ocrx_word' id='word_1_240' title='bbox 1753 652 1802 670; x_wconf 85' lang='lat' dir='ltr'>vna</span> <span class='ocrx_word' id='word_1_241' title='bbox 1817 643 1970 670; x_wconf 77' lang='lat' dir='ltr'>coaluimus.</span> <span class='ocrx_word' id='word_1_242' title='bbox 2024 644 2090 670; x_wconf 86' lang='lat' dir='ltr'>Plin.</span> <span class='ocrx_word' id='word_1_243' title='bbox 2103 646 2129 676; x_wconf 84' lang='lat'>6,</span> <span class='ocrx_word' id='word_1_244' title='bbox 2148 652 2157 670; x_wconf 86' lang='lat'><em>1</em></span> 
     </span>
     <span class='ocr_line' id='line_1_18' title="bbox 18 677 2158 722; baseline -0.001 -16"><span class='ocrx_word' id='word_1_245' title='bbox 18 681 91 722; x_wconf 55' lang='lat' dir='ltr'>apud</span> <span class='ocrx_word' id='word_1_246' title='bbox 104 678 224 709; x_wconf 83' lang='lat' dir='ltr'>Nonium</span> <span class='ocrx_word' id='word_1_247' title='bbox 238 690 263 711; x_wconf 81' lang='lat'>2,</span> <span class='ocrx_word' id='word_1_248' title='bbox 275 689 323 715; x_wconf 82' lang='grc'><strong>379</strong></span> <span class='ocrx_word' id='word_1_249' title='bbox 339 683 439 709; x_wconf 90' lang='lat' dir='ltr'>Curare</span> <span class='ocrx_word' id='word_1_250' title='bbox 452 682 525 708; x_wconf 89' lang='lat' dir='ltr'>domi</span> <span class='ocrx_word' id='word_1_251' title='bbox 539 680 587 707; x_wconf 80' lang='lat' dir='ltr'>sint</span> <span class='ocrx_word' id='word_1_252' title='bbox 600 679 725 709; x_wconf 85' lang='lat' dir='ltr'>Gerdius,</span> <span class='ocrx_word' id='word_1_253' title='bbox 739 678 863 709; x_wconf 88' lang='lat' dir='ltr'>ancillae,</span> <span class='ocrx_word' id='word_1_254' title='bbox 879 679 970 712; x_wconf 90' lang='lat' dir='ltr'>pueri,</span> <span class='ocrx_word' id='word_1_255' title='bbox 984 687 1061 704; x_wconf 88' lang='lat' dir='ltr'>zona·</span> <span class='ocrx_word' id='word_1_256' title='bbox 1123 678 1197 705; x_wconf 90' lang='lat' dir='ltr'>Vnde</span> <span class='ocrx_word' id='word_1_257' title='bbox 1216 687 1312 705; x_wconf 88' lang='lat' dir='ltr'>nomen</span> <span class='ocrx_word' id='word_1_258' title='bbox 1329 677 1458 704; x_wconf 85' lang='lat' dir='ltr'>ambobus</span> <span class='ocrx_word' id='word_1_259' title='bbox 1471 697 1479 709; x_wconf 92' lang='lat'>,</span> <span class='ocrx_word' id='word_1_260' title='bbox 1499 685 1523 704; x_wconf 88' lang='lat' dir='ltr'>et</span> <span class='ocrx_word' id='word_1_261' title='bbox 1543 685 1663 711; x_wconf 78' lang='lat' dir='ltr'>tanquam</span> <span class='ocrx_word' id='word_1_262' title='bbox 1685 679 1710 704; x_wconf 88' lang='lat' dir='ltr'>iii</span> <span class='ocrx_word' id='word_1_263' title='bbox 1729 679 1909 706; x_wconf 76' lang='lat' dir='ltr'>dissociatione</span> <span class='ocrx_word' id='word_1_264' title='bbox 1922 679 2078 714; x_wconf 80' lang='lat' dir='ltr'>germanitas</span> <span class='ocrx_word' id='word_1_265' title='bbox 2098 688 2158 705; x_wconf 84' lang='lat' dir='ltr'>con-</span> 
     </span>
    </p>
   </div>
   <div class='ocr_carea' id='block_1_5' title="bbox 20 710 2158 823">
    <p class='ocr_par' dir='ltr' id='par_1_5' title="bbox 20 710 2158 823">
     <span class='ocr_line' id='line_1_19' title="bbox 21 710 2158 750; baseline -0.001 -6"><span class='ocrx_word' id='word_1_266' title='bbox 21 722 98 748; x_wconf 80' lang='lat' dir='ltr'>&#39;rius,</span> <span class='ocrx_word' id='word_1_267' title='bbox 111 722 206 743; x_wconf 77' lang='lat' dir='ltr'>textor.</span> <span class='ocrx_word' id='word_1_268' title='bbox 244 716 319 743; x_wconf 59' lang='lat' dir='ltr'>Diffi</span> <span class='ocrx_word' id='word_1_269' title='bbox 338 717 432 744; x_wconf 89' lang='lat' dir='ltr'>Gerdii</span> <span class='ocrx_word' id='word_1_270' title='bbox 451 716 566 744; x_wconf 78' lang='lat' dir='ltr'>videntur</span> <span class='ocrx_word' id='word_1_271' title='bbox 583 718 639 742; x_wconf 87' lang='lat' dir='ltr'>viro</span> <span class='ocrx_word' id='word_1_272' title='bbox 658 713 729 741; x_wconf 66' lang='lat' dir='ltr'>doc‘lo</span> <span class='ocrx_word' id='word_1_273' title='bbox 748 713 814 749; x_wconf 69' lang='grc' dir='ltr'><em>παραὶ</em></span> <span class='ocrx_word' id='word_1_274' title='bbox 836 712 864 739; x_wconf 74' lang='grc' dir='ltr'>τὸ</span> <span class='ocrx_word' id='word_1_275' title='bbox 885 715 907 739; x_wconf 77' lang='grc' dir='ltr'>ἐν</span> <span class='ocrx_word' id='word_1_276' title='bbox 932 714 964 745; x_wconf 71' lang='grc' dir='ltr'>γῇ</span> <span class='ocrx_word' id='word_1_277' title='bbox 984 710 1062 750; x_wconf 45' lang='grc' dir='ltr'>ἔρδειν,</span> <span class='ocrx_word' id='word_1_278' title='bbox 1122 723 1189 740; x_wconf 82' lang='lat' dir='ltr'>cors.</span> <span class='ocrx_word' id='word_1_279' title='bbox 1260 712 1426 740; x_wconf 78' lang='lat' dir='ltr'>Necessitudo</span> <span class='ocrx_word' id='word_1_280' title='bbox 1441 713 1618 747; x_wconf 69' lang='lat' dir='ltr'>germanitatis</span> <span class='ocrx_word' id='word_1_281' title='bbox 1632 714 1749 740; x_wconf 67' lang='lat' dir='ltr'>Laclant.</span> <span class='ocrx_word' id='word_1_282' title='bbox 1764 717 1790 746; x_wconf 89' lang='lat'>6,</span> <span class='ocrx_word' id='word_1_283' title='bbox 1802 723 1838 740; x_wconf 84' lang='lat'>10.</span> <span class='ocrx_word' id='word_1_284' title='bbox 1905 716 1974 741; x_wconf 79' lang='lat' dir='ltr'>Mala</span> <span class='ocrx_word' id='word_1_285' title='bbox 1987 715 2158 749; x_wconf 77' lang='lat' dir='ltr'>germanitate</span> 
     </span>
     <span class='ocr_line' id='line_1_20' title="bbox 26 748 2123 788; baseline -0.001 -10"><span class='ocrx_word' id='word_1_286' title='bbox 26 753 66 781; x_wconf 78' lang='lat' dir='ltr'>uel</span> <span class='ocrx_word' id='word_1_287' title='bbox 81 753 103 777; x_wconf 76' lang='grc' dir='ltr'>ἐν</span> <span class='ocrx_word' id='word_1_288' title='bbox 124 753 157 785; x_wconf 74' lang='grc' dir='ltr'><strong><em>γῇ</em></strong></span> <span class='ocrx_word' id='word_1_289' title='bbox 177 750 223 778; x_wconf 74' lang='grc' dir='ltr'>ἴδας</span> <span class='ocrx_word' id='word_1_290' title='bbox 242 754 313 784; x_wconf 61' lang='grc' dir='ltr'><strong>ἔχει,</strong></span> <span class='ocrx_word' id='word_1_291' title='bbox 333 753 397 788; x_wconf 86' lang='lat' dir='ltr'>quod</span> <span class='ocrx_word' id='word_1_292' title='bbox 414 753 481 780; x_wconf 85' lang='lat' dir='ltr'>humi</span> <span class='ocrx_word' id='word_1_293' title='bbox 499 758 576 778; x_wconf 78' lang='lat' dir='ltr'>artem</span> <span class='ocrx_word' id='word_1_294' title='bbox 595 757 738 782; x_wconf 79' lang='lat' dir='ltr'>exerceant,</span> <span class='ocrx_word' id='word_1_295' title='bbox 757 751 798 776; x_wconf 80' lang='lat' dir='ltr'>vel</span> <span class='ocrx_word' id='word_1_296' title='bbox 815 749 879 784; x_wconf 77' lang='lat' dir='ltr'>quod</span> <span class='ocrx_word' id='word_1_297' title='bbox 894 751 922 774; x_wconf 81' lang='lat' dir='ltr'>in</span> <span class='ocrx_word' id='word_1_298' title='bbox 940 755 1008 775; x_wconf 80' lang='lat' dir='ltr'>terra</span> <span class='ocrx_word' id='word_1_299' title='bbox 1020 749 1061 784; x_wconf 78' lang='lat' dir='ltr'>fh·</span> <span class='ocrx_word' id='word_1_300' title='bbox 1121 749 1288 776; x_wconf 81' lang='lat' dir='ltr'>cohaerentia</span> <span class='ocrx_word' id='word_1_301' title='bbox 1301 754 1326 774; x_wconf 91' lang='lat' dir='ltr'>et</span> <span class='ocrx_word' id='word_1_302' title='bbox 1340 748 1450 782; x_wconf 84' lang='lat' dir='ltr'>gemella</span> <span class='ocrx_word' id='word_1_303' title='bbox 1465 749 1530 775; x_wconf 80' lang='lat' dir='ltr'>Plin.</span> <span class='ocrx_word' id='word_1_304' title='bbox 1544 758 1576 781; x_wconf 69' lang='grc' dir='ltr'>ις,</span> <span class='ocrx_word' id='word_1_305' title='bbox 1592 757 1628 780; x_wconf 83' lang='grc' dir='ltr'>ι4.</span> <span class='ocrx_word' id='word_1_306' title='bbox 1648 753 1666 774; x_wconf 86' lang='lat' dir='ltr'>i.</span> <span class='ocrx_word' id='word_1_307' title='bbox 1682 756 1769 784; x_wconf 81' lang='lat' dir='ltr'>poma,</span> <span class='ocrx_word' id='word_1_308' title='bbox 1782 759 1843 785; x_wconf 79' lang='lat' dir='ltr'>quac</span> <span class='ocrx_word' id='word_1_309' title='bbox 1854 752 1994 776; x_wconf 75' lang='lat' dir='ltr'>coaluerunt</span> <span class='ocrx_word' id='word_1_310' title='bbox 2007 753 2072 777; x_wconf 79' lang='lat' dir='ltr'>inter</span> <span class='ocrx_word' id='word_1_311' title='bbox 2086 751 2123 786; x_wconf 74' lang='lat' dir='ltr'>je.</span> 
     </span>
     <span class='ocr_line' id='line_1_21' title="bbox 20 783 2158 823; baseline -0.001 -9"><span class='ocrx_word' id='word_1_312' title='bbox 20 789 84 814; x_wconf 53' lang='lat' dir='ltr'>§um</span> <span class='ocrx_word' id='word_1_313' title='bbox 96 787 216 814; x_wconf 83' lang='lat' dir='ltr'>habeant:</span> <span class='ocrx_word' id='word_1_314' title='bbox 230 787 278 823; x_wconf 75' lang='lat' dir='ltr'>sed</span> <span class='ocrx_word' id='word_1_315' title='bbox 290 788 396 815; x_wconf 83' lang='lat' dir='ltr'>nondum</span> <span class='ocrx_word' id='word_1_316' title='bbox 422 787 479 814; x_wconf 81' lang='lat' dir='ltr'>inde</span> <span class='ocrx_word' id='word_1_317' title='bbox 497 784 606 820; x_wconf 68' lang='lat' dir='ltr'>confiat,</span> <span class='ocrx_word' id='word_1_318' title='bbox 629 785 749 822; x_wconf 81' lang='lat' dir='ltr'>quodnam</span> <span class='ocrx_word' id='word_1_319' title='bbox 762 788 866 820; x_wconf 77' lang='lat' dir='ltr'>proprie</span> <span class='ocrx_word' id='word_1_320' title='bbox 884 783 980 810; x_wconf 73' lang='lat' dir='ltr'>illorum</span> <span class='ocrx_word' id='word_1_321' title='bbox 994 784 1062 819; x_wconf 74' lang='lat' dir='ltr'>opifi—</span> <span class='ocrx_word' id='word_1_322' title='bbox 1079 791 1104 817; x_wconf 81' lang='grc' dir='ltr'>ις</span> <span class='ocrx_word' id='word_1_323' title='bbox 1161 790 1180 811; x_wconf 86' lang='lat' dir='ltr'>G</span> <span class='ocrx_word' id='word_1_324' title='bbox 1194 791 1210 810; x_wconf 81' lang='lat' dir='ltr'>E</span> <span class='ocrx_word' id='word_1_325' title='bbox 1221 791 1370 811; x_wconf 80' lang='lat' dir='ltr'>RMANE.</span> <span class='ocrx_word' id='word_1_326' title='bbox 1409 784 1475 810; x_wconf 86' lang='lat' dir='ltr'>Adii.</span> <span class='ocrx_word' id='word_1_327' title='bbox 1512 785 1568 810; x_wconf 87' lang='lat' dir='ltr'>Cic.</span> <span class='ocrx_word' id='word_1_328' title='bbox 1583 786 1618 817; x_wconf 79' lang='lat' dir='ltr'>Q</span> <span class='ocrx_word' id='word_1_329' title='bbox 1633 785 1700 811; x_wconf 82' lang='lat' dir='ltr'>Frat.</span> <span class='ocrx_word' id='word_1_330' title='bbox 1721 794 1745 817; x_wconf 88' lang='lat'>2,</span> <span class='ocrx_word' id='word_1_331' title='bbox 1761 793 1790 818; x_wconf 84' lang='lat'>¹4</span> <span class='ocrx_word' id='word_1_332' title='bbox 1818 786 1856 810; x_wconf 84' lang='lat' dir='ltr'>De</span> <span class='ocrx_word' id='word_1_333' title='bbox 1877 794 1930 819; x_wconf 87' lang='lat' dir='ltr'>quo</span> <span class='ocrx_word' id='word_1_334' title='bbox 1952 787 2027 820; x_wconf 81' lang='lat' dir='ltr'>petis,</span> <span class='ocrx_word' id='word_1_335' title='bbox 2042 791 2068 812; x_wconf 87' lang='lat' dir='ltr'>vt</span> <span class='ocrx_word' id='word_1_336' title='bbox 2083 785 2114 812; x_wconf 89' lang='lat' dir='ltr'>ad</span> <span class='ocrx_word' id='word_1_337' title='bbox 2132 790 2158 812; x_wconf 88' lang='lat' dir='ltr'>te</span> 
     </span>
    </p>
   </div>
   <div class='ocr_carea' id='block_1_6' title="bbox 23 819 2159 928">
    <p class='ocr_par' dir='ltr' id='par_1_6' title="bbox 23 819 2159 928">
     <span class='ocr_line' id='line_1_22' title="bbox 23 819 2157 858; baseline -0 -9"><span class='ocrx_word' id='word_1_338' title='bbox 23 825 88 850; x_wconf 82' lang='lat' dir='ltr'>cium</span> <span class='ocrx_word' id='word_1_339' title='bbox 98 822 193 858; x_wconf 79' lang='lat' dir='ltr'>fuerit.</span> <span class='ocrx_word' id='word_1_340' title='bbox 1123 820 1191 847; x_wconf 84' lang='lat' dir='ltr'>nihil</span> <span class='ocrx_word' id='word_1_341' title='bbox 1211 819 1357 852; x_wconf 86' lang='lat' dir='ltr'>occultans,</span> <span class='ocrx_word' id='word_1_342' title='bbox 1381 819 1449 845; x_wconf 90' lang='lat' dir='ltr'>nihil</span> <span class='ocrx_word' id='word_1_343' title='bbox 1471 819 1644 853; x_wconf 77' lang='lat' dir='ltr'>dissimulans,</span> <span class='ocrx_word' id='word_1_344' title='bbox 1657 820 1726 846; x_wconf 89' lang='lat' dir='ltr'>nihil</span> <span class='ocrx_word' id='word_1_345' title='bbox 1739 820 1790 847; x_wconf 86' lang='lat' dir='ltr'>tibi</span> <span class='ocrx_word' id='word_1_346' title='bbox 1809 819 1961 855; x_wconf 77' lang='lat' dir='ltr'>indulgens,</span> <span class='ocrx_word' id='word_1_347' title='bbox 1974 830 2095 855; x_wconf 82' lang='lat' dir='ltr'>germane</span> <span class='ocrx_word' id='word_1_348' title='bbox 2107 821 2157 848; x_wconf 84' lang='lat' dir='ltr'>fra-</span> 
     </span>
     <span class='ocr_line' id='line_1_23' title="bbox 59 854 1470 894; baseline -0.004 -9"><span class='ocrx_word' id='word_1_349' title='bbox 59 863 81 885; x_wconf 89' lang='lat' dir='ltr'>G</span> <span class='ocrx_word' id='word_1_350' title='bbox 89 864 106 884; x_wconf 84' lang='lat' dir='ltr'>E</span> <span class='ocrx_word' id='word_1_351' title='bbox 115 865 134 884; x_wconf 83' lang='lat' dir='ltr'>R</span> <span class='ocrx_word' id='word_1_352' title='bbox 145 865 171 884; x_wconf 88' lang='grc' dir='ltr'><strong><em>Μ</em></strong></span> <span class='ocrx_word' id='word_1_353' title='bbox 181 865 203 885; x_wconf 82' lang='grc' dir='ltr'><strong>Α</strong></span> <span class='ocrx_word' id='word_1_354' title='bbox 212 865 228 884; x_wconf 87' lang='lat' dir='ltr'>L</span> <span class='ocrx_word' id='word_1_355' title='bbox 238 865 258 884; x_wconf 91' lang='lat' dir='ltr'>v</span> <span class='ocrx_word' id='word_1_356' title='bbox 268 865 291 884; x_wconf 87' lang='lat' dir='ltr'>M</span> <span class='ocrx_word' id='word_1_357' title='bbox 302 878 310 891; x_wconf 92' lang='lat'>,</span> <span class='ocrx_word' id='word_1_358' title='bbox 329 868 362 885; x_wconf 84' lang='lat' dir='ltr'>an</span> <span class='ocrx_word' id='word_1_359' title='bbox 387 864 408 885; x_wconf 86' lang='lat' dir='ltr'>G</span> <span class='ocrx_word' id='word_1_360' title='bbox 417 864 433 885; x_wconf 82' lang='grc' dir='ltr'><strong>Ε</strong></span> <span class='ocrx_word' id='word_1_361' title='bbox 440 864 459 884; x_wconf 78' lang='lat' dir='ltr'>R</span> <span class='ocrx_word' id='word_1_362' title='bbox 468 863 494 883; x_wconf 87' lang='lat' dir='ltr'>M</span> <span class='ocrx_word' id='word_1_363' title='bbox 504 863 526 883; x_wconf 84' lang='grc' dir='ltr'><strong>Λ</strong></span> <span class='ocrx_word' id='word_1_364' title='bbox 535 863 551 882; x_wconf 89' lang='lat' dir='ltr'>L</span> <span class='ocrx_word' id='word_1_365' title='bbox 561 863 583 894; x_wconf 60' lang='lat' dir='ltr'>V.</span> <span class='ocrx_word' id='word_1_366' title='bbox 590 862 603 882; x_wconf 85' lang='lat' dir='ltr'>S</span> <span class='ocrx_word' id='word_1_367' title='bbox 612 876 621 888; x_wconf 90' lang='lat'>,</span> <span class='ocrx_word' id='word_1_368' title='bbox 631 856 660 883; x_wconf 56' lang='lat' dir='ltr'>ri.</span> <span class='ocrx_word' id='word_1_369' title='bbox 697 857 777 883; x_wconf 84' lang='lat' dir='ltr'>Locus</span> <span class='ocrx_word' id='word_1_370' title='bbox 791 858 819 882; x_wconf 83' lang='lat' dir='ltr'>in</span> <span class='ocrx_word' id='word_1_371' title='bbox 839 854 897 881; x_wconf 78' lang='lat' dir='ltr'>vrbe</span> <span class='ocrx_word' id='word_1_372' title='bbox 910 855 986 880; x_wconf 84' lang='lat' dir='ltr'>Roma</span> <span class='ocrx_word' id='word_1_373' title='bbox 1001 861 1062 881; x_wconf 81' lang='lat' dir='ltr'>vete·</span> <span class='ocrx_word' id='word_1_374' title='bbox 1122 862 1247 890; x_wconf 87' lang='lat' dir='ltr'>terneque</span> <span class='ocrx_word' id='word_1_375' title='bbox 1261 854 1411 885; x_wconf 85' lang='lat' dir='ltr'>rescribam,</span> <span class='ocrx_word' id='word_1_376' title='bbox 1425 862 1470 882; x_wconf 76' lang='lat' dir='ltr'>etc.</span> 
     </span>
     <span class='ocr_line' id='line_1_24' title="bbox 25 888 2159 928; baseline -0.001 -8"><span class='ocrx_word' id='word_1_377' title='bbox 25 895 60 920; x_wconf 78' lang='lat' dir='ltr'>ri.</span> <span class='ocrx_word' id='word_1_378' title='bbox 95 894 183 920; x_wconf 87' lang='lat' dir='ltr'>Varro</span> <span class='ocrx_word' id='word_1_379' title='bbox 195 893 227 920; x_wconf 89' lang='lat' dir='ltr'>de</span> <span class='ocrx_word' id='word_1_380' title='bbox 240 894 268 920; x_wconf 92' lang='lat' dir='ltr'>L.</span> <span class='ocrx_word' id='word_1_381' title='bbox 282 894 312 920; x_wconf 94' lang='lat' dir='ltr'>L.</span> <span class='ocrx_word' id='word_1_382' title='bbox 326 904 354 928; x_wconf 88' lang='lat'>4,</span> <span class='ocrx_word' id='word_1_383' title='bbox 368 898 381 923; x_wconf 84' lang='lat'><em>8</em></span> <span class='ocrx_word' id='word_1_384' title='bbox 402 903 426 927; x_wconf 88' lang='lat' dir='ltr'>p.</span> <span class='ocrx_word' id='word_1_385' title='bbox 442 895 480 924; x_wconf 86' lang='lat'>16,</span> <span class='ocrx_word' id='word_1_386' title='bbox 492 900 516 918; x_wconf 71' lang='grc' dir='ltr'>ει</span> <span class='ocrx_word' id='word_1_387' title='bbox 537 891 690 918; x_wconf 84' lang='lat' dir='ltr'>Germalum</span> <span class='ocrx_word' id='word_1_388' title='bbox 709 901 724 918; x_wconf 92' lang='lat' dir='ltr'>a</span> <span class='ocrx_word' id='word_1_389' title='bbox 743 890 880 917; x_wconf 85' lang='lat' dir='ltr'>Germanis</span> <span class='ocrx_word' id='word_1_390' title='bbox 902 890 1017 916; x_wconf 85' lang='lat' dir='ltr'>Romulo</span> <span class='ocrx_word' id='word_1_391' title='bbox 1035 896 1060 917; x_wconf 85' lang='lat' dir='ltr'>et</span> <span class='ocrx_word' id='word_1_392' title='bbox 1158 897 1177 917; x_wconf 85' lang='lat' dir='ltr'>G</span> <span class='ocrx_word' id='word_1_393' title='bbox 1189 897 1230 917; x_wconf 78' lang='lat' dir='ltr'>ER</span> <span class='ocrx_word' id='word_1_394' title='bbox 1240 897 1296 917; x_wconf 86' lang='grc' dir='ltr'>ΜΑ</span> <span class='ocrx_word' id='word_1_395' title='bbox 1306 897 1327 915; x_wconf 85' lang='grc' dir='ltr'>Ν</span> <span class='ocrx_word' id='word_1_396' title='bbox 1337 888 1376 915; x_wconf 75' lang='grc' dir='ltr'>“ι’Τ</span> <span class='ocrx_word' id='word_1_397' title='bbox 1387 897 1406 917; x_wconf 89' lang='lat' dir='ltr'>v</span> <span class='ocrx_word' id='word_1_398' title='bbox 1417 896 1439 916; x_wconf 80' lang='lat' dir='ltr'>s.</span> <span class='ocrx_word' id='word_1_399' title='bbox 1458 890 1525 916; x_wconf 78' lang='lat' dir='ltr'>Adii.</span> <span class='ocrx_word' id='word_1_400' title='bbox 1561 890 1704 923; x_wconf 84' lang='lat' dir='ltr'>Fideliter,</span> <span class='ocrx_word' id='word_1_401' title='bbox 1719 890 1818 917; x_wconf 63' lang='lat' dir='ltr'>dietum</span> <span class='ocrx_word' id='word_1_402' title='bbox 1832 899 1847 916; x_wconf 84' lang='lat' dir='ltr'>a</span> <span class='ocrx_word' id='word_1_403' title='bbox 1860 891 2048 918; x_wconf 87' lang='lat' dir='ltr'>Gerinanitate.</span> <span class='ocrx_word' id='word_1_404' title='bbox 2085 892 2159 918; x_wconf 83' lang='lat' dir='ltr'>Porri-</span> 
     </span>
    </p>
   </div>
   <div class='ocr_carea' id='block_1_7' title="bbox 22 925 2160 1247">
    <p class='ocr_par' dir='ltr' id='par_1_7' title="bbox 22 925 2160 1247">
     <span class='ocr_line' id='line_1_25' title="bbox 25 925 2158 964; baseline -0.001 -8"><span class='ocrx_word' id='word_1_405' title='bbox 25 928 120 961; x_wconf 79' lang='lat' dir='ltr'>Remo,</span> <span class='ocrx_word' id='word_1_406' title='bbox 129 929 200 964; x_wconf 88' lang='lat' dir='ltr'>quod</span> <span class='ocrx_word' id='word_1_407' title='bbox 214 929 245 955; x_wconf 90' lang='lat' dir='ltr'>ad</span> <span class='ocrx_word' id='word_1_408' title='bbox 259 930 347 955; x_wconf 86' lang='lat' dir='ltr'>vicum</span> <span class='ocrx_word' id='word_1_409' title='bbox 360 927 515 956; x_wconf 84' lang='lat' dir='ltr'>ruminalem</span> <span class='ocrx_word' id='word_1_410' title='bbox 528 933 553 953; x_wconf 89' lang='lat' dir='ltr'>et</span> <span class='ocrx_word' id='word_1_411' title='bbox 570 927 598 953; x_wconf 88' lang='lat' dir='ltr'>hi</span> <span class='ocrx_word' id='word_1_412' title='bbox 614 927 725 954; x_wconf 85' lang='lat' dir='ltr'>inuenti.</span> <span class='ocrx_word' id='word_1_413' title='bbox 761 928 792 953; x_wconf 81' lang='lat' dir='ltr'>Et</span> <span class='ocrx_word' id='word_1_414' title='bbox 800 926 886 961; x_wconf 79' lang='lat' dir='ltr'>paullo</span> <span class='ocrx_word' id='word_1_415' title='bbox 899 932 970 958; x_wconf 73' lang='lat' dir='ltr'>ante,</span> <span class='ocrx_word' id='word_1_416' title='bbox 991 926 1061 952; x_wconf 85' lang='lat' dir='ltr'>Huic</span> <span class='ocrx_word' id='word_1_417' title='bbox 1123 927 1218 960; x_wconf 75' lang='lat' dir='ltr'>ponitis</span> <span class='ocrx_word' id='word_1_418' title='bbox 1233 925 1299 962; x_wconf 80' lang='lat' dir='ltr'>apud</span> <span class='ocrx_word' id='word_1_419' title='bbox 1310 925 1383 952; x_wconf 84' lang='lat' dir='ltr'>Non.</span> <span class='ocrx_word' id='word_1_420' title='bbox 1397 934 1423 958; x_wconf 84' lang='lat'>2,</span> <span class='ocrx_word' id='word_1_421' title='bbox 1438 931 1477 958; x_wconf 77' lang='lat'>381</span> <span class='ocrx_word' id='word_1_422' title='bbox 1505 926 1541 951; x_wconf 92' lang='lat' dir='ltr'>Vt</span> <span class='ocrx_word' id='word_1_423' title='bbox 1554 926 1570 951; x_wconf 88' lang='lat' dir='ltr'>li</span> <span class='ocrx_word' id='word_1_424' title='bbox 1588 926 1648 960; x_wconf 89' lang='lat' dir='ltr'>quis</span> <span class='ocrx_word' id='word_1_425' title='bbox 1659 927 1693 951; x_wconf 84' lang='lat' dir='ltr'>est</span> <span class='ocrx_word' id='word_1_426' title='bbox 1708 927 1804 952; x_wconf 80' lang='lat' dir='ltr'>amicus</span> <span class='ocrx_word' id='word_1_427' title='bbox 1817 926 1910 957; x_wconf 84' lang='lat' dir='ltr'>amici,</span> <span class='ocrx_word' id='word_1_428' title='bbox 1925 927 2048 960; x_wconf 83' lang='lat' dir='ltr'>gaudeat,</span> <span class='ocrx_word' id='word_1_429' title='bbox 2062 926 2079 952; x_wconf 84' lang='lat' dir='ltr'>fi</span> <span class='ocrx_word' id='word_1_430' title='bbox 2093 926 2158 960; x_wconf 86' lang='lat' dir='ltr'>quid</span> 
     </span>
     <span class='ocr_line' id='line_1_26' title="bbox 27 961 2157 997; baseline -0.001 -7"><span class='ocrx_word' id='word_1_431' title='bbox 27 964 165 996; x_wconf 87' lang='lat' dir='ltr'>(Palatio)</span> <span class='ocrx_word' id='word_1_432' title='bbox 192 964 344 992; x_wconf 87' lang='lat' dir='ltr'>Gerinaluni</span> <span class='ocrx_word' id='word_1_433' title='bbox 364 969 389 990; x_wconf 89' lang='lat' dir='ltr'>et</span> <span class='ocrx_word' id='word_1_434' title='bbox 412 963 500 990; x_wconf 89' lang='lat' dir='ltr'>Velias</span> <span class='ocrx_word' id='word_1_435' title='bbox 517 963 718 989; x_wconf 81' lang='lat' dir='ltr'>coniunxerunt.</span> <span class='ocrx_word' id='word_1_436' title='bbox 772 963 840 987; x_wconf 76' lang='lat' dir='ltr'>Hinc</span> <span class='ocrx_word' id='word_1_437' title='bbox 860 961 916 987; x_wconf 78' lang='lat' dir='ltr'>Cic.</span> <span class='ocrx_word' id='word_1_438' title='bbox 931 962 983 987; x_wconf 93' lang='lat' dir='ltr'>Att.</span> <span class='ocrx_word' id='word_1_439' title='bbox 1003 970 1028 994; x_wconf 85' lang='lat'>4,</span> <span class='ocrx_word' id='word_1_440' title='bbox 1047 971 1058 993; x_wconf 80' lang='grc'><strong>3</strong></span> <span class='ocrx_word' id='word_1_441' title='bbox 1075 971 1108 989; x_wconf 88' lang='lat'>20</span> <span class='ocrx_word' id='word_1_442' title='bbox 1124 963 1189 988; x_wconf 88' lang='lat' dir='ltr'>boni</span> <span class='ocrx_word' id='word_1_443' title='bbox 1208 961 1298 988; x_wconf 88' lang='lat' dir='ltr'>euenit</span> <span class='ocrx_word' id='word_1_444' title='bbox 1317 961 1389 987; x_wconf 85' lang='lat' dir='ltr'>cuius</span> <span class='ocrx_word' id='word_1_445' title='bbox 1407 963 1505 988; x_wconf 85' lang='lat' dir='ltr'>amicus</span> <span class='ocrx_word' id='word_1_446' title='bbox 1525 961 1561 987; x_wconf 86' lang='lat' dir='ltr'>est</span> <span class='ocrx_word' id='word_1_447' title='bbox 1581 962 1750 995; x_wconf 85' lang='lat' dir='ltr'>germanitus.</span> <span class='ocrx_word' id='word_1_448' title='bbox 1804 961 1876 997; x_wconf 81' lang='lat' dir='ltr'>Conf.</span> <span class='ocrx_word' id='word_1_449' title='bbox 1896 962 2031 996; x_wconf 83' lang='lat' dir='ltr'>Augustin.</span> <span class='ocrx_word' id='word_1_450' title='bbox 2045 963 2157 989; x_wconf 81' lang='lat' dir='ltr'>Confeff.</span> 
     </span>
     <span class='ocr_line' id='line_1_27' title="bbox 25 996 1300 1033; baseline -0.003 -7"><span class='ocrx_word' id='word_1_451' title='bbox 25 999 138 1026; x_wconf 85' lang='lat' dir='ltr'>Milonis</span> <span class='ocrx_word' id='word_1_452' title='bbox 156 1000 265 1027; x_wconf 89' lang='lat' dir='ltr'>domum</span> <span class='ocrx_word' id='word_1_453' title='bbox 286 1001 314 1026; x_wconf 92' lang='lat' dir='ltr'>in</span> <span class='ocrx_word' id='word_1_454' title='bbox 327 998 450 1026; x_wconf 83' lang='lat' dir='ltr'>Germalo</span> <span class='ocrx_word' id='word_1_455' title='bbox 466 1000 586 1025; x_wconf 77' lang='lat' dir='ltr'>collocarit</span> <span class='ocrx_word' id='word_1_456' title='bbox 604 998 697 1025; x_wconf 81' lang='lat' dir='ltr'>eruditi</span> <span class='ocrx_word' id='word_1_457' title='bbox 712 1004 757 1033; x_wconf 79' lang='lat' dir='ltr'>pro</span> <span class='ocrx_word' id='word_1_458' title='bbox 771 997 911 1027; x_wconf 86' lang='lat' dir='ltr'>Ceramio,</span> <span class='ocrx_word' id='word_1_459' title='bbox 925 996 990 1032; x_wconf 75' lang='lat' dir='ltr'>quod</span> <span class='ocrx_word' id='word_1_460' title='bbox 1002 1001 1061 1033; x_wconf 73' lang='lat' dir='ltr'>Jcre</span> <span class='ocrx_word' id='word_1_461' title='bbox 1123 1006 1144 1030; x_wconf 79' lang='grc'>3,</span> <span class='ocrx_word' id='word_1_462' title='bbox 1159 1007 1170 1023; x_wconf 89' lang='lat'><em>2</em></span> <span class='ocrx_word' id='word_1_463' title='bbox 1191 1004 1213 1023; x_wconf 79' lang='lat' dir='ltr'>et</span> <span class='ocrx_word' id='word_1_464' title='bbox 1233 1006 1260 1031; x_wconf 83' lang='lat'>4,</span> <span class='ocrx_word' id='word_1_465' title='bbox 1273 1006 1300 1030; x_wconf 83' lang='lat'>4.</span> 
     </span>
     <span class='ocr_line' id='line_1_28' title="bbox 26 1030 2158 1070; baseline -0.001 -9"><span class='ocrx_word' id='word_1_466' title='bbox 26 1033 60 1068; x_wconf 77' lang='lat' dir='ltr'>cst</span> <span class='ocrx_word' id='word_1_467' title='bbox 71 1038 99 1061; x_wconf 86' lang='lat' dir='ltr'>in</span> <span class='ocrx_word' id='word_1_468' title='bbox 112 1035 186 1063; x_wconf 86' lang='lat' dir='ltr'><em>MSS.</em></span> <span class='ocrx_word' id='word_1_469' title='bbox 221 1035 298 1070; x_wconf 78' lang='lat' dir='ltr'>Apud</span> <span class='ocrx_word' id='word_1_470' title='bbox 308 1035 410 1062; x_wconf 85' lang='lat' dir='ltr'>Festum</span> <span class='ocrx_word' id='word_1_471' title='bbox 424 1033 456 1067; x_wconf 82' lang='lat' dir='ltr'>est</span> <span class='ocrx_word' id='word_1_472' title='bbox 469 1034 622 1066; x_wconf 84' lang='lat' dir='ltr'>Cermalus,</span> <span class='ocrx_word' id='word_1_473' title='bbox 637 1033 701 1070; x_wconf 78' lang='lat' dir='ltr'>quod</span> <span class='ocrx_word' id='word_1_474' title='bbox 713 1031 772 1059; x_wconf 84' lang='lat' dir='ltr'>ordo</span> <span class='ocrx_word' id='word_1_475' title='bbox 786 1031 900 1065; x_wconf 72' lang='lat' dir='ltr'>ificndit.</span> <span class='ocrx_word' id='word_1_476' title='bbox 1161 1038 1180 1058; x_wconf 87' lang='lat' dir='ltr'><strong>G</strong></span> <span class='ocrx_word' id='word_1_477' title='bbox 1191 1039 1207 1059; x_wconf 79' lang='lat' dir='ltr'>E</span> <span class='ocrx_word' id='word_1_478' title='bbox 1219 1039 1236 1059; x_wconf 82' lang='lat' dir='ltr'>R</span> <span class='ocrx_word' id='word_1_479' title='bbox 1247 1039 1271 1058; x_wconf 87' lang='lat' dir='ltr'>M</span> <span class='ocrx_word' id='word_1_480' title='bbox 1280 1039 1289 1058; x_wconf 95' lang='lat'>1</span> <span class='ocrx_word' id='word_1_481' title='bbox 1298 1039 1320 1058; x_wconf 85' lang='lat' dir='ltr'>N</span> <span class='ocrx_word' id='word_1_482' title='bbox 1332 1033 1354 1057; x_wconf 63' lang='lat' dir='ltr'><strong><em>A</em></strong></span> <span class='ocrx_word' id='word_1_483' title='bbox 1363 1038 1378 1058; x_wconf 42' lang='grc' dir='ltr'>ι.</span> <span class='ocrx_word' id='word_1_484' title='bbox 1390 1038 1397 1056; x_wconf 88' lang='grc' dir='ltr'>ι</span> <span class='ocrx_word' id='word_1_485' title='bbox 1407 1039 1435 1064; x_wconf 82' lang='lat' dir='ltr'>s,</span> <span class='ocrx_word' id='word_1_486' title='bbox 1457 1040 1480 1057; x_wconf 90' lang='lat' dir='ltr'>e.</span> <span class='ocrx_word' id='word_1_487' title='bbox 1509 1031 1569 1057; x_wconf 90' lang='lat' dir='ltr'>Adi.</span> <span class='ocrx_word' id='word_1_488' title='bbox 1605 1030 1767 1064; x_wconf 77' lang='grc' dir='ltr'>[βλαςητδς]</span> <span class='ocrx_word' id='word_1_489' title='bbox 1805 1030 1910 1064; x_wconf 76' lang='lat' dir='ltr'>leian.</span> <span class='ocrx_word' id='word_1_490' title='bbox 1930 1030 1946 1056; x_wconf 93' lang='lat' dir='ltr'>l.</span> <span class='ocrx_word' id='word_1_491' title='bbox 1967 1039 1994 1065; x_wconf 87' lang='lat'>17</span> <span class='ocrx_word' id='word_1_492' title='bbox 2013 1032 2122 1058; x_wconf 72' lang='lat' dir='ltr'>Frue‘ius</span> <span class='ocrx_word' id='word_1_493' title='bbox 2136 1031 2158 1069; x_wconf 87' lang='lat'>§.</span> 
     </span>
     <span class='ocr_line' id='line_1_29' title="bbox 65 1065 2159 1105; baseline -0.001 -9"><span class='ocrx_word' id='word_1_494' title='bbox 65 1075 87 1096; x_wconf 87' lang='lat' dir='ltr'>G</span> <span class='ocrx_word' id='word_1_495' title='bbox 99 1077 116 1097; x_wconf 79' lang='grc' dir='ltr'>Ε</span> <span class='ocrx_word' id='word_1_496' title='bbox 125 1077 254 1098; x_wconf 76' lang='lat' dir='ltr'>RMALE</span> <span class='ocrx_word' id='word_1_497' title='bbox 263 1078 282 1096; x_wconf 85' lang='grc' dir='ltr'><strong>Ν</strong></span> <span class='ocrx_word' id='word_1_498' title='bbox 291 1076 304 1096; x_wconf 86' lang='lat' dir='ltr'>s</span> <span class='ocrx_word' id='word_1_499' title='bbox 313 1076 329 1096; x_wconf 86' lang='grc' dir='ltr'>Ε</span> <span class='ocrx_word' id='word_1_500' title='bbox 338 1077 351 1097; x_wconf 91' lang='lat' dir='ltr'>s</span> <span class='ocrx_word' id='word_1_501' title='bbox 371 1070 486 1097; x_wconf 85' lang='lat' dir='ltr'>Varroni</span> <span class='ocrx_word' id='word_1_502' title='bbox 499 1071 516 1096; x_wconf 93' lang='grc' dir='ltr'>Ι.</span> <span class='ocrx_word' id='word_1_503' title='bbox 529 1079 550 1095; x_wconf 94' lang='lat' dir='ltr'>c.</span> <span class='ocrx_word' id='word_1_504' title='bbox 557 1069 634 1105; x_wconf 73' lang='lat' dir='ltr'>fimi,</span> <span class='ocrx_word' id='word_1_505' title='bbox 646 1072 690 1104; x_wconf 85' lang='lat' dir='ltr'>qui</span> <span class='ocrx_word' id='word_1_506' title='bbox 703 1069 841 1095; x_wconf 81' lang='lat' dir='ltr'>Germalum</span> <span class='ocrx_word' id='word_1_507' title='bbox 853 1068 976 1094; x_wconf 78' lang='lat' dir='ltr'>habitant.</span> <span class='ocrx_word' id='word_1_508' title='bbox 1122 1067 1148 1093; x_wconf 87' lang='lat' dir='ltr'>Si</span> <span class='ocrx_word' id='word_1_509' title='bbox 1163 1067 1273 1094; x_wconf 86' lang='lat' dir='ltr'>fundum</span> <span class='ocrx_word' id='word_1_510' title='bbox 1287 1067 1319 1093; x_wconf 88' lang='lat' dir='ltr'>D.</span> <span class='ocrx_word' id='word_1_511' title='bbox 1332 1067 1422 1093; x_wconf 88' lang='lat' dir='ltr'>Soluto</span> <span class='ocrx_word' id='word_1_512' title='bbox 1435 1066 1608 1093; x_wconf 90' lang='lat' dir='ltr'>matrimonio</span> <span class='ocrx_word' id='word_1_513' title='bbox 1617 1086 1624 1098; x_wconf 89' lang='lat'>,</span> <span class='ocrx_word' id='word_1_514' title='bbox 1644 1066 1670 1091; x_wconf 86' lang='lat' dir='ltr'>Si</span> <span class='ocrx_word' id='word_1_515' title='bbox 1683 1065 1790 1092; x_wconf 83' lang='lat' dir='ltr'>arbores</span> <span class='ocrx_word' id='word_1_516' title='bbox 1805 1065 1915 1092; x_wconf 83' lang='lat' dir='ltr'>caeduae</span> <span class='ocrx_word' id='word_1_517' title='bbox 1927 1067 2035 1097; x_wconf 84' lang='lat' dir='ltr'>fuerint,</span> <span class='ocrx_word' id='word_1_518' title='bbox 2048 1067 2088 1093; x_wconf 88' lang='lat' dir='ltr'>vel</span> <span class='ocrx_word' id='word_1_519' title='bbox 2102 1077 2159 1101; x_wconf 80' lang='lat' dir='ltr'>ger-</span> 
     </span>
     <span class='ocr_line' id='line_1_30' title="bbox 63 1099 2159 1142; baseline -0.002 -10"><span class='ocrx_word' id='word_1_520' title='bbox 63 1111 86 1132; x_wconf 87' lang='lat' dir='ltr'>G</span> <span class='ocrx_word' id='word_1_521' title='bbox 97 1111 236 1133; x_wconf 79' lang='lat' dir='ltr'>ERMAN</span> <span class='ocrx_word' id='word_1_522' title='bbox 247 1113 267 1132; x_wconf 85' lang='lat' dir='ltr'>V</span> <span class='ocrx_word' id='word_1_523' title='bbox 276 1111 290 1131; x_wconf 88' lang='lat' dir='ltr'>s</span> <span class='ocrx_word' id='word_1_524' title='bbox 296 1125 305 1138; x_wconf 92' lang='lat'>,</span> <span class='ocrx_word' id='word_1_525' title='bbox 326 1115 409 1132; x_wconf 84' lang='lat' dir='ltr'>nomen</span> <span class='ocrx_word' id='word_1_526' title='bbox 427 1108 525 1142; x_wconf 80' lang='lat' dir='ltr'>gentis,</span> <span class='ocrx_word' id='word_1_527' title='bbox 539 1113 619 1139; x_wconf 79' lang='lat' dir='ltr'>a-qua</span> <span class='ocrx_word' id='word_1_528' title='bbox 636 1102 706 1130; x_wconf 65' lang='lat' dir='ltr'>dicia</span> <span class='ocrx_word' id='word_1_529' title='bbox 725 1101 758 1136; x_wconf 62' lang='lat' dir='ltr'>est</span> <span class='ocrx_word' id='word_1_530' title='bbox 777 1104 920 1129; x_wconf 82' lang='lat' dir='ltr'>Germania</span> <span class='ocrx_word' id='word_1_531' title='bbox 930 1124 937 1135; x_wconf 94' lang='lat'>,</span> <span class='ocrx_word' id='word_1_532' title='bbox 950 1103 997 1137; x_wconf 72' lang='lat' dir='ltr'>jub</span> <span class='ocrx_word' id='word_1_533' title='bbox 1015 1112 1060 1139; x_wconf 85' lang='lat' dir='ltr'>quo</span> <span class='ocrx_word' id='word_1_534' title='bbox 1122 1103 1241 1129; x_wconf 85' lang='lat' dir='ltr'>minales.</span> <span class='ocrx_word' id='word_1_535' title='bbox 1283 1102 1387 1129; x_wconf 78' lang='lat' dir='ltr'>Videtur</span> <span class='ocrx_word' id='word_1_536' title='bbox 1401 1102 1516 1129; x_wconf 87' lang='lat' dir='ltr'>Arbores</span> <span class='ocrx_word' id='word_1_537' title='bbox 1521 1101 1683 1138; x_wconf 74' lang='lat' dir='ltr'>fignificare,</span> <span class='ocrx_word' id='word_1_538' title='bbox 1703 1102 1771 1127; x_wconf 71' lang='lat' dir='ltr'>(mae</span> <span class='ocrx_word' id='word_1_539' title='bbox 1782 1110 1810 1126; x_wconf 82' lang='lat' dir='ltr'>ex</span> <span class='ocrx_word' id='word_1_540' title='bbox 1823 1099 1889 1126; x_wconf 68' lang='lat' dir='ltr'>iaHo</span> <span class='ocrx_word' id='word_1_541' title='bbox 1896 1101 2003 1136; x_wconf 57' lang='lat' dir='ltr'>smine,</span> <span class='ocrx_word' id='word_1_542' title='bbox 2019 1103 2159 1137; x_wconf 61' lang='lat' dir='ltr'>welfi-onte,</span> 
     </span>
     <span class='ocr_line' id='line_1_31' title="bbox 23 1127 2160 1176; baseline -0.001 -9"><span class='ocrx_word' id='word_1_543' title='bbox 23 1143 120 1167; x_wconf 81' lang='lat' dir='ltr'>nomine</span> <span class='ocrx_word' id='word_1_544' title='bbox 129 1140 219 1174; x_wconf 79' lang='lat' dir='ltr'>statim</span> <span class='ocrx_word' id='word_1_545' title='bbox 232 1142 309 1176; x_wconf 79' lang='lat' dir='ltr'>plura</span> <span class='ocrx_word' id='word_1_546' title='bbox 320 1140 349 1167; x_wconf 82' lang='lat' dir='ltr'>de</span> <span class='ocrx_word' id='word_1_547' title='bbox 366 1141 495 1167; x_wconf 72' lang='lat' dir='ltr'>Germanis</span> <span class='ocrx_word' id='word_1_548' title='bbox 506 1140 619 1166; x_wconf 77' lang='lat' dir='ltr'>dicemus.</span> <span class='ocrx_word' id='word_1_549' title='bbox 659 1140 768 1166; x_wconf 79' lang='lat' dir='ltr'>Sumitur</span> <span class='ocrx_word' id='word_1_550' title='bbox 787 1142 861 1165; x_wconf 79' lang='lat' dir='ltr'>etiam</span> <span class='ocrx_word' id='word_1_551' title='bbox 873 1137 1016 1171; x_wconf 69' lang='lat' dir='ltr'>AdieHiue,</span> <span class='ocrx_word' id='word_1_552' title='bbox 1031 1146 1060 1165; x_wconf 84' lang='grc' dir='ltr'>υι</span> <span class='ocrx_word' id='word_1_553' title='bbox 1075 1147 1106 1173; x_wconf 74' lang='lat'>25</span> <span class='ocrx_word' id='word_1_554' title='bbox 1122 1148 1133 1164; x_wconf 80' lang='lat' dir='ltr'>e</span> <span class='ocrx_word' id='word_1_555' title='bbox 1147 1146 1228 1165; x_wconf 82' lang='lat' dir='ltr'>terrae</span> <span class='ocrx_word' id='word_1_556' title='bbox 1239 1138 1357 1172; x_wconf 76' lang='lat' dir='ltr'>germine</span> <span class='ocrx_word' id='word_1_557' title='bbox 1371 1139 1513 1174; x_wconf 65' lang='lat' dir='ltr'>nascantur.</span> <span class='ocrx_word' id='word_1_558' title='bbox 1550 1137 1693 1164; x_wconf 85' lang='lat' dir='ltr'>Creniiales</span> <span class='ocrx_word' id='word_1_559' title='bbox 1703 1127 1739 1170; x_wconf 31' lang='grc' dir='ltr'>νε]</span> <span class='ocrx_word' id='word_1_560' title='bbox 1752 1140 1779 1162; x_wconf 83' lang='lat' dir='ltr'>in</span> <span class='ocrx_word' id='word_1_561' title='bbox 1792 1138 1851 1162; x_wconf 84' lang='lat' dir='ltr'>aliis</span> <span class='ocrx_word' id='word_1_562' title='bbox 1864 1137 1994 1163; x_wconf 79' lang='lat' dir='ltr'>codicibus.</span> <span class='ocrx_word' id='word_1_563' title='bbox 2007 1146 2032 1162; x_wconf 84' lang='grc' dir='ltr'>υ.</span> <span class='ocrx_word' id='word_1_564' title='bbox 2045 1147 2070 1163; x_wconf 66' lang='lat' dir='ltr'>r.</span> <span class='ocrx_word' id='word_1_565' title='bbox 2096 1139 2160 1164; x_wconf 86' lang='lat' dir='ltr'>Ger-</span> 
     </span>
     <span class='ocr_line' id='line_1_32' title="bbox 25 1172 2159 1209; baseline -0.001 -7"><span class='ocrx_word' id='word_1_566' title='bbox 25 1175 106 1202; x_wconf 82' lang='lat' dir='ltr'>Ouid.</span> <span class='ocrx_word' id='word_1_567' title='bbox 121 1177 151 1203; x_wconf 88' lang='lat' dir='ltr'>A.</span> <span class='ocrx_word' id='word_1_568' title='bbox 164 1177 194 1202; x_wconf 86' lang='lat' dir='ltr'>A.</span> <span class='ocrx_word' id='word_1_569' title='bbox 209 1184 232 1208; x_wconf 84' lang='lat'>3,</span> <span class='ocrx_word' id='word_1_570' title='bbox 247 1178 288 1208; x_wconf 82' lang='lat'>163</span> <span class='ocrx_word' id='word_1_571' title='bbox 309 1176 417 1203; x_wconf 83' lang='lat' dir='ltr'>Femina</span> <span class='ocrx_word' id='word_1_572' title='bbox 432 1175 554 1203; x_wconf 84' lang='lat' dir='ltr'>canitiem</span> <span class='ocrx_word' id='word_1_573' title='bbox 568 1175 700 1209; x_wconf 86' lang='lat' dir='ltr'>germanis</span> <span class='ocrx_word' id='word_1_574' title='bbox 715 1173 801 1201; x_wconf 82' lang='lat' dir='ltr'>inficit</span> <span class='ocrx_word' id='word_1_575' title='bbox 818 1174 917 1202; x_wconf 80' lang='lat' dir='ltr'>herbis.</span> <span class='ocrx_word' id='word_1_576' title='bbox 952 1176 1060 1201; x_wconf 85' lang='lat' dir='ltr'>Germa·</span> <span class='ocrx_word' id='word_1_577' title='bbox 1122 1173 1216 1200; x_wconf 83' lang='lat' dir='ltr'>initiali</span> <span class='ocrx_word' id='word_1_578' title='bbox 1235 1174 1295 1200; x_wconf 88' lang='lat' dir='ltr'>oleo</span> <span class='ocrx_word' id='word_1_579' title='bbox 1313 1174 1458 1208; x_wconf 84' lang='lat' dir='ltr'>laeuigatus</span> <span class='ocrx_word' id='word_1_580' title='bbox 1478 1174 1548 1200; x_wconf 86' lang='lat' dir='ltr'>Zeno</span> <span class='ocrx_word' id='word_1_581' title='bbox 1565 1174 1663 1199; x_wconf 85' lang='lat' dir='ltr'>Veron.</span> <span class='ocrx_word' id='word_1_582' title='bbox 1703 1191 1708 1198; x_wconf 94' lang='lat'>.</span> <span class='ocrx_word' id='word_1_583' title='bbox 1747 1191 1754 1198; x_wconf 88' lang='lat'>.</span> <span class='ocrx_word' id='word_1_584' title='bbox 1792 1191 1798 1197; x_wconf 93' lang='lat'>.</span> <span class='ocrx_word' id='word_1_585' title='bbox 1835 1175 1853 1198; x_wconf 88' lang='lat' dir='ltr'>i.</span> <span class='ocrx_word' id='word_1_586' title='bbox 1879 1174 1991 1198; x_wconf 80' lang='lat' dir='ltr'>naturali</span> <span class='ocrx_word' id='word_1_587' title='bbox 2001 1172 2065 1208; x_wconf 76' lang='lat' dir='ltr'>quod</span> <span class='ocrx_word' id='word_1_588' title='bbox 2077 1182 2088 1198; x_wconf 88' lang='lat' dir='ltr'>e</span> <span class='ocrx_word' id='word_1_589' title='bbox 2105 1182 2159 1208; x_wconf 82' lang='lat' dir='ltr'>ger-</span> 
     </span>
     <span class='ocr_line' id='line_1_33' title="bbox 22 1210 1289 1247; baseline -0.002 -9"><span class='ocrx_word' id='word_1_590' title='bbox 22 1219 72 1238; x_wconf 82' lang='lat' dir='ltr'>nus</span> <span class='ocrx_word' id='word_1_591' title='bbox 80 1218 129 1246; x_wconf 78' lang='lat' dir='ltr'>pro</span> <span class='ocrx_word' id='word_1_592' title='bbox 137 1211 227 1247; x_wconf 80' lang='lat' dir='ltr'>fratre</span> <span class='ocrx_word' id='word_1_593' title='bbox 238 1220 294 1237; x_wconf 77' lang='lat' dir='ltr'>mox</span> <span class='ocrx_word' id='word_1_594' title='bbox 305 1211 470 1239; x_wconf 77' lang='lat' dir='ltr'>declarabitur</span> <span class='ocrx_word' id='word_1_595' title='bbox 478 1210 525 1246; x_wconf 77' lang='lat' dir='ltr'>sub</span> <span class='ocrx_word' id='word_1_596' title='bbox 538 1219 595 1236; x_wconf 82' lang='lat' dir='ltr'>voce</span> <span class='ocrx_word' id='word_1_597' title='bbox 610 1215 758 1237; x_wconf 81' lang='lat' dir='ltr'>GERMEN.</span> <span class='ocrx_word' id='word_1_598' title='bbox 1117 1213 1181 1237; x_wconf 87' lang='lat' dir='ltr'>mine</span> <span class='ocrx_word' id='word_1_599' title='bbox 1200 1217 1289 1236; x_wconf 83' lang='lat' dir='ltr'>ortum.</span> 
     </span>
    </p>
   </div>
   <div class='ocr_carea' id='block_1_8' title="bbox 12 1241 2160 1353">
    <p class='ocr_par' dir='ltr' id='par_1_8' title="bbox 12 1241 2160 1353">
     <span class='ocr_line' id='line_1_34' title="bbox 29 1241 2159 1282; baseline -0.004 -8"><span class='ocrx_word' id='word_1_600' title='bbox 29 1260 38 1274; x_wconf 71' lang='lat'>‚⁴</span> <span class='ocrx_word' id='word_1_601' title='bbox 61 1251 82 1272; x_wconf 88' lang='lat' dir='ltr'>G</span> <span class='ocrx_word' id='word_1_602' title='bbox 91 1252 108 1271; x_wconf 86' lang='lat' dir='ltr'>E</span> <span class='ocrx_word' id='word_1_603' title='bbox 117 1253 168 1273; x_wconf 71' lang='grc' dir='ltr'>ΚΜ</span> <span class='ocrx_word' id='word_1_604' title='bbox 177 1253 198 1273; x_wconf 88' lang='grc' dir='ltr'>Α</span> <span class='ocrx_word' id='word_1_605' title='bbox 207 1253 230 1272; x_wconf 89' lang='lat' dir='ltr'><strong>N</strong></span> <span class='ocrx_word' id='word_1_606' title='bbox 239 1254 249 1273; x_wconf 72' lang='grc' dir='ltr'>Ι</span> <span class='ocrx_word' id='word_1_607' title='bbox 259 1254 290 1279; x_wconf 82' lang='lat' dir='ltr'>A,</span> <span class='ocrx_word' id='word_1_608' title='bbox 299 1255 338 1274; x_wconf 81' lang='lat' dir='ltr'>ae.</span> <span class='ocrx_word' id='word_1_609' title='bbox 351 1248 371 1274; x_wconf 84' lang='lat' dir='ltr'>f.</span> <span class='ocrx_word' id='word_1_610' title='bbox 391 1246 539 1282; x_wconf 55' lang='grc' dir='ltr'>[Γερμανίας]</span> <span class='ocrx_word' id='word_1_611' title='bbox 561 1247 737 1273; x_wconf 76' lang='lat' dir='ltr'>Germanorum</span> <span class='ocrx_word' id='word_1_612' title='bbox 744 1248 843 1281; x_wconf 74' lang='lat' dir='ltr'>patria.</span> <span class='ocrx_word' id='word_1_613' title='bbox 862 1247 899 1271; x_wconf 84' lang='lat' dir='ltr'>Hi</span> <span class='ocrx_word' id='word_1_614' title='bbox 906 1252 976 1272; x_wconf 81' lang='lat' dir='ltr'>antea</span> <span class='ocrx_word' id='word_1_615' title='bbox 983 1246 1059 1272; x_wconf 84' lang='lat' dir='ltr'>Teu-</span> <span class='ocrx_word' id='word_1_616' title='bbox 1156 1252 1177 1272; x_wconf 92' lang='lat' dir='ltr'>G</span> <span class='ocrx_word' id='word_1_617' title='bbox 1186 1251 1253 1272; x_wconf 82' lang='lat' dir='ltr'>ERO</span> <span class='ocrx_word' id='word_1_618' title='bbox 1266 1265 1274 1277; x_wconf 92' lang='lat'>,</span> <span class='ocrx_word' id='word_1_619' title='bbox 1294 1243 1352 1278; x_wconf 74' lang='lat' dir='ltr'>geffi</span> <span class='ocrx_word' id='word_1_620' title='bbox 1361 1263 1367 1274; x_wconf 86' lang='lat'>,</span> <span class='ocrx_word' id='word_1_621' title='bbox 1388 1243 1486 1277; x_wconf 85' lang='lat' dir='ltr'>gestum</span> <span class='ocrx_word' id='word_1_622' title='bbox 1495 1263 1503 1276; x_wconf 86' lang='lat'>,</span> <span class='ocrx_word' id='word_1_623' title='bbox 1523 1245 1575 1270; x_wconf 57' lang='lat' dir='ltr'>ere.</span> <span class='ocrx_word' id='word_1_624' title='bbox 1610 1241 1720 1276; x_wconf 66' lang='grc' dir='ltr'>[κομίζω</span> <span class='ocrx_word' id='word_1_625' title='bbox 1729 1260 1736 1272; x_wconf 83' lang='grc'><strong>,</strong></span> <span class='ocrx_word' id='word_1_626' title='bbox 1751 1243 1828 1277; x_wconf 70' lang='grc' dir='ltr'><strong>Φὲρω,</strong></span> <span class='ocrx_word' id='word_1_627' title='bbox 1840 1242 2066 1278; x_wconf 59' lang='grc' dir='ltr'>μετοιχαρῖζομαι]</span> <span class='ocrx_word' id='word_1_628' title='bbox 2099 1245 2159 1270; x_wconf 83' lang='grc' dir='ltr'><em>Ρον-</em></span> 
     </span>
     <span class='ocr_line' id='line_1_35' title="bbox 12 1275 2160 1345; baseline 0 -40"><span class='ocrx_word' id='word_1_629' title='bbox 12 1285 97 1345; x_wconf 47' lang='grc' dir='ltr'>»ἷξες</span> <span class='ocrx_word' id='word_1_630' title='bbox 109 1282 311 1316; x_wconf 76' lang='lat' dir='ltr'>appellabantur,</span> <span class='ocrx_word' id='word_1_631' title='bbox 324 1292 339 1309; x_wconf 87' lang='lat' dir='ltr'>a</span> <span class='ocrx_word' id='word_1_632' title='bbox 352 1283 482 1309; x_wconf 89' lang='lat' dir='ltr'>Teutono</span> <span class='ocrx_word' id='word_1_633' title='bbox 495 1280 537 1307; x_wconf 86' lang='lat' dir='ltr'>deo</span> <span class='ocrx_word' id='word_1_634' title='bbox 557 1290 654 1311; x_wconf 89' lang='lat' dir='ltr'>eorum,</span> <span class='ocrx_word' id='word_1_635' title='bbox 667 1290 736 1317; x_wconf 83' lang='lat' dir='ltr'>quem</span> <span class='ocrx_word' id='word_1_636' title='bbox 753 1288 823 1307; x_wconf 81' lang='lat' dir='ltr'>terra</span> <span class='ocrx_word' id='word_1_637' title='bbox 845 1288 925 1307; x_wconf 77' lang='lat' dir='ltr'>ortum</span> <span class='ocrx_word' id='word_1_638' title='bbox 938 1280 1060 1312; x_wconf 67' lang='lat' dir='ltr'>existima-</span> <span class='ocrx_word' id='word_1_639' title='bbox 1121 1287 1176 1307; x_wconf 83' lang='lat' dir='ltr'>tare</span> <span class='ocrx_word' id='word_1_640' title='bbox 1191 1284 1300 1316; x_wconf 74' lang='lat' dir='ltr'>primum</span> <span class='ocrx_word' id='word_1_641' title='bbox 1315 1300 1323 1313; x_wconf 85' lang='lat'>,</span> <span class='ocrx_word' id='word_1_642' title='bbox 1347 1279 1432 1305; x_wconf 75' lang='lat' dir='ltr'>deinde</span> <span class='ocrx_word' id='word_1_643' title='bbox 1452 1279 1552 1310; x_wconf 67' lang='lat' dir='ltr'>habere,</span> <span class='ocrx_word' id='word_1_644' title='bbox 1572 1275 1699 1309; x_wconf 66' lang='lat' dir='ltr'>trochi-e,</span> <span class='ocrx_word' id='word_1_645' title='bbox 1716 1276 1903 1309; x_wconf 61' lang='lat' dir='ltr'>administrare,</span> <span class='ocrx_word' id='word_1_646' title='bbox 1921 1279 2071 1314; x_wconf 64' lang='lat' dir='ltr'>gubernare,</span> <span class='ocrx_word' id='word_1_647' title='bbox 2096 1278 2160 1314; x_wconf 71' lang='lat' dir='ltr'>quod</span> 
     </span>
     <span class='ocr_line' id='line_1_36' title="bbox 40 1314 2158 1353; baseline -0.002 -11"><span class='ocrx_word' id='word_1_648' title='bbox 40 1346 48 1352; x_wconf 40' lang='grc' dir='ltr'>Γ</span> <span class='ocrx_word' id='word_1_649' title='bbox 71 1321 91 1342; x_wconf 79' lang='lat' dir='ltr'>e.</span> <span class='ocrx_word' id='word_1_650' title='bbox 105 1315 189 1350; x_wconf 69' lang='lat' dir='ltr'>postea</span> <span class='ocrx_word' id='word_1_651' title='bbox 203 1317 342 1344; x_wconf 81' lang='lat' dir='ltr'>Alemanni</span> <span class='ocrx_word' id='word_1_652' title='bbox 354 1318 416 1353; x_wconf 72' lang='lat' dir='ltr'>fitne</span> <span class='ocrx_word' id='word_1_653' title='bbox 434 1314 499 1343; x_wconf 73' lang='lat' dir='ltr'>difli</span> <span class='ocrx_word' id='word_1_654' title='bbox 510 1315 541 1343; x_wconf 82' lang='lat' dir='ltr'>ab</span> <span class='ocrx_word' id='word_1_655' title='bbox 553 1316 625 1343; x_wconf 82' lang='lat' dir='ltr'>buius</span> <span class='ocrx_word' id='word_1_656' title='bbox 638 1316 678 1342; x_wconf 83' lang='lat' dir='ltr'>dei</span> <span class='ocrx_word' id='word_1_657' title='bbox 691 1317 750 1352; x_wconf 75' lang='lat' dir='ltr'>filio</span> <span class='ocrx_word' id='word_1_658' title='bbox 762 1317 871 1343; x_wconf 85' lang='lat' dir='ltr'>Manno.</span> <span class='ocrx_word' id='word_1_659' title='bbox 906 1317 1062 1345; x_wconf 86' lang='lat' dir='ltr'>Germaniae</span> <span class='ocrx_word' id='word_1_660' title='bbox 1073 1324 1105 1348; x_wconf 81' lang='lat'>30</span> <span class='ocrx_word' id='word_1_661' title='bbox 1123 1319 1186 1343; x_wconf 81' lang='lat' dir='ltr'>enim</span> <span class='ocrx_word' id='word_1_662' title='bbox 1211 1326 1284 1342; x_wconf 81' lang='lat' dir='ltr'>manu</span> <span class='ocrx_word' id='word_1_663' title='bbox 1305 1318 1371 1351; x_wconf 83' lang='lat' dir='ltr'>gerit</span> <span class='ocrx_word' id='word_1_664' title='bbox 1386 1316 1491 1350; x_wconf 78' lang='lat' dir='ltr'>aliquis,</span> <span class='ocrx_word' id='word_1_665' title='bbox 1504 1314 1569 1340; x_wconf 65' lang='lat' dir='ltr'>iliad</span> <span class='ocrx_word' id='word_1_666' title='bbox 1587 1321 1635 1348; x_wconf 82' lang='lat' dir='ltr'>pro</span> <span class='ocrx_word' id='word_1_667' title='bbox 1660 1314 1766 1339; x_wconf 74' lang='lat' dir='ltr'>arbitrio</span> <span class='ocrx_word' id='word_1_668' title='bbox 1787 1314 1870 1344; x_wconf 65' lang='lat' dir='ltr'>habet,</span> <span class='ocrx_word' id='word_1_669' title='bbox 1887 1320 1979 1345; x_wconf 78' lang='lat' dir='ltr'>monet,</span> <span class='ocrx_word' id='word_1_670' title='bbox 2001 1314 2093 1349; x_wconf 65' lang='lat' dir='ltr'>dirigit</span> <span class='ocrx_word' id='word_1_671' title='bbox 2110 1321 2158 1340; x_wconf 83' lang='lat' dir='ltr'>etc.</span> 
     </span>
    </p>
   </div>
   <div class='ocr_carea' id='block_1_9' title="bbox 0 1349 2162 2087">
    <p class='ocr_par' dir='ltr' id='par_1_9' title="bbox 0 1349 2159 1424">
     <span class='ocr_line' id='line_1_37' title="bbox 0 1349 2159 1388; baseline -0.001 -10"><span class='ocrx_word' id='word_1_672' title='bbox 0 1354 5 1374; x_wconf 66' lang='grc' dir='ltr'><em>ἲ</em></span> <span class='ocrx_word' id='word_1_673' title='bbox 50 1356 53 1357; x_wconf 70' lang='grc'>’</span> <span class='ocrx_word' id='word_1_674' title='bbox 69 1351 163 1378; x_wconf 81' lang='lat' dir='ltr'>obulum</span> <span class='ocrx_word' id='word_1_675' title='bbox 182 1359 259 1387; x_wconf 78' lang='lat' dir='ltr'>nuper</span> <span class='ocrx_word' id='word_1_676' title='bbox 277 1362 292 1378; x_wconf 87' lang='lat' dir='ltr'>a</span> <span class='ocrx_word' id='word_1_677' title='bbox 310 1354 429 1379; x_wconf 86' lang='lat' dir='ltr'>Romanis</span> <span class='ocrx_word' id='word_1_678' title='bbox 445 1351 573 1378; x_wconf 83' lang='lat' dir='ltr'>additum:</span> <span class='ocrx_word' id='word_1_679' title='bbox 603 1355 717 1388; x_wconf 87' lang='lat' dir='ltr'>quoniam</span> <span class='ocrx_word' id='word_1_680' title='bbox 736 1361 808 1388; x_wconf 81' lang='lat' dir='ltr'>quum</span> <span class='ocrx_word' id='word_1_681' title='bbox 826 1356 933 1387; x_wconf 81' lang='lat' dir='ltr'>primum</span> <span class='ocrx_word' id='word_1_682' title='bbox 953 1353 1062 1378; x_wconf 78' lang='lat' dir='ltr'>Rhenum</span> <span class='ocrx_word' id='word_1_683' title='bbox 1123 1351 1196 1386; x_wconf 68' lang='lat' dir='ltr'>Quod</span> <span class='ocrx_word' id='word_1_684' title='bbox 1210 1355 1273 1377; x_wconf 85' lang='lat' dir='ltr'>enim</span> <span class='ocrx_word' id='word_1_685' title='bbox 1286 1355 1324 1377; x_wconf 80' lang='lat' dir='ltr'>ait</span> <span class='ocrx_word' id='word_1_686' title='bbox 1333 1352 1418 1376; x_wconf 86' lang='lat' dir='ltr'>Varro</span> <span class='ocrx_word' id='word_1_687' title='bbox 1433 1350 1465 1375; x_wconf 86' lang='lat' dir='ltr'>de</span> <span class='ocrx_word' id='word_1_688' title='bbox 1478 1350 1508 1376; x_wconf 91' lang='lat' dir='ltr'>L.</span> <span class='ocrx_word' id='word_1_689' title='bbox 1522 1350 1552 1375; x_wconf 88' lang='lat' dir='ltr'>L.</span> <span class='ocrx_word' id='word_1_690' title='bbox 1567 1357 1589 1382; x_wconf 77' lang='grc' dir='ltr'><strong>ς,</strong></span> <span class='ocrx_word' id='word_1_691' title='bbox 1604 1354 1617 1379; x_wconf 81' lang='lat'>8</span> <span class='ocrx_word' id='word_1_692' title='bbox 1638 1358 1661 1383; x_wconf 92' lang='lat' dir='ltr'>p.</span> <span class='ocrx_word' id='word_1_693' title='bbox 1676 1351 1719 1379; x_wconf 85' lang='lat'>60,</span> <span class='ocrx_word' id='word_1_694' title='bbox 1735 1357 1742 1374; x_wconf 90' lang='grc' dir='ltr'>ι</span> <span class='ocrx_word' id='word_1_695' title='bbox 1771 1349 1933 1382; x_wconf 79' lang='lat' dir='ltr'>Imperator,</span> <span class='ocrx_word' id='word_1_696' title='bbox 1949 1349 1994 1383; x_wconf 90' lang='lat' dir='ltr'>qui</span> <span class='ocrx_word' id='word_1_697' title='bbox 2009 1349 2106 1376; x_wconf 89' lang='lat' dir='ltr'>dicitur</span> <span class='ocrx_word' id='word_1_698' title='bbox 2119 1358 2159 1376; x_wconf 76' lang='lat' dir='ltr'>res</span> 
     </span>
     <span class='ocr_line' id='line_1_38' title="bbox 105 1384 2158 1424; baseline -0 -12.016"><span class='ocrx_word' id='word_1_699' title='bbox 105 1389 129 1412; x_wconf 86' lang='lat' dir='ltr'>is</span> <span class='ocrx_word' id='word_1_700' title='bbox 141 1387 222 1414; x_wconf 80' lang='lat' dir='ltr'>Gallis</span> <span class='ocrx_word' id='word_1_701' title='bbox 232 1386 507 1424; x_wconf 68' lang='lat' dir='ltr'>transgreffifuiffent,</span> <span class='ocrx_word' id='word_1_702' title='bbox 520 1386 632 1413; x_wconf 84' lang='lat' dir='ltr'>videntes</span> <span class='ocrx_word' id='word_1_703' title='bbox 645 1397 699 1419; x_wconf 82' lang='lat' dir='ltr'>eos,</span> <span class='ocrx_word' id='word_1_704' title='bbox 714 1394 737 1414; x_wconf 81' lang='lat' dir='ltr'>et</span> <span class='ocrx_word' id='word_1_705' title='bbox 750 1388 861 1423; x_wconf 78' lang='lat' dir='ltr'>feritate</span> <span class='ocrx_word' id='word_1_706' title='bbox 874 1391 1026 1419; x_wconf 84' lang='lat' dir='ltr'>animorum,</span> <span class='ocrx_word' id='word_1_707' title='bbox 1039 1395 1062 1414; x_wconf 82' lang='lat' dir='ltr'>et</span> <span class='ocrx_word' id='word_1_708' title='bbox 1123 1384 1229 1421; x_wconf 77' lang='lat' dir='ltr'>gerere,</span> <span class='ocrx_word' id='word_1_709' title='bbox 1246 1387 1274 1412; x_wconf 86' lang='lat' dir='ltr'>in</span> <span class='ocrx_word' id='word_1_710' title='bbox 1289 1395 1321 1412; x_wconf 88' lang='lat' dir='ltr'>eo</span> <span class='ocrx_word' id='word_1_711' title='bbox 1342 1395 1428 1420; x_wconf 88' lang='lat' dir='ltr'>neque</span> <span class='ocrx_word' id='word_1_712' title='bbox 1443 1386 1515 1419; x_wconf 83' lang='lat' dir='ltr'>agit,</span> <span class='ocrx_word' id='word_1_713' title='bbox 1530 1394 1615 1419; x_wconf 88' lang='lat' dir='ltr'>neque</span> <span class='ocrx_word' id='word_1_714' title='bbox 1634 1385 1713 1415; x_wconf 87' lang='lat' dir='ltr'>facit,</span> <span class='ocrx_word' id='word_1_715' title='bbox 1727 1384 1768 1409; x_wconf 76' lang='lat' dir='ltr'>sed</span> <span class='ocrx_word' id='word_1_716' title='bbox 1786 1385 1865 1417; x_wconf 78' lang='lat' dir='ltr'>gerit,</span> <span class='ocrx_word' id='word_1_717' title='bbox 1880 1384 1906 1409; x_wconf 92' lang='lat' dir='ltr'>id</span> <span class='ocrx_word' id='word_1_718' title='bbox 1925 1384 1960 1409; x_wconf 87' lang='lat' dir='ltr'>est</span> <span class='ocrx_word' id='word_1_719' title='bbox 1977 1384 2098 1417; x_wconf 84' lang='lat' dir='ltr'>sustinet,</span> <span class='ocrx_word' id='word_1_720' title='bbox 2112 1395 2158 1411; x_wconf 83' lang='lat' dir='ltr'>me-</span> 
     </span>
    </p>

    <p class='ocr_par' dir='ltr' id='par_1_10' title="bbox 87 1417 2160 1459">
     <span class='ocr_line' id='line_1_39' title="bbox 87 1417 2160 1459; baseline -0.001 -11"><span class='ocrx_word' id='word_1_721' title='bbox 87 1452 89 1454; x_wconf 39' lang='lat'>,</span> <span class='ocrx_word' id='word_1_722' title='bbox 107 1425 169 1449; x_wconf 77' lang='lat' dir='ltr'>itate</span> <span class='ocrx_word' id='word_1_723' title='bbox 187 1429 330 1457; x_wconf 78' lang='lat' dir='ltr'>corporum,</span> <span class='ocrx_word' id='word_1_724' title='bbox 343 1429 367 1449; x_wconf 84' lang='lat' dir='ltr'>et</span> <span class='ocrx_word' id='word_1_725' title='bbox 385 1424 462 1449; x_wconf 78' lang='lat' dir='ltr'>colore</span> <span class='ocrx_word' id='word_1_726' title='bbox 476 1422 660 1459; x_wconf 78' lang='lat' dir='ltr'>flauo,sorma</span> <span class='ocrx_word' id='word_1_727' title='bbox 673 1430 802 1458; x_wconf 72' lang='lat' dir='ltr'>praeterea</span> <span class='ocrx_word' id='word_1_728' title='bbox 817 1430 840 1449; x_wconf 82' lang='lat' dir='ltr'>et</span> <span class='ocrx_word' id='word_1_729' title='bbox 852 1423 973 1454; x_wconf 87' lang='lat' dir='ltr'>moribus,</span> <span class='ocrx_word' id='word_1_730' title='bbox 988 1430 1011 1450; x_wconf 84' lang='lat' dir='ltr'>et</span> <span class='ocrx_word' id='word_1_731' title='bbox 1024 1426 1061 1449; x_wconf 82' lang='lat' dir='ltr'>vi-</span> <span class='ocrx_word' id='word_1_732' title='bbox 1122 1430 1163 1449; x_wconf 73' lang='lat' dir='ltr'>tuo</span> <span class='ocrx_word' id='word_1_733' title='bbox 1182 1432 1210 1448; x_wconf 80' lang='lat' dir='ltr'>ne</span> <span class='ocrx_word' id='word_1_734' title='bbox 1225 1422 1343 1457; x_wconf 70' lang='lat' dir='ltr'>subtilius</span> <span class='ocrx_word' id='word_1_735' title='bbox 1353 1421 1391 1455; x_wconf 79' lang='lat' dir='ltr'>stt</span> <span class='ocrx_word' id='word_1_736' title='bbox 1410 1430 1479 1456; x_wconf 74' lang='lat' dir='ltr'>quam</span> <span class='ocrx_word' id='word_1_737' title='bbox 1491 1424 1583 1447; x_wconf 81' lang='lat' dir='ltr'>verius.</span> <span class='ocrx_word' id='word_1_738' title='bbox 1619 1422 1723 1456; x_wconf 69' lang='lat' dir='ltr'>Interim</span> <span class='ocrx_word' id='word_1_739' title='bbox 1742 1429 1825 1445; x_wconf 80' lang='lat' dir='ltr'>verum</span> <span class='ocrx_word' id='word_1_740' title='bbox 1839 1419 1883 1446; x_wconf 85' lang='lat' dir='ltr'>hoc</span> <span class='ocrx_word' id='word_1_741' title='bbox 1902 1417 1934 1452; x_wconf 83' lang='lat' dir='ltr'>est</span> <span class='ocrx_word' id='word_1_742' title='bbox 1948 1420 2047 1446; x_wconf 88' lang='lat' dir='ltr'>Gerere</span> <span class='ocrx_word' id='word_1_743' title='bbox 2058 1424 2160 1456; x_wconf 80' lang='lat' dir='ltr'>proprie</span> 
     </span>
    </p>

    <p class='ocr_par' dir='ltr' id='par_1_11' title="bbox 0 1454 2162 2087">
     <span class='ocr_line' id='line_1_40' title="bbox 0 1454 2160 1499; baseline -0.001 -15"><span class='ocrx_word' id='word_1_744' title='bbox 0 1471 1 1474; x_wconf 45' lang='lat'>¹</span> <span class='ocrx_word' id='word_1_745' title='bbox 14 1469 15 1473; x_wconf 54' lang='lat'>¹</span> <span class='ocrx_word' id='word_1_746' title='bbox 27 1455 162 1499; x_wconf 56' lang='lat' dir='ltr'>ffldr&#39;ritu</span> <span class='ocrx_word' id='word_1_747' title='bbox 172 1458 253 1485; x_wconf 80' lang='lat' dir='ltr'>Gallis</span> <span class='ocrx_word' id='word_1_748' title='bbox 257 1457 411 1492; x_wconf 69' lang='lat' dir='ltr'>simillimos,</span> <span class='ocrx_word' id='word_1_749' title='bbox 425 1459 571 1492; x_wconf 76' lang='lat' dir='ltr'>Germanos</span> <span class='ocrx_word' id='word_1_750' title='bbox 583 1467 638 1490; x_wconf 80' lang='lat' dir='ltr'>eos,</span> <span class='ocrx_word' id='word_1_751' title='bbox 653 1458 699 1485; x_wconf 85' lang='lat' dir='ltr'>boc</span> <span class='ocrx_word' id='word_1_752' title='bbox 713 1457 745 1490; x_wconf 73' lang='lat' dir='ltr'>est</span> <span class='ocrx_word' id='word_1_753' title='bbox 759 1458 862 1493; x_wconf 82' lang='lat' dir='ltr'>fratres</span> <span class='ocrx_word' id='word_1_754' title='bbox 872 1460 996 1486; x_wconf 78' lang='lat' dir='ltr'>Gallorum</span> <span class='ocrx_word' id='word_1_755' title='bbox 1011 1457 1062 1492; x_wconf 63' lang='lat' dir='ltr'>isse,</span> <span class='ocrx_word' id='word_1_756' title='bbox 1123 1457 1165 1491; x_wconf 68' lang='lat' dir='ltr'>&lt;sle</span> <span class='ocrx_word' id='word_1_757' title='bbox 1172 1458 1308 1493; x_wconf 64' lang='lat' dir='ltr'>sustinere,</span> <span class='ocrx_word' id='word_1_758' title='bbox 1320 1464 1438 1492; x_wconf 74' lang='lat' dir='ltr'>portare,</span> <span class='ocrx_word' id='word_1_759' title='bbox 1453 1463 1476 1482; x_wconf 84' lang='lat' dir='ltr'>et</span> <span class='ocrx_word' id='word_1_760' title='bbox 1490 1456 1546 1482; x_wconf 81' lang='lat' dir='ltr'>inde</span> <span class='ocrx_word' id='word_1_761' title='bbox 1560 1456 1655 1490; x_wconf 75' lang='lat' dir='ltr'>reliqua</span> <span class='ocrx_word' id='word_1_762' title='bbox 1675 1454 1716 1487; x_wconf 55' lang='lat' dir='ltr'>tls?</span> <span class='ocrx_word' id='word_1_763' title='bbox 1729 1454 1872 1480; x_wconf 63' lang='lat' dir='ltr'>deriuanda.</span> <span class='ocrx_word' id='word_1_764' title='bbox 1910 1456 1984 1489; x_wconf 87' lang='lat' dir='ltr'>Virg.</span> <span class='ocrx_word' id='word_1_765' title='bbox 1998 1457 2063 1482; x_wconf 89' lang='lat' dir='ltr'>Aen.</span> <span class='ocrx_word' id='word_1_766' title='bbox 2076 1465 2099 1488; x_wconf 87' lang='lat'>7,</span> <span class='ocrx_word' id='word_1_767' title='bbox 2114 1465 2160 1488; x_wconf 79' lang='lat'>455</span> 
     </span>
     <span class='ocr_line' id='line_1_41' title="bbox 0 1490 2159 1530; baseline -0 -12"><span class='ocrx_word' id='word_1_768' title='bbox 0 1517 5 1529; x_wconf 37' lang='lat'>,-</span> <span class='ocrx_word' id='word_1_769' title='bbox 53 1523 55 1526; x_wconf 28' lang='lat'><strong><em>¹</em></strong></span> <span class='ocrx_word' id='word_1_770' title='bbox 83 1494 230 1519; x_wconf 62' lang='lat' dir='ltr'>imauerum.</span> <span class='ocrx_word' id='word_1_771' title='bbox 266 1495 334 1520; x_wconf 77' lang='lat' dir='ltr'>Haec</span> <span class='ocrx_word' id='word_1_772' title='bbox 351 1503 380 1520; x_wconf 75' lang='lat' dir='ltr'>ex</span> <span class='ocrx_word' id='word_1_773' title='bbox 399 1493 516 1521; x_wconf 81' lang='lat' dir='ltr'>Strabone</span> <span class='ocrx_word' id='word_1_774' title='bbox 530 1502 554 1527; x_wconf 93' lang='lat'>7.</span> <span class='ocrx_word' id='word_1_775' title='bbox 611 1494 696 1520; x_wconf 80' lang='lat' dir='ltr'>Aliter</span> <span class='ocrx_word' id='word_1_776' title='bbox 708 1494 823 1519; x_wconf 87' lang='lat' dir='ltr'>Tacitus</span> <span class='ocrx_word' id='word_1_777' title='bbox 843 1494 875 1520; x_wconf 89' lang='lat' dir='ltr'>de</span> <span class='ocrx_word' id='word_1_778' title='bbox 893 1495 1034 1520; x_wconf 82' lang='lat' dir='ltr'>Germania</span> <span class='ocrx_word' id='word_1_779' title='bbox 1050 1503 1062 1520; x_wconf 88' lang='lat'><em>2</em></span> <span class='ocrx_word' id='word_1_780' title='bbox 1078 1506 1105 1530; x_wconf 74' lang='lat'>35</span> <span class='ocrx_word' id='word_1_781' title='bbox 1124 1494 1195 1520; x_wconf 86' lang='lat' dir='ltr'>Bella</span> <span class='ocrx_word' id='word_1_782' title='bbox 1210 1502 1303 1524; x_wconf 88' lang='lat' dir='ltr'>manu,</span> <span class='ocrx_word' id='word_1_783' title='bbox 1318 1493 1453 1526; x_wconf 87' lang='lat' dir='ltr'>letumque</span> <span class='ocrx_word' id='word_1_784' title='bbox 1466 1501 1539 1526; x_wconf 86' lang='lat' dir='ltr'>gero.</span> <span class='ocrx_word' id='word_1_785' title='bbox 1606 1490 1678 1524; x_wconf 82' lang='lat' dir='ltr'>Qiid</span> <span class='ocrx_word' id='word_1_786' title='bbox 1693 1490 1813 1516; x_wconf 81' lang='lat' dir='ltr'>differant</span> <span class='ocrx_word' id='word_1_787' title='bbox 1828 1491 1908 1522; x_wconf 87' lang='lat' dir='ltr'>Gero,</span> <span class='ocrx_word' id='word_1_788' title='bbox 1923 1492 1988 1524; x_wconf 83' lang='lat' dir='ltr'>Ago,</span> <span class='ocrx_word' id='word_1_789' title='bbox 2003 1491 2091 1523; x_wconf 86' lang='lat' dir='ltr'>Facio,</span> <span class='ocrx_word' id='word_1_790' title='bbox 2106 1491 2159 1517; x_wconf 77' lang='lat' dir='ltr'>uid.</span> 
     </span>
     <span class='ocr_line' id='line_1_42' title="bbox 13 1526 2159 1564; baseline -0 -10"><span class='ocrx_word' id='word_1_791' title='bbox 13 1535 15 1549; x_wconf 66' lang='lat'>³</span> <span class='ocrx_word' id='word_1_792' title='bbox 61 1533 161 1561; x_wconf 77' lang='lat' dir='ltr'>eterum</span> <span class='ocrx_word' id='word_1_793' title='bbox 176 1528 332 1556; x_wconf 85' lang='lat' dir='ltr'>Germaniae</span> <span class='ocrx_word' id='word_1_794' title='bbox 351 1528 512 1554; x_wconf 88' lang='lat' dir='ltr'>vocabulum</span> <span class='ocrx_word' id='word_1_795' title='bbox 525 1535 615 1554; x_wconf 84' lang='lat' dir='ltr'>recens</span> <span class='ocrx_word' id='word_1_796' title='bbox 634 1534 660 1554; x_wconf 90' lang='lat' dir='ltr'>et</span> <span class='ocrx_word' id='word_1_797' title='bbox 679 1537 763 1563; x_wconf 87' lang='lat' dir='ltr'>nuper</span> <span class='ocrx_word' id='word_1_798' title='bbox 780 1528 914 1563; x_wconf 77' lang='lat' dir='ltr'>additum,</span> <span class='ocrx_word' id='word_1_799' title='bbox 935 1530 1062 1564; x_wconf 84' lang='lat' dir='ltr'>quoniam</span> <span class='ocrx_word' id='word_1_800' title='bbox 1124 1529 1189 1563; x_wconf 81' lang='lat' dir='ltr'>apud</span> <span class='ocrx_word' id='word_1_801' title='bbox 1202 1531 1276 1555; x_wconf 87' lang='lat' dir='ltr'>Varr.</span> <span class='ocrx_word' id='word_1_802' title='bbox 1292 1528 1323 1554; x_wconf 85' lang='lat' dir='ltr'>de</span> <span class='ocrx_word' id='word_1_803' title='bbox 1338 1529 1367 1554; x_wconf 83' lang='lat' dir='ltr'>L.</span> <span class='ocrx_word' id='word_1_804' title='bbox 1376 1529 1405 1554; x_wconf 91' lang='lat' dir='ltr'>L.</span> <span class='ocrx_word' id='word_1_805' title='bbox 1419 1535 1439 1558; x_wconf 69' lang='grc' dir='ltr'><strong>ς,</strong></span> <span class='ocrx_word' id='word_1_806' title='bbox 1454 1533 1475 1556; x_wconf 77' lang='lat'>8.</span> <span class='ocrx_word' id='word_1_807' title='bbox 1491 1534 1515 1553; x_wconf 84' lang='lat' dir='ltr'>et</span> <span class='ocrx_word' id='word_1_808' title='bbox 1529 1527 1546 1553; x_wconf 90' lang='lat' dir='ltr'>l.</span> <span class='ocrx_word' id='word_1_809' title='bbox 1561 1535 1587 1559; x_wconf 86' lang='lat'>19</span> <span class='ocrx_word' id='word_1_810' title='bbox 1601 1526 1672 1552; x_wconf 86' lang='lat' dir='ltr'>D.de</span> <span class='ocrx_word' id='word_1_811' title='bbox 1680 1526 1760 1551; x_wconf 75' lang='lat' dir='ltr'>Verb.</span> <span class='ocrx_word' id='word_1_812' title='bbox 1770 1526 1839 1559; x_wconf 77' lang='lat' dir='ltr'>Sign.</span> <span class='ocrx_word' id='word_1_813' title='bbox 1858 1526 1910 1551; x_wconf 75' lang='lat' dir='ltr'>uid.</span> <span class='ocrx_word' id='word_1_814' title='bbox 1932 1532 2159 1553; x_wconf 63' lang='lat' dir='ltr'>CONTRACTvs.</span> 
     </span>
     <span class='ocr_line' id='line_1_43' title="bbox 24 1560 2160 1598; baseline -0.001 -8"><span class='ocrx_word' id='word_1_815' title='bbox 24 1563 69 1597; x_wconf 85' lang='lat' dir='ltr'>qui</span> <span class='ocrx_word' id='word_1_816' title='bbox 87 1564 167 1598; x_wconf 85' lang='lat' dir='ltr'>primi</span> <span class='ocrx_word' id='word_1_817' title='bbox 181 1564 303 1590; x_wconf 86' lang='lat' dir='ltr'>Rhenum</span> <span class='ocrx_word' id='word_1_818' title='bbox 322 1563 465 1597; x_wconf 75' lang='lat' dir='ltr'>transgressi</span> <span class='ocrx_word' id='word_1_819' title='bbox 481 1562 569 1589; x_wconf 89' lang='lat' dir='ltr'>Gallos</span> <span class='ocrx_word' id='word_1_820' title='bbox 592 1563 756 1597; x_wconf 87' lang='lat' dir='ltr'>expulerint,</span> <span class='ocrx_word' id='word_1_821' title='bbox 774 1570 836 1590; x_wconf 89' lang='lat' dir='ltr'>tunc</span> <span class='ocrx_word' id='word_1_822' title='bbox 854 1565 979 1598; x_wconf 81' lang='lat' dir='ltr'>Tungri,</span> <span class='ocrx_word' id='word_1_823' title='bbox 991 1574 1061 1591; x_wconf 86' lang='lat' dir='ltr'>nunc</span> <span class='ocrx_word' id='word_1_824' title='bbox 1124 1565 1198 1598; x_wconf 75' lang='lat' dir='ltr'>Virg.</span> <span class='ocrx_word' id='word_1_825' title='bbox 1216 1565 1278 1590; x_wconf 84' lang='lat' dir='ltr'>Aen.</span> <span class='ocrx_word' id='word_1_826' title='bbox 1293 1572 1319 1596; x_wconf 85' lang='lat'>9,</span> <span class='ocrx_word' id='word_1_827' title='bbox 1334 1572 1382 1595; x_wconf 81' lang='lat'>203</span> <span class='ocrx_word' id='word_1_828' title='bbox 1414 1563 1472 1589; x_wconf 85' lang='lat' dir='ltr'>Nec</span> <span class='ocrx_word' id='word_1_829' title='bbox 1494 1568 1580 1588; x_wconf 88' lang='lat' dir='ltr'>tecum</span> <span class='ocrx_word' id='word_1_830' title='bbox 1597 1562 1658 1587; x_wconf 88' lang='lat' dir='ltr'>talia</span> <span class='ocrx_word' id='word_1_831' title='bbox 1678 1560 1751 1595; x_wconf 76' lang='lat' dir='ltr'>gelli,</span> <span class='ocrx_word' id='word_1_832' title='bbox 1779 1561 1976 1595; x_wconf 79' lang='lat' dir='ltr'>Magnanimum</span> <span class='ocrx_word' id='word_1_833' title='bbox 1992 1563 2120 1593; x_wconf 79' lang='lat' dir='ltr'>Aeneam,</span> <span class='ocrx_word' id='word_1_834' title='bbox 2135 1567 2160 1588; x_wconf 87' lang='lat' dir='ltr'>et</span> 
     </span>
     <span class='ocr_line' id='line_1_44' title="bbox 22 1596 2161 1635; baseline -0.001 -10"><span class='ocrx_word' id='word_1_835' title='bbox 22 1599 148 1626; x_wconf 83' lang='lat' dir='ltr'>Germani</span> <span class='ocrx_word' id='word_1_836' title='bbox 160 1605 295 1625; x_wconf 85' lang='lat' dir='ltr'>vocantur.</span> <span class='ocrx_word' id='word_1_837' title='bbox 338 1598 406 1625; x_wconf 82' lang='lat' dir='ltr'>Vnde</span> <span class='ocrx_word' id='word_1_838' title='bbox 419 1597 524 1631; x_wconf 68' lang='lat' dir='ltr'>constat,</span> <span class='ocrx_word' id='word_1_839' title='bbox 532 1598 688 1625; x_wconf 85' lang='lat' dir='ltr'>Germaniae</span> <span class='ocrx_word' id='word_1_840' title='bbox 701 1609 786 1626; x_wconf 83' lang='lat' dir='ltr'>nomen</span> <span class='ocrx_word' id='word_1_841' title='bbox 799 1609 846 1625; x_wconf 82' lang='lat' dir='ltr'>non</span> <span class='ocrx_word' id='word_1_842' title='bbox 859 1602 970 1635; x_wconf 79' lang='lat' dir='ltr'>generale</span> <span class='ocrx_word' id='word_1_843' title='bbox 981 1600 1062 1635; x_wconf 84' lang='lat' dir='ltr'>fuiffe</span> <span class='ocrx_word' id='word_1_844' title='bbox 1121 1600 1174 1626; x_wconf 85' lang='lat' dir='ltr'>fata</span> <span class='ocrx_word' id='word_1_845' title='bbox 1190 1606 1305 1626; x_wconf 88' lang='lat' dir='ltr'>extrema</span> <span class='ocrx_word' id='word_1_846' title='bbox 1319 1601 1429 1626; x_wconf 81' lang='lat' dir='ltr'>secutus.</span> <span class='ocrx_word' id='word_1_847' title='bbox 1500 1599 1599 1624; x_wconf 87' lang='lat' dir='ltr'>Gerere</span> <span class='ocrx_word' id='word_1_848' title='bbox 1608 1617 1614 1626; x_wconf 87' lang='lat'><em>‚</em></span> <span class='ocrx_word' id='word_1_849' title='bbox 1627 1605 1732 1631; x_wconf 82' lang='lat' dir='ltr'>regere,</span> <span class='ocrx_word' id='word_1_850' title='bbox 1744 1596 1892 1629; x_wconf 83' lang='lat' dir='ltr'>gubernare</span> <span class='ocrx_word' id='word_1_851' title='bbox 1904 1596 2019 1630; x_wconf 86' lang='lat' dir='ltr'>aliquam</span> <span class='ocrx_word' id='word_1_852' title='bbox 2034 1605 2090 1622; x_wconf 84' lang='lat' dir='ltr'>rein</span> <span class='ocrx_word' id='word_1_853' title='bbox 2104 1597 2161 1623; x_wconf 86' lang='lat' dir='ltr'>Cic.</span> 
     </span>
     <span class='ocr_line' id='line_1_45' title="bbox 0 1631 2162 1671; baseline -0.001 -11"><span class='ocrx_word' id='word_1_854' title='bbox 0 1643 3 1652; x_wconf 87' lang='lat'>¹</span> <span class='ocrx_word' id='word_1_855' title='bbox 20 1636 49 1660; x_wconf 78' lang='lat' dir='ltr'>in</span> <span class='ocrx_word' id='word_1_856' title='bbox 63 1637 154 1666; x_wconf 77' lang='lat' dir='ltr'>initio,</span> <span class='ocrx_word' id='word_1_857' title='bbox 168 1634 216 1668; x_wconf 78' lang='lat' dir='ltr'>sed</span> <span class='ocrx_word' id='word_1_858' title='bbox 228 1637 279 1660; x_wconf 77' lang='lat' dir='ltr'>eius</span> <span class='ocrx_word' id='word_1_859' title='bbox 291 1640 386 1660; x_wconf 82' lang='lat' dir='ltr'>tantum</span> <span class='ocrx_word' id='word_1_860' title='bbox 399 1637 496 1669; x_wconf 79' lang='lat' dir='ltr'>geneis,</span> <span class='ocrx_word' id='word_1_861' title='bbox 508 1643 568 1669; x_wconf 83' lang='lat' dir='ltr'>quae</span> <span class='ocrx_word' id='word_1_862' title='bbox 577 1637 662 1669; x_wconf 80' lang='lat' dir='ltr'>prima</span> <span class='ocrx_word' id='word_1_863' title='bbox 674 1644 685 1660; x_wconf 86' lang='lat' dir='ltr'>e</span> <span class='ocrx_word' id='word_1_864' title='bbox 698 1636 830 1661; x_wconf 77' lang='lat' dir='ltr'>Germania</span> <span class='ocrx_word' id='word_1_865' title='bbox 842 1638 870 1660; x_wconf 84' lang='lat' dir='ltr'>in</span> <span class='ocrx_word' id='word_1_866' title='bbox 883 1636 989 1661; x_wconf 69' lang='lat' dir='ltr'>Galliam</span> <span class='ocrx_word' id='word_1_867' title='bbox 1002 1635 1062 1671; x_wconf 82' lang='lat' dir='ltr'>fue·</span> <span class='ocrx_word' id='word_1_868' title='bbox 1124 1637 1177 1662; x_wconf 88' lang='lat' dir='ltr'>Att.</span> <span class='ocrx_word' id='word_1_869' title='bbox 1193 1639 1229 1664; x_wconf 88' lang='lat'>16,</span> <span class='ocrx_word' id='word_1_870' title='bbox 1242 1644 1265 1667; x_wconf 90' lang='lat'>9.</span> <span class='ocrx_word' id='word_1_871' title='bbox 1336 1635 1410 1660; x_wconf 88' lang='lat' dir='ltr'>Idem</span> <span class='ocrx_word' id='word_1_872' title='bbox 1423 1633 1455 1659; x_wconf 86' lang='lat' dir='ltr'>de</span> <span class='ocrx_word' id='word_1_873' title='bbox 1469 1634 1543 1659; x_wconf 87' lang='lat' dir='ltr'>Orat.</span> <span class='ocrx_word' id='word_1_874' title='bbox 1563 1641 1587 1663; x_wconf 85' lang='lat'>2,</span> <span class='ocrx_word' id='word_1_875' title='bbox 1601 1641 1653 1664; x_wconf 86' lang='lat'>240</span> <span class='ocrx_word' id='word_1_876' title='bbox 1688 1633 1726 1668; x_wconf 80' lang='lat' dir='ltr'>Ita</span> <span class='ocrx_word' id='word_1_877' title='bbox 1745 1631 1814 1656; x_wconf 62' lang='lat' dir='ltr'>faela</span> <span class='ocrx_word' id='word_1_878' title='bbox 1833 1631 1992 1656; x_wconf 80' lang='lat' dir='ltr'>demonstres</span> <span class='ocrx_word' id='word_1_879' title='bbox 2002 1650 2009 1662; x_wconf 86' lang='lat'>,</span> <span class='ocrx_word' id='word_1_880' title='bbox 2030 1638 2058 1656; x_wconf 88' lang='lat' dir='ltr'>vt</span> <span class='ocrx_word' id='word_1_881' title='bbox 2074 1640 2162 1657; x_wconf 82' lang='lat' dir='ltr'>mores</span> 
     </span>
     <span class='ocr_line' id='line_1_46' title="bbox 21 1666 2162 1707; baseline -0.002 -11"><span class='ocrx_word' id='word_1_882' title='bbox 21 1672 60 1696; x_wconf 83' lang='lat' dir='ltr'>rit</span> <span class='ocrx_word' id='word_1_883' title='bbox 74 1668 235 1704; x_wconf 67' lang='lat' dir='ltr'>transgreffii.</span> <span class='ocrx_word' id='word_1_884' title='bbox 287 1689 289 1691; x_wconf 50' lang='lat'>&gt;</span> <span class='ocrx_word' id='word_1_885' title='bbox 305 1670 335 1695; x_wconf 89' lang='lat' dir='ltr'>Et</span> <span class='ocrx_word' id='word_1_886' title='bbox 349 1676 462 1695; x_wconf 87' lang='lat' dir='ltr'>mortem</span> <span class='ocrx_word' id='word_1_887' title='bbox 482 1675 508 1695; x_wconf 90' lang='lat' dir='ltr'>et</span> <span class='ocrx_word' id='word_1_888' title='bbox 522 1678 618 1695; x_wconf 85' lang='lat' dir='ltr'>nomen</span> <span class='ocrx_word' id='word_1_889' title='bbox 631 1667 717 1696; x_wconf 73' lang='lat' dir='ltr'>Druso</span> <span class='ocrx_word' id='word_1_890' title='bbox 732 1671 874 1696; x_wconf 86' lang='lat' dir='ltr'>Germania</span> <span class='ocrx_word' id='word_1_891' title='bbox 890 1670 955 1696; x_wconf 86' lang='lat' dir='ltr'>fecit</span> <span class='ocrx_word' id='word_1_892' title='bbox 979 1671 1060 1698; x_wconf 87' lang='lat' dir='ltr'>Ouid.</span> <span class='ocrx_word' id='word_1_893' title='bbox 1072 1682 1110 1707; x_wconf 88' lang='lat'>40</span> <span class='ocrx_word' id='word_1_894' title='bbox 1123 1671 1194 1701; x_wconf 88' lang='lat' dir='ltr'>eius,</span> <span class='ocrx_word' id='word_1_895' title='bbox 1210 1670 1241 1696; x_wconf 87' lang='lat' dir='ltr'>de</span> <span class='ocrx_word' id='word_1_896' title='bbox 1260 1679 1313 1703; x_wconf 92' lang='lat' dir='ltr'>quo</span> <span class='ocrx_word' id='word_1_897' title='bbox 1334 1678 1438 1699; x_wconf 88' lang='lat' dir='ltr'>narres,</span> <span class='ocrx_word' id='word_1_898' title='bbox 1451 1675 1479 1694; x_wconf 90' lang='lat' dir='ltr'>vt</span> <span class='ocrx_word' id='word_1_899' title='bbox 1493 1669 1593 1697; x_wconf 85' lang='lat' dir='ltr'>sermo,</span> <span class='ocrx_word' id='word_1_900' title='bbox 1606 1673 1634 1692; x_wconf 86' lang='lat' dir='ltr'>vt</span> <span class='ocrx_word' id='word_1_901' title='bbox 1653 1666 1744 1691; x_wconf 90' lang='lat' dir='ltr'>vultus</span> <span class='ocrx_word' id='word_1_902' title='bbox 1758 1674 1850 1690; x_wconf 82' lang='lat' dir='ltr'>omnes</span> <span class='ocrx_word' id='word_1_903' title='bbox 1862 1666 2056 1698; x_wconf 86' lang='lat' dir='ltr'>exprimantur:</span> <span class='ocrx_word' id='word_1_904' title='bbox 2077 1672 2105 1692; x_wconf 90' lang='lat' dir='ltr'>vt</span> <span class='ocrx_word' id='word_1_905' title='bbox 2119 1666 2162 1698; x_wconf 87' lang='lat' dir='ltr'>iis,</span> 
     </span>
     <span class='ocr_line' id='line_1_47' title="bbox 23 1699 2161 1740; baseline -0.001 -10"><span class='ocrx_word' id='word_1_906' title='bbox 23 1704 89 1731; x_wconf 77' lang='lat' dir='ltr'>Fast.</span> <span class='ocrx_word' id='word_1_907' title='bbox 106 1713 124 1734; x_wconf 87' lang='lat'>1,</span> <span class='ocrx_word' id='word_1_908' title='bbox 137 1711 194 1738; x_wconf 82' lang='lat'>397.</span> <span class='ocrx_word' id='word_1_909' title='bbox 249 1704 335 1730; x_wconf 83' lang='lat' dir='ltr'>Ferox</span> <span class='ocrx_word' id='word_1_910' title='bbox 349 1704 442 1731; x_wconf 89' lang='lat' dir='ltr'>Claud.</span> <span class='ocrx_word' id='word_1_911' title='bbox 456 1704 487 1731; x_wconf 89' lang='lat' dir='ltr'>de</span> <span class='ocrx_word' id='word_1_912' title='bbox 501 1705 528 1730; x_wconf 90' lang='lat' dir='ltr'>B.</span> <span class='ocrx_word' id='word_1_913' title='bbox 544 1705 601 1731; x_wconf 89' lang='lat' dir='ltr'>Get.</span> <span class='ocrx_word' id='word_1_914' title='bbox 614 1713 672 1738; x_wconf 84' lang='lat'>423.</span> <span class='ocrx_word' id='word_1_915' title='bbox 729 1706 793 1731; x_wconf 89' lang='lat' dir='ltr'>Fera</span> <span class='ocrx_word' id='word_1_916' title='bbox 807 1706 873 1731; x_wconf 85' lang='lat' dir='ltr'>Hor.</span> <span class='ocrx_word' id='word_1_917' title='bbox 887 1705 968 1739; x_wconf 82' lang='lat' dir='ltr'>Epod.</span> <span class='ocrx_word' id='word_1_918' title='bbox 985 1709 1021 1737; x_wconf 88' lang='lat'>16,</span> <span class='ocrx_word' id='word_1_919' title='bbox 1035 1714 1060 1740; x_wconf 91' lang='lat'>7.</span> <span class='ocrx_word' id='word_1_920' title='bbox 1124 1707 1170 1739; x_wconf 89' lang='lat' dir='ltr'>qui</span> <span class='ocrx_word' id='word_1_921' title='bbox 1189 1705 1315 1736; x_wconf 84' lang='lat' dir='ltr'>audiunt,</span> <span class='ocrx_word' id='word_1_922' title='bbox 1328 1712 1384 1730; x_wconf 87' lang='lat' dir='ltr'>tuni</span> <span class='ocrx_word' id='word_1_923' title='bbox 1401 1704 1457 1737; x_wconf 86' lang='lat' dir='ltr'>geri</span> <span class='ocrx_word' id='word_1_924' title='bbox 1477 1703 1537 1733; x_wconf 86' lang='lat' dir='ltr'>illa,</span> <span class='ocrx_word' id='word_1_925' title='bbox 1553 1701 1663 1734; x_wconf 80' lang='lat' dir='ltr'>fierique</span> <span class='ocrx_word' id='word_1_926' title='bbox 1682 1700 1831 1725; x_wconf 83' lang='lat' dir='ltr'>videantur.</span> <span class='ocrx_word' id='word_1_927' title='bbox 1902 1700 1972 1725; x_wconf 88' lang='lat' dir='ltr'>Dum</span> <span class='ocrx_word' id='word_1_928' title='bbox 1992 1699 2054 1726; x_wconf 86' lang='lat' dir='ltr'>haec</span> <span class='ocrx_word' id='word_1_929' title='bbox 2069 1710 2161 1735; x_wconf 82' lang='lat' dir='ltr'>gei-un-</span> 
     </span>
     <span class='ocr_line' id='line_1_48' title="bbox 21 1733 2161 1774; baseline -0.001 -9"><span class='ocrx_word' id='word_1_930' title='bbox 21 1739 180 1770; x_wconf 85' lang='lat' dir='ltr'>Penetralis,</span> <span class='ocrx_word' id='word_1_931' title='bbox 199 1739 224 1765; x_wconf 87' lang='lat' dir='ltr'>b.</span> <span class='ocrx_word' id='word_1_932' title='bbox 237 1748 258 1765; x_wconf 87' lang='lat' dir='ltr'>e.</span> <span class='ocrx_word' id='word_1_933' title='bbox 276 1740 396 1766; x_wconf 79' lang='lat' dir='ltr'>Penieior.</span> <span class='ocrx_word' id='word_1_934' title='bbox 430 1740 521 1766; x_wconf 85' lang='lat' dir='ltr'>Tacit.</span> <span class='ocrx_word' id='word_1_935' title='bbox 536 1741 602 1766; x_wconf 92' lang='lat' dir='ltr'>Ann.</span> <span class='ocrx_word' id='word_1_936' title='bbox 616 1749 639 1771; x_wconf 88' lang='lat'>2,</span> <span class='ocrx_word' id='word_1_937' title='bbox 654 1749 683 1766; x_wconf 88' lang='grc' dir='ltr'>ιο</span> <span class='ocrx_word' id='word_1_938' title='bbox 705 1741 753 1767; x_wconf 87' lang='lat' dir='ltr'>Ille</span> <span class='ocrx_word' id='word_1_939' title='bbox 771 1741 809 1766; x_wconf 91' lang='lat' dir='ltr'>fas</span> <span class='ocrx_word' id='word_1_940' title='bbox 827 1741 942 1774; x_wconf 84' lang='lat' dir='ltr'>patriae,</span> <span class='ocrx_word' id='word_1_941' title='bbox 956 1741 1062 1767; x_wconf 81' lang='lat' dir='ltr'>liberta·</span> <span class='ocrx_word' id='word_1_942' title='bbox 1122 1746 1167 1765; x_wconf 92' lang='lat' dir='ltr'>tur</span> <span class='ocrx_word' id='word_1_943' title='bbox 1182 1740 1250 1772; x_wconf 86' lang='lat' dir='ltr'>Nep.</span> <span class='ocrx_word' id='word_1_944' title='bbox 1267 1749 1304 1771; x_wconf 73' lang='lat'>14.</span> <span class='ocrx_word' id='word_1_945' title='bbox 1323 1747 1345 1770; x_wconf 79' lang='lat'>5,</span> <span class='ocrx_word' id='word_1_946' title='bbox 1358 1747 1377 1763; x_wconf 95' lang='grc' dir='ltr'>ι.</span> <span class='ocrx_word' id='word_1_947' title='bbox 1448 1735 1680 1773; x_wconf 81' lang='lat' dir='ltr'>Qiemadniodum</span> <span class='ocrx_word' id='word_1_948' title='bbox 1693 1742 1741 1759; x_wconf 88' lang='lat' dir='ltr'>nos</span> <span class='ocrx_word' id='word_1_949' title='bbox 1759 1733 1882 1760; x_wconf 83' lang='lat' dir='ltr'>aduersus</span> <span class='ocrx_word' id='word_1_950' title='bbox 1897 1734 2017 1761; x_wconf 81' lang='lat' dir='ltr'>homines</span> <span class='ocrx_word' id='word_1_951' title='bbox 2030 1745 2161 1770; x_wconf 83' lang='lat' dir='ltr'>geramus,</span> 
     </span>
     <span class='ocr_line' id='line_1_49' title="bbox 0 1768 2161 1810; baseline -0.003 -11"><span class='ocrx_word' id='word_1_952' title='bbox 0 1787 3 1792; x_wconf 60' lang='lat' dir='ltr'>v</span> <span class='ocrx_word' id='word_1_953' title='bbox 20 1779 74 1800; x_wconf 76' lang='lat' dir='ltr'>teni</span> <span class='ocrx_word' id='word_1_954' title='bbox 86 1775 200 1805; x_wconf 82' lang='lat' dir='ltr'>auitam,</span> <span class='ocrx_word' id='word_1_955' title='bbox 220 1775 358 1807; x_wconf 84' lang='lat' dir='ltr'>penetralis</span> <span class='ocrx_word' id='word_1_956' title='bbox 371 1775 528 1801; x_wconf 83' lang='lat' dir='ltr'>Germaniae</span> <span class='ocrx_word' id='word_1_957' title='bbox 546 1775 623 1806; x_wconf 84' lang='lat' dir='ltr'>deos,</span> <span class='ocrx_word' id='word_1_958' title='bbox 635 1781 681 1801; x_wconf 80' lang='lat' dir='ltr'>etc.</span> <span class='ocrx_word' id='word_1_959' title='bbox 720 1775 777 1808; x_wconf 69' lang='lat' dir='ltr'>Nifi</span> <span class='ocrx_word' id='word_1_960' title='bbox 795 1775 940 1808; x_wconf 85' lang='lat' dir='ltr'>penetrales</span> <span class='ocrx_word' id='word_1_961' title='bbox 954 1776 991 1800; x_wconf 92' lang='lat' dir='ltr'>D1</span> <span class='ocrx_word' id='word_1_962' title='bbox 997 1775 1062 1810; x_wconf 82' lang='lat' dir='ltr'>sunt</span> <span class='ocrx_word' id='word_1_963' title='bbox 1121 1780 1214 1799; x_wconf 87' lang='lat' dir='ltr'>natura</span> <span class='ocrx_word' id='word_1_964' title='bbox 1231 1782 1280 1798; x_wconf 87' lang='lat' dir='ltr'>nos</span> <span class='ocrx_word' id='word_1_965' title='bbox 1301 1772 1391 1797; x_wconf 85' lang='lat' dir='ltr'>docuit</span> <span class='ocrx_word' id='word_1_966' title='bbox 1408 1780 1461 1796; x_wconf 87' lang='lat' dir='ltr'>non</span> <span class='ocrx_word' id='word_1_967' title='bbox 1481 1771 1614 1804; x_wconf 83' lang='lat' dir='ltr'>negligere</span> <span class='ocrx_word' id='word_1_968' title='bbox 1639 1770 1694 1795; x_wconf 84' lang='lat' dir='ltr'>Cic.</span> <span class='ocrx_word' id='word_1_969' title='bbox 1707 1768 1758 1794; x_wconf 87' lang='lat' dir='ltr'>Off.</span> <span class='ocrx_word' id='word_1_970' title='bbox 1774 1777 1792 1799; x_wconf 89' lang='lat'>1,</span> <span class='ocrx_word' id='word_1_971' title='bbox 1808 1774 1838 1800; x_wconf 75' lang='lat'>98</span> <span class='ocrx_word' id='word_1_972' title='bbox 1859 1779 1879 1794; x_wconf 92' lang='lat' dir='ltr'>c.</span> <span class='ocrx_word' id='word_1_973' title='bbox 1898 1775 1937 1799; x_wconf 83' lang='lat'>28.</span> <span class='ocrx_word' id='word_1_974' title='bbox 2008 1771 2161 1798; x_wconf 69' lang='lat' dir='ltr'>Amicitiam</span> 
     </span>
     <span class='ocr_line' id='line_1_50' title="bbox 16 1803 2160 1843; baseline 0 -10"><span class='ocrx_word' id='word_1_975' title='bbox 16 1814 134 1843; x_wconf 79' lang='lat' dir='ltr'>penates:</span> <span class='ocrx_word' id='word_1_976' title='bbox 152 1808 217 1843; x_wconf 74' lang='lat' dir='ltr'>quod</span> <span class='ocrx_word' id='word_1_977' title='bbox 233 1811 316 1834; x_wconf 85' lang='lat' dir='ltr'>malim</span> <span class='ocrx_word' id='word_1_978' title='bbox 327 1818 369 1843; x_wconf 83' lang='lat' dir='ltr'>ego</span> <span class='ocrx_word' id='word_1_979' title='bbox 383 1818 482 1843; x_wconf 80' lang='lat' dir='ltr'>quoque.</span> <span class='ocrx_word' id='word_1_980' title='bbox 1121 1807 1194 1833; x_wconf 82' lang='lat' dir='ltr'>Ideni</span> <span class='ocrx_word' id='word_1_981' title='bbox 1208 1808 1279 1832; x_wconf 88' lang='lat' dir='ltr'>Fam.</span> <span class='ocrx_word' id='word_1_982' title='bbox 1301 1816 1323 1837; x_wconf 96' lang='grc'>3,</span> <span class='ocrx_word' id='word_1_983' title='bbox 1342 1811 1364 1835; x_wconf 84' lang='lat'>8.</span> <span class='ocrx_word' id='word_1_984' title='bbox 1432 1806 1559 1831; x_wconf 84' lang='lat' dir='ltr'>Animum</span> <span class='ocrx_word' id='word_1_985' title='bbox 1578 1803 1654 1830; x_wconf 86' lang='lat' dir='ltr'>laude</span> <span class='ocrx_word' id='word_1_986' title='bbox 1677 1803 1786 1837; x_wconf 81' lang='lat' dir='ltr'>dignum</span> <span class='ocrx_word' id='word_1_987' title='bbox 1805 1805 1843 1830; x_wconf 91' lang='lat' dir='ltr'>Id.</span> <span class='ocrx_word' id='word_1_988' title='bbox 1858 1805 1886 1830; x_wconf 87' lang='lat' dir='ltr'>in</span> <span class='ocrx_word' id='word_1_989' title='bbox 1896 1805 1984 1831; x_wconf 89' lang='lat' dir='ltr'>Parad.</span> <span class='ocrx_word' id='word_1_990' title='bbox 2007 1815 2028 1838; x_wconf 77' lang='grc' dir='ltr'>ς.</span> <span class='ocrx_word' id='word_1_991' title='bbox 2099 1808 2160 1833; x_wconf 87' lang='lat' dir='ltr'>Ani-</span> 
     </span>
     <span class='ocr_line' id='line_1_51' title="bbox 57 1840 2160 1875; baseline 0 -7"><span class='ocrx_word' id='word_1_992' title='bbox 57 1841 274 1868; x_wconf 69' lang='lat' dir='ltr'>GERMANIC</span> <span class='ocrx_word' id='word_1_993' title='bbox 284 1849 343 1874; x_wconf 89' lang='lat' dir='ltr'>vs,</span> <span class='ocrx_word' id='word_1_994' title='bbox 364 1851 394 1874; x_wconf 88' lang='lat' dir='ltr'>a,</span> <span class='ocrx_word' id='word_1_995' title='bbox 415 1851 468 1868; x_wconf 87' lang='lat' dir='ltr'>um.</span> <span class='ocrx_word' id='word_1_996' title='bbox 503 1841 563 1867; x_wconf 79' lang='lat' dir='ltr'>Adi.</span> <span class='ocrx_word' id='word_1_997' title='bbox 600 1841 787 1875; x_wconf 60' lang='grc' dir='ltr'>[Γερμανικὰ]</span> <span class='ocrx_word' id='word_1_998' title='bbox 823 1851 838 1867; x_wconf 87' lang='lat' dir='ltr'>a</span> <span class='ocrx_word' id='word_1_999' title='bbox 858 1841 1000 1867; x_wconf 85' lang='lat' dir='ltr'>Germania</span> <span class='ocrx_word' id='word_1_1000' title='bbox 1019 1841 1058 1867; x_wconf 83' lang='lat' dir='ltr'>de·</span> <span class='ocrx_word' id='word_1_1001' title='bbox 1074 1846 1108 1872; x_wconf 78' lang='lat'>43</span> <span class='ocrx_word' id='word_1_1002' title='bbox 1122 1851 1195 1867; x_wconf 88' lang='lat' dir='ltr'>mum</span> <span class='ocrx_word' id='word_1_1003' title='bbox 1208 1841 1365 1867; x_wconf 84' lang='lat' dir='ltr'>muliebrem</span> <span class='ocrx_word' id='word_1_1004' title='bbox 1381 1840 1437 1866; x_wconf 84' lang='lat' dir='ltr'>Cic.</span> <span class='ocrx_word' id='word_1_1005' title='bbox 1454 1840 1505 1866; x_wconf 85' lang='lat' dir='ltr'>Off.</span> <span class='ocrx_word' id='word_1_1006' title='bbox 1522 1848 1541 1871; x_wconf 86' lang='grc' dir='ltr'><strong>ι,</strong></span> <span class='ocrx_word' id='word_1_1007' title='bbox 1555 1842 1593 1865; x_wconf 85' lang='grc' dir='ltr'>6ι.</span> <span class='ocrx_word' id='word_1_1008' title='bbox 1664 1840 1789 1866; x_wconf 84' lang='lat' dir='ltr'>Animum</span> <span class='ocrx_word' id='word_1_1009' title='bbox 1802 1840 1912 1865; x_wconf 82' lang='lat' dir='ltr'>mixtum</span> <span class='ocrx_word' id='word_1_1010' title='bbox 1927 1840 2024 1873; x_wconf 80' lang='lat' dir='ltr'>gaudio</span> <span class='ocrx_word' id='word_1_1011' title='bbox 2038 1850 2066 1867; x_wconf 88' lang='lat' dir='ltr'>ac</span> <span class='ocrx_word' id='word_1_1012' title='bbox 2080 1848 2160 1873; x_wconf 82' lang='lat' dir='ltr'>nictu,</span> 
     </span>
     <span class='ocr_line' id='line_1_52' title="bbox 14 1874 2158 1911; baseline -0 -7"><span class='ocrx_word' id='word_1_1013' title='bbox 14 1876 136 1907; x_wconf 75' lang='lat' dir='ltr'>ducitur:</span> <span class='ocrx_word' id='word_1_1014' title='bbox 152 1883 182 1902; x_wconf 72' lang='lat' dir='ltr'>vt</span> <span class='ocrx_word' id='word_1_1015' title='bbox 198 1886 214 1901; x_wconf 84' lang='lat' dir='ltr'>a</span> <span class='ocrx_word' id='word_1_1016' title='bbox 232 1877 388 1902; x_wconf 83' lang='lat' dir='ltr'>Macedonia</span> <span class='ocrx_word' id='word_1_1017' title='bbox 406 1876 601 1903; x_wconf 76' lang='lat' dir='ltr'>Macedonicus.</span> <span class='ocrx_word' id='word_1_1018' title='bbox 637 1878 729 1910; x_wconf 78' lang='lat' dir='ltr'>Nempe</span> <span class='ocrx_word' id='word_1_1019' title='bbox 746 1886 761 1902; x_wconf 87' lang='grc' dir='ltr'><em>α</em></span> <span class='ocrx_word' id='word_1_1020' title='bbox 781 1876 906 1902; x_wconf 78' lang='lat' dir='ltr'>debellatis</span> <span class='ocrx_word' id='word_1_1021' title='bbox 919 1877 1059 1903; x_wconf 79' lang='lat' dir='ltr'>Germanis</span> <span class='ocrx_word' id='word_1_1022' title='bbox 1122 1876 1318 1911; x_wconf 80' lang='lat' dir='ltr'>Cupiditatem,</span> <span class='ocrx_word' id='word_1_1023' title='bbox 1332 1875 1482 1907; x_wconf 77' lang='lat' dir='ltr'>Desideria,</span> <span class='ocrx_word' id='word_1_1024' title='bbox 1495 1876 1564 1901; x_wconf 79' lang='lat' dir='ltr'>rixas</span> <span class='ocrx_word' id='word_1_1025' title='bbox 1579 1885 1584 1900; x_wconf 88' lang='lat'>:</span> <span class='ocrx_word' id='word_1_1026' title='bbox 1609 1874 1663 1900; x_wconf 80' lang='lat' dir='ltr'>vid.</span> <span class='ocrx_word' id='word_1_1027' title='bbox 1686 1876 1769 1901; x_wconf 78' lang='lat' dir='ltr'>Burni.</span> <span class='ocrx_word' id='word_1_1028' title='bbox 1791 1875 1825 1900; x_wconf 82' lang='lat' dir='ltr'>ad</span> <span class='ocrx_word' id='word_1_1029' title='bbox 1845 1875 1918 1908; x_wconf 83' lang='lat' dir='ltr'>Calp.</span> <span class='ocrx_word' id='word_1_1030' title='bbox 1942 1876 2022 1902; x_wconf 86' lang='lat' dir='ltr'>Flacc.</span> <span class='ocrx_word' id='word_1_1031' title='bbox 2046 1877 2116 1903; x_wconf 86' lang='lat' dir='ltr'>Decl.</span> <span class='ocrx_word' id='word_1_1032' title='bbox 2135 1887 2158 1910; x_wconf 81' lang='lat'>13</span> 
     </span>
     <span class='ocr_line' id='line_1_53' title="bbox 13 1909 2158 1951; baseline 0 -14"><span class='ocrx_word' id='word_1_1033' title='bbox 13 1912 126 1951; x_wconf 47' lang='lat' dir='ltr'>‘qiidam&#39;</span> <span class='ocrx_word' id='word_1_1034' title='bbox 136 1911 309 1946; x_wconf 53' lang='lat' dir='ltr'>‘Imperatores</span> <span class='ocrx_word' id='word_1_1035' title='bbox 330 1912 483 1938; x_wconf 84' lang='lat' dir='ltr'>Germanici</span> <span class='ocrx_word' id='word_1_1036' title='bbox 511 1921 640 1947; x_wconf 75' lang='lat' dir='ltr'>cognomen</span> <span class='ocrx_word' id='word_1_1037' title='bbox 654 1911 812 1947; x_wconf 76' lang='lat' dir='ltr'>Jimiserunt,</span> <span class='ocrx_word' id='word_1_1038' title='bbox 832 1919 861 1938; x_wconf 80' lang='lat' dir='ltr'>vt</span> <span class='ocrx_word' id='word_1_1039' title='bbox 880 1912 1061 1943; x_wconf 86' lang='lat' dir='ltr'>Germanicus,</span> <span class='ocrx_word' id='word_1_1040' title='bbox 1122 1922 1145 1946; x_wconf 88' lang='lat' dir='ltr'>p.</span> <span class='ocrx_word' id='word_1_1041' title='bbox 1159 1918 1214 1942; x_wconf 76' lang='lat'>808.</span> <span class='ocrx_word' id='word_1_1042' title='bbox 1286 1912 1387 1938; x_wconf 84' lang='lat' dir='ltr'>Bellum</span> <span class='ocrx_word' id='word_1_1043' title='bbox 1400 1919 1506 1944; x_wconf 80' lang='lat' dir='ltr'>gerere,</span> <span class='ocrx_word' id='word_1_1044' title='bbox 1526 1910 1588 1935; x_wconf 82' lang='lat' dir='ltr'>idem</span> <span class='ocrx_word' id='word_1_1045' title='bbox 1602 1909 1666 1944; x_wconf 73' lang='lat' dir='ltr'>quod</span> <span class='ocrx_word' id='word_1_1046' title='bbox 1680 1911 1766 1935; x_wconf 63' lang='lat' dir='ltr'>faccrc</span> <span class='ocrx_word' id='word_1_1047' title='bbox 1778 1909 1870 1935; x_wconf 77' lang='lat' dir='ltr'>bellum.</span> <span class='ocrx_word' id='word_1_1048' title='bbox 1907 1911 1962 1936; x_wconf 86' lang='lat' dir='ltr'>Cic.</span> <span class='ocrx_word' id='word_1_1049' title='bbox 1976 1911 2008 1938; x_wconf 89' lang='lat' dir='ltr'>de</span> <span class='ocrx_word' id='word_1_1050' title='bbox 2018 1911 2117 1938; x_wconf 61' lang='lat' dir='ltr'>Seneft.</span> <span class='ocrx_word' id='word_1_1051' title='bbox 2131 1922 2158 1945; x_wconf 78' lang='lat'>32</span> 
     </span>
     <span class='ocr_line' id='line_1_54' title="bbox 20 1944 2160 1984; baseline -0 -9"><span class='ocrx_word' id='word_1_1052' title='bbox 20 1951 50 1982; x_wconf 49' lang='lat' dir='ltr'>C,</span> <span class='ocrx_word' id='word_1_1053' title='bbox 61 1946 172 1984; x_wconf 74' lang='lat' dir='ltr'>Cdesaris</span> <span class='ocrx_word' id='word_1_1054' title='bbox 185 1947 309 1983; x_wconf 75' lang='lat' dir='ltr'>Caligulae</span> <span class='ocrx_word' id='word_1_1055' title='bbox 325 1954 411 1982; x_wconf 80' lang='lat' dir='ltr'>pater,</span> <span class='ocrx_word' id='word_1_1056' title='bbox 423 1957 439 1973; x_wconf 86' lang='grc' dir='ltr'><em>α</em></span> <span class='ocrx_word' id='word_1_1057' title='bbox 457 1945 557 1974; x_wconf 82' lang='lat' dir='ltr'>Tiberio</span> <span class='ocrx_word' id='word_1_1058' title='bbox 568 1953 660 1981; x_wconf 81' lang='lat' dir='ltr'>patruo</span> <span class='ocrx_word' id='word_1_1059' title='bbox 673 1949 823 1982; x_wconf 78' lang='lat' dir='ltr'>adoptatus,</span> <span class='ocrx_word' id='word_1_1060' title='bbox 843 1947 871 1972; x_wconf 86' lang='lat' dir='ltr'>de</span> <span class='ocrx_word' id='word_1_1061' title='bbox 890 1956 935 1982; x_wconf 85' lang='lat' dir='ltr'>quo</span> <span class='ocrx_word' id='word_1_1062' title='bbox 947 1949 1016 1974; x_wconf 88' lang='lat' dir='ltr'>Suet.</span> <span class='ocrx_word' id='word_1_1063' title='bbox 1032 1948 1059 1973; x_wconf 92' lang='lat' dir='ltr'>in</span> <span class='ocrx_word' id='word_1_1064' title='bbox 1122 1947 1179 1974; x_wconf 81' lang='lat' dir='ltr'>Nisi</span> <span class='ocrx_word' id='word_1_1065' title='bbox 1196 1948 1266 1973; x_wconf 83' lang='lat' dir='ltr'>forte</span> <span class='ocrx_word' id='word_1_1066' title='bbox 1277 1955 1326 1979; x_wconf 85' lang='lat' dir='ltr'>ego</span> <span class='ocrx_word' id='word_1_1067' title='bbox 1334 1946 1476 1979; x_wconf 74' lang='lat' dir='ltr'>vobis‚qiii</span> <span class='ocrx_word' id='word_1_1068' title='bbox 1491 1951 1516 1971; x_wconf 86' lang='lat' dir='ltr'>ct</span> <span class='ocrx_word' id='word_1_1069' title='bbox 1529 1945 1605 1970; x_wconf 80' lang='lat' dir='ltr'>miles</span> <span class='ocrx_word' id='word_1_1070' title='bbox 1623 1950 1648 1969; x_wconf 88' lang='lat' dir='ltr'>et</span> <span class='ocrx_word' id='word_1_1071' title='bbox 1661 1944 1782 1970; x_wconf 88' lang='lat' dir='ltr'>tribunus</span> <span class='ocrx_word' id='word_1_1072' title='bbox 1797 1951 1822 1971; x_wconf 89' lang='lat' dir='ltr'>et</span> <span class='ocrx_word' id='word_1_1073' title='bbox 1835 1944 1933 1979; x_wconf 85' lang='lat' dir='ltr'>legatus</span> <span class='ocrx_word' id='word_1_1074' title='bbox 1947 1953 1972 1972; x_wconf 90' lang='lat' dir='ltr'>et</span> <span class='ocrx_word' id='word_1_1075' title='bbox 1984 1947 2081 1973; x_wconf 89' lang='lat' dir='ltr'>Consul</span> <span class='ocrx_word' id='word_1_1076' title='bbox 2103 1957 2160 1974; x_wconf 86' lang='lat' dir='ltr'>ver-</span> 
     </span>
     <span class='ocr_line' id='line_1_55' title="bbox 13 1980 2160 2018; baseline 0 -9"><span class='ocrx_word' id='word_1_1077' title='bbox 13 1983 102 2017; x_wconf 72' lang='lat' dir='ltr'>lealig.</span> <span class='ocrx_word' id='word_1_1078' title='bbox 117 1991 139 2012; x_wconf 70' lang='lat' dir='ltr'>c.</span> <span class='ocrx_word' id='word_1_1079' title='bbox 155 1991 176 2014; x_wconf 92' lang='lat'>1,</span> <span class='ocrx_word' id='word_1_1080' title='bbox 190 1990 215 2017; x_wconf 89' lang='lat'>7.</span> <span class='ocrx_word' id='word_1_1081' title='bbox 253 1983 332 2008; x_wconf 79' lang='lat' dir='ltr'>Multi</span> <span class='ocrx_word' id='word_1_1082' title='bbox 350 1985 423 2009; x_wconf 77' lang='lat' dir='ltr'>etiam</span> <span class='ocrx_word' id='word_1_1083' title='bbox 439 1984 601 2018; x_wconf 73' lang='lat' dir='ltr'>Imperatores</span> <span class='ocrx_word' id='word_1_1084' title='bbox 614 1982 658 2008; x_wconf 84' lang='lat' dir='ltr'>hoc</span> <span class='ocrx_word' id='word_1_1085' title='bbox 670 1991 801 2018; x_wconf 79' lang='lat' dir='ltr'>cognomen</span> <span class='ocrx_word' id='word_1_1086' title='bbox 816 1981 957 2018; x_wconf 74' lang='lat' dir='ltr'>asticmstre,</span> <span class='ocrx_word' id='word_1_1087' title='bbox 970 1992 986 2008; x_wconf 86' lang='lat' dir='ltr'>a</span> <span class='ocrx_word' id='word_1_1088' title='bbox 1000 1984 1059 2009; x_wconf 60' lang='lat' dir='ltr'>Ger&gt;</span> <span class='ocrx_word' id='word_1_1089' title='bbox 1121 1984 1188 2008; x_wconf 81' lang='lat' dir='ltr'>satus</span> <span class='ocrx_word' id='word_1_1090' title='bbox 1202 1983 1257 2008; x_wconf 81' lang='lat' dir='ltr'>surii</span> <span class='ocrx_word' id='word_1_1091' title='bbox 1277 1983 1305 2008; x_wconf 92' lang='lat' dir='ltr'>in</span> <span class='ocrx_word' id='word_1_1092' title='bbox 1318 1981 1394 2007; x_wconf 82' lang='lat' dir='ltr'>vario</span> <span class='ocrx_word' id='word_1_1093' title='bbox 1413 1989 1506 2014; x_wconf 75' lang='lat' dir='ltr'>genere</span> <span class='ocrx_word' id='word_1_1094' title='bbox 1520 1980 1665 2010; x_wconf 89' lang='lat' dir='ltr'>bellorum,</span> <span class='ocrx_word' id='word_1_1095' title='bbox 1685 1981 1777 2006; x_wconf 82' lang='lat' dir='ltr'>cessare</span> <span class='ocrx_word' id='word_1_1096' title='bbox 1791 1989 1859 2006; x_wconf 87' lang='lat' dir='ltr'>nunc</span> <span class='ocrx_word' id='word_1_1097' title='bbox 1872 1981 1981 2013; x_wconf 86' lang='lat' dir='ltr'>videor,</span> <span class='ocrx_word' id='word_1_1098' title='bbox 1995 1991 2077 2016; x_wconf 89' lang='lat' dir='ltr'>quum</span> <span class='ocrx_word' id='word_1_1099' title='bbox 2091 1983 2160 2010; x_wconf 85' lang='lat' dir='ltr'>bella</span> 
     </span>
     <span class='ocr_line' id='line_1_56' title="bbox 12 2016 2159 2052; baseline 0 -7"><span class='ocrx_word' id='word_1_1100' title='bbox 12 2021 99 2047; x_wconf 78' lang='lat' dir='ltr'>imnis</span> <span class='ocrx_word' id='word_1_1101' title='bbox 118 2017 206 2044; x_wconf 66' lang='lat' dir='ltr'>viciis.</span> <span class='ocrx_word' id='word_1_1102' title='bbox 251 2019 292 2045; x_wconf 76' lang='lat' dir='ltr'>Sic</span> <span class='ocrx_word' id='word_1_1103' title='bbox 304 2019 342 2044; x_wconf 90' lang='grc' dir='ltr'>Μ.</span> <span class='ocrx_word' id='word_1_1104' title='bbox 357 2018 481 2044; x_wconf 81' lang='lat' dir='ltr'>Aurelius</span> <span class='ocrx_word' id='word_1_1105' title='bbox 494 2018 657 2044; x_wconf 72' lang='lat' dir='ltr'>Antoninus:</span> <span class='ocrx_word' id='word_1_1106' title='bbox 672 2018 725 2044; x_wconf 73' lang='lat' dir='ltr'>vid.</span> <span class='ocrx_word' id='word_1_1107' title='bbox 739 2020 815 2044; x_wconf 82' lang='lat' dir='ltr'>Dion.</span> <span class='ocrx_word' id='word_1_1108' title='bbox 835 2028 872 2052; x_wconf 88' lang='lat'>7¹·</span> <span class='ocrx_word' id='word_1_1109' title='bbox 919 2018 950 2044; x_wconf 81' lang='lat' dir='ltr'>Et</span> <span class='ocrx_word' id='word_1_1110' title='bbox 966 2018 1058 2044; x_wconf 88' lang='lat' dir='ltr'>Domi·</span> <span class='ocrx_word' id='word_1_1111' title='bbox 1075 2023 1107 2049; x_wconf 83' lang='lat'>50</span> <span class='ocrx_word' id='word_1_1112' title='bbox 1120 2026 1174 2043; x_wconf 92' lang='lat' dir='ltr'>non</span> <span class='ocrx_word' id='word_1_1113' title='bbox 1197 2026 1269 2051; x_wconf 86' lang='lat' dir='ltr'>gero.</span> <span class='ocrx_word' id='word_1_1114' title='bbox 1341 2016 1443 2042; x_wconf 86' lang='lat' dir='ltr'>Bellum</span> <span class='ocrx_word' id='word_1_1115' title='bbox 1463 2016 1629 2041; x_wconf 81' lang='lat' dir='ltr'>continenter</span> <span class='ocrx_word' id='word_1_1116' title='bbox 1648 2023 1757 2048; x_wconf 79' lang='lat' dir='ltr'>gerere,</span> <span class='ocrx_word' id='word_1_1117' title='bbox 1777 2017 1827 2041; x_wconf 56' lang='lat' dir='ltr'>viil.</span> <span class='ocrx_word' id='word_1_1118' title='bbox 1850 2023 2031 2044; x_wconf 55' lang='lat' dir='ltr'>CwNTiNEO.</span> <span class='ocrx_word' id='word_1_1119' title='bbox 2102 2019 2159 2045; x_wconf 88' lang='lat' dir='ltr'>Cic.</span> 
     </span>
     <span class='ocr_line' id='line_1_57' title="bbox 23 2049 2158 2087; baseline 0 -7"><span class='ocrx_word' id='word_1_1120' title='bbox 23 2054 120 2086; x_wconf 68' lang='lat' dir='ltr'>timus,</span> <span class='ocrx_word' id='word_1_1121' title='bbox 133 2057 160 2079; x_wconf 88' lang='lat' dir='ltr'>in</span> <span class='ocrx_word' id='word_1_1122' title='bbox 175 2053 306 2086; x_wconf 64' lang='lat' dir='ltr'>Quinetil.</span> <span class='ocrx_word' id='word_1_1123' title='bbox 322 2062 360 2086; x_wconf 85' lang='lat'>10,</span> <span class='ocrx_word' id='word_1_1124' title='bbox 375 2062 392 2080; x_wconf 91' lang='grc' dir='ltr'>ι.</span> <span class='ocrx_word' id='word_1_1125' title='bbox 425 2053 483 2081; x_wconf 75' lang='lat' dir='ltr'>Vici.</span> <span class='ocrx_word' id='word_1_1126' title='bbox 498 2053 545 2079; x_wconf 87' lang='lat' dir='ltr'>Sil.</span> <span class='ocrx_word' id='word_1_1127' title='bbox 558 2061 580 2085; x_wconf 85' lang='grc'>3,</span> <span class='ocrx_word' id='word_1_1128' title='bbox 595 2056 656 2087; x_wconf 87' lang='lat'>607.</span> <span class='ocrx_word' id='word_1_1129' title='bbox 1121 2052 1153 2079; x_wconf 88' lang='lat' dir='ltr'>de</span> <span class='ocrx_word' id='word_1_1130' title='bbox 1173 2053 1231 2079; x_wconf 88' lang='lat' dir='ltr'>Fin.</span> <span class='ocrx_word' id='word_1_1131' title='bbox 1254 2061 1279 2084; x_wconf 91' lang='lat'>2,</span> <span class='ocrx_word' id='word_1_1132' title='bbox 1315 2071 1323 2077; x_wconf 87' lang='lat'>.</span> <span class='ocrx_word' id='word_1_1133' title='bbox 1359 2071 1365 2077; x_wconf 95' lang='lat'>.</span> <span class='ocrx_word' id='word_1_1134' title='bbox 1403 2051 1466 2077; x_wconf 71' lang='lat' dir='ltr'>Stoii</span> <span class='ocrx_word' id='word_1_1135' title='bbox 1476 2052 1496 2075; x_wconf 55' lang='lat' dir='ltr'>is,</span> <span class='ocrx_word' id='word_1_1136' title='bbox 1521 2050 1678 2084; x_wconf 80' lang='lat' dir='ltr'>quibuscum</span> <span class='ocrx_word' id='word_1_1137' title='bbox 1701 2049 1800 2076; x_wconf 76' lang='lat' dir='ltr'>Bellum</span> <span class='ocrx_word' id='word_1_1138' title='bbox 1825 2052 1944 2084; x_wconf 84' lang='lat' dir='ltr'>gerebat,</span> <span class='ocrx_word' id='word_1_1139' title='bbox 1972 2061 2158 2087; x_wconf 79' lang='lat' dir='ltr'>opponeretur.</span> 
     </span>
    </p>
   </div>
   <div class='ocr_carea' id='block_1_10' title="bbox 0 2085 2160 2266">
    <p class='ocr_par' dir='ltr' id='par_1_12' title="bbox 0 2085 2160 2266">
     <span class='ocr_line' id='line_1_58' title="bbox 0 2085 2160 2124; baseline -0.001 -9"><span class='ocrx_word' id='word_1_1140' title='bbox 0 2105 1 2112; x_wconf 38' lang='grc' dir='ltr'><strong>κ</strong></span> <span class='ocrx_word' id='word_1_1141' title='bbox 25 2095 135 2124; x_wconf 50' lang='grc' dir='ltr'>’,(,ΕΕΚ</span> <span class='ocrx_word' id='word_1_1142' title='bbox 145 2096 169 2115; x_wconf 84' lang='lat' dir='ltr'><strong>M</strong></span> <span class='ocrx_word' id='word_1_1143' title='bbox 178 2096 198 2116; x_wconf 80' lang='lat' dir='ltr'>A</span> <span class='ocrx_word' id='word_1_1144' title='bbox 208 2096 245 2115; x_wconf 86' lang='lat' dir='ltr'>NI</span> <span class='ocrx_word' id='word_1_1145' title='bbox 255 2095 272 2115; x_wconf 83' lang='lat' dir='ltr'>C</span> <span class='ocrx_word' id='word_1_1146' title='bbox 282 2096 291 2115; x_wconf 92' lang='lat'>1</span> <span class='ocrx_word' id='word_1_1147' title='bbox 301 2090 352 2115; x_wconf 78' lang='grc' dir='ltr'>ᾹΝ</span> <span class='ocrx_word' id='word_1_1148' title='bbox 362 2096 419 2121; x_wconf 89' lang='lat' dir='ltr'>VS,</span> <span class='ocrx_word' id='word_1_1149' title='bbox 437 2098 451 2115; x_wconf 89' lang='lat' dir='ltr'>a</span> <span class='ocrx_word' id='word_1_1150' title='bbox 463 2109 471 2122; x_wconf 89' lang='lat'>,</span> <span class='ocrx_word' id='word_1_1151' title='bbox 492 2097 546 2115; x_wconf 90' lang='lat' dir='ltr'>um.</span> <span class='ocrx_word' id='word_1_1152' title='bbox 585 2088 644 2115; x_wconf 86' lang='lat' dir='ltr'>Adi.</span> <span class='ocrx_word' id='word_1_1153' title='bbox 682 2087 782 2114; x_wconf 83' lang='lat' dir='ltr'>Milites</span> <span class='ocrx_word' id='word_1_1154' title='bbox 796 2086 1003 2118; x_wconf 73' lang='lat' dir='ltr'>Germaniciani,</span> <span class='ocrx_word' id='word_1_1155' title='bbox 1018 2091 1061 2122; x_wconf 83' lang='lat' dir='ltr'>qui</span> <span class='ocrx_word' id='word_1_1156' title='bbox 1121 2088 1221 2114; x_wconf 86' lang='lat' dir='ltr'>Bellum</span> <span class='ocrx_word' id='word_1_1157' title='bbox 1238 2097 1296 2113; x_wconf 85' lang='lat' dir='ltr'>cum</span> <span class='ocrx_word' id='word_1_1158' title='bbox 1315 2086 1406 2120; x_wconf 85' lang='lat' dir='ltr'>aliquo</span> <span class='ocrx_word' id='word_1_1159' title='bbox 1427 2087 1550 2112; x_wconf 72' lang='lat' dir='ltr'>adiici-sus</span> <span class='ocrx_word' id='word_1_1160' title='bbox 1565 2086 1681 2120; x_wconf 82' lang='lat' dir='ltr'>aliquem</span> <span class='ocrx_word' id='word_1_1161' title='bbox 1699 2085 1765 2119; x_wconf 84' lang='lat' dir='ltr'>Nep.</span> <span class='ocrx_word' id='word_1_1162' title='bbox 1781 2094 1814 2117; x_wconf 81' lang='lat'>12,</span> <span class='ocrx_word' id='word_1_1163' title='bbox 1828 2094 1848 2117; x_wconf 77' lang='lat'>3,</span> <span class='ocrx_word' id='word_1_1164' title='bbox 1863 2094 1882 2112; x_wconf 93' lang='lat'>1.</span> <span class='ocrx_word' id='word_1_1165' title='bbox 1953 2088 2021 2114; x_wconf 79' lang='lat' dir='ltr'>Bene</span> <span class='ocrx_word' id='word_1_1166' title='bbox 2037 2095 2061 2115; x_wconf 88' lang='lat' dir='ltr'>et</span> <span class='ocrx_word' id='word_1_1167' title='bbox 2076 2090 2160 2116; x_wconf 72' lang='lat' dir='ltr'>felici.</span> 
     </span>
     <span class='ocr_line' id='line_1_59' title="bbox 12 2113 2159 2166; baseline -0 -14"><span class='ocrx_word' id='word_1_1168' title='bbox 12 2113 146 2166; x_wconf 37' lang='grc' dir='ltr'>’ἧρπε</span> <span class='ocrx_word' id='word_1_1169' title='bbox 159 2128 281 2151; x_wconf 80' lang='lat' dir='ltr'>exercitiis</span> <span class='ocrx_word' id='word_1_1170' title='bbox 295 2125 443 2151; x_wconf 78' lang='lat' dir='ltr'>Germanici.</span> <span class='ocrx_word' id='word_1_1171' title='bbox 481 2125 549 2151; x_wconf 88' lang='lat' dir='ltr'>Suet.</span> <span class='ocrx_word' id='word_1_1172' title='bbox 563 2124 591 2150; x_wconf 90' lang='lat' dir='ltr'>in</span> <span class='ocrx_word' id='word_1_1173' title='bbox 608 2123 706 2150; x_wconf 85' lang='lat' dir='ltr'>Tiber.</span> <span class='ocrx_word' id='word_1_1174' title='bbox 720 2132 741 2149; x_wconf 86' lang='lat' dir='ltr'>c.</span> <span class='ocrx_word' id='word_1_1175' title='bbox 757 2131 784 2155; x_wconf 74' lang='lat'>25</span> <span class='ocrx_word' id='word_1_1176' title='bbox 803 2123 965 2157; x_wconf 72' lang='lat' dir='ltr'>flagitabant</span> <span class='ocrx_word' id='word_1_1177' title='bbox 979 2123 1058 2149; x_wconf 88' lang='lat' dir='ltr'>ambo</span> <span class='ocrx_word' id='word_1_1178' title='bbox 1120 2130 1162 2149; x_wconf 90' lang='lat' dir='ltr'>ter</span> <span class='ocrx_word' id='word_1_1179' title='bbox 1180 2122 1282 2157; x_wconf 87' lang='lat' dir='ltr'>aliquid</span> <span class='ocrx_word' id='word_1_1180' title='bbox 1298 2123 1352 2148; x_wconf 90' lang='lat' dir='ltr'>Cic.</span> <span class='ocrx_word' id='word_1_1181' title='bbox 1367 2121 1479 2154; x_wconf 80' lang='lat' dir='ltr'>Philipp.</span> <span class='ocrx_word' id='word_1_1182' title='bbox 1500 2130 1524 2153; x_wconf 75' lang='grc'>5,</span> <span class='ocrx_word' id='word_1_1183' title='bbox 1540 2129 1578 2146; x_wconf 81' lang='lat'>20.</span> <span class='ocrx_word' id='word_1_1184' title='bbox 1650 2120 1791 2154; x_wconf 87' lang='lat' dir='ltr'>Captiiiuiii</span> <span class='ocrx_word' id='word_1_1185' title='bbox 1811 2122 1868 2147; x_wconf 78' lang='lat' dir='ltr'>Seii.</span> <span class='ocrx_word' id='word_1_1186' title='bbox 1881 2122 1986 2148; x_wconf 76' lang='lat' dir='ltr'>Troad.</span> <span class='ocrx_word' id='word_1_1187' title='bbox 2001 2132 2054 2158; x_wconf 80' lang='lat'><strong>7¹3·</strong></span> <span class='ocrx_word' id='word_1_1188' title='bbox 2075 2128 2093 2150; x_wconf 91' lang='lat' dir='ltr'>i.</span> <span class='ocrx_word' id='word_1_1189' title='bbox 2111 2133 2159 2159; x_wconf 81' lang='lat' dir='ltr'>pro</span> 
     </span>
     <span class='ocr_line' id='line_1_60' title="bbox 62 2157 2159 2195; baseline -0.001 -9"><span class='ocrx_word' id='word_1_1190' title='bbox 62 2160 69 2195; x_wconf 30' lang='grc' dir='ltr'>’Υ</span> <span class='ocrx_word' id='word_1_1191' title='bbox 118 2169 148 2186; x_wconf 88' lang='lat' dir='ltr'>us</span> <span class='ocrx_word' id='word_1_1192' title='bbox 162 2160 244 2186; x_wconf 89' lang='lat' dir='ltr'>multa</span> <span class='ocrx_word' id='word_1_1193' title='bbox 257 2167 329 2186; x_wconf 84' lang='lat' dir='ltr'>extra</span> <span class='ocrx_word' id='word_1_1194' title='bbox 345 2160 481 2186; x_wconf 87' lang='lat' dir='ltr'>ordinem:</span> <span class='ocrx_word' id='word_1_1195' title='bbox 504 2166 563 2186; x_wconf 87' lang='lat' dir='ltr'>ante</span> <span class='ocrx_word' id='word_1_1196' title='bbox 576 2159 682 2189; x_wconf 70' lang='lat' dir='ltr'>omnia,</span> <span class='ocrx_word' id='word_1_1197' title='bbox 695 2164 723 2184; x_wconf 90' lang='lat' dir='ltr'>vt</span> <span class='ocrx_word' id='word_1_1198' title='bbox 736 2164 911 2192; x_wconf 84' lang='lat' dir='ltr'>aequarentur</span> <span class='ocrx_word' id='word_1_1199' title='bbox 927 2158 1059 2192; x_wconf 86' lang='lat' dir='ltr'>stipendio</span> <span class='ocrx_word' id='word_1_1200' title='bbox 1119 2165 1200 2192; x_wconf 74' lang='lat' dir='ltr'>capto.</span> <span class='ocrx_word' id='word_1_1201' title='bbox 1273 2158 1415 2183; x_wconf 88' lang='lat' dir='ltr'>Censuram</span> <span class='ocrx_word' id='word_1_1202' title='bbox 1433 2157 1498 2184; x_wconf 83' lang='lat' dir='ltr'>l’lin.</span> <span class='ocrx_word' id='word_1_1203' title='bbox 1514 2164 1552 2190; x_wconf 89' lang='lat'>17,</span> <span class='ocrx_word' id='word_1_1204' title='bbox 1568 2166 1586 2183; x_wconf 96' lang='lat' dir='ltr'>i.</span> <span class='ocrx_word' id='word_1_1205' title='bbox 1658 2157 1751 2182; x_wconf 77' lang='lat' dir='ltr'>ciuem</span> <span class='ocrx_word' id='word_1_1206' title='bbox 1774 2164 1926 2191; x_wconf 86' lang='lat' dir='ltr'>patremque</span> <span class='ocrx_word' id='word_1_1207' title='bbox 1946 2159 2037 2184; x_wconf 86' lang='lat' dir='ltr'>Claud.</span> <span class='ocrx_word' id='word_1_1208' title='bbox 2052 2161 2159 2187; x_wconf 70' lang='lat' dir='ltr'>Consul.</span> 
     </span>
     <span class='ocr_line' id='line_1_61' title="bbox 29 2190 2160 2230; baseline -0.001 -6"><span class='ocrx_word' id='word_1_1209' title='bbox 29 2190 202 2230; x_wconf 65' lang='lat' dir='ltr'>Piaetorianis.</span> <span class='ocrx_word' id='word_1_1210' title='bbox 237 2196 434 2222; x_wconf 87' lang='lat' dir='ltr'>Germaniciani</span> <span class='ocrx_word' id='word_1_1211' title='bbox 448 2195 556 2230; x_wconf 88' lang='lat' dir='ltr'>quidem</span> <span class='ocrx_word' id='word_1_1212' title='bbox 570 2202 615 2220; x_wconf 79' lang='lat' dir='ltr'>etc.</span> <span class='ocrx_word' id='word_1_1213' title='bbox 670 2192 743 2219; x_wconf 88' lang='lat' dir='ltr'>Idem</span> <span class='ocrx_word' id='word_1_1214' title='bbox 758 2194 787 2219; x_wconf 88' lang='lat' dir='ltr'>iii</span> <span class='ocrx_word' id='word_1_1215' title='bbox 800 2193 899 2219; x_wconf 87' lang='lat' dir='ltr'>Othon.</span> <span class='ocrx_word' id='word_1_1216' title='bbox 914 2202 935 2219; x_wconf 87' lang='lat' dir='ltr'>c.</span> <span class='ocrx_word' id='word_1_1217' title='bbox 950 2198 962 2224; x_wconf 79' lang='lat' dir='ltr'>s</span> <span class='ocrx_word' id='word_1_1218' title='bbox 992 2194 1056 2219; x_wconf 86' lang='lat' dir='ltr'>Ger·</span> <span class='ocrx_word' id='word_1_1219' title='bbox 1074 2198 1101 2223; x_wconf 77' lang='lat'>55</span> <span class='ocrx_word' id='word_1_1220' title='bbox 1120 2194 1225 2219; x_wconf 86' lang='lat' dir='ltr'>Honor.</span> <span class='ocrx_word' id='word_1_1221' title='bbox 1241 2200 1267 2224; x_wconf 84' lang='lat'>4,</span> <span class='ocrx_word' id='word_1_1222' title='bbox 1281 2200 1342 2224; x_wconf 82' lang='lat'>294.</span> <span class='ocrx_word' id='word_1_1223' title='bbox 1361 2195 1377 2219; x_wconf 92' lang='lat' dir='ltr'>i.</span> <span class='ocrx_word' id='word_1_1224' title='bbox 1391 2199 1439 2226; x_wconf 83' lang='lat' dir='ltr'>pro</span> <span class='ocrx_word' id='word_1_1225' title='bbox 1453 2194 1504 2217; x_wconf 70' lang='lat' dir='ltr'>ciue</span> <span class='ocrx_word' id='word_1_1226' title='bbox 1517 2199 1562 2217; x_wconf 66' lang='lat' dir='ltr'>rec.</span> <span class='ocrx_word' id='word_1_1227' title='bbox 1633 2191 1822 2218; x_wconf 62' lang='lat' dir='ltr'>Coniedhiram</span> <span class='ocrx_word' id='word_1_1228' title='bbox 1842 2193 2003 2226; x_wconf 83' lang='lat' dir='ltr'>perspicuam</span> <span class='ocrx_word' id='word_1_1229' title='bbox 2022 2195 2085 2220; x_wconf 87' lang='lat' dir='ltr'>solet</span> <span class='ocrx_word' id='word_1_1230' title='bbox 2100 2205 2160 2229; x_wconf 87' lang='lat' dir='ltr'>prae</span> 
     </span>
     <span class='ocr_line' id='line_1_62' title="bbox 29 2226 2159 2266; baseline 0 -8"><span class='ocrx_word' id='word_1_1231' title='bbox 29 2228 161 2266; x_wconf 61' lang='lat' dir='ltr'>maiitiam</span> <span class='ocrx_word' id='word_1_1232' title='bbox 176 2232 307 2257; x_wconf 83' lang='lat' dir='ltr'>exercitus</span> <span class='ocrx_word' id='word_1_1233' title='bbox 321 2231 349 2257; x_wconf 90' lang='lat' dir='ltr'>in</span> <span class='ocrx_word' id='word_1_1234' title='bbox 363 2230 444 2257; x_wconf 85' lang='lat' dir='ltr'>verba</span> <span class='ocrx_word' id='word_1_1235' title='bbox 456 2231 559 2257; x_wconf 90' lang='lat' dir='ltr'>Vitellii</span> <span class='ocrx_word' id='word_1_1236' title='bbox 575 2231 706 2256; x_wconf 76' lang='lat' dir='ltr'>fiirarunt.</span> <span class='ocrx_word' id='word_1_1237' title='bbox 1121 2229 1145 2254; x_wconf 88' lang='lat' dir='ltr'>se</span> <span class='ocrx_word' id='word_1_1238' title='bbox 1159 2236 1248 2261; x_wconf 80' lang='lat' dir='ltr'>gerere</span> <span class='ocrx_word' id='word_1_1239' title='bbox 1262 2227 1410 2254; x_wconf 66' lang='lat' dir='ltr'>affectionis</span> <span class='ocrx_word' id='word_1_1240' title='bbox 1424 2228 1493 2253; x_wconf 86' lang='lat' dir='ltr'>ratio</span> <span class='ocrx_word' id='word_1_1241' title='bbox 1514 2228 1569 2253; x_wconf 88' lang='lat' dir='ltr'>Cic.</span> <span class='ocrx_word' id='word_1_1242' title='bbox 1584 2226 1615 2252; x_wconf 89' lang='lat' dir='ltr'>de</span> <span class='ocrx_word' id='word_1_1243' title='bbox 1629 2227 1729 2253; x_wconf 87' lang='lat' dir='ltr'>Inuent.</span> <span class='ocrx_word' id='word_1_1244' title='bbox 1744 2236 1767 2258; x_wconf 88' lang='lat'>2,</span> <span class='ocrx_word' id='word_1_1245' title='bbox 1780 2236 1818 2259; x_wconf 79' lang='grc' dir='ltr'>3ο.</span> <span class='ocrx_word' id='word_1_1246' title='bbox 1889 2228 1979 2254; x_wconf 83' lang='lat' dir='ltr'>Sallust</span> <span class='ocrx_word' id='word_1_1247' title='bbox 2000 2230 2026 2255; x_wconf 88' lang='lat' dir='ltr'>in</span> <span class='ocrx_word' id='word_1_1248' title='bbox 2041 2231 2159 2265; x_wconf 71' lang='lat' dir='ltr'>Iugurth.</span> 
     </span>
    </p>
   </div>
   <div class='ocr_carea' id='block_1_11' title="bbox 6 2262 2160 2336">
    <p class='ocr_par' dir='ltr' id='par_1_13' title="bbox 6 2262 2160 2336">
     <span class='ocr_line' id='line_1_63' title="bbox 6 2262 2160 2301; baseline 0 -10"><span class='ocrx_word' id='word_1_1249' title='bbox 6 2274 8 2278; x_wconf 66' lang='lat'><em>⁴</em></span> <span class='ocrx_word' id='word_1_1250' title='bbox 51 2273 163 2294; x_wconf 63' lang='lat' dir='ltr'>fiERM</span> <span class='ocrx_word' id='word_1_1251' title='bbox 175 2273 190 2292; x_wconf 78' lang='grc' dir='ltr'>Ε</span> <span class='ocrx_word' id='word_1_1252' title='bbox 201 2273 222 2292; x_wconf 90' lang='grc' dir='ltr'><strong>Ν</strong></span> <span class='ocrx_word' id='word_1_1253' title='bbox 233 2286 241 2298; x_wconf 88' lang='grc'>,</span> <span class='ocrx_word' id='word_1_1254' title='bbox 262 2267 323 2292; x_wconf 77' lang='lat' dir='ltr'>inis.</span> <span class='ocrx_word' id='word_1_1255' title='bbox 349 2275 375 2292; x_wconf 87' lang='lat' dir='ltr'>n.</span> <span class='ocrx_word' id='word_1_1256' title='bbox 415 2266 526 2300; x_wconf 71' lang='grc' dir='ltr'>[Σπᾶρος</span> <span class='ocrx_word' id='word_1_1257' title='bbox 546 2265 623 2291; x_wconf 81' lang='lat' dir='ltr'>Gloff.</span> <span class='ocrx_word' id='word_1_1258' title='bbox 644 2265 700 2290; x_wconf 86' lang='lat' dir='ltr'>Lat.</span> <span class='ocrx_word' id='word_1_1259' title='bbox 721 2264 789 2298; x_wconf 67' lang='lat' dir='ltr'>Gn]</span> <span class='ocrx_word' id='word_1_1260' title='bbox 825 2263 928 2296; x_wconf 81' lang='lat' dir='ltr'>Festus,</span> <span class='ocrx_word' id='word_1_1261' title='bbox 942 2265 1058 2290; x_wconf 84' lang='lat' dir='ltr'>Germen</span> <span class='ocrx_word' id='word_1_1262' title='bbox 1121 2274 1142 2291; x_wconf 91' lang='lat' dir='ltr'>c.</span> <span class='ocrx_word' id='word_1_1263' title='bbox 1156 2269 1184 2296; x_wconf 65' lang='grc' dir='ltr'>ες</span> <span class='ocrx_word' id='word_1_1264' title='bbox 1217 2263 1286 2290; x_wconf 87' lang='lat' dir='ltr'>Nam</span> <span class='ocrx_word' id='word_1_1265' title='bbox 1302 2272 1408 2297; x_wconf 88' lang='lat' dir='ltr'>gerere,</span> <span class='ocrx_word' id='word_1_1266' title='bbox 1424 2272 1501 2297; x_wconf 89' lang='lat' dir='ltr'>quam</span> <span class='ocrx_word' id='word_1_1267' title='bbox 1517 2262 1583 2288; x_wconf 87' lang='lat' dir='ltr'>ferri</span> <span class='ocrx_word' id='word_1_1268' title='bbox 1598 2263 1739 2288; x_wconf 80' lang='lat' dir='ltr'>Consulem</span> <span class='ocrx_word' id='word_1_1269' title='bbox 1754 2269 1873 2296; x_wconf 87' lang='lat' dir='ltr'>tempore</span> <span class='ocrx_word' id='word_1_1270' title='bbox 1886 2264 2028 2297; x_wconf 74' lang='lat' dir='ltr'>posterius,</span> <span class='ocrx_word' id='word_1_1271' title='bbox 2043 2275 2070 2291; x_wconf 88' lang='lat' dir='ltr'>re</span> <span class='ocrx_word' id='word_1_1272' title='bbox 2083 2273 2160 2301; x_wconf 60' lang='lat' dir='ltr'>:itque</span> 
     </span>
     <span class='ocr_line' id='line_1_64' title="bbox 24 2298 2160 2336; baseline -0.001 -8"><span class='ocrx_word' id='word_1_1273' title='bbox 24 2301 68 2335; x_wconf 73' lang='lat' dir='ltr'>est,</span> <span class='ocrx_word' id='word_1_1274' title='bbox 79 2302 158 2336; x_wconf 85' lang='lat' dir='ltr'>Qiod</span> <span class='ocrx_word' id='word_1_1275' title='bbox 170 2310 202 2328; x_wconf 87' lang='lat' dir='ltr'>ex</span> <span class='ocrx_word' id='word_1_1276' title='bbox 223 2301 349 2328; x_wconf 86' lang='lat' dir='ltr'>arborum</span> <span class='ocrx_word' id='word_1_1277' title='bbox 364 2301 473 2327; x_wconf 84' lang='lat' dir='ltr'>surculis</span> <span class='ocrx_word' id='word_1_1278' title='bbox 492 2301 619 2328; x_wconf 86' lang='lat' dir='ltr'>nascitur:</span> <span class='ocrx_word' id='word_1_1279' title='bbox 645 2299 712 2326; x_wconf 87' lang='lat' dir='ltr'>vnde</span> <span class='ocrx_word' id='word_1_1280' title='bbox 732 2306 757 2326; x_wconf 88' lang='lat' dir='ltr'>et</span> <span class='ocrx_word' id='word_1_1281' title='bbox 771 2300 913 2332; x_wconf 84' lang='lat' dir='ltr'>Germani,</span> <span class='ocrx_word' id='word_1_1282' title='bbox 935 2300 1005 2334; x_wconf 79' lang='lat' dir='ltr'>quati</span> <span class='ocrx_word' id='word_1_1283' title='bbox 1021 2301 1057 2326; x_wconf 80' lang='lat' dir='ltr'>Ex</span> <span class='ocrx_word' id='word_1_1284' title='bbox 1120 2301 1167 2326; x_wconf 85' lang='lat' dir='ltr'>vsu</span> <span class='ocrx_word' id='word_1_1285' title='bbox 1182 2299 1254 2333; x_wconf 87' lang='lat' dir='ltr'>prius</span> <span class='ocrx_word' id='word_1_1286' title='bbox 1269 2298 1312 2325; x_wconf 86' lang='lat' dir='ltr'>est.</span> <span class='ocrx_word' id='word_1_1287' title='bbox 1367 2299 1421 2328; x_wconf 87' lang='lat' dir='ltr'>Sic,</span> <span class='ocrx_word' id='word_1_1288' title='bbox 1440 2300 1538 2325; x_wconf 82' lang='lat' dir='ltr'>Gerere</span> <span class='ocrx_word' id='word_1_1289' title='bbox 1553 2298 1722 2324; x_wconf 75' lang='lat' dir='ltr'>Consulatum</span> <span class='ocrx_word' id='word_1_1290' title='bbox 1738 2298 1794 2323; x_wconf 76' lang='lat' dir='ltr'>sic.</span> <span class='ocrx_word' id='word_1_1291' title='bbox 1810 2307 1857 2332; x_wconf 84' lang='lat' dir='ltr'>pro</span> <span class='ocrx_word' id='word_1_1292' title='bbox 1872 2299 1940 2325; x_wconf 78' lang='lat' dir='ltr'>Sext.</span> <span class='ocrx_word' id='word_1_1293' title='bbox 1953 2307 1996 2333; x_wconf 89' lang='lat'>79.</span> <span class='ocrx_word' id='word_1_1294' title='bbox 2035 2301 2101 2335; x_wconf 78' lang='lat' dir='ltr'>Nep.</span> <span class='ocrx_word' id='word_1_1295' title='bbox 2119 2311 2160 2335; x_wconf 81' lang='lat'>24,</span> 
     </span>
    </p>
   </div>
   <div class='ocr_carea' id='block_1_12' title="bbox 0 2333 2159 3116">
    <p class='ocr_par' dir='ltr' id='par_1_14' title="bbox 0 2333 2159 2763">
     <span class='ocr_line' id='line_1_65' title="bbox 6 2333 2158 2372; baseline -0 -9"><span class='ocrx_word' id='word_1_1296' title='bbox 6 2350 8 2363; x_wconf 74' lang='lat' dir='ltr'>l</span> <span class='ocrx_word' id='word_1_1297' title='bbox 23 2337 108 2366; x_wconf 81' lang='lat' dir='ltr'>eadem</span> <span class='ocrx_word' id='word_1_1298' title='bbox 128 2337 208 2372; x_wconf 81' lang='lat' dir='ltr'>stirpe</span> <span class='ocrx_word' id='word_1_1299' title='bbox 225 2338 290 2364; x_wconf 89' lang='lat' dir='ltr'>nati.</span> <span class='ocrx_word' id='word_1_1300' title='bbox 358 2337 426 2363; x_wconf 83' lang='lat' dir='ltr'>Plin.</span> <span class='ocrx_word' id='word_1_1301' title='bbox 439 2346 476 2368; x_wconf 82' lang='grc' dir='ltr'><strong>ιο,</strong></span> <span class='ocrx_word' id='word_1_1302' title='bbox 491 2345 521 2370; x_wconf 84' lang='lat'>29</span> <span class='ocrx_word' id='word_1_1303' title='bbox 559 2337 687 2363; x_wconf 87' lang='lat' dir='ltr'>Densante</span> <span class='ocrx_word' id='word_1_1304' title='bbox 715 2336 739 2361; x_wconf 84' lang='lat' dir='ltr'>se</span> <span class='ocrx_word' id='word_1_1305' title='bbox 763 2334 902 2361; x_wconf 86' lang='lat' dir='ltr'>frondium</span> <span class='ocrx_word' id='word_1_1306' title='bbox 929 2335 1056 2369; x_wconf 79' lang='lat' dir='ltr'>germine.</span> <span class='ocrx_word' id='word_1_1307' title='bbox 1120 2344 1145 2367; x_wconf 83' lang='lat'>2,</span> <span class='ocrx_word' id='word_1_1308' title='bbox 1160 2344 1179 2361; x_wconf 92' lang='lat'>1.</span> <span class='ocrx_word' id='word_1_1309' title='bbox 1252 2334 1360 2360; x_wconf 75' lang='lat' dir='ltr'>Faehim</span> <span class='ocrx_word' id='word_1_1310' title='bbox 1380 2334 1587 2368; x_wconf 84' lang='lat' dir='ltr'>pulcherrimum</span> <span class='ocrx_word' id='word_1_1311' title='bbox 1601 2342 1632 2359; x_wconf 87' lang='lat' dir='ltr'>ex</span> <span class='ocrx_word' id='word_1_1312' title='bbox 1646 2333 1805 2359; x_wconf 66' lang='lat' dir='ltr'>auctoritate</span> <span class='ocrx_word' id='word_1_1313' title='bbox 1819 2334 1924 2360; x_wconf 85' lang='lat' dir='ltr'>Senatus</span> <span class='ocrx_word' id='word_1_1314' title='bbox 1937 2335 1992 2361; x_wconf 86' lang='lat' dir='ltr'>Cic.</span> <span class='ocrx_word' id='word_1_1315' title='bbox 2009 2345 2057 2370; x_wconf 85' lang='lat' dir='ltr'>pro</span> <span class='ocrx_word' id='word_1_1316' title='bbox 2071 2338 2158 2364; x_wconf 87' lang='lat' dir='ltr'>Domo</span> 
     </span>
     <span class='ocr_line' id='line_1_66' title="bbox 5 2368 2159 2424; baseline -0.001 -24"><span class='ocrx_word' id='word_1_1317' title='bbox 5 2370 110 2424; x_wconf 70' lang='lat' dir='ltr'>&#39;Aliena</span> <span class='ocrx_word' id='word_1_1318' title='bbox 127 2382 158 2400; x_wconf 79' lang='lat' dir='ltr'>ex</span> <span class='ocrx_word' id='word_1_1319' title='bbox 174 2372 270 2400; x_wconf 74' lang='lat' dir='ltr'>arbore</span> <span class='ocrx_word' id='word_1_1320' title='bbox 290 2380 398 2407; x_wconf 83' lang='lat' dir='ltr'>germen</span> <span class='ocrx_word' id='word_1_1321' title='bbox 419 2373 494 2406; x_wconf 78' lang='lat' dir='ltr'>virg.</span> <span class='ocrx_word' id='word_1_1322' title='bbox 513 2373 609 2406; x_wconf 79' lang='lat' dir='ltr'>Georg.</span> <span class='ocrx_word' id='word_1_1323' title='bbox 630 2380 655 2403; x_wconf 92' lang='lat'>2,</span> <span class='ocrx_word' id='word_1_1324' title='bbox 674 2373 717 2404; x_wconf 91' lang='lat'>76.</span> <span class='ocrx_word' id='word_1_1325' title='bbox 790 2371 914 2396; x_wconf 86' lang='lat' dir='ltr'>Germiiia</span> <span class='ocrx_word' id='word_1_1326' title='bbox 936 2375 1101 2399; x_wconf 87' lang='lat' dir='ltr'>ortorum60</span> <span class='ocrx_word' id='word_1_1327' title='bbox 1121 2379 1165 2403; x_wconf 83' lang='lat'>94.</span> <span class='ocrx_word' id='word_1_1328' title='bbox 1235 2370 1326 2396; x_wconf 87' lang='lat' dir='ltr'>Fidem</span> <span class='ocrx_word' id='word_1_1329' title='bbox 1349 2370 1460 2400; x_wconf 84' lang='lat' dir='ltr'>fluxam,</span> <span class='ocrx_word' id='word_1_1330' title='bbox 1482 2369 1540 2395; x_wconf 77' lang='lat' dir='ltr'>Fide</span> <span class='ocrx_word' id='word_1_1331' title='bbox 1563 2373 1662 2404; x_wconf 81' lang='lat' dir='ltr'>integra</span> <span class='ocrx_word' id='word_1_1332' title='bbox 1684 2379 1730 2394; x_wconf 81' lang='lat' dir='ltr'>non</span> <span class='ocrx_word' id='word_1_1333' title='bbox 1755 2368 1805 2402; x_wconf 56' lang='lat' dir='ltr'>asse,</span> <span class='ocrx_word' id='word_1_1334' title='bbox 1849 2369 1931 2396; x_wconf 79' lang='lat' dir='ltr'>Plaut.</span> <span class='ocrx_word' id='word_1_1335' title='bbox 1947 2372 2019 2405; x_wconf 89' lang='lat' dir='ltr'>Capt.</span> <span class='ocrx_word' id='word_1_1336' title='bbox 2040 2381 2063 2402; x_wconf 88' lang='lat'>2,</span> <span class='ocrx_word' id='word_1_1337' title='bbox 2083 2382 2105 2404; x_wconf 88' lang='grc'>3,</span> <span class='ocrx_word' id='word_1_1338' title='bbox 2124 2381 2159 2408; x_wconf 90' lang='lat'>79</span> 
     </span>
     <span class='ocr_line' id='line_1_67' title="bbox 21 2404 2157 2442; baseline -0.001 -6"><span class='ocrx_word' id='word_1_1339' title='bbox 21 2411 164 2436; x_wconf 68' lang='lat' dir='ltr'>exuruntur</span> <span class='ocrx_word' id='word_1_1340' title='bbox 177 2409 244 2435; x_wconf 85' lang='lat' dir='ltr'>Plin.</span> <span class='ocrx_word' id='word_1_1341' title='bbox 258 2416 283 2442; x_wconf 87' lang='lat'>7,</span> <span class='ocrx_word' id='word_1_1342' title='bbox 296 2416 330 2440; x_wconf 75' lang='grc' dir='ltr'>ις.</span> <span class='ocrx_word' id='word_1_1343' title='bbox 401 2407 528 2433; x_wconf 88' lang='lat' dir='ltr'>Gerinine</span> <span class='ocrx_word' id='word_1_1344' title='bbox 546 2415 637 2440; x_wconf 84' lang='lat' dir='ltr'>graues</span> <span class='ocrx_word' id='word_1_1345' title='bbox 656 2405 723 2432; x_wconf 85' lang='lat' dir='ltr'>rami</span> <span class='ocrx_word' id='word_1_1346' title='bbox 745 2406 841 2431; x_wconf 83' lang='lat' dir='ltr'>Lucan.</span> <span class='ocrx_word' id='word_1_1347' title='bbox 856 2415 881 2438; x_wconf 86' lang='lat'>9,</span> <span class='ocrx_word' id='word_1_1348' title='bbox 894 2409 946 2437; x_wconf 72' lang='lat'>361.</span> <span class='ocrx_word' id='word_1_1349' title='bbox 1018 2408 1057 2433; x_wconf 84' lang='lat' dir='ltr'>De</span> <span class='ocrx_word' id='word_1_1350' title='bbox 1121 2407 1170 2432; x_wconf 88' lang='lat' dir='ltr'>Fac</span> <span class='ocrx_word' id='word_1_1351' title='bbox 1184 2404 1267 2431; x_wconf 81' lang='lat' dir='ltr'>fidelis</span> <span class='ocrx_word' id='word_1_1352' title='bbox 1281 2405 1311 2431; x_wconf 81' lang='lat' dir='ltr'>sis</span> <span class='ocrx_word' id='word_1_1353' title='bbox 1326 2404 1415 2436; x_wconf 82' lang='lat' dir='ltr'>fideli,</span> <span class='ocrx_word' id='word_1_1354' title='bbox 1435 2414 1498 2431; x_wconf 85' lang='lat' dir='ltr'>caue</span> <span class='ocrx_word' id='word_1_1355' title='bbox 1512 2404 1589 2430; x_wconf 83' lang='lat' dir='ltr'>fidem</span> <span class='ocrx_word' id='word_1_1356' title='bbox 1604 2405 1699 2430; x_wconf 83' lang='lat' dir='ltr'>fluxam</span> <span class='ocrx_word' id='word_1_1357' title='bbox 1715 2414 1795 2437; x_wconf 80' lang='lat' dir='ltr'>geras.</span> <span class='ocrx_word' id='word_1_1358' title='bbox 1867 2406 1989 2432; x_wconf 85' lang='lat' dir='ltr'>Formam</span> <span class='ocrx_word' id='word_1_1359' title='bbox 2007 2409 2074 2441; x_wconf 85' lang='lat' dir='ltr'>gerit</span> <span class='ocrx_word' id='word_1_1360' title='bbox 2093 2409 2157 2434; x_wconf 82' lang='lat' dir='ltr'>ima·</span> 
     </span>
     <span class='ocr_line' id='line_1_68' title="bbox 4 2439 2158 2481; baseline -0.001 -9"><span class='ocrx_word' id='word_1_1361' title='bbox 4 2443 144 2481; x_wconf 65' lang='lat' dir='ltr'>‘sruffibus</span> <span class='ocrx_word' id='word_1_1362' title='bbox 162 2444 276 2471; x_wconf 75' lang='lat' dir='ltr'>arborum</span> <span class='ocrx_word' id='word_1_1363' title='bbox 295 2443 361 2473; x_wconf 83' lang='lat' dir='ltr'>dici,</span> <span class='ocrx_word' id='word_1_1364' title='bbox 375 2442 502 2478; x_wconf 80' lang='lat' dir='ltr'>obseruant</span> <span class='ocrx_word' id='word_1_1365' title='bbox 520 2442 609 2468; x_wconf 83' lang='lat' dir='ltr'>Barth.</span> <span class='ocrx_word' id='word_1_1366' title='bbox 625 2447 649 2468; x_wconf 86' lang='lat' dir='ltr'>et</span> <span class='ocrx_word' id='word_1_1367' title='bbox 665 2441 754 2467; x_wconf 85' lang='lat' dir='ltr'>Heins.</span> <span class='ocrx_word' id='word_1_1368' title='bbox 774 2441 804 2467; x_wconf 88' lang='lat' dir='ltr'>ad</span> <span class='ocrx_word' id='word_1_1369' title='bbox 821 2441 911 2468; x_wconf 91' lang='lat' dir='ltr'>Claud.</span> <span class='ocrx_word' id='word_1_1370' title='bbox 928 2441 959 2468; x_wconf 82' lang='lat' dir='ltr'>de</span> <span class='ocrx_word' id='word_1_1371' title='bbox 973 2443 1056 2469; x_wconf 85' lang='lat' dir='ltr'>Laud.</span> <span class='ocrx_word' id='word_1_1372' title='bbox 1119 2450 1153 2476; x_wconf 83' lang='lat' dir='ltr'>go</span> <span class='ocrx_word' id='word_1_1373' title='bbox 1174 2442 1278 2468; x_wconf 88' lang='lat' dir='ltr'>Lucret.</span> <span class='ocrx_word' id='word_1_1374' title='bbox 1297 2450 1325 2473; x_wconf 87' lang='lat'>4,</span> <span class='ocrx_word' id='word_1_1375' title='bbox 1340 2450 1384 2474; x_wconf 87' lang='lat'>49.</span> <span class='ocrx_word' id='word_1_1376' title='bbox 1456 2440 1536 2467; x_wconf 86' lang='lat' dir='ltr'>Plaut.</span> <span class='ocrx_word' id='word_1_1377' title='bbox 1550 2439 1644 2474; x_wconf 85' lang='lat' dir='ltr'>Amph.</span> <span class='ocrx_word' id='word_1_1378' title='bbox 1659 2440 1726 2473; x_wconf 87' lang='lat' dir='ltr'>prol.</span> <span class='ocrx_word' id='word_1_1379' title='bbox 1742 2448 1783 2470; x_wconf 85' lang='lat'>¹32</span> <span class='ocrx_word' id='word_1_1380' title='bbox 1815 2441 1962 2466; x_wconf 86' lang='lat' dir='ltr'>Mercurius</span> <span class='ocrx_word' id='word_1_1381' title='bbox 1976 2443 2097 2468; x_wconf 84' lang='lat' dir='ltr'>Formam</span> <span class='ocrx_word' id='word_1_1382' title='bbox 2114 2444 2158 2469; x_wconf 87' lang='lat' dir='ltr'>So-</span> 
     </span>
     <span class='ocr_line' id='line_1_69' title="bbox 0 2475 2157 2513; baseline -0.001 -6"><span class='ocrx_word' id='word_1_1383' title='bbox 0 2480 73 2513; x_wconf 39' lang='lat' dir='ltr'>fiscii.</span> <span class='ocrx_word' id='word_1_1384' title='bbox 87 2489 110 2513; x_wconf 89' lang='lat'>2,</span> <span class='ocrx_word' id='word_1_1385' title='bbox 125 2482 184 2513; x_wconf 81' lang='lat'>463.</span> <span class='ocrx_word' id='word_1_1386' title='bbox 220 2478 346 2505; x_wconf 87' lang='lat' dir='ltr'>Germina</span> <span class='ocrx_word' id='word_1_1387' title='bbox 360 2477 388 2503; x_wconf 82' lang='lat' dir='ltr'>de</span> <span class='ocrx_word' id='word_1_1388' title='bbox 397 2480 487 2512; x_wconf 82' lang='lat' dir='ltr'>paruis</span> <span class='ocrx_word' id='word_1_1389' title='bbox 500 2479 642 2504; x_wconf 84' lang='lat' dir='ltr'>animalium</span> <span class='ocrx_word' id='word_1_1390' title='bbox 657 2476 912 2511; x_wconf 62' lang='lat' dir='ltr'>Nnnefiamcyneg.</span> <span class='ocrx_word' id='word_1_1391' title='bbox 927 2487 951 2503; x_wconf 90' lang='lat' dir='ltr'>v.</span> <span class='ocrx_word' id='word_1_1392' title='bbox 963 2487 1010 2511; x_wconf 76' lang='lat'>153.</span> <span class='ocrx_word' id='word_1_1393' title='bbox 1118 2477 1169 2503; x_wconf 81' lang='lat' dir='ltr'>siae</span> <span class='ocrx_word' id='word_1_1394' title='bbox 1184 2477 1252 2503; x_wconf 76' lang='lat' dir='ltr'>serui</span> <span class='ocrx_word' id='word_1_1395' title='bbox 1267 2477 1334 2511; x_wconf 88' lang='lat' dir='ltr'>gerit</span> <span class='ocrx_word' id='word_1_1396' title='bbox 1348 2476 1471 2503; x_wconf 87' lang='lat' dir='ltr'>absentis.</span> <span class='ocrx_word' id='word_1_1397' title='bbox 1540 2476 1663 2501; x_wconf 84' lang='lat' dir='ltr'>Honores</span> <span class='ocrx_word' id='word_1_1398' title='bbox 1683 2475 1749 2500; x_wconf 89' lang='lat' dir='ltr'>Plin.</span> <span class='ocrx_word' id='word_1_1399' title='bbox 1765 2475 1842 2508; x_wconf 84' lang='lat' dir='ltr'>Epist.</span> <span class='ocrx_word' id='word_1_1400' title='bbox 1856 2482 1882 2509; x_wconf 88' lang='lat'>7,</span> <span class='ocrx_word' id='word_1_1401' title='bbox 1898 2484 1953 2502; x_wconf 59' lang='grc' dir='ltr'>τι.</span> <span class='ocrx_word' id='word_1_1402' title='bbox 1999 2477 2060 2503; x_wconf 91' lang='lat' dir='ltr'>Liu.</span> <span class='ocrx_word' id='word_1_1403' title='bbox 2076 2487 2117 2510; x_wconf 85' lang='lat'>29,</span> <span class='ocrx_word' id='word_1_1404' title='bbox 2134 2487 2157 2505; x_wconf 87' lang='grc' dir='ltr'>ιι</span> 
     </span>
     <span class='ocr_line' id='line_1_70' title="bbox 6 2509 2157 2550; baseline -0.002 -10"><span class='ocrx_word' id='word_1_1405' title='bbox 6 2509 7 2515; x_wconf 61' lang='grc'>’</span> <span class='ocrx_word' id='word_1_1406' title='bbox 56 2521 77 2541; x_wconf 87' lang='lat' dir='ltr'>G</span> <span class='ocrx_word' id='word_1_1407' title='bbox 87 2516 211 2542; x_wconf 72' lang='lat' dir='ltr'>ERM&#39;i’N</span> <span class='ocrx_word' id='word_1_1408' title='bbox 221 2520 240 2540; x_wconf 92' lang='grc' dir='ltr'><strong>Ο</strong></span> <span class='ocrx_word' id='word_1_1409' title='bbox 253 2533 259 2544; x_wconf 90' lang='grc'>,</span> <span class='ocrx_word' id='word_1_1410' title='bbox 285 2517 340 2539; x_wconf 71' lang='grc' dir='ltr'>ἕπε.</span> <span class='ocrx_word' id='word_1_1411' title='bbox 376 2512 527 2547; x_wconf 51' lang='lat' dir='ltr'>[filus-dm,</span> <span class='ocrx_word' id='word_1_1412' title='bbox 545 2512 653 2545; x_wconf 64' lang='grc' dir='ltr'><strong>θάλλω,</strong></span> <span class='ocrx_word' id='word_1_1413' title='bbox 674 2512 799 2546; x_wconf 60' lang='grc' dir='ltr'>θηλαίγω]</span> <span class='ocrx_word' id='word_1_1414' title='bbox 841 2514 979 2544; x_wconf 72' lang='lat' dir='ltr'>pullulare,</span> <span class='ocrx_word' id='word_1_1415' title='bbox 1003 2523 1058 2550; x_wconf 80' lang='lat' dir='ltr'>ger·</span> <span class='ocrx_word' id='word_1_1416' title='bbox 1119 2520 1183 2539; x_wconf 78' lang='lat' dir='ltr'>extr.</span> <span class='ocrx_word' id='word_1_1417' title='bbox 1222 2513 1320 2538; x_wconf 85' lang='lat' dir='ltr'>Absens</span> <span class='ocrx_word' id='word_1_1418' title='bbox 1346 2520 1446 2539; x_wconf 87' lang='lat' dir='ltr'>creatus</span> <span class='ocrx_word' id='word_1_1419' title='bbox 1460 2531 1468 2543; x_wconf 93' lang='lat'>,</span> <span class='ocrx_word' id='word_1_1420' title='bbox 1497 2510 1588 2536; x_wconf 81' lang='lat' dir='ltr'>absens</span> <span class='ocrx_word' id='word_1_1421' title='bbox 1619 2519 1679 2535; x_wconf 90' lang='lat' dir='ltr'>eum</span> <span class='ocrx_word' id='word_1_1422' title='bbox 1708 2511 1844 2535; x_wconf 85' lang='lat' dir='ltr'>Honorem</span> <span class='ocrx_word' id='word_1_1423' title='bbox 1874 2511 1952 2543; x_wconf 80' lang='lat' dir='ltr'>gessit.</span> <span class='ocrx_word' id='word_1_1424' title='bbox 2025 2513 2091 2547; x_wconf 82' lang='lat' dir='ltr'>Nep.</span> <span class='ocrx_word' id='word_1_1425' title='bbox 2119 2521 2157 2546; x_wconf 80' lang='lat'>25,</span> 
     </span>
     <span class='ocr_line' id='line_1_71' title="bbox 0 2544 2156 2583; baseline -0.001 -8"><span class='ocrx_word' id='word_1_1426' title='bbox 0 2552 2 2559; x_wconf 73' lang='lat'><em>&#39;</em></span> <span class='ocrx_word' id='word_1_1427' title='bbox 17 2559 71 2577; x_wconf 80' lang='lat' dir='ltr'>men</span> <span class='ocrx_word' id='word_1_1428' title='bbox 84 2553 201 2576; x_wconf 74' lang='lat' dir='ltr'>emittere.</span> <span class='ocrx_word' id='word_1_1429' title='bbox 237 2548 302 2574; x_wconf 87' lang='lat' dir='ltr'>Plin.</span> <span class='ocrx_word' id='word_1_1430' title='bbox 317 2556 349 2580; x_wconf 82' lang='lat'>13,</span> <span class='ocrx_word' id='word_1_1431' title='bbox 361 2557 379 2581; x_wconf 88' lang='lat'><strong>4</strong></span> <span class='ocrx_word' id='word_1_1432' title='bbox 405 2549 513 2575; x_wconf 90' lang='lat' dir='ltr'>Femina</span> <span class='ocrx_word' id='word_1_1433' title='bbox 527 2549 590 2575; x_wconf 83' lang='lat' dir='ltr'>citra</span> <span class='ocrx_word' id='word_1_1434' title='bbox 605 2548 699 2574; x_wconf 86' lang='lat' dir='ltr'>florem</span> <span class='ocrx_word' id='word_1_1435' title='bbox 713 2549 843 2582; x_wconf 83' lang='lat' dir='ltr'>germinat</span> <span class='ocrx_word' id='word_1_1436' title='bbox 857 2555 956 2574; x_wconf 88' lang='lat' dir='ltr'>tantum</span> <span class='ocrx_word' id='word_1_1437' title='bbox 971 2550 1058 2583; x_wconf 80' lang='lat' dir='ltr'>spinae</span> <span class='ocrx_word' id='word_1_1438' title='bbox 1073 2550 1103 2580; x_wconf 79' lang='lat'>65</span> <span class='ocrx_word' id='word_1_1439' title='bbox 1120 2550 1146 2580; x_wconf 88' lang='lat'>6,</span> <span class='ocrx_word' id='word_1_1440' title='bbox 1161 2557 1182 2573; x_wconf 89' lang='lat'>2.</span> <span class='ocrx_word' id='word_1_1441' title='bbox 1249 2549 1444 2574; x_wconf 80' lang='lat' dir='ltr'>humanitatem</span> <span class='ocrx_word' id='word_1_1442' title='bbox 1470 2546 1561 2572; x_wconf 88' lang='lat' dir='ltr'>beluae</span> <span class='ocrx_word' id='word_1_1443' title='bbox 1586 2545 1655 2579; x_wconf 87' lang='lat' dir='ltr'>gerit</span> <span class='ocrx_word' id='word_1_1444' title='bbox 1680 2544 1764 2577; x_wconf 77' lang='lat' dir='ltr'>figura</span> <span class='ocrx_word' id='word_1_1445' title='bbox 1786 2545 1903 2571; x_wconf 89' lang='lat' dir='ltr'>hominis</span> <span class='ocrx_word' id='word_1_1446' title='bbox 1935 2547 1990 2572; x_wconf 89' lang='lat' dir='ltr'>Cic.</span> <span class='ocrx_word' id='word_1_1447' title='bbox 2010 2548 2062 2574; x_wconf 77' lang='lat' dir='ltr'>Off.</span> <span class='ocrx_word' id='word_1_1448' title='bbox 2083 2557 2104 2580; x_wconf 81' lang='lat'>3,</span> <span class='ocrx_word' id='word_1_1449' title='bbox 2119 2554 2156 2578; x_wconf 86' lang='lat'>82.</span> 
     </span>
     <span class='ocr_line' id='line_1_72' title="bbox 18 2580 2156 2620; baseline -0.003 -9"><span class='ocrx_word' id='word_1_1450' title='bbox 18 2584 110 2612; x_wconf 90' lang='lat' dir='ltr'>modo.</span> <span class='ocrx_word' id='word_1_1451' title='bbox 182 2585 254 2611; x_wconf 75' lang='lat' dir='ltr'>Fetus</span> <span class='ocrx_word' id='word_1_1452' title='bbox 274 2588 301 2610; x_wconf 83' lang='lat' dir='ltr'>in</span> <span class='ocrx_word' id='word_1_1453' title='bbox 321 2584 421 2619; x_wconf 78' lang='lat' dir='ltr'>uteros.</span> <span class='ocrx_word' id='word_1_1454' title='bbox 436 2585 525 2612; x_wconf 88' lang='lat' dir='ltr'>Partus</span> <span class='ocrx_word' id='word_1_1455' title='bbox 543 2584 637 2611; x_wconf 77' lang='lat' dir='ltr'>dicitur</span> <span class='ocrx_word' id='word_1_1456' title='bbox 650 2583 782 2618; x_wconf 86' lang='lat' dir='ltr'>Capillum</span> <span class='ocrx_word' id='word_1_1457' title='bbox 800 2584 962 2618; x_wconf 86' lang='lat' dir='ltr'>germinare,</span> <span class='ocrx_word' id='word_1_1458' title='bbox 977 2587 1060 2620; x_wconf 67' lang='lat' dir='ltr'>Qum</span> <span class='ocrx_word' id='word_1_1459' title='bbox 1120 2583 1265 2616; x_wconf 83' lang='lat' dir='ltr'>Imperium</span> <span class='ocrx_word' id='word_1_1460' title='bbox 1285 2583 1354 2617; x_wconf 86' lang='lat' dir='ltr'>Nep.</span> <span class='ocrx_word' id='word_1_1461' title='bbox 1369 2590 1402 2615; x_wconf 78' lang='grc' dir='ltr'><strong>ις,</strong></span> <span class='ocrx_word' id='word_1_1462' title='bbox 1416 2590 1429 2614; x_wconf 80' lang='lat'>,-</span> <span class='ocrx_word' id='word_1_1463' title='bbox 1448 2588 1513 2607; x_wconf 77' lang='lat' dir='ltr'>extr.</span> <span class='ocrx_word' id='word_1_1464' title='bbox 1582 2581 1612 2606; x_wconf 89' lang='lat' dir='ltr'>In</span> <span class='ocrx_word' id='word_1_1465' title='bbox 1631 2580 1729 2611; x_wconf 68' lang='lat' dir='ltr'>oculiS,</span> <span class='ocrx_word' id='word_1_1466' title='bbox 1755 2580 1808 2605; x_wconf 80' lang='lat' dir='ltr'>vid.</span> <span class='ocrx_word' id='word_1_1467' title='bbox 1830 2586 1848 2606; x_wconf 91' lang='grc' dir='ltr'>Ο</span> <span class='ocrx_word' id='word_1_1468' title='bbox 1858 2586 1875 2607; x_wconf 91' lang='lat' dir='ltr'>c</span> <span class='ocrx_word' id='word_1_1469' title='bbox 1887 2588 1906 2606; x_wconf 93' lang='lat' dir='ltr'>V</span> <span class='ocrx_word' id='word_1_1470' title='bbox 1916 2588 1932 2607; x_wconf 81' lang='lat' dir='ltr'>L</span> <span class='ocrx_word' id='word_1_1471' title='bbox 1942 2588 1993 2607; x_wconf 76' lang='lat' dir='ltr'>vs.</span> <span class='ocrx_word' id='word_1_1472' title='bbox 2062 2584 2092 2609; x_wconf 92' lang='lat' dir='ltr'>In</span> <span class='ocrx_word' id='word_1_1473' title='bbox 2117 2593 2156 2611; x_wconf 68' lang='lat' dir='ltr'>ca.</span> 
     </span>
     <span class='ocr_line' id='line_1_73' title="bbox 17 2614 2155 2656; baseline -0.002 -8"><span class='ocrx_word' id='word_1_1474' title='bbox 17 2624 40 2648; x_wconf 75' lang='lat' dir='ltr'>ei</span> <span class='ocrx_word' id='word_1_1475' title='bbox 52 2621 158 2656; x_wconf 79' lang='lat' dir='ltr'>capillus</span> <span class='ocrx_word' id='word_1_1476' title='bbox 168 2620 290 2656; x_wconf 79' lang='lat' dir='ltr'>nascitur.</span> <span class='ocrx_word' id='word_1_1477' title='bbox 325 2619 389 2645; x_wconf 89' lang='lat' dir='ltr'>Plin.</span> <span class='ocrx_word' id='word_1_1478' title='bbox 403 2627 430 2654; x_wconf 91' lang='lat'>7,</span> <span class='ocrx_word' id='word_1_1479' title='bbox 443 2622 468 2646; x_wconf 89' lang='lat'>6.</span> <span class='ocrx_word' id='word_1_1480' title='bbox 1120 2619 1174 2651; x_wconf 85' lang='lat' dir='ltr'>pite</span> <span class='ocrx_word' id='word_1_1481' title='bbox 1191 2618 1292 2650; x_wconf 82' lang='lat' dir='ltr'>galeam</span> <span class='ocrx_word' id='word_1_1482' title='bbox 1312 2619 1381 2651; x_wconf 90' lang='lat' dir='ltr'>Nep.</span> <span class='ocrx_word' id='word_1_1483' title='bbox 1396 2626 1433 2649; x_wconf 80' lang='lat'>14,</span> <span class='ocrx_word' id='word_1_1484' title='bbox 1446 2625 1468 2647; x_wconf 87' lang='grc'>3,</span> <span class='ocrx_word' id='word_1_1485' title='bbox 1483 2625 1507 2642; x_wconf 88' lang='lat'>2.</span> <span class='ocrx_word' id='word_1_1486' title='bbox 1577 2615 1716 2648; x_wconf 86' lang='lat' dir='ltr'>Ingenium</span> <span class='ocrx_word' id='word_1_1487' title='bbox 1738 2614 1862 2642; x_wconf 86' lang='lat' dir='ltr'>callidum</span> <span class='ocrx_word' id='word_1_1488' title='bbox 1884 2616 1962 2642; x_wconf 80' lang='lat' dir='ltr'>Plaut.</span> <span class='ocrx_word' id='word_1_1489' title='bbox 1977 2617 2045 2644; x_wconf 82' lang='lat' dir='ltr'>Asin.</span> <span class='ocrx_word' id='word_1_1490' title='bbox 2059 2627 2083 2651; x_wconf 86' lang='lat'>2,</span> <span class='ocrx_word' id='word_1_1491' title='bbox 2099 2627 2117 2651; x_wconf 88' lang='grc' dir='ltr'><strong>ι,</strong></span> <span class='ocrx_word' id='word_1_1492' title='bbox 2131 2628 2155 2651; x_wconf 89' lang='lat'>9.</span> 
     </span>
     <span class='ocr_line' id='line_1_74' title="bbox 59 2650 2156 2689; baseline -0.001 -6"><span class='ocrx_word' id='word_1_1493' title='bbox 59 2662 80 2683; x_wconf 88' lang='lat' dir='ltr'>G</span> <span class='ocrx_word' id='word_1_1494' title='bbox 92 2663 170 2683; x_wconf 81' lang='lat' dir='ltr'>ERM</span> <span class='ocrx_word' id='word_1_1495' title='bbox 180 2663 188 2681; x_wconf 87' lang='lat'>1</span> <span class='ocrx_word' id='word_1_1496' title='bbox 198 2662 217 2680; x_wconf 87' lang='lat' dir='ltr'>N</span> <span class='ocrx_word' id='word_1_1497' title='bbox 229 2662 280 2682; x_wconf 77' lang='lat' dir='ltr'>AT</span> <span class='ocrx_word' id='word_1_1498' title='bbox 291 2661 344 2687; x_wconf 91' lang='lat'>10,</span> <span class='ocrx_word' id='word_1_1499' title='bbox 364 2655 431 2681; x_wconf 69' lang='lat' dir='ltr'>onis.</span> <span class='ocrx_word' id='word_1_1500' title='bbox 451 2655 471 2681; x_wconf 91' lang='lat' dir='ltr'>f.</span> <span class='ocrx_word' id='word_1_1501' title='bbox 508 2654 668 2689; x_wconf 64' lang='grc' dir='ltr'>[βλάςησις]</span> <span class='ocrx_word' id='word_1_1502' title='bbox 704 2654 769 2680; x_wconf 89' lang='lat' dir='ltr'>Plin.</span> <span class='ocrx_word' id='word_1_1503' title='bbox 782 2655 819 2685; x_wconf 90' lang='lat'>16,</span> <span class='ocrx_word' id='word_1_1504' title='bbox 833 2660 863 2686; x_wconf 62' lang='grc' dir='ltr'>κς</span> <span class='ocrx_word' id='word_1_1505' title='bbox 894 2654 954 2680; x_wconf 87' lang='lat' dir='ltr'>Alia</span> <span class='ocrx_word' id='word_1_1506' title='bbox 973 2653 1057 2687; x_wconf 81' lang='lat' dir='ltr'>proti-</span> <span class='ocrx_word' id='word_1_1507' title='bbox 1117 2653 1178 2678; x_wconf 88' lang='lat' dir='ltr'>Llii.</span> <span class='ocrx_word' id='word_1_1508' title='bbox 1195 2661 1239 2683; x_wconf 87' lang='lat'>40,</span> <span class='ocrx_word' id='word_1_1509' title='bbox 1252 2655 1288 2683; x_wconf 84' lang='grc'>46</span> <span class='ocrx_word' id='word_1_1510' title='bbox 1295 2659 1339 2687; x_wconf 80' lang='lat' dir='ltr'>pr.</span> <span class='ocrx_word' id='word_1_1511' title='bbox 1358 2651 1514 2678; x_wconf 85' lang='lat' dir='ltr'>Inimicitias</span> <span class='ocrx_word' id='word_1_1512' title='bbox 1528 2659 1574 2685; x_wconf 85' lang='lat' dir='ltr'>per</span> <span class='ocrx_word' id='word_1_1513' title='bbox 1588 2659 1668 2676; x_wconf 86' lang='lat' dir='ltr'>annos</span> <span class='ocrx_word' id='word_1_1514' title='bbox 1681 2650 1778 2681; x_wconf 73' lang='lat' dir='ltr'>inultos</span> <span class='ocrx_word' id='word_1_1515' title='bbox 1787 2651 1930 2685; x_wconf 80' lang='lat' dir='ltr'>vobisipsis</span> <span class='ocrx_word' id='word_1_1516' title='bbox 1945 2661 2036 2686; x_wconf 84' lang='lat' dir='ltr'>graues</span> <span class='ocrx_word' id='word_1_1517' title='bbox 2049 2660 2073 2680; x_wconf 87' lang='lat' dir='ltr'>et</span> <span class='ocrx_word' id='word_1_1518' title='bbox 2087 2661 2156 2681; x_wconf 82' lang='lat' dir='ltr'>atro-</span> 
     </span>
     <span class='ocr_line' id='line_1_75' title="bbox 19 2686 2156 2725; baseline -0.002 -7"><span class='ocrx_word' id='word_1_1519' title='bbox 19 2700 82 2723; x_wconf 87' lang='lat' dir='ltr'>nus,</span> <span class='ocrx_word' id='word_1_1520' title='bbox 105 2697 134 2718; x_wconf 88' lang='lat' dir='ltr'>vt</span> <span class='ocrx_word' id='word_1_1521' title='bbox 152 2690 290 2717; x_wconf 83' lang='lat' dir='ltr'>animalia:</span> <span class='ocrx_word' id='word_1_1522' title='bbox 326 2690 426 2716; x_wconf 85' lang='lat' dir='ltr'>tardius</span> <span class='ocrx_word' id='word_1_1523' title='bbox 443 2690 531 2725; x_wconf 89' lang='lat' dir='ltr'>aliqua</span> <span class='ocrx_word' id='word_1_1524' title='bbox 552 2696 578 2716; x_wconf 87' lang='lat' dir='ltr'>et</span> <span class='ocrx_word' id='word_1_1525' title='bbox 597 2690 697 2715; x_wconf 87' lang='lat' dir='ltr'>diutius</span> <span class='ocrx_word' id='word_1_1526' title='bbox 713 2689 822 2723; x_wconf 88' lang='lat' dir='ltr'>grauida</span> <span class='ocrx_word' id='word_1_1527' title='bbox 841 2694 929 2722; x_wconf 87' lang='lat' dir='ltr'>partus</span> <span class='ocrx_word' id='word_1_1528' title='bbox 950 2694 1058 2722; x_wconf 84' lang='lat' dir='ltr'>gerunt:</span> <span class='ocrx_word' id='word_1_1529' title='bbox 1118 2696 1157 2713; x_wconf 84' lang='lat' dir='ltr'>ces</span> <span class='ocrx_word' id='word_1_1530' title='bbox 1179 2687 1279 2721; x_wconf 77' lang='lat' dir='ltr'>geritis.</span> <span class='ocrx_word' id='word_1_1531' title='bbox 1349 2687 1506 2713; x_wconf 87' lang='lat' dir='ltr'>Inimicitias</span> <span class='ocrx_word' id='word_1_1532' title='bbox 1525 2695 1616 2720; x_wconf 83' lang='lat' dir='ltr'>graues</span> <span class='ocrx_word' id='word_1_1533' title='bbox 1637 2695 1695 2712; x_wconf 90' lang='lat' dir='ltr'>cum</span> <span class='ocrx_word' id='word_1_1534' title='bbox 1714 2686 1806 2721; x_wconf 86' lang='lat' dir='ltr'>aliquo</span> <span class='ocrx_word' id='word_1_1535' title='bbox 1840 2687 1895 2713; x_wconf 87' lang='lat' dir='ltr'>Cic.</span> <span class='ocrx_word' id='word_1_1536' title='bbox 1910 2687 2003 2715; x_wconf 87' lang='lat' dir='ltr'>Diiiin.</span> <span class='ocrx_word' id='word_1_1537' title='bbox 2023 2690 2098 2716; x_wconf 65' lang='lat' dir='ltr'>Verr.</span> <span class='ocrx_word' id='word_1_1538' title='bbox 2113 2692 2156 2716; x_wconf 81' lang='lat'>66,</span> 
     </span>
     <span class='ocr_line' id='line_1_76' title="bbox 20 2721 2158 2763; baseline -0.001 -9"><span class='ocrx_word' id='word_1_1539' title='bbox 20 2726 93 2763; x_wconf 86' lang='lat' dir='ltr'>quod</span> <span class='ocrx_word' id='word_1_1540' title='bbox 107 2726 266 2762; x_wconf 83' lang='lat' dir='ltr'>germinatio</span> <span class='ocrx_word' id='word_1_1541' title='bbox 280 2725 341 2751; x_wconf 87' lang='lat' dir='ltr'>ideo</span> <span class='ocrx_word' id='word_1_1542' title='bbox 355 2732 472 2752; x_wconf 87' lang='lat' dir='ltr'>vocatur.</span> <span class='ocrx_word' id='word_1_1543' title='bbox 506 2725 574 2752; x_wconf 80' lang='lat' dir='ltr'>Add.</span> <span class='ocrx_word' id='word_1_1544' title='bbox 588 2725 624 2751; x_wconf 86' lang='lat' dir='ltr'>Id.</span> <span class='ocrx_word' id='word_1_1545' title='bbox 640 2732 678 2759; x_wconf 84' lang='lat'>17,</span> <span class='ocrx_word' id='word_1_1546' title='bbox 694 2733 731 2756; x_wconf 75' lang='lat'>¹4·</span> <span class='ocrx_word' id='word_1_1547' title='bbox 769 2723 875 2750; x_wconf 88' lang='lat' dir='ltr'>Colum.</span> <span class='ocrx_word' id='word_1_1548' title='bbox 891 2734 916 2757; x_wconf 86' lang='lat'>4,</span> <span class='ocrx_word' id='word_1_1549' title='bbox 932 2732 976 2757; x_wconf 85' lang='lat'>24.</span> <span class='ocrx_word' id='word_1_1550' title='bbox 1067 2730 1103 2757; x_wconf 87' lang='lat'>70</span> <span class='ocrx_word' id='word_1_1551' title='bbox 1119 2723 1174 2748; x_wconf 89' lang='lat' dir='ltr'>Cic.</span> <span class='ocrx_word' id='word_1_1552' title='bbox 1189 2732 1237 2756; x_wconf 88' lang='lat' dir='ltr'>pro</span> <span class='ocrx_word' id='word_1_1553' title='bbox 1251 2722 1322 2749; x_wconf 87' lang='lat' dir='ltr'>Cael.</span> <span class='ocrx_word' id='word_1_1554' title='bbox 1336 2725 1370 2758; x_wconf 86' lang='lat'>67</span> <span class='ocrx_word' id='word_1_1555' title='bbox 1408 2722 1503 2756; x_wconf 85' lang='lat' dir='ltr'>Neque</span> <span class='ocrx_word' id='word_1_1556' title='bbox 1525 2722 1597 2748; x_wconf 90' lang='lat' dir='ltr'>enim</span> <span class='ocrx_word' id='word_1_1557' title='bbox 1617 2721 1759 2747; x_wconf 87' lang='lat' dir='ltr'>muliebres</span> <span class='ocrx_word' id='word_1_1558' title='bbox 1778 2731 1892 2756; x_wconf 89' lang='lat' dir='ltr'>vnquam</span> <span class='ocrx_word' id='word_1_1559' title='bbox 1914 2723 2067 2751; x_wconf 83' lang='lat' dir='ltr'>inimicitias</span> <span class='ocrx_word' id='word_1_1560' title='bbox 2089 2725 2158 2752; x_wconf 82' lang='lat' dir='ltr'>mihi</span> 
     </span>
    </p>

    <p class='ocr_par' dir='ltr' id='par_1_15' title="bbox 0 2757 2158 3116">
     <span class='ocr_line' id='line_1_77' title="bbox 0 2757 2158 2795; baseline -0.001 -5"><span class='ocrx_word' id='word_1_1561' title='bbox 0 2767 1 2772; x_wconf 65' lang='lat'>¹</span> <span class='ocrx_word' id='word_1_1562' title='bbox 36 2764 38 2769; x_wconf 82' lang='grc'>’</span> <span class='ocrx_word' id='word_1_1563' title='bbox 59 2768 344 2791; x_wconf 60' lang='grc' dir='ltr'><strong>ΕΕΚΜΙΝΛΤΥΞ,</strong></span> <span class='ocrx_word' id='word_1_1564' title='bbox 364 2758 402 2786; x_wconf 74' lang='lat' dir='ltr'>iis.</span> <span class='ocrx_word' id='word_1_1565' title='bbox 428 2770 462 2788; x_wconf 87' lang='lat' dir='ltr'>m.</span> <span class='ocrx_word' id='word_1_1566' title='bbox 499 2760 653 2795; x_wconf 63' lang='grc' dir='ltr'>[θήλανσις]</span> <span class='ocrx_word' id='word_1_1567' title='bbox 691 2759 766 2786; x_wconf 78' lang='lat' dir='ltr'>Idem.</span> <span class='ocrx_word' id='word_1_1568' title='bbox 795 2759 859 2785; x_wconf 78' lang='lat' dir='ltr'>Flin.</span> <span class='ocrx_word' id='word_1_1569' title='bbox 876 2764 935 2791; x_wconf 70' lang='lat' dir='ltr'>13,ss</span> <span class='ocrx_word' id='word_1_1570' title='bbox 963 2758 1056 2785; x_wconf 86' lang='lat' dir='ltr'>Oleain</span> <span class='ocrx_word' id='word_1_1571' title='bbox 1118 2758 1241 2792; x_wconf 84' lang='lat' dir='ltr'>gerendas</span> <span class='ocrx_word' id='word_1_1572' title='bbox 1266 2759 1372 2792; x_wconf 83' lang='lat' dir='ltr'>putaui,</span> <span class='ocrx_word' id='word_1_1573' title='bbox 1404 2757 1558 2792; x_wconf 85' lang='lat' dir='ltr'>praesertim</span> <span class='ocrx_word' id='word_1_1574' title='bbox 1579 2766 1637 2783; x_wconf 89' lang='lat' dir='ltr'>cuin</span> <span class='ocrx_word' id='word_1_1575' title='bbox 1659 2765 1699 2788; x_wconf 86' lang='lat' dir='ltr'>ea,</span> <span class='ocrx_word' id='word_1_1576' title='bbox 1712 2766 1790 2791; x_wconf 87' lang='lat' dir='ltr'>quain</span> <span class='ocrx_word' id='word_1_1577' title='bbox 1810 2766 1901 2784; x_wconf 87' lang='lat' dir='ltr'>omnes</span> <span class='ocrx_word' id='word_1_1578' title='bbox 1920 2759 2021 2794; x_wconf 84' lang='lat' dir='ltr'>semper</span> <span class='ocrx_word' id='word_1_1579' title='bbox 2046 2761 2158 2789; x_wconf 83' lang='lat' dir='ltr'>amicam</span> 
     </span>
     <span class='ocr_line' id='line_1_78' title="bbox 2 2793 2158 2832; baseline -0.001 -7"><span class='ocrx_word' id='word_1_1580' title='bbox 2 2808 3 2814; x_wconf 64' lang='lat'>¹</span> <span class='ocrx_word' id='word_1_1581' title='bbox 20 2797 45 2825; x_wconf 82' lang='lat' dir='ltr'>Ii-</span> <span class='ocrx_word' id='word_1_1582' title='bbox 57 2797 197 2825; x_wconf 86' lang='lat' dir='ltr'>lambendo</span> <span class='ocrx_word' id='word_1_1583' title='bbox 209 2806 284 2832; x_wconf 84' lang='lat' dir='ltr'>capra</span> <span class='ocrx_word' id='word_1_1584' title='bbox 303 2797 461 2830; x_wconf 87' lang='lat' dir='ltr'>contigerit,</span> <span class='ocrx_word' id='word_1_1585' title='bbox 485 2796 691 2830; x_wconf 89' lang='lat' dir='ltr'>depaueritque‚</span> <span class='ocrx_word' id='word_1_1586' title='bbox 708 2795 796 2829; x_wconf 86' lang='lat' dir='ltr'>primo</span> <span class='ocrx_word' id='word_1_1587' title='bbox 816 2795 964 2830; x_wconf 84' lang='lat' dir='ltr'>germinatu</span> <span class='ocrx_word' id='word_1_1588' title='bbox 984 2794 1057 2821; x_wconf 89' lang='lat' dir='ltr'>steri·</span> <span class='ocrx_word' id='word_1_1589' title='bbox 1118 2795 1238 2820; x_wconf 88' lang='lat' dir='ltr'>omnium</span> <span class='ocrx_word' id='word_1_1590' title='bbox 1255 2794 1342 2828; x_wconf 87' lang='lat' dir='ltr'>potius</span> <span class='ocrx_word' id='word_1_1591' title='bbox 1357 2802 1434 2828; x_wconf 80' lang='lat' dir='ltr'>quam</span> <span class='ocrx_word' id='word_1_1592' title='bbox 1448 2794 1601 2827; x_wconf 86' lang='lat' dir='ltr'>cuiusquam</span> <span class='ocrx_word' id='word_1_1593' title='bbox 1613 2793 1749 2818; x_wconf 79' lang='lat' dir='ltr'>inimicam</span> <span class='ocrx_word' id='word_1_1594' title='bbox 1763 2799 1928 2827; x_wconf 84' lang='lat' dir='ltr'>putauerunt.</span> <span class='ocrx_word' id='word_1_1595' title='bbox 2000 2796 2158 2823; x_wconf 85' lang='lat' dir='ltr'>Inimicitias</span> 
     </span>
     <span class='ocr_line' id='line_1_79' title="bbox 0 2828 2156 2866; baseline -0 -8"><span class='ocrx_word' id='word_1_1596' title='bbox 0 2855 1 2858; x_wconf 74' lang='grc'>,</span> <span class='ocrx_word' id='word_1_1597' title='bbox 22 2833 131 2866; x_wconf 72' lang='lat' dir='ltr'>iescere,</span> <span class='ocrx_word' id='word_1_1598' title='bbox 146 2833 239 2860; x_wconf 62' lang='lat' dir='ltr'>auftor</span> <span class='ocrx_word' id='word_1_1599' title='bbox 254 2833 289 2860; x_wconf 82' lang='lat' dir='ltr'>est</span> <span class='ocrx_word' id='word_1_1600' title='bbox 302 2833 338 2858; x_wconf 89' lang='lat' dir='ltr'>M.</span> <span class='ocrx_word' id='word_1_1601' title='bbox 357 2833 451 2859; x_wconf 86' lang='lat' dir='ltr'>Varro.</span> <span class='ocrx_word' id='word_1_1602' title='bbox 488 2831 557 2858; x_wconf 76' lang='lat' dir='ltr'>Add.</span> <span class='ocrx_word' id='word_1_1603' title='bbox 573 2831 610 2857; x_wconf 92' lang='lat' dir='ltr'>Id.</span> <span class='ocrx_word' id='word_1_1604' title='bbox 624 2833 659 2861; x_wconf 84' lang='lat'>16,</span> <span class='ocrx_word' id='word_1_1605' title='bbox 674 2838 712 2863; x_wconf 78' lang='lat'>25.</span> <span class='ocrx_word' id='word_1_1606' title='bbox 1116 2835 1218 2855; x_wconf 84' lang='lat' dir='ltr'>veteres</span> <span class='ocrx_word' id='word_1_1607' title='bbox 1232 2839 1291 2856; x_wconf 89' lang='lat' dir='ltr'>cum</span> <span class='ocrx_word' id='word_1_1608' title='bbox 1306 2830 1415 2856; x_wconf 86' lang='lat' dir='ltr'>Caesare</span> <span class='ocrx_word' id='word_1_1609' title='bbox 1428 2828 1553 2863; x_wconf 86' lang='lat' dir='ltr'>gerebant</span> <span class='ocrx_word' id='word_1_1610' title='bbox 1578 2829 1648 2855; x_wconf 88' lang='lat' dir='ltr'>Caes.</span> <span class='ocrx_word' id='word_1_1611' title='bbox 1666 2829 1693 2854; x_wconf 91' lang='lat' dir='ltr'>B.</span> <span class='ocrx_word' id='word_1_1612' title='bbox 1707 2828 1737 2854; x_wconf 90' lang='lat' dir='ltr'>C.</span> <span class='ocrx_word' id='word_1_1613' title='bbox 1754 2837 1778 2859; x_wconf 86' lang='grc' dir='ltr'><strong>ι,</strong></span> <span class='ocrx_word' id='word_1_1614' title='bbox 1799 2837 1822 2861; x_wconf 87' lang='grc'>3.</span> <span class='ocrx_word' id='word_1_1615' title='bbox 1876 2829 1917 2856; x_wconf 86' lang='lat' dir='ltr'>Sic</span> <span class='ocrx_word' id='word_1_1616' title='bbox 1929 2829 1985 2856; x_wconf 86' lang='lat' dir='ltr'>Cic.</span> <span class='ocrx_word' id='word_1_1617' title='bbox 2002 2831 2063 2857; x_wconf 91' lang='lat' dir='ltr'>Diu.</span> <span class='ocrx_word' id='word_1_1618' title='bbox 2079 2833 2156 2859; x_wconf 87' lang='lat' dir='ltr'>Verr.</span> 
     </span>
     <span class='ocr_line' id='line_1_80' title="bbox 0 2864 2157 2902; baseline -0.002 -7"><span class='ocrx_word' id='word_1_1619' title='bbox 0 2871 3 2895; x_wconf 75' lang='grc' dir='ltr'>Γ</span> <span class='ocrx_word' id='word_1_1620' title='bbox 59 2875 80 2896; x_wconf 85' lang='lat' dir='ltr'>G</span> <span class='ocrx_word' id='word_1_1621' title='bbox 93 2875 169 2896; x_wconf 82' lang='lat' dir='ltr'>ERM</span> <span class='ocrx_word' id='word_1_1622' title='bbox 181 2876 189 2894; x_wconf 89' lang='grc'>1</span> <span class='ocrx_word' id='word_1_1623' title='bbox 202 2876 223 2895; x_wconf 89' lang='grc' dir='ltr'>Ν</span> <span class='ocrx_word' id='word_1_1624' title='bbox 233 2874 301 2896; x_wconf 57' lang='lat' dir='ltr'>Asc</span> <span class='ocrx_word' id='word_1_1625' title='bbox 311 2875 346 2899; x_wconf 92' lang='lat' dir='ltr'>o,</span> <span class='ocrx_word' id='word_1_1626' title='bbox 370 2870 425 2894; x_wconf 64' lang='lat' dir='ltr'>ere.</span> <span class='ocrx_word' id='word_1_1627' title='bbox 460 2866 614 2902; x_wconf 75' lang='grc' dir='ltr'>[βλαςοένω]</span> <span class='ocrx_word' id='word_1_1628' title='bbox 630 2886 631 2889; x_wconf 66' lang='lat'>,</span> <span class='ocrx_word' id='word_1_1629' title='bbox 650 2867 735 2893; x_wconf 87' lang='lat' dir='ltr'>Cuius</span> <span class='ocrx_word' id='word_1_1630' title='bbox 752 2865 926 2900; x_wconf 80' lang='lat' dir='ltr'>compositum</span> <span class='ocrx_word' id='word_1_1631' title='bbox 940 2864 975 2892; x_wconf 83' lang='lat' dir='ltr'>est</span> <span class='ocrx_word' id='word_1_1632' title='bbox 988 2866 1058 2892; x_wconf 85' lang='lat' dir='ltr'>Con·</span> <span class='ocrx_word' id='word_1_1633' title='bbox 1118 2867 1153 2894; x_wconf 84' lang='lat'>66</span> <span class='ocrx_word' id='word_1_1634' title='bbox 1166 2873 1187 2891; x_wconf 89' lang='lat' dir='ltr'>c.</span> <span class='ocrx_word' id='word_1_1635' title='bbox 1198 2874 1221 2891; x_wconf 83' lang='lat'>21</span> <span class='ocrx_word' id='word_1_1636' title='bbox 1235 2872 1299 2891; x_wconf 78' lang='lat' dir='ltr'>extr.</span> <span class='ocrx_word' id='word_1_1637' title='bbox 1369 2866 1423 2891; x_wconf 85' lang='lat' dir='ltr'>Iras</span> <span class='ocrx_word' id='word_1_1638' title='bbox 1452 2864 1532 2890; x_wconf 89' lang='lat' dir='ltr'>Plaut.</span> <span class='ocrx_word' id='word_1_1639' title='bbox 1545 2864 1623 2890; x_wconf 88' lang='lat' dir='ltr'>Poen.</span> <span class='ocrx_word' id='word_1_1640' title='bbox 1637 2873 1657 2896; x_wconf 86' lang='grc'>3,</span> <span class='ocrx_word' id='word_1_1641' title='bbox 1673 2866 1698 2895; x_wconf 91' lang='lat'>6,</span> <span class='ocrx_word' id='word_1_1642' title='bbox 1714 2869 1747 2893; x_wconf 81' lang='lat'>18.</span> <span class='ocrx_word' id='word_1_1643' title='bbox 1804 2864 1872 2891; x_wconf 88' lang='lat' dir='ltr'>Ter.</span> <span class='ocrx_word' id='word_1_1644' title='bbox 1880 2865 1944 2890; x_wconf 87' lang='lat' dir='ltr'>Hec.</span> <span class='ocrx_word' id='word_1_1645' title='bbox 1960 2875 1979 2897; x_wconf 81' lang='lat'>3,</span> <span class='ocrx_word' id='word_1_1646' title='bbox 1996 2875 2016 2898; x_wconf 85' lang='grc' dir='ltr'><strong>ι,</strong></span> <span class='ocrx_word' id='word_1_1647' title='bbox 2030 2875 2060 2897; x_wconf 80' lang='grc' dir='ltr'><strong>3ο</strong></span> <span class='ocrx_word' id='word_1_1648' title='bbox 2079 2868 2157 2894; x_wconf 79' lang='lat' dir='ltr'>Pueri</span> 
     </span>
     <span class='ocr_line' id='line_1_81' title="bbox 0 2900 2157 2940; baseline -0.001 -8"><span class='ocrx_word' id='word_1_1649' title='bbox 0 2916 2 2920; x_wconf 72' lang='grc'>’</span> <span class='ocrx_word' id='word_1_1650' title='bbox 19 2905 213 2940; x_wconf 72' lang='lat' dir='ltr'>germinascere.</span> <span class='ocrx_word' id='word_1_1651' title='bbox 232 2904 261 2931; x_wconf 78' lang='lat' dir='ltr'>de</span> <span class='ocrx_word' id='word_1_1652' title='bbox 274 2913 319 2939; x_wconf 87' lang='lat' dir='ltr'>quo</span> <span class='ocrx_word' id='word_1_1653' title='bbox 332 2903 356 2940; x_wconf 87' lang='lat' dir='ltr'>s.</span> <span class='ocrx_word' id='word_1_1654' title='bbox 370 2904 388 2929; x_wconf 85' lang='grc' dir='ltr'>Ι.</span> <span class='ocrx_word' id='word_1_1655' title='bbox 1073 2904 1105 2933; x_wconf 79' lang='lat'>75</span> <span class='ocrx_word' id='word_1_1656' title='bbox 1119 2901 1188 2929; x_wconf 79' lang='lat' dir='ltr'>inter</span> <span class='ocrx_word' id='word_1_1657' title='bbox 1201 2901 1252 2927; x_wconf 84' lang='lat' dir='ltr'>sese</span> <span class='ocrx_word' id='word_1_1658' title='bbox 1267 2909 1345 2935; x_wconf 89' lang='lat' dir='ltr'>quam</span> <span class='ocrx_word' id='word_1_1659' title='bbox 1359 2909 1407 2935; x_wconf 90' lang='lat' dir='ltr'>pro</span> <span class='ocrx_word' id='word_1_1660' title='bbox 1421 2900 1525 2926; x_wconf 89' lang='lat' dir='ltr'>leuibus</span> <span class='ocrx_word' id='word_1_1661' title='bbox 1537 2900 1613 2926; x_wconf 85' lang='lat' dir='ltr'>noxis</span> <span class='ocrx_word' id='word_1_1662' title='bbox 1625 2900 1674 2925; x_wconf 89' lang='lat' dir='ltr'>iras</span> <span class='ocrx_word' id='word_1_1663' title='bbox 1689 2901 1799 2933; x_wconf 70' lang='lat' dir='ltr'>gerunt?</span> <span class='ocrx_word' id='word_1_1664' title='bbox 1891 2902 1989 2935; x_wconf 86' lang='lat' dir='ltr'>Meque</span> <span class='ocrx_word' id='word_1_1665' title='bbox 2009 2911 2108 2936; x_wconf 81' lang='lat' dir='ltr'>vosque</span> <span class='ocrx_word' id='word_1_1666' title='bbox 2128 2904 2157 2929; x_wconf 86' lang='lat' dir='ltr'>in</span> 
     </span>
     <span class='ocr_line' id='line_1_82' title="bbox 0 2935 2157 2972; baseline -0.001 -6"><span class='ocrx_word' id='word_1_1667' title='bbox 0 2938 2 2948; x_wconf 78' lang='lat'><em>&#39;</em></span> <span class='ocrx_word' id='word_1_1668' title='bbox 59 2943 224 2968; x_wconf 62' lang='lat' dir='ltr'>GERMKN</span> <span class='ocrx_word' id='word_1_1669' title='bbox 236 2946 293 2972; x_wconf 89' lang='lat' dir='ltr'>vs,</span> <span class='ocrx_word' id='word_1_1670' title='bbox 311 2948 340 2970; x_wconf 89' lang='lat' dir='ltr'>a,</span> <span class='ocrx_word' id='word_1_1671' title='bbox 360 2948 415 2964; x_wconf 91' lang='lat' dir='ltr'>um.</span> <span class='ocrx_word' id='word_1_1672' title='bbox 442 2937 501 2964; x_wconf 88' lang='lat' dir='ltr'>Adi.</span> <span class='ocrx_word' id='word_1_1673' title='bbox 527 2936 606 2970; x_wconf 80' lang='lat' dir='ltr'>Quasi</span> <span class='ocrx_word' id='word_1_1674' title='bbox 620 2937 656 2963; x_wconf 85' lang='lat' dir='ltr'>Ex</span> <span class='ocrx_word' id='word_1_1675' title='bbox 677 2936 767 2965; x_wconf 82' lang='lat' dir='ltr'>eadem</span> <span class='ocrx_word' id='word_1_1676' title='bbox 786 2936 866 2971; x_wconf 89' lang='lat' dir='ltr'>stirpe</span> <span class='ocrx_word' id='word_1_1677' title='bbox 886 2936 1004 2971; x_wconf 82' lang='lat' dir='ltr'>genitus,</span> <span class='ocrx_word' id='word_1_1678' title='bbox 1019 2939 1058 2962; x_wconf 86' lang='lat' dir='ltr'>in-</span> <span class='ocrx_word' id='word_1_1679' title='bbox 1118 2936 1242 2963; x_wconf 81' lang='lat' dir='ltr'>omnibus</span> <span class='ocrx_word' id='word_1_1680' title='bbox 1256 2936 1335 2963; x_wconf 87' lang='lat' dir='ltr'>rebus</span> <span class='ocrx_word' id='word_1_1681' title='bbox 1349 2937 1423 2962; x_wconf 84' lang='lat' dir='ltr'>quta</span> <span class='ocrx_word' id='word_1_1682' title='bbox 1438 2944 1524 2969; x_wconf 86' lang='lat' dir='ltr'>geram</span> <span class='ocrx_word' id='word_1_1683' title='bbox 1551 2935 1611 2961; x_wconf 88' lang='lat' dir='ltr'>Sall.</span> <span class='ocrx_word' id='word_1_1684' title='bbox 1623 2936 1679 2969; x_wconf 87' lang='lat' dir='ltr'>lug.</span> <span class='ocrx_word' id='word_1_1685' title='bbox 1690 2940 1726 2967; x_wconf 67' lang='grc' dir='ltr'><strong>ες,</strong></span> <span class='ocrx_word' id='word_1_1686' title='bbox 1740 2943 1785 2969; x_wconf 82' lang='grc'>47.</span> <span class='ocrx_word' id='word_1_1687' title='bbox 1822 2938 1841 2961; x_wconf 89' lang='lat' dir='ltr'>i.</span> <span class='ocrx_word' id='word_1_1688' title='bbox 1862 2935 1983 2962; x_wconf 73' lang='lat' dir='ltr'>traHabo.</span> <span class='ocrx_word' id='word_1_1689' title='bbox 2055 2938 2109 2964; x_wconf 77' lang='lat' dir='ltr'>Cic.</span> <span class='ocrx_word' id='word_1_1690' title='bbox 2124 2938 2157 2964; x_wconf 85' lang='lat' dir='ltr'>de</span> 
     </span>
     <span class='ocr_line' id='line_1_83' title="bbox 23 2970 2155 3009; baseline -0.002 -6"><span class='ocrx_word' id='word_1_1691' title='bbox 23 2977 156 3009; x_wconf 26' lang='lat' dir='ltr'>quitJFest.</span> <span class='ocrx_word' id='word_1_1692' title='bbox 197 2977 358 3006; x_wconf 88' lang='lat' dir='ltr'>Germanus,</span> <span class='ocrx_word' id='word_1_1693' title='bbox 378 2973 482 3008; x_wconf 74' lang='grc' dir='ltr'>γνήσιος,</span> <span class='ocrx_word' id='word_1_1694' title='bbox 501 2971 623 3006; x_wconf 71' lang='grc' dir='ltr'><strong>οέδελφός,</strong></span> <span class='ocrx_word' id='word_1_1695' title='bbox 643 2973 783 3004; x_wconf 86' lang='lat' dir='ltr'>Germani,</span> <span class='ocrx_word' id='word_1_1696' title='bbox 803 2970 906 3006; x_wconf 64' lang='grc' dir='ltr'>ἀδελφοὶ</span> <span class='ocrx_word' id='word_1_1697' title='bbox 925 2971 1056 3004; x_wconf 51' lang='lat' dir='ltr'>&amp;novitio-wi</span> <span class='ocrx_word' id='word_1_1698' title='bbox 1117 2972 1216 2999; x_wconf 62' lang='lat' dir='ltr'>Seneci.</span> <span class='ocrx_word' id='word_1_1699' title='bbox 1231 2981 1259 2998; x_wconf 84' lang='lat'>10</span> <span class='ocrx_word' id='word_1_1700' title='bbox 1285 2971 1471 3004; x_wconf 85' lang='lat' dir='ltr'>Qiadriennio</span> <span class='ocrx_word' id='word_1_1701' title='bbox 1490 2970 1546 3005; x_wconf 90' lang='lat' dir='ltr'>post</span> <span class='ocrx_word' id='word_1_1702' title='bbox 1559 2971 1643 2997; x_wconf 64' lang='lat' dir='ltr'>facins</span> <span class='ocrx_word' id='word_1_1703' title='bbox 1655 2972 1776 2997; x_wconf 81' lang='lat' dir='ltr'>Praetor:</span> <span class='ocrx_word' id='word_1_1704' title='bbox 1810 2980 1888 3004; x_wconf 86' lang='lat' dir='ltr'>quein</span> <span class='ocrx_word' id='word_1_1705' title='bbox 1904 2971 2081 3005; x_wconf 76' lang='lat' dir='ltr'>magistratum</span> <span class='ocrx_word' id='word_1_1706' title='bbox 2098 2974 2155 3007; x_wconf 77' lang='lat' dir='ltr'>gessi</span> 
     </span>
     <span class='ocr_line' id='line_1_84' title="bbox 25 3006 2157 3044; baseline -0 -10"><span class='ocrx_word' id='word_1_1707' title='bbox 25 3010 173 3038; x_wconf 56' lang='lat' dir='ltr'>VemGloss.</span> <span class='ocrx_word' id='word_1_1708' title='bbox 225 3011 293 3038; x_wconf 86' lang='lat' dir='ltr'>Ter.</span> <span class='ocrx_word' id='word_1_1709' title='bbox 307 3008 417 3044; x_wconf 89' lang='lat' dir='ltr'>Adelph.</span> <span class='ocrx_word' id='word_1_1710' title='bbox 439 3018 464 3041; x_wconf 88' lang='lat'>2,</span> <span class='ocrx_word' id='word_1_1711' title='bbox 479 3018 506 3041; x_wconf 90' lang='lat'>4,</span> <span class='ocrx_word' id='word_1_1712' title='bbox 520 3017 532 3041; x_wconf 78' lang='grc'><em>5</em></span> <span class='ocrx_word' id='word_1_1713' title='bbox 569 3009 593 3035; x_wconf 94' lang='lat' dir='ltr'>O</span> <span class='ocrx_word' id='word_1_1714' title='bbox 615 3009 652 3034; x_wconf 89' lang='lat' dir='ltr'>ini</span> <span class='ocrx_word' id='word_1_1715' title='bbox 671 3007 813 3040; x_wconf 79' lang='lat' dir='ltr'>Aeschine,</span> <span class='ocrx_word' id='word_1_1716' title='bbox 827 3007 844 3034; x_wconf 86' lang='grc' dir='ltr'><em>ὀ</em></span> <span class='ocrx_word' id='word_1_1717' title='bbox 866 3009 903 3034; x_wconf 90' lang='lat' dir='ltr'>mi</span> <span class='ocrx_word' id='word_1_1718' title='bbox 922 3016 1054 3042; x_wconf 87' lang='lat' dir='ltr'>germane.</span> <span class='ocrx_word' id='word_1_1719' title='bbox 1120 3014 1137 3034; x_wconf 92' lang='lat' dir='ltr'>c</span> <span class='ocrx_word' id='word_1_1720' title='bbox 1150 3013 1169 3033; x_wconf 92' lang='lat' dir='ltr'>O</span> <span class='ocrx_word' id='word_1_1721' title='bbox 1181 3015 1225 3034; x_wconf 87' lang='lat' dir='ltr'>ss.</span> <span class='ocrx_word' id='word_1_1722' title='bbox 1252 3008 1395 3034; x_wconf 84' lang='lat' dir='ltr'>Tuditano</span> <span class='ocrx_word' id='word_1_1723' title='bbox 1415 3012 1440 3033; x_wconf 90' lang='lat' dir='ltr'>et</span> <span class='ocrx_word' id='word_1_1724' title='bbox 1459 3006 1586 3041; x_wconf 84' lang='lat' dir='ltr'>CethegO.</span> <span class='ocrx_word' id='word_1_1725' title='bbox 1692 3007 1761 3032; x_wconf 88' lang='lat' dir='ltr'>Male</span> <span class='ocrx_word' id='word_1_1726' title='bbox 1774 3007 1890 3039; x_wconf 80' lang='lat' dir='ltr'>geritur,</span> <span class='ocrx_word' id='word_1_1727' title='bbox 1911 3007 2041 3041; x_wconf 86' lang='lat' dir='ltr'>quidquid</span> <span class='ocrx_word' id='word_1_1728' title='bbox 2055 3010 2157 3042; x_wconf 75' lang='lat' dir='ltr'>geritur</span> 
     </span>
     <span class='ocr_line' id='line_1_85' title="bbox 27 3040 2154 3080; baseline -0.001 -9"><span class='ocrx_word' id='word_1_1729' title='bbox 27 3042 96 3070; x_wconf 76' lang='lat' dir='ltr'>Ibid·</span> <span class='ocrx_word' id='word_1_1730' title='bbox 110 3040 209 3080; x_wconf 42' lang='lat'>32:334</span> <span class='ocrx_word' id='word_1_1731' title='bbox 242 3047 321 3074; x_wconf 87' lang='lat' dir='ltr'>Nunc</span> <span class='ocrx_word' id='word_1_1732' title='bbox 339 3052 368 3072; x_wconf 87' lang='lat' dir='ltr'>tu</span> <span class='ocrx_word' id='word_1_1733' title='bbox 387 3044 457 3071; x_wconf 85' lang='lat' dir='ltr'>mihi</span> <span class='ocrx_word' id='word_1_1734' title='bbox 477 3054 503 3071; x_wconf 86' lang='lat' dir='ltr'>es</span> <span class='ocrx_word' id='word_1_1735' title='bbox 522 3053 659 3078; x_wconf 83' lang='lat' dir='ltr'>germanus</span> <span class='ocrx_word' id='word_1_1736' title='bbox 679 3044 776 3078; x_wconf 85' lang='lat' dir='ltr'>pariter</span> <span class='ocrx_word' id='word_1_1737' title='bbox 790 3053 900 3078; x_wconf 86' lang='lat' dir='ltr'>corpore</span> <span class='ocrx_word' id='word_1_1738' title='bbox 914 3049 940 3070; x_wconf 86' lang='lat' dir='ltr'>et</span> <span class='ocrx_word' id='word_1_1739' title='bbox 957 3044 1056 3070; x_wconf 86' lang='lat' dir='ltr'>animo.</span> <span class='ocrx_word' id='word_1_1740' title='bbox 1116 3044 1239 3069; x_wconf 82' lang='lat' dir='ltr'>fortunae</span> <span class='ocrx_word' id='word_1_1741' title='bbox 1261 3043 1312 3069; x_wconf 84' lang='lat' dir='ltr'>fide</span> <span class='ocrx_word' id='word_1_1742' title='bbox 1331 3043 1356 3068; x_wconf 86' lang='lat' dir='ltr'>P.</span> <span class='ocrx_word' id='word_1_1743' title='bbox 1375 3043 1430 3074; x_wconf 87' lang='lat' dir='ltr'>Syr.</span> <span class='ocrx_word' id='word_1_1744' title='bbox 1451 3043 1528 3068; x_wconf 91' lang='lat' dir='ltr'>Mim.</span> <span class='ocrx_word' id='word_1_1745' title='bbox 1623 3042 1717 3068; x_wconf 85' lang='lat' dir='ltr'>Manus</span> <span class='ocrx_word' id='word_1_1746' title='bbox 1735 3051 1841 3075; x_wconf 82' lang='lat' dir='ltr'>gerere,</span> <span class='ocrx_word' id='word_1_1747' title='bbox 1877 3040 1930 3072; x_wconf 63' lang='lat' dir='ltr'>uid.</span> <span class='ocrx_word' id='word_1_1748' title='bbox 1960 3049 1978 3066; x_wconf 82' lang='grc' dir='ltr'>Ν</span> <span class='ocrx_word' id='word_1_1749' title='bbox 1991 3050 2039 3069; x_wconf 87' lang='lat' dir='ltr'>VG</span> <span class='ocrx_word' id='word_1_1750' title='bbox 2051 3051 2057 3068; x_wconf 90' lang='lat'>1</span> <span class='ocrx_word' id='word_1_1751' title='bbox 2070 3049 2154 3071; x_wconf 74' lang='lat' dir='ltr'>GlJR.</span> 
     </span>
     <span class='ocr_line' id='line_1_86' title="bbox 30 3077 2155 3116; baseline -0.002 -10"><span class='ocrx_word' id='word_1_1752' title='bbox 30 3077 97 3106; x_wconf 77' lang='lat' dir='ltr'>Ter.</span> <span class='ocrx_word' id='word_1_1753' title='bbox 111 3079 186 3108; x_wconf 75' lang='lat' dir='ltr'>Andr.</span> <span class='ocrx_word' id='word_1_1754' title='bbox 198 3091 219 3115; x_wconf 90' lang='lat'>1,</span> <span class='ocrx_word' id='word_1_1755' title='bbox 230 3091 252 3116; x_wconf 73' lang='grc' dir='ltr'>ς,</span> <span class='ocrx_word' id='word_1_1756' title='bbox 266 3089 297 3116; x_wconf 78' lang='lat'>37</span> <span class='ocrx_word' id='word_1_1757' title='bbox 332 3081 359 3108; x_wconf 82' lang='lat' dir='ltr'>Si</span> <span class='ocrx_word' id='word_1_1758' title='bbox 379 3087 405 3107; x_wconf 90' lang='lat' dir='ltr'>te</span> <span class='ocrx_word' id='word_1_1759' title='bbox 422 3081 451 3106; x_wconf 89' lang='lat' dir='ltr'>in</span> <span class='ocrx_word' id='word_1_1760' title='bbox 465 3080 582 3115; x_wconf 88' lang='lat' dir='ltr'>germani</span> <span class='ocrx_word' id='word_1_1761' title='bbox 595 3079 682 3106; x_wconf 87' lang='lat' dir='ltr'>fratris</span> <span class='ocrx_word' id='word_1_1762' title='bbox 696 3079 779 3106; x_wconf 84' lang='lat' dir='ltr'>dilexi</span> <span class='ocrx_word' id='word_1_1763' title='bbox 793 3079 868 3110; x_wconf 89' lang='lat' dir='ltr'>loco,</span> <span class='ocrx_word' id='word_1_1764' title='bbox 883 3086 927 3105; x_wconf 82' lang='lat' dir='ltr'>erc.</span> <span class='ocrx_word' id='word_1_1765' title='bbox 999 3079 1056 3105; x_wconf 89' lang='lat' dir='ltr'>Cic.</span> <span class='ocrx_word' id='word_1_1766' title='bbox 1065 3083 1096 3108; x_wconf 88' lang='lat'>80</span> <span class='ocrx_word' id='word_1_1767' title='bbox 1116 3080 1182 3105; x_wconf 87' lang='lat' dir='ltr'>Pliii.</span> <span class='ocrx_word' id='word_1_1768' title='bbox 1199 3087 1236 3109; x_wconf 86' lang='grc' dir='ltr'>ιι,</span> <span class='ocrx_word' id='word_1_1769' title='bbox 1255 3087 1292 3111; x_wconf 88' lang='lat'>40</span> <span class='ocrx_word' id='word_1_1770' title='bbox 1325 3078 1405 3104; x_wconf 84' lang='lat' dir='ltr'>Vrsae</span> <span class='ocrx_word' id='word_1_1771' title='bbox 1420 3079 1546 3105; x_wconf 87' lang='lat' dir='ltr'>Mammas</span> <span class='ocrx_word' id='word_1_1772' title='bbox 1564 3083 1702 3112; x_wconf 88' lang='lat' dir='ltr'>quaternas</span> <span class='ocrx_word' id='word_1_1773' title='bbox 1722 3083 1822 3111; x_wconf 85' lang='lat' dir='ltr'>gerunt.</span> <span class='ocrx_word' id='word_1_1774' title='bbox 1892 3078 2012 3109; x_wconf 85' lang='lat' dir='ltr'>Morem,</span> <span class='ocrx_word' id='word_1_1775' title='bbox 2036 3078 2155 3110; x_wconf 66' lang='lat' dir='ltr'>Obedire‚</span> 
     </span>
    </p>
   </div>
   <div class='ocr_carea' id='block_1_13' title="bbox 0 3112 2154 4035">
    <p class='ocr_par' dir='ltr' id='par_1_16' title="bbox 0 3112 2154 4026">
     <span class='ocr_line' id='line_1_87' title="bbox 27 3112 2154 3151; baseline -0 -11"><span class='ocrx_word' id='word_1_1776' title='bbox 27 3122 78 3149; x_wconf 80' lang='lat' dir='ltr'>pro</span> <span class='ocrx_word' id='word_1_1777' title='bbox 91 3114 166 3141; x_wconf 88' lang='lat' dir='ltr'>Font.</span> <span class='ocrx_word' id='word_1_1778' title='bbox 176 3119 204 3149; x_wconf 82' lang='lat'>63</span> <span class='ocrx_word' id='word_1_1779' title='bbox 232 3117 386 3144; x_wconf 81' lang='lat' dir='ltr'>Praesertim</span> <span class='ocrx_word' id='word_1_1780' title='bbox 400 3126 483 3151; x_wconf 89' lang='lat' dir='ltr'>quum</span> <span class='ocrx_word' id='word_1_1781' title='bbox 500 3116 577 3149; x_wconf 87' lang='lat' dir='ltr'>virgo</span> <span class='ocrx_word' id='word_1_1782' title='bbox 591 3115 696 3141; x_wconf 86' lang='lat' dir='ltr'>Vestalis</span> <span class='ocrx_word' id='word_1_1783' title='bbox 714 3124 746 3141; x_wconf 86' lang='lat' dir='ltr'>ex</span> <span class='ocrx_word' id='word_1_1784' title='bbox 764 3116 844 3141; x_wconf 86' lang='lat' dir='ltr'>altera</span> <span class='ocrx_word' id='word_1_1785' title='bbox 864 3120 936 3149; x_wconf 88' lang='lat' dir='ltr'>parte</span> <span class='ocrx_word' id='word_1_1786' title='bbox 956 3123 1056 3149; x_wconf 88' lang='lat' dir='ltr'>germa-</span> <span class='ocrx_word' id='word_1_1787' title='bbox 1116 3114 1287 3149; x_wconf 74' lang='lat' dir='ltr'>obtemperare.</span> <span class='ocrx_word' id='word_1_1788' title='bbox 1337 3114 1405 3140; x_wconf 85' lang='lat' dir='ltr'>Ter.</span> <span class='ocrx_word' id='word_1_1789' title='bbox 1420 3113 1496 3140; x_wconf 88' lang='lat' dir='ltr'>Adel.</span> <span class='ocrx_word' id='word_1_1790' title='bbox 1509 3123 1537 3148; x_wconf 90' lang='lat'>4,</span> <span class='ocrx_word' id='word_1_1791' title='bbox 1551 3121 1573 3145; x_wconf 80' lang='grc' dir='ltr'><strong>ς,</strong></span> <span class='ocrx_word' id='word_1_1792' title='bbox 1586 3121 1623 3148; x_wconf 81' lang='lat'>74</span> <span class='ocrx_word' id='word_1_1793' title='bbox 1650 3113 1676 3138; x_wconf 86' lang='lat' dir='ltr'>Si</span> <span class='ocrx_word' id='word_1_1794' title='bbox 1691 3112 1771 3138; x_wconf 77' lang='lat' dir='ltr'>frater</span> <span class='ocrx_word' id='word_1_1795' title='bbox 1783 3118 1826 3137; x_wconf 86' lang='lat' dir='ltr'>aut</span> <span class='ocrx_word' id='word_1_1796' title='bbox 1840 3112 1934 3137; x_wconf 80' lang='lat' dir='ltr'>sodalis</span> <span class='ocrx_word' id='word_1_1797' title='bbox 1948 3113 2020 3144; x_wconf 79' lang='lat' dir='ltr'>efl&#39;et,</span> <span class='ocrx_word' id='word_1_1798' title='bbox 2041 3112 2085 3147; x_wconf 80' lang='lat' dir='ltr'>qu&#39;i</span> <span class='ocrx_word' id='word_1_1799' title='bbox 2101 3123 2154 3140; x_wconf 85' lang='lat' dir='ltr'>ina-</span> 
     </span>
     <span class='ocr_line' id='line_1_88' title="bbox 28 3147 2154 3187; baseline -0.001 -9"><span class='ocrx_word' id='word_1_1800' title='bbox 28 3158 92 3176; x_wconf 83' lang='lat' dir='ltr'>num</span> <span class='ocrx_word' id='word_1_1801' title='bbox 108 3149 211 3178; x_wconf 73' lang='lat' dir='ltr'>fratrem</span> <span class='ocrx_word' id='word_1_1802' title='bbox 225 3153 359 3187; x_wconf 81' lang='lat' dir='ltr'>complexa</span> <span class='ocrx_word' id='word_1_1803' title='bbox 377 3158 481 3184; x_wconf 86' lang='lat' dir='ltr'>teneat,</span> <span class='ocrx_word' id='word_1_1804' title='bbox 500 3152 666 3185; x_wconf 81' lang='lat' dir='ltr'>vestramque</span> <span class='ocrx_word' id='word_1_1805' title='bbox 684 3151 800 3183; x_wconf 84' lang='lat' dir='ltr'>Iudices,</span> <span class='ocrx_word' id='word_1_1806' title='bbox 813 3160 842 3177; x_wconf 87' lang='lat' dir='ltr'>ae</span> <span class='ocrx_word' id='word_1_1807' title='bbox 856 3152 916 3185; x_wconf 80' lang='lat' dir='ltr'>Pop.</span> <span class='ocrx_word' id='word_1_1808' title='bbox 934 3151 1010 3176; x_wconf 88' lang='lat' dir='ltr'>Rom.</span> <span class='ocrx_word' id='word_1_1809' title='bbox 1027 3150 1055 3176; x_wconf 83' lang='lat' dir='ltr'>fi-</span> <span class='ocrx_word' id='word_1_1810' title='bbox 1116 3150 1154 3185; x_wconf 80' lang='lat' dir='ltr'>gis</span> <span class='ocrx_word' id='word_1_1811' title='bbox 1165 3151 1268 3176; x_wconf 74' lang='lat' dir='ltr'>Morem</span> <span class='ocrx_word' id='word_1_1812' title='bbox 1283 3150 1401 3184; x_wconf 73' lang='lat' dir='ltr'>gereret?</span> <span class='ocrx_word' id='word_1_1813' title='bbox 1473 3149 1528 3176; x_wconf 89' lang='lat' dir='ltr'>Cic.</span> <span class='ocrx_word' id='word_1_1814' title='bbox 1548 3149 1631 3176; x_wconf 88' lang='lat' dir='ltr'>Tusc.</span> <span class='ocrx_word' id='word_1_1815' title='bbox 1646 3157 1670 3179; x_wconf 91' lang='grc' dir='ltr'><strong>ι,</strong></span> <span class='ocrx_word' id='word_1_1816' title='bbox 1695 3156 1722 3181; x_wconf 82' lang='grc' dir='ltr'>ι7</span> <span class='ocrx_word' id='word_1_1817' title='bbox 1760 3148 1855 3173; x_wconf 75' lang='lat' dir='ltr'>Geram</span> <span class='ocrx_word' id='word_1_1818' title='bbox 1875 3147 1926 3173; x_wconf 90' lang='lat' dir='ltr'>tibi</span> <span class='ocrx_word' id='word_1_1819' title='bbox 1946 3148 2067 3181; x_wconf 79' lang='lat' dir='ltr'>Morem,</span> <span class='ocrx_word' id='word_1_1820' title='bbox 2087 3156 2111 3175; x_wconf 92' lang='lat' dir='ltr'>et</span> <span class='ocrx_word' id='word_1_1821' title='bbox 2124 3157 2154 3175; x_wconf 88' lang='lat' dir='ltr'>ea</span> 
     </span>
     <span class='ocr_line' id='line_1_89' title="bbox 30 3183 2153 3223; baseline -0.003 -10"><span class='ocrx_word' id='word_1_1822' title='bbox 30 3185 89 3211; x_wconf 83' lang='lat' dir='ltr'>dem</span> <span class='ocrx_word' id='word_1_1823' title='bbox 101 3184 227 3218; x_wconf 78' lang='lat' dir='ltr'>imploret.</span> <span class='ocrx_word' id='word_1_1824' title='bbox 277 3189 358 3215; x_wconf 89' lang='lat' dir='ltr'>Soror</span> <span class='ocrx_word' id='word_1_1825' title='bbox 370 3196 493 3223; x_wconf 86' lang='lat' dir='ltr'>germana</span> <span class='ocrx_word' id='word_1_1826' title='bbox 512 3187 568 3213; x_wconf 89' lang='lat' dir='ltr'>Cic.</span> <span class='ocrx_word' id='word_1_1827' title='bbox 581 3195 629 3221; x_wconf 86' lang='lat' dir='ltr'>pro</span> <span class='ocrx_word' id='word_1_1828' title='bbox 642 3186 738 3213; x_wconf 82' lang='lat' dir='ltr'>Milon.</span> <span class='ocrx_word' id='word_1_1829' title='bbox 751 3194 796 3221; x_wconf 83' lang='lat'>74.</span> <span class='ocrx_word' id='word_1_1830' title='bbox 831 3187 900 3213; x_wconf 63' lang='lat' dir='ltr'>Adii.</span> <span class='ocrx_word' id='word_1_1831' title='bbox 914 3186 982 3220; x_wconf 88' lang='lat' dir='ltr'>Nep.</span> <span class='ocrx_word' id='word_1_1832' title='bbox 997 3194 1019 3218; x_wconf 80' lang='grc' dir='ltr'>ς,</span> <span class='ocrx_word' id='word_1_1833' title='bbox 1035 3195 1056 3218; x_wconf 89' lang='grc' dir='ltr'><strong>ι,</strong></span> <span class='ocrx_word' id='word_1_1834' title='bbox 1117 3195 1183 3220; x_wconf 83' lang='lat' dir='ltr'>quae</span> <span class='ocrx_word' id='word_1_1835' title='bbox 1198 3186 1239 3211; x_wconf 84' lang='lat' dir='ltr'>vis</span> <span class='ocrx_word' id='word_1_1836' title='bbox 1251 3192 1278 3212; x_wconf 93' lang='lat' dir='ltr'>vt</span> <span class='ocrx_word' id='word_1_1837' title='bbox 1291 3191 1384 3220; x_wconf 90' lang='lat' dir='ltr'>potero</span> <span class='ocrx_word' id='word_1_1838' title='bbox 1398 3184 1545 3219; x_wconf 82' lang='lat' dir='ltr'>explicabo.</span> <span class='ocrx_word' id='word_1_1839' title='bbox 1599 3183 1666 3211; x_wconf 79' lang='lat' dir='ltr'>Add.</span> <span class='ocrx_word' id='word_1_1840' title='bbox 1682 3184 1748 3216; x_wconf 71' lang='lat' dir='ltr'>Nep.</span> <span class='ocrx_word' id='word_1_1841' title='bbox 1764 3191 1783 3213; x_wconf 83' lang='lat'>2,</span> <span class='ocrx_word' id='word_1_1842' title='bbox 1798 3191 1822 3216; x_wconf 84' lang='lat'>7.</span> <span class='ocrx_word' id='word_1_1843' title='bbox 1837 3191 1848 3213; x_wconf 88' lang='grc'><strong>3</strong></span> <span class='ocrx_word' id='word_1_1844' title='bbox 1863 3190 1886 3208; x_wconf 78' lang='lat' dir='ltr'>et</span> <span class='ocrx_word' id='word_1_1845' title='bbox 1900 3191 1927 3215; x_wconf 78' lang='lat'>14</span> <span class='ocrx_word' id='word_1_1846' title='bbox 1939 3202 1946 3214; x_wconf 92' lang='lat'>,</span> <span class='ocrx_word' id='word_1_1847' title='bbox 1961 3192 1988 3215; x_wconf 84' lang='grc'><strong>4,</strong></span> <span class='ocrx_word' id='word_1_1848' title='bbox 2002 3192 2023 3215; x_wconf 79' lang='lat'>3.</span> <span class='ocrx_word' id='word_1_1849' title='bbox 2095 3185 2153 3211; x_wconf 84' lang='lat' dir='ltr'>Mo.</span> 
     </span>
     <span class='ocr_line' id='line_1_90' title="bbox 29 3216 2152 3260; baseline -0 -13"><span class='ocrx_word' id='word_1_1850' title='bbox 29 3226 46 3247; x_wconf 86' lang='lat'>2</span> <span class='ocrx_word' id='word_1_1851' title='bbox 64 3219 144 3255; x_wconf 79' lang='lat' dir='ltr'>ibique</span> <span class='ocrx_word' id='word_1_1852' title='bbox 157 3221 261 3256; x_wconf 69' lang='lat' dir='ltr'>interpp.</span> <span class='ocrx_word' id='word_1_1853' title='bbox 272 3224 384 3260; x_wconf 59' lang='lat' dir='ltr'>Rutgersss</span> <span class='ocrx_word' id='word_1_1854' title='bbox 401 3225 461 3250; x_wconf 81' lang='lat' dir='ltr'>Var.</span> <span class='ocrx_word' id='word_1_1855' title='bbox 476 3222 544 3249; x_wconf 67' lang='lat' dir='ltr'>Left.</span> <span class='ocrx_word' id='word_1_1856' title='bbox 560 3233 580 3254; x_wconf 90' lang='lat'>1,</span> <span class='ocrx_word' id='word_1_1857' title='bbox 594 3232 608 3257; x_wconf 86' lang='lat'><em>9</em></span> <span class='ocrx_word' id='word_1_1858' title='bbox 619 3229 646 3257; x_wconf 84' lang='lat' dir='ltr'>p.</span> <span class='ocrx_word' id='word_1_1859' title='bbox 661 3231 691 3256; x_wconf 83' lang='lat'>40</span> <span class='ocrx_word' id='word_1_1860' title='bbox 701 3222 754 3258; x_wconf 82' lang='lat' dir='ltr'>seq.</span> <span class='ocrx_word' id='word_1_1861' title='bbox 809 3222 867 3249; x_wconf 92' lang='lat' dir='ltr'>Cic.</span> <span class='ocrx_word' id='word_1_1862' title='bbox 880 3223 908 3248; x_wconf 89' lang='lat' dir='ltr'>in</span> <span class='ocrx_word' id='word_1_1863' title='bbox 924 3221 1012 3247; x_wconf 87' lang='lat' dir='ltr'>Partit.</span> <span class='ocrx_word' id='word_1_1864' title='bbox 1027 3226 1055 3251; x_wconf 85' lang='lat'>88</span> <span class='ocrx_word' id='word_1_1865' title='bbox 1117 3231 1172 3248; x_wconf 85' lang='lat' dir='ltr'>rem</span> <span class='ocrx_word' id='word_1_1866' title='bbox 1188 3221 1273 3247; x_wconf 86' lang='lat' dir='ltr'>amori</span> <span class='ocrx_word' id='word_1_1867' title='bbox 1303 3220 1384 3247; x_wconf 90' lang='lat' dir='ltr'>Ouid.</span> <span class='ocrx_word' id='word_1_1868' title='bbox 1401 3216 1492 3247; x_wconf 74' lang='lat' dir='ltr'>Artior.</span> <span class='ocrx_word' id='word_1_1869' title='bbox 1505 3229 1535 3251; x_wconf 84' lang='lat'>2,</span> <span class='ocrx_word' id='word_1_1870' title='bbox 1550 3229 1582 3251; x_wconf 90' lang='lat'>2,</span> <span class='ocrx_word' id='word_1_1871' title='bbox 1597 3228 1627 3250; x_wconf 85' lang='lat'>13.</span> <span class='ocrx_word' id='word_1_1872' title='bbox 1699 3219 1765 3244; x_wconf 88' lang='lat' dir='ltr'>Ter.</span> <span class='ocrx_word' id='word_1_1873' title='bbox 1780 3218 1860 3244; x_wconf 86' lang='lat' dir='ltr'>Andr.</span> <span class='ocrx_word' id='word_1_1874' title='bbox 1876 3227 1910 3251; x_wconf 82' lang='lat'>4,</span> <span class='ocrx_word' id='word_1_1875' title='bbox 1926 3227 1951 3250; x_wconf 80' lang='lat' dir='ltr'>i,</span> <span class='ocrx_word' id='word_1_1876' title='bbox 1968 3227 1995 3253; x_wconf 86' lang='lat'>¹7</span> <span class='ocrx_word' id='word_1_1877' title='bbox 2027 3219 2152 3246; x_wconf 74' lang='lat' dir='ltr'>Molestus</span> 
     </span>
     <span class='ocr_line' id='line_1_91' title="bbox 28 3252 2152 3293; baseline -0.003 -6"><span class='ocrx_word' id='word_1_1878' title='bbox 28 3255 177 3289; x_wconf 64' lang='lat' dir='ltr'>coniuges,</span> <span class='ocrx_word' id='word_1_1879' title='bbox 190 3259 316 3293; x_wconf 51' lang='lat' dir='ltr'>{firmani-1,</span> <span class='ocrx_word' id='word_1_1880' title='bbox 328 3265 456 3293; x_wconf 86' lang='lat' dir='ltr'>parentes,</span> <span class='ocrx_word' id='word_1_1881' title='bbox 469 3266 514 3285; x_wconf 83' lang='lat' dir='ltr'>etc.</span> <span class='ocrx_word' id='word_1_1882' title='bbox 558 3257 652 3284; x_wconf 78' lang='lat' dir='ltr'>Deinde</span> <span class='ocrx_word' id='word_1_1883' title='bbox 663 3260 766 3293; x_wconf 77' lang='lat' dir='ltr'>ponitur</span> <span class='ocrx_word' id='word_1_1884' title='bbox 773 3257 847 3293; x_wconf 79' lang='lat' dir='ltr'>fizepe</span> <span class='ocrx_word' id='word_1_1885' title='bbox 915 3254 936 3293; x_wconf 57' lang='lat' dir='ltr'><strong>ff</strong></span> <span class='ocrx_word' id='word_1_1886' title='bbox 951 3265 966 3282; x_wconf 85' lang='lat'>2</span> <span class='ocrx_word' id='word_1_1887' title='bbox 991 3257 1056 3283; x_wconf 87' lang='lat' dir='ltr'>Ger·</span> <span class='ocrx_word' id='word_1_1888' title='bbox 1071 3258 1099 3287; x_wconf 76' lang='lat'>85</span> <span class='ocrx_word' id='word_1_1889' title='bbox 1117 3263 1186 3283; x_wconf 76' lang='lat' dir='ltr'>certe</span> <span class='ocrx_word' id='word_1_1890' title='bbox 1199 3257 1223 3283; x_wconf 87' lang='lat' dir='ltr'>ci</span> <span class='ocrx_word' id='word_1_1891' title='bbox 1237 3257 1331 3289; x_wconf 86' lang='lat' dir='ltr'>fuero,</span> <span class='ocrx_word' id='word_1_1892' title='bbox 1346 3263 1425 3290; x_wconf 89' lang='lat' dir='ltr'>atque</span> <span class='ocrx_word' id='word_1_1893' title='bbox 1437 3256 1526 3282; x_wconf 83' lang='lat' dir='ltr'>animo</span> <span class='ocrx_word' id='word_1_1894' title='bbox 1540 3256 1643 3281; x_wconf 87' lang='lat' dir='ltr'>Morem</span> <span class='ocrx_word' id='word_1_1895' title='bbox 1657 3254 1765 3288; x_wconf 65' lang='lat' dir='ltr'>gessero.</span> <span class='ocrx_word' id='word_1_1896' title='bbox 1835 3252 1909 3279; x_wconf 86' lang='lat' dir='ltr'>Idem</span> <span class='ocrx_word' id='word_1_1897' title='bbox 1923 3255 2015 3280; x_wconf 86' lang='lat' dir='ltr'>Heaut.</span> <span class='ocrx_word' id='word_1_1898' title='bbox 2030 3263 2057 3286; x_wconf 74' lang='grc' dir='ltr'><strong>ς,</strong></span> <span class='ocrx_word' id='word_1_1899' title='bbox 2072 3263 2096 3286; x_wconf 91' lang='grc' dir='ltr'><strong>ι,</strong></span> <span class='ocrx_word' id='word_1_1900' title='bbox 2116 3263 2152 3290; x_wconf 88' lang='lat'>74</span> 
     </span>
     <span class='ocr_line' id='line_1_92' title="bbox 29 3289 2151 3329; baseline -0.001 -9"><span class='ocrx_word' id='word_1_1901' title='bbox 29 3295 192 3325; x_wconf 73' lang='lat' dir='ltr'>nianus,pro</span> <span class='ocrx_word' id='word_1_1902' title='bbox 213 3292 272 3317; x_wconf 83' lang='lat' dir='ltr'>Vero</span> <span class='ocrx_word' id='word_1_1903' title='bbox 284 3293 420 3327; x_wconf 79' lang='lat' dir='ltr'>etfincero,</span> <span class='ocrx_word' id='word_1_1904' title='bbox 439 3295 484 3321; x_wconf 83' lang='lat' dir='ltr'>hoc</span> <span class='ocrx_word' id='word_1_1905' title='bbox 497 3292 530 3327; x_wconf 69' lang='lat' dir='ltr'>ist</span> <span class='ocrx_word' id='word_1_1906' title='bbox 543 3303 590 3320; x_wconf 86' lang='lat' dir='ltr'>non</span> <span class='ocrx_word' id='word_1_1907' title='bbox 599 3293 706 3329; x_wconf 77' lang='lat' dir='ltr'>fucato,</span> <span class='ocrx_word' id='word_1_1908' title='bbox 720 3302 768 3319; x_wconf 86' lang='lat' dir='ltr'>non</span> <span class='ocrx_word' id='word_1_1909' title='bbox 780 3294 928 3319; x_wconf 86' lang='lat' dir='ltr'>adulterato.</span> <span class='ocrx_word' id='word_1_1910' title='bbox 967 3291 1008 3318; x_wconf 89' lang='lat' dir='ltr'>Sic</span> <span class='ocrx_word' id='word_1_1911' title='bbox 1021 3295 1055 3318; x_wconf 88' lang='lat' dir='ltr'>io·</span> <span class='ocrx_word' id='word_1_1912' title='bbox 1118 3292 1190 3325; x_wconf 86' lang='lat' dir='ltr'>Qiid</span> <span class='ocrx_word' id='word_1_1913' title='bbox 1210 3293 1280 3326; x_wconf 70' lang='lat' dir='ltr'>agis?</span> <span class='ocrx_word' id='word_1_1914' title='bbox 1312 3298 1340 3318; x_wconf 89' lang='lat' dir='ltr'>c.</span> <span class='ocrx_word' id='word_1_1915' title='bbox 1362 3293 1454 3318; x_wconf 88' lang='lat' dir='ltr'>mitte:</span> <span class='ocrx_word' id='word_1_1916' title='bbox 1490 3300 1519 3317; x_wconf 82' lang='lat' dir='ltr'>ac</span> <span class='ocrx_word' id='word_1_1917' title='bbox 1543 3290 1596 3316; x_wconf 86' lang='lat' dir='ltr'>fine</span> <span class='ocrx_word' id='word_1_1918' title='bbox 1618 3298 1660 3315; x_wconf 89' lang='lat' dir='ltr'>ine</span> <span class='ocrx_word' id='word_1_1919' title='bbox 1683 3289 1710 3315; x_wconf 90' lang='lat' dir='ltr'>in</span> <span class='ocrx_word' id='word_1_1920' title='bbox 1730 3289 1777 3316; x_wconf 85' lang='lat' dir='ltr'>hac</span> <span class='ocrx_word' id='word_1_1921' title='bbox 1793 3297 1821 3315; x_wconf 88' lang='lat' dir='ltr'>re</span> <span class='ocrx_word' id='word_1_1922' title='bbox 1844 3298 1935 3322; x_wconf 86' lang='lat' dir='ltr'>gerere</span> <span class='ocrx_word' id='word_1_1923' title='bbox 1957 3289 2024 3315; x_wconf 89' lang='lat' dir='ltr'>inihi</span> <span class='ocrx_word' id='word_1_1924' title='bbox 2037 3291 2151 3317; x_wconf 75' lang='lat' dir='ltr'>Morem.</span> 
     </span>
     <span class='ocr_line' id='line_1_93' title="bbox 27 3324 2152 3365; baseline 0 -14"><span class='ocrx_word' id='word_1_1925' title='bbox 27 3325 79 3362; x_wconf 68' lang='lat' dir='ltr'>coste</span> <span class='ocrx_word' id='word_1_1926' title='bbox 99 3325 191 3352; x_wconf 85' lang='lat' dir='ltr'>Asinus</span> <span class='ocrx_word' id='word_1_1927' title='bbox 209 3333 338 3358; x_wconf 78' lang='lat' dir='ltr'>germanus</span> <span class='ocrx_word' id='word_1_1928' title='bbox 354 3330 409 3357; x_wconf 87' lang='lat' dir='ltr'>Cic.</span> <span class='ocrx_word' id='word_1_1929' title='bbox 420 3331 473 3356; x_wconf 88' lang='lat' dir='ltr'>Att.</span> <span class='ocrx_word' id='word_1_1930' title='bbox 489 3339 517 3363; x_wconf 85' lang='lat'>4,</span> <span class='ocrx_word' id='word_1_1931' title='bbox 533 3337 553 3363; x_wconf 78' lang='grc' dir='ltr'>ς.</span> <span class='ocrx_word' id='word_1_1932' title='bbox 573 3333 591 3355; x_wconf 82' lang='lat' dir='ltr'>i.</span> <span class='ocrx_word' id='word_1_1933' title='bbox 609 3339 698 3362; x_wconf 81' lang='lat' dir='ltr'>verus,</span> <span class='ocrx_word' id='word_1_1934' title='bbox 711 3329 739 3355; x_wconf 81' lang='lat' dir='ltr'>de</span> <span class='ocrx_word' id='word_1_1935' title='bbox 752 3329 780 3365; x_wconf 83' lang='lat' dir='ltr'>se</span> <span class='ocrx_word' id='word_1_1936' title='bbox 798 3329 858 3365; x_wconf 78' lang='lat' dir='ltr'>ipsb.</span> <span class='ocrx_word' id='word_1_1937' title='bbox 928 3327 1001 3354; x_wconf 89' lang='lat' dir='ltr'>Ideni</span> <span class='ocrx_word' id='word_1_1938' title='bbox 1023 3327 1055 3354; x_wconf 91' lang='lat' dir='ltr'>de</span> <span class='ocrx_word' id='word_1_1939' title='bbox 1117 3329 1199 3355; x_wconf 86' lang='lat' dir='ltr'>Plaut.</span> <span class='ocrx_word' id='word_1_1940' title='bbox 1214 3328 1275 3355; x_wconf 83' lang='lat' dir='ltr'>Cist.</span> <span class='ocrx_word' id='word_1_1941' title='bbox 1291 3337 1300 3354; x_wconf 87' lang='lat'>1</span> <span class='ocrx_word' id='word_1_1942' title='bbox 1310 3348 1318 3360; x_wconf 91' lang='lat'>,</span> <span class='ocrx_word' id='word_1_1943' title='bbox 1334 3336 1343 3354; x_wconf 88' lang='lat'>1</span> <span class='ocrx_word' id='word_1_1944' title='bbox 1353 3349 1360 3360; x_wconf 88' lang='lat'>,</span> <span class='ocrx_word' id='word_1_1945' title='bbox 1374 3331 1405 3358; x_wconf 73' lang='lat'>86</span> <span class='ocrx_word' id='word_1_1946' title='bbox 1438 3326 1589 3360; x_wconf 82' lang='lat' dir='ltr'>Obsequiita</span> <span class='ocrx_word' id='word_1_1947' title='bbox 1602 3324 1653 3357; x_wconf 88' lang='lat' dir='ltr'>est,</span> <span class='ocrx_word' id='word_1_1948' title='bbox 1671 3324 1702 3351; x_wconf 90' lang='lat' dir='ltr'>de</span> <span class='ocrx_word' id='word_1_1949' title='bbox 1717 3334 1747 3350; x_wconf 83' lang='lat' dir='ltr'>ea</span> <span class='ocrx_word' id='word_1_1950' title='bbox 1762 3333 1790 3350; x_wconf 89' lang='lat' dir='ltr'>re</span> <span class='ocrx_word' id='word_1_1951' title='bbox 1804 3324 1872 3358; x_wconf 80' lang='lat' dir='ltr'>geffit</span> <span class='ocrx_word' id='word_1_1952' title='bbox 1886 3325 1988 3350; x_wconf 86' lang='lat' dir='ltr'>Morem</span> <span class='ocrx_word' id='word_1_1953' title='bbox 2004 3326 2152 3359; x_wconf 63' lang='lat' dir='ltr'>morigerae</span> 
     </span>
     <span class='ocr_line' id='line_1_94' title="bbox 28 3360 2152 3401; baseline -0.001 -11"><span class='ocrx_word' id='word_1_1954' title='bbox 28 3362 104 3388; x_wconf 77' lang='lat' dir='ltr'>Orat·</span> <span class='ocrx_word' id='word_1_1955' title='bbox 116 3369 151 3394; x_wconf 88' lang='lat'>90</span> <span class='ocrx_word' id='word_1_1956' title='bbox 177 3361 250 3386; x_wconf 71' lang='lat' dir='ltr'>Hanc</span> <span class='ocrx_word' id='word_1_1957' title='bbox 269 3363 425 3401; x_wconf 72' lang='lat' dir='ltr'>ego-iudico</span> <span class='ocrx_word' id='word_1_1958' title='bbox 437 3366 552 3392; x_wconf 85' lang='lat' dir='ltr'>formam</span> <span class='ocrx_word' id='word_1_1959' title='bbox 572 3364 684 3391; x_wconf 81' lang='lat' dir='ltr'>submiffl</span> <span class='ocrx_word' id='word_1_1960' title='bbox 706 3365 837 3396; x_wconf 88' lang='lat' dir='ltr'>oratoris,</span> <span class='ocrx_word' id='word_1_1961' title='bbox 855 3362 895 3390; x_wconf 88' lang='lat' dir='ltr'>sed</span> <span class='ocrx_word' id='word_1_1962' title='bbox 917 3363 1006 3397; x_wconf 84' lang='lat' dir='ltr'>magni</span> <span class='ocrx_word' id='word_1_1963' title='bbox 1019 3369 1054 3389; x_wconf 87' lang='lat' dir='ltr'>ta·</span> <span class='ocrx_word' id='word_1_1964' title='bbox 1115 3364 1192 3390; x_wconf 82' lang='lat' dir='ltr'>mihi.</span> <span class='ocrx_word' id='word_1_1965' title='bbox 1264 3363 1319 3391; x_wconf 87' lang='lat' dir='ltr'>Cic.</span> <span class='ocrx_word' id='word_1_1966' title='bbox 1334 3363 1365 3389; x_wconf 88' lang='lat' dir='ltr'>de</span> <span class='ocrx_word' id='word_1_1967' title='bbox 1380 3363 1521 3392; x_wconf 59' lang='lat' dir='ltr'>Ari-liciniis</span> <span class='ocrx_word' id='word_1_1968' title='bbox 1544 3362 1573 3387; x_wconf 81' lang='lat' dir='ltr'>Et</span> <span class='ocrx_word' id='word_1_1969' title='bbox 1585 3360 1677 3394; x_wconf 85' lang='lat' dir='ltr'>hi,qui</span> <span class='ocrx_word' id='word_1_1970' title='bbox 1694 3369 1780 3386; x_wconf 77' lang='lat' dir='ltr'>rerum</span> <span class='ocrx_word' id='word_1_1971' title='bbox 1795 3360 1959 3394; x_wconf 80' lang='lat' dir='ltr'>cognitione,</span> <span class='ocrx_word' id='word_1_1972' title='bbox 1979 3360 2152 3396; x_wconf 56' lang='lat' dir='ltr'>doctrinaque</span> 
     </span>
     <span class='ocr_line' id='line_1_95' title="bbox 29 3395 2151 3434; baseline -0.001 -10"><span class='ocrx_word' id='word_1_1973' title='bbox 29 3405 106 3427; x_wconf 81' lang='lat' dir='ltr'>men,</span> <span class='ocrx_word' id='word_1_1974' title='bbox 127 3402 152 3422; x_wconf 78' lang='lat' dir='ltr'>et</span> <span class='ocrx_word' id='word_1_1975' title='bbox 172 3403 290 3429; x_wconf 70' lang='lat' dir='ltr'>gemam</span> <span class='ocrx_word' id='word_1_1976' title='bbox 309 3397 395 3427; x_wconf 77' lang='lat' dir='ltr'>Attici.</span> <span class='ocrx_word' id='word_1_1977' title='bbox 428 3401 483 3431; x_wconf 85' lang='lat' dir='ltr'>Sic,</span> <span class='ocrx_word' id='word_1_1978' title='bbox 496 3401 622 3427; x_wconf 88' lang='lat' dir='ltr'>Germani</span> <span class='ocrx_word' id='word_1_1979' title='bbox 637 3401 773 3434; x_wconf 84' lang='lat' dir='ltr'>Campani.</span> <span class='ocrx_word' id='word_1_1980' title='bbox 820 3401 876 3427; x_wconf 86' lang='lat' dir='ltr'>Cic.</span> <span class='ocrx_word' id='word_1_1981' title='bbox 895 3398 927 3425; x_wconf 86' lang='lat' dir='ltr'>de</span> <span class='ocrx_word' id='word_1_1982' title='bbox 948 3400 976 3424; x_wconf 93' lang='lat' dir='ltr'>L.</span> <span class='ocrx_word' id='word_1_1983' title='bbox 993 3399 1054 3433; x_wconf 81' lang='lat' dir='ltr'>Agr.</span> <span class='ocrx_word' id='word_1_1984' title='bbox 1117 3400 1297 3433; x_wconf 70' lang='lat' dir='ltr'>deleftantur,</span> <span class='ocrx_word' id='word_1_1985' title='bbox 1316 3405 1341 3425; x_wconf 90' lang='lat' dir='ltr'>et</span> <span class='ocrx_word' id='word_1_1986' title='bbox 1354 3399 1445 3433; x_wconf 80' lang='lat' dir='ltr'>hi.qui</span> <span class='ocrx_word' id='word_1_1987' title='bbox 1461 3399 1533 3423; x_wconf 91' lang='lat' dir='ltr'>suum</span> <span class='ocrx_word' id='word_1_1988' title='bbox 1545 3397 1690 3431; x_wconf 81' lang='lat' dir='ltr'>Negotium</span> <span class='ocrx_word' id='word_1_1989' title='bbox 1699 3402 1793 3430; x_wconf 78' lang='lat' dir='ltr'>gerunt</span> <span class='ocrx_word' id='word_1_1990' title='bbox 1806 3395 1892 3427; x_wconf 78' lang='lat' dir='ltr'>otiosi,</span> <span class='ocrx_word' id='word_1_1991' title='bbox 1901 3396 2033 3429; x_wconf 84' lang='lat' dir='ltr'>postremo</span> <span class='ocrx_word' id='word_1_1992' title='bbox 2047 3396 2083 3425; x_wconf 79' lang='lat' dir='ltr'>hi.</span> <span class='ocrx_word' id='word_1_1993' title='bbox 2105 3397 2151 3431; x_wconf 86' lang='lat' dir='ltr'>qui</span> 
     </span>
     <span class='ocr_line' id='line_1_96' title="bbox 29 3431 2153 3471; baseline -0.002 -12"><span class='ocrx_word' id='word_1_1994' title='bbox 29 3442 53 3465; x_wconf 81' lang='lat'>2,</span> <span class='ocrx_word' id='word_1_1995' title='bbox 67 3434 109 3464; x_wconf 88' lang='lat'>69.</span> <span class='ocrx_word' id='word_1_1996' title='bbox 129 3435 148 3458; x_wconf 89' lang='lat' dir='ltr'>i.</span> <span class='ocrx_word' id='word_1_1997' title='bbox 172 3433 231 3457; x_wconf 81' lang='lat' dir='ltr'>Veri</span> <span class='ocrx_word' id='word_1_1998' title='bbox 243 3437 267 3456; x_wconf 82' lang='lat' dir='ltr'>et</span> <span class='ocrx_word' id='word_1_1999' title='bbox 279 3431 390 3466; x_wconf 83' lang='lat' dir='ltr'>legitimi.</span> <span class='ocrx_word' id='word_1_2000' title='bbox 451 3436 609 3463; x_wconf 80' lang='lat' dir='ltr'>Plaut.Rud.</span> <span class='ocrx_word' id='word_1_2001' title='bbox 623 3445 644 3468; x_wconf 83' lang='lat'>3,</span> <span class='ocrx_word' id='word_1_2002' title='bbox 659 3447 683 3470; x_wconf 73' lang='grc'>4,.</span> <span class='ocrx_word' id='word_1_2003' title='bbox 697 3445 723 3468; x_wconf 82' lang='lat'>32</span> <span class='ocrx_word' id='word_1_2004' title='bbox 744 3437 829 3470; x_wconf 85' lang='lat' dir='ltr'>Atque</span> <span class='ocrx_word' id='word_1_2005' title='bbox 842 3436 915 3462; x_wconf 85' lang='lat' dir='ltr'>heras</span> <span class='ocrx_word' id='word_1_2006' title='bbox 929 3442 984 3460; x_wconf 89' lang='lat' dir='ltr'>tuas</span> <span class='ocrx_word' id='word_1_2007' title='bbox 997 3435 1055 3468; x_wconf 80' lang='lat' dir='ltr'>qui·</span> <span class='ocrx_word' id='word_1_2008' title='bbox 1065 3446 1101 3471; x_wconf 87' lang='lat'>90</span> <span class='ocrx_word' id='word_1_2009' title='bbox 1117 3437 1140 3462; x_wconf 87' lang='lat' dir='ltr'>se</span> <span class='ocrx_word' id='word_1_2010' title='bbox 1154 3442 1223 3462; x_wconf 87' lang='lat' dir='ltr'>totos</span> <span class='ocrx_word' id='word_1_2011' title='bbox 1237 3435 1401 3462; x_wconf 88' lang='lat' dir='ltr'>tradiderunt</span> <span class='ocrx_word' id='word_1_2012' title='bbox 1415 3432 1609 3467; x_wconf 84' lang='lat' dir='ltr'>voluptatibus,</span> <span class='ocrx_word' id='word_1_2013' title='bbox 1634 3431 1685 3457; x_wconf 86' lang='lat' dir='ltr'>fine</span> <span class='ocrx_word' id='word_1_2014' title='bbox 1698 3431 1812 3458; x_wconf 81' lang='lat' dir='ltr'>amicitia</span> <span class='ocrx_word' id='word_1_2015' title='bbox 1827 3431 1907 3457; x_wconf 85' lang='lat' dir='ltr'>vitam</span> <span class='ocrx_word' id='word_1_2016' title='bbox 1920 3432 1967 3457; x_wconf 80' lang='lat' dir='ltr'>esse</span> <span class='ocrx_word' id='word_1_2017' title='bbox 1987 3431 2085 3458; x_wconf 84' lang='lat' dir='ltr'>millam</span> <span class='ocrx_word' id='word_1_2018' title='bbox 2099 3434 2153 3459; x_wconf 90' lang='lat' dir='ltr'>sen.</span> 
     </span>
     <span class='ocr_line' id='line_1_97' title="bbox 0 3465 2152 3507; baseline -0.002 -7"><span class='ocrx_word' id='word_1_2019' title='bbox 0 3475 1 3478; x_wconf 75' lang='grc'>’</span> <span class='ocrx_word' id='word_1_2020' title='bbox 30 3468 89 3494; x_wconf 68' lang='lat' dir='ltr'>dem</span> <span class='ocrx_word' id='word_1_2021' title='bbox 108 3466 210 3499; x_wconf 66' lang='lat' dir='ltr'>herde:</span> <span class='ocrx_word' id='word_1_2022' title='bbox 230 3472 309 3500; x_wconf 63' lang='lat' dir='ltr'>alque</span> <span class='ocrx_word' id='word_1_2023' title='bbox 328 3475 360 3492; x_wconf 73' lang='lat' dir='ltr'>ex</span> <span class='ocrx_word' id='word_1_2024' title='bbox 371 3476 496 3507; x_wconf 43' lang='lat' dir='ltr'>·ger1nana</span> <span class='ocrx_word' id='word_1_2025' title='bbox 514 3472 633 3498; x_wconf 91' lang='lat' dir='ltr'>Graecia.</span> <span class='ocrx_word' id='word_1_2026' title='bbox 702 3467 848 3498; x_wconf 78' lang='lat' dir='ltr'>Germanae</span> <span class='ocrx_word' id='word_1_2027' title='bbox 863 3473 959 3496; x_wconf 88' lang='lat' dir='ltr'>Gerrae</span> <span class='ocrx_word' id='word_1_2028' title='bbox 974 3470 1056 3496; x_wconf 84' lang='lat' dir='ltr'>Plaut.</span> <span class='ocrx_word' id='word_1_2029' title='bbox 1115 3472 1194 3498; x_wconf 88' lang='lat' dir='ltr'>tiunt.</span> <span class='ocrx_word' id='word_1_2030' title='bbox 1264 3471 1358 3498; x_wconf 90' lang='lat' dir='ltr'>Iulian.</span> <span class='ocrx_word' id='word_1_2031' title='bbox 1373 3470 1431 3496; x_wconf 89' lang='lat' dir='ltr'>inl.</span> <span class='ocrx_word' id='word_1_2032' title='bbox 1449 3469 1554 3503; x_wconf 83' lang='lat' dir='ltr'>quoties</span> <span class='ocrx_word' id='word_1_2033' title='bbox 1573 3468 1604 3493; x_wconf 94' lang='lat' dir='ltr'>D.</span> <span class='ocrx_word' id='word_1_2034' title='bbox 1619 3467 1649 3493; x_wconf 88' lang='lat' dir='ltr'>de</span> <span class='ocrx_word' id='word_1_2035' title='bbox 1662 3465 1814 3493; x_wconf 85' lang='lat' dir='ltr'>soliitionib.</span> <span class='ocrx_word' id='word_1_2036' title='bbox 1839 3466 1951 3499; x_wconf 83' lang='lat' dir='ltr'>Qioties</span> <span class='ocrx_word' id='word_1_2037' title='bbox 1965 3476 2030 3492; x_wconf 87' lang='lat' dir='ltr'>vnus</span> <span class='ocrx_word' id='word_1_2038' title='bbox 2045 3477 2075 3494; x_wconf 85' lang='lat' dir='ltr'>ex</span> <span class='ocrx_word' id='word_1_2039' title='bbox 2091 3468 2152 3495; x_wconf 85' lang='lat' dir='ltr'>fide-</span> 
     </span>
     <span class='ocr_line' id='line_1_98' title="bbox 19 3501 2152 3541; baseline -0.004 -6"><span class='ocrx_word' id='word_1_2040' title='bbox 19 3503 106 3530; x_wconf 66' lang='lat' dir='ltr'>&#39;Poeffi</span> <span class='ocrx_word' id='word_1_2041' title='bbox 119 3511 139 3535; x_wconf 90' lang='lat'>1,</span> <span class='ocrx_word' id='word_1_2042' title='bbox 154 3511 173 3534; x_wconf 72' lang='lat'>¹³</span> <span class='ocrx_word' id='word_1_2043' title='bbox 189 3511 214 3535; x_wconf 85' lang='lat'>9·</span> <span class='ocrx_word' id='word_1_2044' title='bbox 268 3502 379 3535; x_wconf 60' lang='grc' dir='ltr'>ῙᾸΙΡΕῊ·11</span> <span class='ocrx_word' id='word_1_2045' title='bbox 391 3507 504 3536; x_wconf 77' lang='lat' dir='ltr'>germani</span> <span class='ocrx_word' id='word_1_2046' title='bbox 517 3508 572 3534; x_wconf 82' lang='lat' dir='ltr'>Cic.</span> <span class='ocrx_word' id='word_1_2047' title='bbox 586 3516 634 3541; x_wconf 88' lang='lat' dir='ltr'>pro</span> <span class='ocrx_word' id='word_1_2048' title='bbox 641 3508 711 3533; x_wconf 83' lang='lat' dir='ltr'>Cael.</span> <span class='ocrx_word' id='word_1_2049' title='bbox 728 3509 767 3534; x_wconf 87' lang='lat'>26.</span> <span class='ocrx_word' id='word_1_2050' title='bbox 799 3507 876 3534; x_wconf 79' lang='lat' dir='ltr'>‘Idem</span> <span class='ocrx_word' id='word_1_2051' title='bbox 892 3505 922 3532; x_wconf 84' lang='lat' dir='ltr'>de</span> <span class='ocrx_word' id='word_1_2052' title='bbox 935 3506 992 3531; x_wconf 82' lang='lat' dir='ltr'>Fin.</span> <span class='ocrx_word' id='word_1_2053' title='bbox 1008 3513 1029 3538; x_wconf 81' lang='grc' dir='ltr'><strong>ς,</strong></span> <span class='ocrx_word' id='word_1_2054' title='bbox 1044 3514 1053 3532; x_wconf 86' lang='grc' dir='ltr'>ι</span> <span class='ocrx_word' id='word_1_2055' title='bbox 1116 3506 1257 3533; x_wconf 72' lang='lat' dir='ltr'>iuss&#39;oribus</span> <span class='ocrx_word' id='word_1_2056' title='bbox 1271 3508 1342 3532; x_wconf 89' lang='lat' dir='ltr'>suam</span> <span class='ocrx_word' id='word_1_2057' title='bbox 1355 3512 1454 3539; x_wconf 87' lang='lat' dir='ltr'>partein</span> <span class='ocrx_word' id='word_1_2058' title='bbox 1468 3504 1595 3533; x_wconf 80' lang='lat' dir='ltr'>soluiss&#39;et,</span> <span class='ocrx_word' id='word_1_2059' title='bbox 1615 3509 1737 3536; x_wconf 84' lang='lat' dir='ltr'>tanquam</span> <span class='ocrx_word' id='word_1_2060' title='bbox 1750 3501 1884 3536; x_wconf 85' lang='lat' dir='ltr'>negotium</span> <span class='ocrx_word' id='word_1_2061' title='bbox 1898 3511 1945 3528; x_wconf 87' lang='lat' dir='ltr'>reo</span> <span class='ocrx_word' id='word_1_2062' title='bbox 1957 3502 2074 3536; x_wconf 80' lang='lat' dir='ltr'>geffisset:</span> <span class='ocrx_word' id='word_1_2063' title='bbox 2095 3513 2152 3538; x_wconf 77' lang='lat' dir='ltr'>per-</span> 
     </span>
     <span class='ocr_line' id='line_1_99' title="bbox 29 3536 2153 3577; baseline -0.001 -9"><span class='ocrx_word' id='word_1_2064' title='bbox 29 3538 60 3565; x_wconf 80' lang='lat' dir='ltr'>Et</span> <span class='ocrx_word' id='word_1_2065' title='bbox 77 3539 107 3565; x_wconf 87' lang='lat' dir='ltr'>L·</span> <span class='ocrx_word' id='word_1_2066' title='bbox 126 3538 222 3564; x_wconf 76' lang='lat' dir='ltr'>Cicero</span> <span class='ocrx_word' id='word_1_2067' title='bbox 244 3536 327 3563; x_wconf 86' lang='lat' dir='ltr'>frater</span> <span class='ocrx_word' id='word_1_2068' title='bbox 352 3538 436 3577; x_wconf 62' lang='lat' dir='ltr'>noster</span> <span class='ocrx_word' id='word_1_2069' title='bbox 458 3543 612 3576; x_wconf 82' lang='lat' dir='ltr'>cognatione</span> <span class='ocrx_word' id='word_1_2070' title='bbox 633 3543 774 3577; x_wconf 84' lang='lat' dir='ltr'>patruelis,</span> <span class='ocrx_word' id='word_1_2071' title='bbox 792 3551 882 3569; x_wconf 87' lang='lat' dir='ltr'>amore</span> <span class='ocrx_word' id='word_1_2072' title='bbox 907 3549 1053 3576; x_wconf 84' lang='lat' dir='ltr'>germanus.</span> <span class='ocrx_word' id='word_1_2073' title='bbox 1114 3541 1175 3568; x_wconf 85' lang='lat' dir='ltr'>inde</span> <span class='ocrx_word' id='word_1_2074' title='bbox 1191 3542 1340 3571; x_wconf 85' lang='lat' dir='ltr'>habendum</span> <span class='ocrx_word' id='word_1_2075' title='bbox 1354 3541 1405 3573; x_wconf 88' lang='lat' dir='ltr'>est,</span> <span class='ocrx_word' id='word_1_2076' title='bbox 1425 3547 1470 3567; x_wconf 80' lang='lat' dir='ltr'>etc.</span> <span class='ocrx_word' id='word_1_2077' title='bbox 1540 3539 1685 3573; x_wconf 81' lang='lat' dir='ltr'>Negotium</span> <span class='ocrx_word' id='word_1_2078' title='bbox 1702 3539 1773 3563; x_wconf 87' lang='lat' dir='ltr'>suum</span> <span class='ocrx_word' id='word_1_2079' title='bbox 1783 3537 1958 3565; x_wconf 76' lang='lat' dir='ltr'>cumconsilio</span> <span class='ocrx_word' id='word_1_2080' title='bbox 1972 3537 2078 3565; x_wconf 87' lang='lat' dir='ltr'>alterius</span> <span class='ocrx_word' id='word_1_2081' title='bbox 2096 3540 2153 3566; x_wconf 84' lang='lat' dir='ltr'>Cic.</span> 
     </span>
     <span class='ocr_line' id='line_1_100' title="bbox 30 3572 2153 3612; baseline 0 -12"><span class='ocrx_word' id='word_1_2082' title='bbox 30 3574 146 3606; x_wconf 85' lang='lat' dir='ltr'>Fratres,</span> <span class='ocrx_word' id='word_1_2083' title='bbox 161 3572 231 3608; x_wconf 80' lang='lat' dir='ltr'>quasi</span> <span class='ocrx_word' id='word_1_2084' title='bbox 245 3578 269 3598; x_wconf 89' lang='lat' dir='ltr'>et</span> <span class='ocrx_word' id='word_1_2085' title='bbox 282 3580 400 3606; x_wconf 80' lang='lat' dir='ltr'>germani</span> <span class='ocrx_word' id='word_1_2086' title='bbox 414 3574 519 3608; x_wconf 77' lang='lat' dir='ltr'>casibus,</span> <span class='ocrx_word' id='word_1_2087' title='bbox 534 3578 621 3604; x_wconf 78' lang='lat' dir='ltr'>exules</span> <span class='ocrx_word' id='word_1_2088' title='bbox 634 3578 714 3605; x_wconf 80' lang='lat' dir='ltr'>ambo</span> <span class='ocrx_word' id='word_1_2089' title='bbox 727 3578 819 3605; x_wconf 88' lang='lat' dir='ltr'>Iiistin.</span> <span class='ocrx_word' id='word_1_2090' title='bbox 832 3586 876 3612; x_wconf 82' lang='lat'>27,</span> <span class='ocrx_word' id='word_1_2091' title='bbox 892 3586 911 3608; x_wconf 79' lang='lat'>3,</span> <span class='ocrx_word' id='word_1_2092' title='bbox 926 3586 957 3603; x_wconf 85' lang='lat'>1·-</span> <span class='ocrx_word' id='word_1_2093' title='bbox 996 3576 1052 3602; x_wconf 86' lang='lat' dir='ltr'>Cic.</span> <span class='ocrx_word' id='word_1_2094' title='bbox 1117 3579 1170 3603; x_wconf 87' lang='lat' dir='ltr'>Att.</span> <span class='ocrx_word' id='word_1_2095' title='bbox 1188 3586 1227 3610; x_wconf 79' lang='lat'>13,</span> <span class='ocrx_word' id='word_1_2096' title='bbox 1241 3587 1263 3610; x_wconf 80' lang='lat'>3.</span> <span class='ocrx_word' id='word_1_2097' title='bbox 1335 3576 1481 3610; x_wconf 81' lang='lat' dir='ltr'>Negotium</span> <span class='ocrx_word' id='word_1_2098' title='bbox 1496 3575 1564 3601; x_wconf 88' lang='lat' dir='ltr'>male</span> <span class='ocrx_word' id='word_1_2099' title='bbox 1597 3574 1634 3599; x_wconf 86' lang='lat' dir='ltr'>Id.</span> <span class='ocrx_word' id='word_1_2100' title='bbox 1648 3574 1674 3599; x_wconf 91' lang='lat' dir='ltr'>in</span> <span class='ocrx_word' id='word_1_2101' title='bbox 1689 3573 1767 3599; x_wconf 91' lang='lat' dir='ltr'>Catil.</span> <span class='ocrx_word' id='word_1_2102' title='bbox 1780 3581 1805 3604; x_wconf 74' lang='lat'>2,</span> <span class='ocrx_word' id='word_1_2103' title='bbox 1821 3580 1842 3598; x_wconf 70' lang='grc' dir='ltr'>τι</span> <span class='ocrx_word' id='word_1_2104' title='bbox 1861 3582 1882 3598; x_wconf 93' lang='lat' dir='ltr'>c.</span> <span class='ocrx_word' id='word_1_2105' title='bbox 1896 3581 1933 3599; x_wconf 88' lang='lat'>10.</span> <span class='ocrx_word' id='word_1_2106' title='bbox 2006 3574 2153 3608; x_wconf 83' lang='lat' dir='ltr'>Negotium</span> 
     </span>
     <span class='ocr_line' id='line_1_101' title="bbox 0 3607 2153 3650; baseline -0.003 -8"><span class='ocrx_word' id='word_1_2107' title='bbox 0 3624 1 3627; x_wconf 55' lang='lat'>¹</span> <span class='ocrx_word' id='word_1_2108' title='bbox 28 3609 62 3636; x_wconf 66' lang='lat' dir='ltr'>de</span> <span class='ocrx_word' id='word_1_2109' title='bbox 73 3609 143 3636; x_wconf 62' lang='lat' dir='ltr'>Chr·</span> <span class='ocrx_word' id='word_1_2110' title='bbox 155 3610 292 3648; x_wconf 47' lang='lat' dir='ltr'>Orat-2536</span> <span class='ocrx_word' id='word_1_2111' title='bbox 319 3608 397 3648; x_wconf 57' lang='grc' dir='ltr'>,Ηὸῗί</span> <span class='ocrx_word' id='word_1_2112' title='bbox 410 3616 527 3641; x_wconf 66' lang='lat' dir='ltr'>germana</span> <span class='ocrx_word' id='word_1_2113' title='bbox 538 3614 627 3640; x_wconf 85' lang='lat' dir='ltr'>Itonia</span> <span class='ocrx_word' id='word_1_2114' title='bbox 646 3614 696 3640; x_wconf 82' lang='lat' dir='ltr'>est:</span> <span class='ocrx_word' id='word_1_2115' title='bbox 717 3624 763 3640; x_wconf 91' lang='lat' dir='ltr'>cur</span> <span class='ocrx_word' id='word_1_2116' title='bbox 778 3615 814 3640; x_wconf 88' lang='lat' dir='ltr'>ita</span> <span class='ocrx_word' id='word_1_2117' title='bbox 828 3614 934 3640; x_wconf 79' lang='lat' dir='ltr'>sentiani</span> <span class='ocrx_word' id='word_1_2118' title='bbox 949 3621 1001 3637; x_wconf 89' lang='lat' dir='ltr'>non</span> <span class='ocrx_word' id='word_1_2119' title='bbox 1016 3611 1055 3637; x_wconf 82' lang='lat' dir='ltr'>di·</span> <span class='ocrx_word' id='word_1_2120' title='bbox 1066 3623 1097 3650; x_wconf 75' lang='lat'>95</span> <span class='ocrx_word' id='word_1_2121' title='bbox 1116 3613 1215 3644; x_wconf 88' lang='lat' dir='ltr'>otiose,</span> <span class='ocrx_word' id='word_1_2122' title='bbox 1244 3612 1296 3639; x_wconf 73' lang='lat' dir='ltr'>uid.</span> <span class='ocrx_word' id='word_1_2123' title='bbox 1319 3619 1338 3639; x_wconf 88' lang='lat' dir='ltr'>o</span> <span class='ocrx_word' id='word_1_2124' title='bbox 1349 3619 1386 3638; x_wconf 85' lang='lat' dir='ltr'>Ti</span> <span class='ocrx_word' id='word_1_2125' title='bbox 1398 3619 1416 3637; x_wconf 82' lang='lat'>0</span> <span class='ocrx_word' id='word_1_2126' title='bbox 1426 3618 1496 3638; x_wconf 82' lang='lat' dir='ltr'>svs.</span> <span class='ocrx_word' id='word_1_2127' title='bbox 1588 3610 1638 3635; x_wconf 84' lang='lat' dir='ltr'>Pro</span> <span class='ocrx_word' id='word_1_2128' title='bbox 1652 3616 1695 3634; x_wconf 82' lang='lat' dir='ltr'>tua</span> <span class='ocrx_word' id='word_1_2129' title='bbox 1709 3608 1760 3634; x_wconf 75' lang='lat' dir='ltr'>fide</span> <span class='ocrx_word' id='word_1_2130' title='bbox 1774 3614 1799 3633; x_wconf 91' lang='lat' dir='ltr'>et</span> <span class='ocrx_word' id='word_1_2131' title='bbox 1814 3607 1950 3642; x_wconf 84' lang='lat' dir='ltr'>diligentia</span> <span class='ocrx_word' id='word_1_2132' title='bbox 1971 3617 2003 3634; x_wconf 81' lang='lat' dir='ltr'>ex</span> <span class='ocrx_word' id='word_1_2133' title='bbox 2017 3610 2153 3636; x_wconf 87' lang='lat' dir='ltr'>voluntate</span> 
     </span>
     <span class='ocr_line' id='line_1_102' title="bbox 30 3643 2152 3683; baseline 0 -14"><span class='ocrx_word' id='word_1_2134' title='bbox 30 3653 102 3678; x_wconf 81' lang='lat' dir='ltr'>cam,</span> <span class='ocrx_word' id='word_1_2135' title='bbox 120 3654 154 3670; x_wconf 81' lang='lat' dir='ltr'>rie</span> <span class='ocrx_word' id='word_1_2136' title='bbox 167 3653 209 3670; x_wconf 88' lang='lat' dir='ltr'>rne</span> <span class='ocrx_word' id='word_1_2137' title='bbox 223 3643 273 3670; x_wconf 86' lang='lat' dir='ltr'>tibi</span> <span class='ocrx_word' id='word_1_2138' title='bbox 288 3645 493 3683; x_wconf 70' lang='lat' dir='ltr'>allentiriputes.</span> <span class='ocrx_word' id='word_1_2139' title='bbox 559 3649 630 3675; x_wconf 87' lang='lat' dir='ltr'>Idem</span> <span class='ocrx_word' id='word_1_2140' title='bbox 644 3650 695 3676; x_wconf 85' lang='lat' dir='ltr'>Off.</span> <span class='ocrx_word' id='word_1_2141' title='bbox 712 3659 730 3681; x_wconf 82' lang='lat'>3,</span> <span class='ocrx_word' id='word_1_2142' title='bbox 744 3652 777 3682; x_wconf 87' lang='lat'>69</span> <span class='ocrx_word' id='word_1_2143' title='bbox 797 3650 844 3676; x_wconf 89' lang='lat' dir='ltr'>Sed</span> <span class='ocrx_word' id='word_1_2144' title='bbox 858 3658 905 3675; x_wconf 89' lang='lat' dir='ltr'>nos</span> <span class='ocrx_word' id='word_1_2145' title='bbox 918 3648 973 3674; x_wconf 79' lang='lat' dir='ltr'>veri</span> <span class='ocrx_word' id='word_1_2146' title='bbox 989 3647 1055 3673; x_wconf 83' lang='lat' dir='ltr'>iuris</span> <span class='ocrx_word' id='word_1_2147' title='bbox 1116 3648 1228 3674; x_wconf 88' lang='lat' dir='ltr'>alicuius</span> <span class='ocrx_word' id='word_1_2148' title='bbox 1243 3649 1384 3682; x_wconf 86' lang='lat' dir='ltr'>susceptum</span> <span class='ocrx_word' id='word_1_2149' title='bbox 1398 3647 1532 3681; x_wconf 86' lang='lat' dir='ltr'>negotium</span> <span class='ocrx_word' id='word_1_2150' title='bbox 1545 3653 1634 3679; x_wconf 77' lang='lat' dir='ltr'>gerere</span> <span class='ocrx_word' id='word_1_2151' title='bbox 1666 3645 1721 3670; x_wconf 87' lang='lat' dir='ltr'>Cic.</span> <span class='ocrx_word' id='word_1_2152' title='bbox 1734 3644 1805 3670; x_wconf 89' lang='lat' dir='ltr'>Fani.</span> <span class='ocrx_word' id='word_1_2153' title='bbox 1820 3652 1851 3675; x_wconf 60' lang='grc' dir='ltr'>ις,</span> <span class='ocrx_word' id='word_1_2154' title='bbox 1866 3652 1887 3677; x_wconf 80' lang='grc'>5.</span> <span class='ocrx_word' id='word_1_2155' title='bbox 1959 3645 2053 3671; x_wconf 83' lang='lat' dir='ltr'>Fuluia</span> <span class='ocrx_word' id='word_1_2156' title='bbox 2075 3646 2152 3673; x_wconf 90' lang='lat' dir='ltr'>Nihil</span> 
     </span>
     <span class='ocr_line' id='line_1_103' title="bbox 29 3677 2152 3719; baseline -0 -12"><span class='ocrx_word' id='word_1_2157' title='bbox 29 3688 217 3714; x_wconf 82' lang='lat' dir='ltr'>germanaeque</span> <span class='ocrx_word' id='word_1_2158' title='bbox 237 3679 349 3719; x_wconf 70' lang='lat' dir='ltr'>iushtiae</span> <span class='ocrx_word' id='word_1_2159' title='bbox 365 3677 475 3718; x_wconf 79' lang='lat' dir='ltr'>solidam</span> <span class='ocrx_word' id='word_1_2160' title='bbox 491 3685 516 3706; x_wconf 87' lang='lat' dir='ltr'>et</span> <span class='ocrx_word' id='word_1_2161' title='bbox 532 3686 668 3717; x_wconf 76' lang='lat' dir='ltr'>expressam</span> <span class='ocrx_word' id='word_1_2162' title='bbox 687 3684 801 3719; x_wconf 84' lang='lat' dir='ltr'>effigiem</span> <span class='ocrx_word' id='word_1_2163' title='bbox 818 3686 916 3711; x_wconf 85' lang='lat' dir='ltr'>nullam</span> <span class='ocrx_word' id='word_1_2164' title='bbox 929 3690 1055 3710; x_wconf 83' lang='lat' dir='ltr'>tenemus.</span> <span class='ocrx_word' id='word_1_2165' title='bbox 1116 3683 1248 3709; x_wconf 85' lang='lat' dir='ltr'>muliebre</span> <span class='ocrx_word' id='word_1_2166' title='bbox 1261 3689 1364 3717; x_wconf 84' lang='lat' dir='ltr'>praeter</span> <span class='ocrx_word' id='word_1_2167' title='bbox 1376 3692 1468 3717; x_wconf 80' lang='lat' dir='ltr'>corpus</span> <span class='ocrx_word' id='word_1_2168' title='bbox 1483 3690 1572 3716; x_wconf 80' lang='lat' dir='ltr'>gerens</span> <span class='ocrx_word' id='word_1_2169' title='bbox 1602 3679 1671 3705; x_wconf 85' lang='lat' dir='ltr'>Vell.</span> <span class='ocrx_word' id='word_1_2170' title='bbox 1685 3688 1715 3710; x_wconf 87' lang='lat'>2,</span> <span class='ocrx_word' id='word_1_2171' title='bbox 1730 3687 1781 3714; x_wconf 86' lang='lat'>74,</span> <span class='ocrx_word' id='word_1_2172' title='bbox 1794 3688 1814 3710; x_wconf 84' lang='lat'>3.</span> <span class='ocrx_word' id='word_1_2173' title='bbox 1903 3680 1978 3713; x_wconf 77' lang='lat' dir='ltr'>virg.</span> <span class='ocrx_word' id='word_1_2174' title='bbox 1996 3682 2058 3706; x_wconf 80' lang='lat' dir='ltr'>Aen.</span> <span class='ocrx_word' id='word_1_2175' title='bbox 2073 3690 2102 3712; x_wconf 83' lang='lat'>2,</span> <span class='ocrx_word' id='word_1_2176' title='bbox 2121 3686 2152 3712; x_wconf 86' lang='lat'>89</span> 
     </span>
     <span class='ocr_line' id='line_1_104' title="bbox 29 3714 2151 3753; baseline -0.001 -11"><span class='ocrx_word' id='word_1_2177' title='bbox 29 3716 147 3750; x_wconf 84' lang='lat' dir='ltr'>Magistri</span> <span class='ocrx_word' id='word_1_2178' title='bbox 162 3724 279 3750; x_wconf 84' lang='lat' dir='ltr'>germani</span> <span class='ocrx_word' id='word_1_2179' title='bbox 293 3714 403 3740; x_wconf 88' lang='lat' dir='ltr'>alicuius</span> <span class='ocrx_word' id='word_1_2180' title='bbox 417 3714 479 3740; x_wconf 90' lang='lat' dir='ltr'>artis</span> <span class='ocrx_word' id='word_1_2181' title='bbox 493 3715 547 3741; x_wconf 81' lang='lat' dir='ltr'>Cic.</span> <span class='ocrx_word' id='word_1_2182' title='bbox 560 3718 590 3743; x_wconf 82' lang='lat' dir='ltr'>de</span> <span class='ocrx_word' id='word_1_2183' title='bbox 602 3720 675 3747; x_wconf 79' lang='lat' dir='ltr'>Orat.</span> <span class='ocrx_word' id='word_1_2184' title='bbox 690 3729 711 3751; x_wconf 87' lang='lat'>2,</span> <span class='ocrx_word' id='word_1_2185' title='bbox 725 3724 780 3747; x_wconf 82' lang='lat'>160.</span> <span class='ocrx_word' id='word_1_2186' title='bbox 851 3721 931 3748; x_wconf 84' lang='lat' dir='ltr'>Plaut.</span> <span class='ocrx_word' id='word_1_2187' title='bbox 946 3719 1020 3752; x_wconf 83' lang='lat' dir='ltr'>Capt.</span> <span class='ocrx_word' id='word_1_2188' title='bbox 1032 3727 1055 3750; x_wconf 89' lang='lat'>2,</span> <span class='ocrx_word' id='word_1_2189' title='bbox 1117 3734 1162 3738; x_wconf 79' lang='lat'>-—</span> <span class='ocrx_word' id='word_1_2190' title='bbox 1182 3726 1207 3744; x_wconf 89' lang='lat' dir='ltr'>et</span> <span class='ocrx_word' id='word_1_2191' title='bbox 1221 3728 1267 3745; x_wconf 87' lang='lat' dir='ltr'>nos</span> <span class='ocrx_word' id='word_1_2192' title='bbox 1282 3719 1391 3753; x_wconf 83' lang='lat' dir='ltr'>aliquod</span> <span class='ocrx_word' id='word_1_2193' title='bbox 1399 3719 1565 3750; x_wconf 83' lang='lat' dir='ltr'>Nomenque,</span> <span class='ocrx_word' id='word_1_2194' title='bbox 1585 3714 1715 3749; x_wconf 79' lang='lat' dir='ltr'>decusque</span> <span class='ocrx_word' id='word_1_2195' title='bbox 1751 3714 1884 3741; x_wconf 71' lang='lat' dir='ltr'>Geffimus.</span> <span class='ocrx_word' id='word_1_2196' title='bbox 1957 3717 2060 3746; x_wconf 48' lang='lat' dir='ltr'>Liuax,</span> <span class='ocrx_word' id='word_1_2197' title='bbox 2073 3724 2100 3741; x_wconf 74' lang='lat'>22</span> <span class='ocrx_word' id='word_1_2198' title='bbox 2108 3722 2151 3749; x_wconf 83' lang='lat' dir='ltr'>pr.</span> 
     </span>
     <span class='ocr_line' id='line_1_105' title="bbox 0 3749 2152 3789; baseline -0.004 -7"><span class='ocrx_word' id='word_1_2199' title='bbox 0 3777 2 3779; x_wconf 94' lang='lat'>.</span> <span class='ocrx_word' id='word_1_2200' title='bbox 29 3759 52 3784; x_wconf 76' lang='lat' dir='ltr'>a,</span> <span class='ocrx_word' id='word_1_2201' title='bbox 66 3757 93 3783; x_wconf 81' lang='lat'>38</span> <span class='ocrx_word' id='word_1_2202' title='bbox 113 3752 183 3778; x_wconf 71' lang='lat' dir='ltr'>Nam</span> <span class='ocrx_word' id='word_1_2203' title='bbox 197 3751 238 3778; x_wconf 72' lang='lat' dir='ltr'>illi</span> <span class='ocrx_word' id='word_1_2204' title='bbox 251 3749 489 3777; x_wconf 68' lang='lat' dir='ltr'>Theodoromedes</span> <span class='ocrx_word' id='word_1_2205' title='bbox 503 3750 555 3776; x_wconf 81' lang='lat' dir='ltr'>fuit</span> <span class='ocrx_word' id='word_1_2206' title='bbox 572 3761 693 3785; x_wconf 78' lang='lat' dir='ltr'>germano</span> <span class='ocrx_word' id='word_1_2207' title='bbox 707 3756 825 3783; x_wconf 85' lang='lat' dir='ltr'>nomine.</span> <span class='ocrx_word' id='word_1_2208' title='bbox 897 3754 1056 3788; x_wconf 83' lang='lat' dir='ltr'>Negotiator</span> <span class='ocrx_word' id='word_1_2209' title='bbox 1120 3754 1215 3789; x_wconf 78' lang='lat' dir='ltr'>Neque</span> <span class='ocrx_word' id='word_1_2210' title='bbox 1230 3753 1257 3780; x_wconf 94' lang='lat' dir='ltr'>id</span> <span class='ocrx_word' id='word_1_2211' title='bbox 1269 3761 1320 3780; x_wconf 87' lang='lat' dir='ltr'>tani</span> <span class='ocrx_word' id='word_1_2212' title='bbox 1335 3754 1442 3788; x_wconf 81' lang='lat' dir='ltr'>dignuin</span> <span class='ocrx_word' id='word_1_2213' title='bbox 1466 3753 1503 3778; x_wconf 90' lang='lat' dir='ltr'>ira</span> <span class='ocrx_word' id='word_1_2214' title='bbox 1517 3756 1585 3779; x_wconf 83' lang='lat' dir='ltr'>erat,</span> <span class='ocrx_word' id='word_1_2215' title='bbox 1616 3759 1693 3784; x_wconf 90' lang='lat' dir='ltr'>quam</span> <span class='ocrx_word' id='word_1_2216' title='bbox 1714 3750 1787 3784; x_wconf 89' lang='lat' dir='ltr'>quod</span> <span class='ocrx_word' id='word_1_2217' title='bbox 1798 3757 1886 3777; x_wconf 74' lang='lat' dir='ltr'>’extra</span> <span class='ocrx_word' id='word_1_2218' title='bbox 1912 3752 2063 3777; x_wconf 81' lang='lat' dir='ltr'>neccffitates</span> <span class='ocrx_word' id='word_1_2219' title='bbox 2087 3749 2152 3775; x_wconf 82' lang='lat' dir='ltr'>belli</span> 
     </span>
     <span class='ocr_line' id='line_1_106' title="bbox 29 3784 2151 3825; baseline -0.005 -5"><span class='ocrx_word' id='word_1_2220' title='bbox 29 3786 84 3813; x_wconf 70' lang='lat' dir='ltr'>Cic·</span> <span class='ocrx_word' id='word_1_2221' title='bbox 98 3788 151 3814; x_wconf 65' lang='grc' dir='ltr'>ΛΠ·</span> <span class='ocrx_word' id='word_1_2222' title='bbox 167 3795 187 3819; x_wconf 93' lang='lat'>1,</span> <span class='ocrx_word' id='word_1_2223' title='bbox 203 3791 227 3816; x_wconf 89' lang='lat'>18</span> <span class='ocrx_word' id='word_1_2224' title='bbox 239 3793 303 3812; x_wconf 76' lang='lat' dir='ltr'>extr.</span> <span class='ocrx_word' id='word_1_2225' title='bbox 375 3785 446 3811; x_wconf 67' lang='lat' dir='ltr'>Idem</span> <span class='ocrx_word' id='word_1_2226' title='bbox 461 3784 492 3811; x_wconf 72' lang='lat' dir='ltr'>de</span> <span class='ocrx_word' id='word_1_2227' title='bbox 505 3785 595 3819; x_wconf 66' lang='lat' dir='ltr'>Legib-</span> <span class='ocrx_word' id='word_1_2228' title='bbox 609 3796 630 3819; x_wconf 80' lang='lat'>²,</span> <span class='ocrx_word' id='word_1_2229' title='bbox 643 3797 655 3820; x_wconf 81' lang='lat'>3</span> <span class='ocrx_word' id='word_1_2230' title='bbox 669 3799 690 3816; x_wconf 88' lang='lat' dir='ltr'>c.</span> <span class='ocrx_word' id='word_1_2231' title='bbox 705 3800 715 3817; x_wconf 90' lang='lat'><em>1</em></span> <span class='ocrx_word' id='word_1_2232' title='bbox 750 3792 820 3825; x_wconf 87' lang='lat' dir='ltr'>Qiia</span> <span class='ocrx_word' id='word_1_2233' title='bbox 842 3791 858 3818; x_wconf 86' lang='lat' dir='ltr'>fi</span> <span class='ocrx_word' id='word_1_2234' title='bbox 879 3799 971 3817; x_wconf 89' lang='lat' dir='ltr'>verum</span> <span class='ocrx_word' id='word_1_2235' title='bbox 991 3789 1108 3820; x_wconf 86' lang='lat' dir='ltr'>dici-100</span> <span class='ocrx_word' id='word_1_2236' title='bbox 1118 3789 1286 3823; x_wconf 89' lang='lat' dir='ltr'>praecipuum</span> <span class='ocrx_word' id='word_1_2237' title='bbox 1302 3790 1330 3815; x_wconf 90' lang='lat' dir='ltr'>in</span> <span class='ocrx_word' id='word_1_2238' title='bbox 1350 3791 1483 3816; x_wconf 86' lang='lat' dir='ltr'>Romanos</span> <span class='ocrx_word' id='word_1_2239' title='bbox 1501 3785 1626 3820; x_wconf 84' lang='lat' dir='ltr'>gerebant</span> <span class='ocrx_word' id='word_1_2240' title='bbox 1639 3785 1747 3812; x_wconf 89' lang='lat' dir='ltr'>Odiuin.</span> <span class='ocrx_word' id='word_1_2241' title='bbox 1817 3786 1881 3812; x_wconf 89' lang='lat' dir='ltr'>Plin.</span> <span class='ocrx_word' id='word_1_2242' title='bbox 1897 3795 1936 3818; x_wconf 85' lang='lat' dir='ltr'>ii,</span> <span class='ocrx_word' id='word_1_2243' title='bbox 1954 3796 1983 3817; x_wconf 72' lang='lat'>3.)</span> <span class='ocrx_word' id='word_1_2244' title='bbox 2015 3784 2151 3810; x_wconf 81' lang='lat' dir='ltr'>Formicae</span> 
     </span>
     <span class='ocr_line' id='line_1_107' title="bbox 29 3820 2150 3862; baseline -0.002 -14"><span class='ocrx_word' id='word_1_2245' title='bbox 29 3829 101 3855; x_wconf 71' lang='lat' dir='ltr'>mue,</span> <span class='ocrx_word' id='word_1_2246' title='bbox 122 3822 184 3849; x_wconf 90' lang='lat' dir='ltr'>haec</span> <span class='ocrx_word' id='word_1_2247' title='bbox 197 3822 233 3848; x_wconf 87' lang='lat' dir='ltr'>est</span> <span class='ocrx_word' id='word_1_2248' title='bbox 247 3829 304 3848; x_wconf 89' lang='lat' dir='ltr'>mea</span> <span class='ocrx_word' id='word_1_2249' title='bbox 320 3827 346 3848; x_wconf 90' lang='lat' dir='ltr'>et</span> <span class='ocrx_word' id='word_1_2250' title='bbox 365 3820 443 3846; x_wconf 87' lang='lat' dir='ltr'>huius</span> <span class='ocrx_word' id='word_1_2251' title='bbox 457 3820 546 3847; x_wconf 83' lang='lat' dir='ltr'>fratris</span> <span class='ocrx_word' id='word_1_2252' title='bbox 557 3822 610 3847; x_wconf 87' lang='lat' dir='ltr'>mei</span> <span class='ocrx_word' id='word_1_2253' title='bbox 623 3831 741 3856; x_wconf 84' lang='lat' dir='ltr'>germana</span> <span class='ocrx_word' id='word_1_2254' title='bbox 754 3828 850 3862; x_wconf 70' lang='lat' dir='ltr'>patria,</span> <span class='ocrx_word' id='word_1_2255' title='bbox 871 3827 914 3853; x_wconf 86' lang='lat' dir='ltr'>hic</span> <span class='ocrx_word' id='word_1_2256' title='bbox 929 3826 999 3852; x_wconf 89' lang='lat' dir='ltr'>enirn</span> <span class='ocrx_word' id='word_1_2257' title='bbox 1015 3834 1055 3851; x_wconf 87' lang='lat' dir='ltr'>or·</span> <span class='ocrx_word' id='word_1_2258' title='bbox 1117 3832 1211 3859; x_wconf 87' lang='lat' dir='ltr'>gerunt</span> <span class='ocrx_word' id='word_1_2259' title='bbox 1224 3825 1312 3851; x_wconf 79' lang='lat' dir='ltr'>Onera</span> <span class='ocrx_word' id='word_1_2260' title='bbox 1319 3826 1416 3851; x_wconf 84' lang='lat' dir='ltr'>morsu.</span> <span class='ocrx_word' id='word_1_2261' title='bbox 1506 3823 1624 3852; x_wconf 76' lang='lat' dir='ltr'>Parrum,</span> <span class='ocrx_word' id='word_1_2262' title='bbox 1640 3821 1703 3848; x_wconf 78' lang='lat' dir='ltr'>idem</span> <span class='ocrx_word' id='word_1_2263' title='bbox 1718 3821 1782 3857; x_wconf 81' lang='lat' dir='ltr'>quod</span> <span class='ocrx_word' id='word_1_2264' title='bbox 1803 3823 1902 3848; x_wconf 79' lang='lat' dir='ltr'>Vtcrum</span> <span class='ocrx_word' id='word_1_2265' title='bbox 1916 3829 2012 3856; x_wconf 73' lang='lat' dir='ltr'>gerere,</span> <span class='ocrx_word' id='word_1_2266' title='bbox 2033 3826 2055 3844; x_wconf 79' lang='lat' dir='ltr'>et</span> <span class='ocrx_word' id='word_1_2267' title='bbox 2086 3823 2150 3845; x_wconf 82' lang='lat' dir='ltr'>raui-</span> 
     </span>
     <span class='ocr_line' id='line_1_108' title="bbox 26 3854 2151 3896; baseline -0.002 -12"><span class='ocrx_word' id='word_1_2268' title='bbox 26 3857 49 3884; x_wconf 84' lang='lat' dir='ltr'>&#39;ti</span> <span class='ocrx_word' id='word_1_2269' title='bbox 68 3857 146 3892; x_wconf 86' lang='lat' dir='ltr'>stirpe</span> <span class='ocrx_word' id='word_1_2270' title='bbox 159 3857 340 3892; x_wconf 74' lang='lat' dir='ltr'>antiquissima.</span> <span class='ocrx_word' id='word_1_2271' title='bbox 351 3857 445 3882; x_wconf 87' lang='lat' dir='ltr'>sumus.</span> <span class='ocrx_word' id='word_1_2272' title='bbox 503 3854 576 3882; x_wconf 86' lang='lat' dir='ltr'>Idem</span> <span class='ocrx_word' id='word_1_2273' title='bbox 589 3856 617 3882; x_wconf 91' lang='lat' dir='ltr'>in</span> <span class='ocrx_word' id='word_1_2274' title='bbox 628 3858 700 3885; x_wconf 91' lang='lat' dir='ltr'>Orat.</span> <span class='ocrx_word' id='word_1_2275' title='bbox 713 3869 739 3891; x_wconf 75' lang='lat'>32</span> <span class='ocrx_word' id='word_1_2276' title='bbox 769 3865 858 3896; x_wconf 84' lang='lat' dir='ltr'>Qniin</span> <span class='ocrx_word' id='word_1_2277' title='bbox 872 3862 964 3889; x_wconf 86' lang='lat' dir='ltr'>mutila</span> <span class='ocrx_word' id='word_1_2278' title='bbox 978 3870 1054 3895; x_wconf 87' lang='lat' dir='ltr'>quae-</span> <span class='ocrx_word' id='word_1_2279' title='bbox 1119 3862 1173 3887; x_wconf 72' lang='lat' dir='ltr'>darii</span> <span class='ocrx_word' id='word_1_2280' title='bbox 1187 3859 1238 3893; x_wconf 68' lang='lat' dir='ltr'>effe.</span> <span class='ocrx_word' id='word_1_2281' title='bbox 1309 3860 1375 3886; x_wconf 83' lang='lat' dir='ltr'>Plin.</span> <span class='ocrx_word' id='word_1_2282' title='bbox 1397 3868 1429 3893; x_wconf 90' lang='lat'>7,</span> <span class='ocrx_word' id='word_1_2283' title='bbox 1451 3866 1463 3890; x_wconf 81' lang='grc' dir='ltr'><strong><em>ς</em></strong></span> <span class='ocrx_word' id='word_1_2284' title='bbox 1501 3857 1617 3884; x_wconf 86' lang='lat' dir='ltr'>Caeteris</span> <span class='ocrx_word' id='word_1_2285' title='bbox 1633 3857 1810 3883; x_wconf 87' lang='lat' dir='ltr'>animantibus</span> <span class='ocrx_word' id='word_1_2286' title='bbox 1823 3858 1916 3883; x_wconf 82' lang='lat' dir='ltr'>statum</span> <span class='ocrx_word' id='word_1_2287' title='bbox 1929 3862 1953 3880; x_wconf 87' lang='lat' dir='ltr'>et</span> <span class='ocrx_word' id='word_1_2288' title='bbox 1972 3854 2060 3888; x_wconf 80' lang='lat' dir='ltr'>parien</span> <span class='ocrx_word' id='word_1_2289' title='bbox 2081 3855 2104 3885; x_wconf 87' lang='lat' dir='ltr'>i,</span> <span class='ocrx_word' id='word_1_2290' title='bbox 2125 3860 2151 3880; x_wconf 85' lang='lat' dir='ltr'>et</span> 
     </span>
     <span class='ocr_line' id='line_1_109' title="bbox 27 3889 2151 3932; baseline -0.004 -10"><span class='ocrx_word' id='word_1_2291' title='bbox 27 3891 85 3922; x_wconf 77' lang='lat' dir='ltr'>dam</span> <span class='ocrx_word' id='word_1_2292' title='bbox 100 3899 125 3920; x_wconf 87' lang='lat' dir='ltr'>et</span> <span class='ocrx_word' id='word_1_2293' title='bbox 144 3892 244 3920; x_wconf 85' lang='lat' dir='ltr'>hiantia</span> <span class='ocrx_word' id='word_1_2294' title='bbox 259 3893 340 3919; x_wconf 89' lang='lat' dir='ltr'>locuti</span> <span class='ocrx_word' id='word_1_2295' title='bbox 359 3893 430 3922; x_wconf 84' lang='lat' dir='ltr'>sunt,</span> <span class='ocrx_word' id='word_1_2296' title='bbox 446 3891 488 3917; x_wconf 73' lang='lat' dir='ltr'>Vel</span> <span class='ocrx_word' id='word_1_2297' title='bbox 503 3900 568 3925; x_wconf 66' lang='lat' dir='ltr'>quae</span> <span class='ocrx_word' id='word_1_2298' title='bbox 588 3891 639 3917; x_wconf 62' lang='lat' dir='ltr'>fine</span> <span class='ocrx_word' id='word_1_2299' title='bbox 657 3895 779 3926; x_wconf 57' lang='lat' dir='ltr'>magistro</span> <span class='ocrx_word' id='word_1_2300' title='bbox 798 3899 884 3925; x_wconf 87' lang='lat' dir='ltr'>facere</span> <span class='ocrx_word' id='word_1_2301' title='bbox 905 3903 1055 3932; x_wconf 86' lang='lat' dir='ltr'>potuerunt,</span> <span class='ocrx_word' id='word_1_2302' title='bbox 1119 3898 1206 3923; x_wconf 86' lang='lat' dir='ltr'>Partus</span> <span class='ocrx_word' id='word_1_2303' title='bbox 1223 3895 1329 3929; x_wconf 81' lang='lat' dir='ltr'>gerendi</span> <span class='ocrx_word' id='word_1_2304' title='bbox 1337 3902 1436 3929; x_wconf 72' lang='lat' dir='ltr'>tenipus</span> <span class='ocrx_word' id='word_1_2305' title='bbox 1449 3893 1498 3918; x_wconf 78' lang='lat' dir='ltr'>cst:</span> <span class='ocrx_word' id='word_1_2306' title='bbox 1535 3893 1617 3919; x_wconf 86' lang='lat' dir='ltr'>homo</span> <span class='ocrx_word' id='word_1_2307' title='bbox 1629 3899 1687 3919; x_wconf 90' lang='lat' dir='ltr'>toto</span> <span class='ocrx_word' id='word_1_2308' title='bbox 1701 3902 1770 3919; x_wconf 88' lang='lat' dir='ltr'>anno</span> <span class='ocrx_word' id='word_1_2309' title='bbox 1784 3899 1809 3919; x_wconf 86' lang='lat' dir='ltr'>et</span> <span class='ocrx_word' id='word_1_2310' title='bbox 1823 3893 1922 3918; x_wconf 78' lang='lat' dir='ltr'>incerto</span> <span class='ocrx_word' id='word_1_2311' title='bbox 1934 3890 2050 3928; x_wconf 72' lang='lat' dir='ltr'>gignitur</span> <span class='ocrx_word' id='word_1_2312' title='bbox 2060 3889 2151 3928; x_wconf 67' lang='lat' dir='ltr'>spatio.</span> 
     </span>
     <span class='ocr_line' id='line_1_110' title="bbox 6 3924 2151 3965; baseline -0.003 -11"><span class='ocrx_word' id='word_1_2313' title='bbox 6 3959 7 3962; x_wconf 13' lang='grc' dir='ltr'><strong>Ἴ</strong></span> <span class='ocrx_word' id='word_1_2314' title='bbox 27 3935 162 3961; x_wconf 75' lang='lat' dir='ltr'>germanos</span> <span class='ocrx_word' id='word_1_2315' title='bbox 175 3929 200 3955; x_wconf 86' lang='lat' dir='ltr'>se</span> <span class='ocrx_word' id='word_1_2316' title='bbox 218 3934 306 3962; x_wconf 78' lang='lat' dir='ltr'>putant</span> <span class='ocrx_word' id='word_1_2317' title='bbox 318 3929 366 3954; x_wconf 77' lang='lat' dir='ltr'>else</span> <span class='ocrx_word' id='word_1_2318' title='bbox 380 3928 410 3954; x_wconf 85' lang='lat' dir='ltr'>T</span> <span class='ocrx_word' id='word_1_2319' title='bbox 412 3926 558 3959; x_wconf 79' lang='lat' dir='ltr'>hucydidis.</span> <span class='ocrx_word' id='word_1_2320' title='bbox 632 3928 836 3959; x_wconf 78' lang='lat' dir='ltr'>Cerinaniffimus</span> <span class='ocrx_word' id='word_1_2321' title='bbox 851 3934 961 3965; x_wconf 79' lang='lat' dir='ltr'>Stoicis,</span> <span class='ocrx_word' id='word_1_2322' title='bbox 979 3936 998 3959; x_wconf 84' lang='lat' dir='ltr'>i.</span> <span class='ocrx_word' id='word_1_2323' title='bbox 1020 3934 1056 3959; x_wconf 77' lang='lat' dir='ltr'>Si·</span> <span class='ocrx_word' id='word_1_2324' title='bbox 1119 3934 1218 3959; x_wconf 69' lang='lat' dir='ltr'>Panem</span> <span class='ocrx_word' id='word_1_2325' title='bbox 1244 3931 1335 3956; x_wconf 85' lang='lat' dir='ltr'>Claud.</span> <span class='ocrx_word' id='word_1_2326' title='bbox 1351 3930 1428 3957; x_wconf 87' lang='lat' dir='ltr'>cons.</span> <span class='ocrx_word' id='word_1_2327' title='bbox 1443 3930 1513 3954; x_wconf 84' lang='lat' dir='ltr'>Hori.</span> <span class='ocrx_word' id='word_1_2328' title='bbox 1527 3937 1560 3961; x_wconf 83' lang='lat'>4,</span> <span class='ocrx_word' id='word_1_2329' title='bbox 1580 3937 1641 3961; x_wconf 88' lang='lat'>294.</span> <span class='ocrx_word' id='word_1_2330' title='bbox 1678 3932 1716 3955; x_wconf 85' lang='lat' dir='ltr'>ita</span> <span class='ocrx_word' id='word_1_2331' title='bbox 1730 3939 1784 3954; x_wconf 63' lang='lat' dir='ltr'>nio..—</span> <span class='ocrx_word' id='word_1_2332' title='bbox 1799 3929 1915 3954; x_wconf 83' lang='lat' dir='ltr'>Prociiin.</span> <span class='ocrx_word' id='word_1_2333' title='bbox 1962 3940 1966 3949; x_wconf 38' lang='lat' dir='ltr'>,v</span> <span class='ocrx_word' id='word_1_2334' title='bbox 1987 3925 2040 3949; x_wconf 83' lang='lat' dir='ltr'>Cic.</span> <span class='ocrx_word' id='word_1_2335' title='bbox 2056 3924 2108 3949; x_wconf 85' lang='lat' dir='ltr'>Ofl.</span> <span class='ocrx_word' id='word_1_2336' title='bbox 2124 3932 2151 3954; x_wconf 86' lang='lat' dir='ltr'>i,</span> 
     </span>
     <span class='ocr_line' id='line_1_111' title="bbox 25 3958 2150 4026; baseline -0.005 -29"><span class='ocrx_word' id='word_1_2337' title='bbox 25 3964 150 3993; x_wconf 53' lang='lat' dir='ltr'>*illimus-</span> <span class='ocrx_word' id='word_1_2338' title='bbox 195 3964 251 3990; x_wconf 82' lang='lat' dir='ltr'>Cic.</span> <span class='ocrx_word' id='word_1_2339' title='bbox 266 3963 344 4026; x_wconf 57' lang='grc' dir='ltr'>Αἱῗᾶ-</span> <span class='ocrx_word' id='word_1_2340' title='bbox 363 3973 391 3997; x_wconf 81' lang='lat'>4,</span> <span class='ocrx_word' id='word_1_2341' title='bbox 407 3972 446 3996; x_wconf 75' lang='lat'>¹32</span> <span class='ocrx_word' id='word_1_2342' title='bbox 462 3971 484 3989; x_wconf 69' lang='lat' dir='ltr'>C·</span> <span class='ocrx_word' id='word_1_2343' title='bbox 497 3971 528 3996; x_wconf 74' lang='lat'>43</span> <span class='ocrx_word' id='word_1_2344' title='bbox 553 3963 613 3990; x_wconf 89' lang='lat' dir='ltr'>Erat</span> <span class='ocrx_word' id='word_1_2345' title='bbox 628 3962 745 3997; x_wconf 85' lang='lat' dir='ltr'>quidem,</span> <span class='ocrx_word' id='word_1_2346' title='bbox 758 3965 776 3992; x_wconf 83' lang='lat' dir='ltr'><strong>fi</strong></span> <span class='ocrx_word' id='word_1_2347' title='bbox 791 3976 918 4003; x_wconf 81' lang='lat' dir='ltr'>perpauca</span> <span class='ocrx_word' id='word_1_2348' title='bbox 930 3968 1105 4006; x_wconf 68' lang='lat' dir='ltr'>numanis-105</span> <span class='ocrx_word' id='word_1_2349' title='bbox 1118 3976 1154 4001; x_wconf 81' lang='lat' dir='ltr'>ii5</span> <span class='ocrx_word' id='word_1_2350' title='bbox 1186 3966 1234 4002; x_wconf 85' lang='lat' dir='ltr'>Ipsi</span> <span class='ocrx_word' id='word_1_2351' title='bbox 1254 3972 1340 3993; x_wconf 76' lang='lat' dir='ltr'>autem</span> <span class='ocrx_word' id='word_1_2352' title='bbox 1360 3974 1439 4001; x_wconf 85' lang='lat' dir='ltr'>quain</span> <span class='ocrx_word' id='word_1_2353' title='bbox 1459 3965 1595 3999; x_wconf 87' lang='lat' dir='ltr'>personam</span> <span class='ocrx_word' id='word_1_2354' title='bbox 1615 3972 1705 3998; x_wconf 85' lang='lat' dir='ltr'>gerere</span> <span class='ocrx_word' id='word_1_2355' title='bbox 1723 3965 1849 3992; x_wconf 75' lang='lat' dir='ltr'>velimus,</span> <span class='ocrx_word' id='word_1_2356' title='bbox 1880 3968 1893 3985; x_wconf 82' lang='lat' dir='ltr'>a</span> <span class='ocrx_word' id='word_1_2357' title='bbox 1912 3958 1997 3985; x_wconf 76' lang='lat' dir='ltr'>nostra</span> <span class='ocrx_word' id='word_1_2358' title='bbox 2015 3959 2150 4020; x_wconf 45' lang='lat' dir='ltr'>volunfiatf</span> 
     </span>
    </p>

    <p class='ocr_par' dir='ltr' id='par_1_17' title="bbox 173 4001 2151 4035">
     <span class='ocr_line' id='line_1_112' title="bbox 173 4001 2151 4035; baseline -0.004 -9"><span class='ocrx_word' id='word_1_2359' title='bbox 173 4005 195 4026; x_wconf 69' lang='lat' dir='ltr'>V</span> <span class='ocrx_word' id='word_1_2360' title='bbox 204 4005 257 4026; x_wconf 85' lang='lat'>01..</span> <span class='ocrx_word' id='word_1_2361' title='bbox 321 4018 327 4025; x_wconf 93' lang='lat'>.</span> <span class='ocrx_word' id='word_1_2362' title='bbox 1305 4009 1318 4035; x_wconf 73' lang='grc' dir='ltr'><em>ς</em></span> <span class='ocrx_word' id='word_1_2363' title='bbox 1329 4001 1355 4028; x_wconf 81' lang='grc' dir='ltr'><strong>,Ι</strong></span> <span class='ocrx_word' id='word_1_2364' title='bbox 2046 4002 2094 4026; x_wconf 87' lang='lat' dir='ltr'>pro</span> <span class='ocrx_word' id='word_1_2365' title='bbox 2115 4001 2151 4020; x_wconf 79' lang='lat' dir='ltr'>ci-</span> 
     </span>
    </p>
   </div>
   <div class='ocr_carea' id='block_1_14' title="bbox 0 2520 14 3959">
    <p class='ocr_par' dir='ltr' id='par_1_18' title="bbox 0 2520 14 3959">
     <span class='ocr_line' id='line_1_113' title="bbox 0 2520 14 3959; baseline 0 0"><span class='ocrx_word' id='word_1_2366' title='bbox 0 2520 14 3959; x_wconf 95' lang='lat' dir='ltr'> </span> 
     </span>
    </p>
   </div>
  </div>
 </body>
</html>
