2479 4225
46 2164 49 2166 ·
94 2152 259 2185 includitur,
278 2153 347 2179 intra
362 2152 489 2180 Calendas
506 2153 554 2179 esse
572 2152 644 2179 reti'te
657 2151 765 2178 dicitur.
1592 2179 1597 2184 .

93 2187 138 2215 Sic
151 2187 257 2222 leian.
272 2188 290 2214 l.
306 2197 344 2221 133
359 2189 390 2214 de
402 2190 435 2215 V.
449 2189 473 2214 S.
486 2189 558 2215 Intra
571 2187 641 2213 diem
655 2187 750 2213 mortis
763 2192 791 2212 vt
808 2186 912 2226 aliquid
927 2187 986 2218 fiat,
1001 2187 1019 2212 si
1032 2188 1091 2221 quis
1106 2187 1144 2212 di·
1161 2188 1189 2213 55
1203 2191 1239 2212 tis
1258 2196 1345 2227 genere
1364 2185 1396 2218 eli
1412 2184 1566 2212 ccniunHus.
1613 2186 1668 2212 Cic.

94 2224 180 2253 xerit,
199 2223 254 2258 ipse
273 2233 381 2258 quoque
393 2224 458 2255 dies,
471 2233 526 2258 quo
540 2223 600 2258 quis
619 2228 738 2248 mortuus
751 2222 849 2253 fuerit,
870 2227 1032 2247 numeratur.
1072 2222 1146 2282 Ing:

613 2293 685 2318 Intra
700 2291 755 2317 dies
770 2300 876 2325 paucos,
887 2298 935 2325 pro
950 2292 1027 2317 Breui
1039 2297 1146 2325 tempore

91 204 172 235 1201
454 189 502 229 4Ι
597 190 640 230 Ν
726 188 770 228 Τ

128 287 138 307 1
147 287 170 306 N
179 277 288 307 ΤόΝΑ
297 284 318 304 Ν
328 282 356 309 S,
374 279 452 306 antis,
474 279 541 306 Part.
578 278 670 305 Tacit.
681 279 748 304 Anu.
764 286 802 310 12,
815 286 825 304 1
850 274 925 304 Ordo
940 275 1010 310 apud
1024 275 1134 304 libertos

92 315 236 343 certamine
248 314 306 348 quis
319 313 447 349 deligeret
457 323 568 341 vxorein
582 314 712 346 Claudio,
732 313 828 340 caelibi
846 313 916 339 vitae
929 313 1075 344 intonanti,
1088 321 1134 340 etc.

92 355 112 380 i.
131 351 260 378 Inuehenti
274 352 301 375 in
315 353 395 376 uitam
407 350 527 377 caelibem.

129 394 139 413 1
149 391 226 413 ΝΤΟ
235 391 257 411 Ν
268 387 318 411 AT
327 392 346 411 v
355 390 368 411 S
377 405 385 416 .
409 395 424 412 a
433 406 440 418 ,
464 395 518 412 um.
549 385 616 412 Part.
657 385 766 412 Tonitru
783 390 806 410 ct
819 380 1000 418 tempestatibus
1011 384 1135 412 turbatus.

92 423 160 450 Hor.
176 419 258 454 Epod.
272 429 298 454 2,
313 428 339 454 51
368 421 396 448 Si
414 430 480 456 quos
493 421 555 448 Eois
572 421 691 448 intonata
704 419 829 447 fluctibus
856 419 950 446 Hiems
962 417 994 444 ad
1011 418 1061 446 hoc
1075 429 1133 448 ver·
1158 429 1171 455 5

92 462 130 485 tat
148 464 230 482 mare.

127 495 356 524 1N'r0Nsvs,
381 490 681 518 vid.1NTONDEO.

126 534 138 554 1
146 533 169 553 N
180 533 201 552 T
213 531 234 552 o
243 533 262 552 R
271 533 343 566 QVE
351 533 370 553 o
379 547 387 559 ,
412 526 474 554 toi-fi
482 547 490 559 ‚
515 533 615 553 tortum
624 546 632 559 ,
660 530 712 553 ere.
748 524 874 559 [συςρέφω
882 543 891 556 ,
907 526 1036 563 egumia]
1078 526 1133 553 Cir-

90 571 146 589 cum
165 569 278 598 torquere
296 568 320 588 et
337 561 473 598 ufic-Herc.
510 562 641 589 Columcl.
656 562 688 588 de
703 560 766 588 Arb.
780 569 801 586 c.
815 567 844 590 23
871 558 933 585 Alio
950 560 1030 587 modo
1050 571 1132 596 quum

91 597 147 626 iam
161 603 263 624 matura
276 597 344 624 mala
357 598 467 629 fuerint,
485 604 545 625 ante
558 607 636 633 quam
650 601 822 631 rumpantur,
838 594 948 629 petiolos
960 596 1057 630 quibus
1073 607 1132 631 pcn—
1149 609 1178 627 10
1198 608 1234 631 ¹9-

91 633 170 666 dent,
184 633 348 667 intorqueto.
420 634 477 661 Cic.
493 633 525 660 de
539 634 612 661 Orat.
626 642 649 666 2,
664 634 711 659 266
730 640 752 657 c.
767 633 799 657 66
827 632 860 657 Vt
877 639 936 657 cuin
949 631 1044 658 Testio
1057 634 1134 659 Pena-

91 669 135 699 tio
153 674 273 694 mentum
288 669 317 694 in
333 668 448 696 dicendo
468 669 647 704 intorquenti,
664 673 720 701 tum
731 673 760 694 vt
774 666 871 693 diceret
890 665 907 691 fi
922 666 986 700 quid
1000 668 1094 701 vellet,
1114 668 1132 695 si

90 713 186 731 nucem
199 704 325 738 fregisset.
396 706 479 731 Iacere
496 712 588 731 tortum
601 710 625 730 ee
638 703 763 730 vibratum
781 703 853 729 telum
871 704 899 727 in
919 703 1020 737 aliquid.
1058 705 1133 738 Virg.

92 740 158 767 Aen.
174 747 200 771 2,
215 747 255 771 231
283 740 391 767 Sacrum
409 741 456 775 qui
469 740 574 775 cuspide
587 739 672 766 robur
708 737 878 769 Laescrit,>et
899 742 971 772 tergo
987 739 1135 767 sceleratam

91 775 230 801 intorserit
250 774 356 802 hastam.
425 775 528 802 Talum
550 776 614 801 Aur.
628 773 698 801 Vi&
714 773 745 800 de
760 773 834 800 Viris
849 772 927 799 illust.
943 783 964 799 c.
980 777 1022 806 69.

94 811 186 836 culum
206 810 364 845 intorquens
379 811 480 838 emittit
503 811 531 837 in
550 819 625 837 auras
651 810 726 845 Virg.
739 810 803 836 Aen.
822 817 848 842 9,
866 817 902 841 32.
936 809 1003 836 Add.
1024 819 1060 841 10,
1080 819 1133 843 323.

92 845 195 872 Telum
210 845 365 881 intorquere
379 846 408 872 in
421 846 555 881 aliquem,
573 846 638 882 quod
649 853 673 872 rt
681 847 842 880 Contorquere
855 844 964 870 dicitur:
982 846 1026 872 hoc
1039 844 1071 879 ψ
1093 848 1136 872 ι’ῑ-

91 881 174 908 brare.
217 881 273 908 Cic.
290 881 322 908 de
336 882 429 916 Arnsp.
444 882 520 916 Resp.
535 889 553 917 7
566 891 588 908 c.
602 890 621 915 4
647 881 674 908 Si
691 881 763 916 quod
783 880 811 906 111
828 889 871 906 me
890 880 970 906 telum
990 882 1135 916 intorserit,

92 917 181 944 statim
193 925 236 943 mc
249 918 298 943 esse
311 923 479 952 arrepturum
492 926 564 944 arina
582 916 744 943 iudiciorum
758 921 836 951 atque
850 915 943 949 legum.

130 958 171 979 iN
183 957 206 978 'r
217 958 236 979 o
245 959 264 978 R
275 958 296 978 T
305 959 336 979 v.
372 952 451 988 Apud
462 953 528 979 Plin.
543 957 566 985 8,
579 961 606 979 12
623 952 688 987 legit
700 951 781 979 Hard.
796 952 862 978 Not.
878 951 940 978 Mai.
954 960 984 985 25
1010 952 1135 987 Elephan·
1147 961 1183 979 20
1199 955 1226 981 in
1239 955 1328 981 Somn.
1337 955 1447 989 Scip.21.

92 987 127 1014 tis
140 987 339 1022 frigidissimum
357 989 406 1015 esse
426 989 592 1023 sanguinein:
611 987 648 1014 ob
662 987 689 1014 id
703 987 798 1014 aestate
815 991 931 1013 torrente
952 988 1109 1022 potislinnnn
1122 998 1135 1015 a

93 1022 252 1050 draconibus
266 1023 367 1058 expeti:
388 1032 468 1058 quam
482 1023 518 1050 ob
533 1033 589 1050 rem
603 1024 632 1050 111
645 1023 767 1049 amnibus
780 1022 877 1049 mersos
891 1022 1007 1049 insidiari
1022 1024 1136 1050 bibenti-

92 1058 336 1127 Epggeiptortuque
356 1059 448 1096 (vulg.
467 1059 643 1094 arelatisque)
665 1058 766 1093 illigata
791 1066 871 1084 manu
894 1057 921 1083 in
940 1067 1002 1086 aure
1020 1062 1137 1087 morsum

132 1135 203 1155 INT
215 1133 234 1154 0
245 1135 264 1154 R
276 1134 299 1154 Τ
309 1135 366 1160 VS,
387 1138 418 1162 a,
435 1139 490 1156 um.
510 1129 603 1156 Partic.
638 1129 867 1168 [συνεςραμμένςς]
902 1129 1016 1156 Intortus
1030 1131 1138 1164 caudex,
1150 1133 1181 1159 25
1200 1133 1283 1167 Regni
1298 1133 1426 1159 ineriora
1441 1131 1500 1158 Liu.
1515 1140 1557 1164 42,
1571 1140 1600 1164 39
1617 1139 1658 1167 pr.

91 1163 118 1191 h.
133 1173 153 1190 e.
175 1163 352 1199 Circumflexus
364 1167 404 1191 vel
415 1165 522 1201 inflexus
540 1165 607 1191 Plin.
621 1173 659 1198 12,
673 1172 707 1199 15.
760 1165 870 1190 Vortice
885 1165 977 1192 intorti
990 1166 1139 1200 affligeban-

94 1205 139 1226 tur
151 1199 211 1226 Liu.
226 1207 261 1231 21,
276 1205 313 1232 58.
387 1201 487 1235 Capilli
503 1200 619 1227 Martial.
632 1204 656 1232 8,
669 1207 705 1231 33.
724 1202 742 1225 i.
763 1200 926 1235 Crispi-flexu
997 1201 1086 1228 Canda
1099 1204 1139 1228 in-

92 1239 163 1261 torta
178 1235 269 1265 suuni,
288 1238 306 1261 i.
329 1235 464 1272 Obliquum
482 1242 507 1261 et
524 1236 636 1261 inuoluta
654 1235 721 1261 Plin.
737 1240 760 1267 8,
775 1243 809 1268 51.
880 1236 972 1262 Crines
987 1237 1033 1263 Sil.
1046 1246 1067 1269 3,
1081 1244 1140 1271 284.

93 1268 191 1296 Fauces
206 1269 272 1296 Plin.
286 1278 313 1304 7,
326 1281 373 1305 44.
443 1272 529 1298 Funes
548 1270 630 1297 Ouid.
645 1271 709 1297 Met.
728 1279 751 1302 3,
770 1274 832 1305 679.
903 1271 984 1298 Pallio
998 1273 1066 1300 circa
1082 1273 1140 1300 bra-

92 1304 185 1332 chium
204 1305 307 1332 intorto
326 1307 429 1333 Petron.
451 1315 473 1332 c.
486 1311 525 1336 80.
576 1306 701 1332 Linteum
723 1306 854 1333 intortum
872 1306 990 1333 Sci-ibon.
1005 1316 1046 1340 43.

92 1340 276 1367 ludamentum
291 1341 421 1368 intortum
430 1341 530 1368 circum
544 1340 650 1368 laeuum
657 1341 796 1368 brachium
804 1342 898 1368 Liuius
906 1343 1036 1377 25‚16fin.
1074 1345 1140 1371 Ora-

93 1377 134 1402 tio
144 1396 152 1408 ,
163 1383 212 1412 pro
228 1376 354 1411 Obscura,
365 1377 482 1412 ambigua
495 1376 577 1403 Plaut.
590 1376 690 1404 Cistell.
705 1386 733 1412 4,
748 1386 771 1408 2,
785 1379 831 1412 64.
873 1378 970 1405 vertex
986 1379 1052 1406 Plin.
1064 1388 1091 1413 9,
1104 1389 1141 1412 33.

91 1411 169 1447 Telo
183 1412 284 1438 intorto
296 1411 376 1446 figere
389 1413 413 1438 V
415 1412 463 1447 irg.
477 1412 542 1439 Aen.
559 1421 598 1445 10,
611 1417 633 1442 8.

127 1453 257 1474 INTOR
268 1453 327 1473 ΤΕ.
355 1447 423 1474 Adii.
460 1448 525 1474 Plin.
543 1450 581 1481 16,
596 1450 624 1474 16
651 1447 701 1474 Sed
721 1447 844 1474 bruscum
865 1448 991 1476 intortius
1012 1449 1142 1484 crispum:

93 1481 252 1509 molluscum
269 1482 414 1517 simplicius
428 1484 550 1517 sparsum.
674 1487 676 1490 '

131 1524 141 1543 1
151 1524 203 1579 Nsf
213 1523 356 1578 OlR'r10‚
375 1519 444 1545 01115.
465 1519 486 1546 f.
522 1518 624 1546 Arnob.
639 1528 652 1551 3
665 1527 690 1553 p.
705 1523 750 1549 108
775 1519 833 1546 Hos
847 1520 1003 1555 capillorum
1016 1519 1142 1547 intortio-

91 1561 126 1580 ne
146 1561 184 1579 cri
199 1562 232 1587 pu
245 1562 283 1579 os.

130 1595 170 1614 IN
180 1592 270 1615 TRA.
305 1588 404 1621 [ἔνι-ἇς,
417 1587 496 1624 ἔνδον]
532 1589 683 1625 Praepositio
696 1589 846 1625 Accztfiztiuo
866 1590 935 1626 casui
946 1591 1074 1627 stridens,
1083 1591 1144 1627 spa-

776 1626 899 1652 Priscian.
915 1635 946 1660 14
960 1636 984 1661 p.
1001 1636 1047 1659 991
1069 1629 1144 1654 Intra

91 1626 155 1650 tium
168 1630 192 1649 et
207 1626 338 1650 terminum
352 1629 470 1659 temporis
483 1631 526 1651 aut
538 1624 732 1660 Iocifignisicat.

113 1667 204 1693 uoque
218 1659 326 1686 videtur
336 1659 369 1686 ab
385 1662 416 1686 In
429 1661 684 1687 deriuatum:·veliit
696 1660 729 1686 ab
744 1661 781 1686 Ex
795 1662 890 1693 Extra,
902 1670 917 1687 a
930 1663 977 1688 Sub
991 1664 1093 1695 Subter,
1110 1663 1142 1689 sic
1149 1672 1187 1696 40
1202 1670 1305 1690 tantum
1321 1663 1418 1690 calidae
1432 1663 1507 1689 ducat
1522 1663 1634 1689 interius
1649 1661 1743 1687 Pallad.
1760 1670 1779 1694 1,
1787 1671 1832 1695 40.

93 1703 108 1720 a
143 1695 174 1720 In
185 1696 274 1727 Intra,
287 1700 313 1721 et
325 1694 453 1729 significat
471 1697 500 1722 τὸ
521 1695 584 1722 ἔνι-ὂς
603 1711 649 1716 —
669 1696 731 1722 huic
744 1697 908 1723 contrarium
922 1697 958 1723 cst
973 1697 1001 1724 τό
1019 1697 1101 1730 ἐκτὸς,
1114 1698 1142 1724 id

93 1729 132 1756 est
147 1736 221 1756 extra
237 1737 282 1756 etc.
318 1731 377 1757 Cum
395 1732 429 1757 ad
445 1739 540 1768 tempus
558 1731 687 1766 refertur,
701 1735 815 1767 negarine
826 1731 975 1768 fignificat,
993 1735 1062 1760 vltra
1082 1733 1146 1760 illud

92 1774 144 1826 ἷζῗη
163 1765 334 1801 egrediendum
354 1765 412 1799 este,
425 1769 466 1793 vel
482 1777 531 1793 non
549 1766 644 1800 durqffe
663 1766 767 1802 aliquid.

126 1809 165 1826 ax.
180 1809 200 1833 1,
214 1810 234 1833 1,
249 1809 285 1835 17.

822 1768 864 1795 Sic
880 1769 951 1794 Intra
966 1777 1063 1794 annum
1084 1769 1142 1795 Val.

345 1802 402 1828 Cic.
418 1804 495 1829 Verr.
509 1802 568 1829 Ac‘t.
581 1811 601 1835 1,
617 1807 644 1834 38
668 1802 768 1828 Omnia
782 1811 835 1828 non
850 1803 932 1828 modo
950 1811 1143 1829 commemora-

92 1835 209 1867 buntur,
230 1837 273 1862 sed
289 1836 371 1863 etiam
382 1837 506 1872 expositis
519 1837 595 1863 certis
609 1837 687 1863 rebus
701 1842 821 1870 agentur,
835 1846 901 1870 quae
914 1837 983 1862 intra
997 1837 1087 1862 decem
1100 1846 1144 1862 an·
1155 1841 1190 1866 45

92 1879 158 1901 nos,
177 1871 265 1904 postea
285 1880 365 1905 quam
383 1872 484 1898 iudicia
504 1872 536 1897 ad
549 1872 672 1898 Senatum
691 1871 814 1898 translata
834 1873 908 1902 sunt,
926 1871 956 1896 in
975 1872 1053 1896 rebus
1073 1872 1144 1897 iudi-

93 1905 185 1932 candis
202 1906 305 1931 nefarie
326 1906 509 1940 flagitioseque
526 1906 594 1932 fac'ta
613 1907 681 1931 sunt.

91 1948 176 1967 armos
189 1940 304 1967 Traian.
318 1941 386 1968 Plin.
400 1942 446 1976 Ep.
462 1951 500 1973 10,
513 1949 552 1974 41.

84 1975 124 2009 fit
144 1976 213 2002 intra
227 1976 372 2002 Calendas3
392 1976 458 2011 quod
471 1983 560 2002 contra
579 1985 660 2001 eorum
675 1976 843 2011 sententiam,
859 1979 903 2010 qui
922 1984 949 2000 in
964 1976 1088 2001 Calendis
1106 1980 1144 2002 in-

92 2017 281 2046 terpretantur,
293 2011 392 2037 tandem
405 2014 443 2038 ita
454 2010 520 2046 finit
534 2010 636 2036 Gellius
645 2030 653 2043 ‚

93 2046 234 2078 nuntiare,
250 2047 272 2072 is
285 2051 311 2072 et
324 2051 384 2072 ante
399 2045 527 2073 Calendas
541 2051 567 2072 et
580 2045 641 2079 ipsis
654 2045 777 2072 Calendis
791 2045 849 2071 iure
867 2046 1039 2080 pronuntiare
1052 2046 1144 2080 potest.

753 1907 825 1932 Intra
840 1905 887 1932 hos
901 1907 1040 1940 proximos
1053 1906 1144 1933 decem

95 2081 194 2116 Neque
207 2081 235 2107 id
254 2081 284 2107 fit
297 2081 367 2116 quasi
383 2081 535 2122 priuilegio.
547 2080 663 2115 quodam
683 2080 772 2107 insitae
785 2081 982 2108 consuetudinis
992 2102 1000 2113 ‚
1019 2082 1061 2107 sed
1074 2088 1145 2108 certa

93 2117 210 2143 rationis
225 2116 426 2144 obseruatione:
452 2125 581 2152 quoniam
595 2125 675 2142 omne
689 2122 806 2150 tempus,
827 2117 898 2150 quod
912 2117 1088 2143 Calendarum
1101 2118 1144 2143 die

93 2264 136 2286 tra
149 2259 205 2285 dies
223 2259 338 2293 viginti,
360 2261 391 2285 In
401 2259 487 2295 spatio
508 2261 604 2294 viginti
621 2257 714 2283 dierum
734 2257 816 2282 Plaut.
831 2257 908 2282 Curc.
924 2264 947 2288 3,
962 2261 1002 2289 78.

93 2294 168 2320 diem
183 2294 314 2321 decimum
328 2295 387 2320 Liu.
402 2297 443 2326 36,
460 2302 489 2319 10
501 2301 543 2328 pr.

92 2329 156 2356 Liu.
173 2338 210 2362 23,
224 2338 266 2363 41.
319 2331 392 2355 111113
404 2328 571 2355 Triennium
591 2327 700 2361 Eutrop.
715 2329 741 2358 6,
754 2335 780 2358 9.

92 2365 170 2392 Idem
183 2367 210 2396 6,
224 2373 261 2390 10.

836 2327 908 2352 Intra
928 2334 1023 2359 paucos
1042 2327 1145 2352 Menses

93 2402 132 2432 654
152 2399 195 2425 vbi
213 2408 297 2425 nomen
310 2398 391 2425 dicere
410 2399 487 2433 iuffias
500 2397 679 2431 Sycophanta,
704 2397 840 2422 Deuoraui
865 2405 962 2423 nomen
987 2397 1075 2431 impru
1098 2406 1143 2423 ens

92 2434 194 2461 nnodo:
213 2438 232 2460 i.
249 2433 344 2460 excidit
357 2434 428 2460 mihi.
457 2439 510 2460 (ΣΗ.
535 2433 600 2459 Non
615 2432 698 2466 placet
717 2433 764 2465 qui
778 2433 876 2458 amicos
896 2432 964 2458 intra
979 2431 1068 2458 dentes
1083 2442 1144 2458 con-

92 2471 180 2497 clusos
193 2469 279 2496 habet.
298 2474 368 2495 SYC.
389 2469 477 2503 Atque
489 2468 569 2494 etiam
583 2468 665 2494 modo
679 2467 832 2494 versabatur
846 2467 916 2494 inihi
931 2469 959 2494 in
977 2467 1058 2494 labris
1073 2468 1144 2501 prio-

92 2505 179 2533 ribus.
257 2505 328 2530 Intra
343 2503 428 2531 Labra
442 2503 523 2531 Plaut.
537 2503 621 2529 Trin.
637 2512 665 2535 4,
679 2511 702 2533 2,
716 2507 756 2532 80-
826 2503 971 2537 Compulso
985 2503 1054 2529 intra
1069 2504 1142 2529 Moe-

92 2542 139 2567 nia
155 2539 228 2567 hoste
241 2540 301 2565 Liu.
317 2547 355 2571 31,
370 2547 392 2571 3.

94 2577 170 2604 Intra
190 2576 301 2610 parietes
319 2583 391 2601 meos
417 2575 473 2602 Cic.
485 2576 538 2601 Att.
552 2583 573 2607 3,
587 2583 624 2600 10.
696 2573 765 2600 Gell.
783 2583 818 2606 12,
836 2583 859 2606 13
885 2574 942 2607 Qn
961 2581 1053 2608 regnat
1073 2574 1144 2601 intra

94 2613 216 2639 Montem
231 2611 357 2637 Taurum
377 2610 464 2646 (quod
481 2610 509 2636 de
520 2610 645 2636 Antiocho
664 2616 782 2635 memorat
800 2610 857 2636 Cic.
879 2619 928 2643 pro
948 2609 1039 2635 Sextio
1058 2619 1078 2635 c.
1093 2613 1142 2644 27)

95 2656 151 2673 non
165 2647 249 2673 solum
264 2647 292 2673 in
304 2652 395 2673 monte
409 2647 507 2672 Tauro
520 2651 628 2680 regnat,
646 2644 689 2670 sed
705 2644 733 2670 in
746 2644 788 2670 his
802 2645 882 2670 etiam
896 2644 1061 2679 regionibus,
1075 2654 1143 2679 quae

95 2683 196 2709 Tauro
219 2689 310 2709 monte
332 2681 498 2708 clauduntur.
573 2681 629 2707 Cic.
650 2681 727 2706 Verr.
750 2688 771 2712 3,
786 2688 838 2714 207
859 2689 881 2706 c.
901 2685 932 2712 89
965 2680 1050 2706 Locus
1070 2681 1143 2706 intra

1190 678 1219 706 p.
1233 681 1286 706 7²3·

1191 1203 1330 1238 strustowz,
1350 1201 1502 1236 difficiliora.

623 1941 690 1967 Gell.
707 1949 745 1973 12,
760 1948 783 1972 13
802 1943 903 1966 multum
917 1940 1069 1979 disputatur,
1083 1942 1145 1976 quid

671 2010 726 2043 Qui
741 2009 848 2036 iubetur
860 2011 930 2036 intra
943 2010 1069 2036 Calendas
1085 2020 1145 2045 pro·
1157 2016 1189 2042 50
1204 2018 1230 2038 et
1245 2012 1325 2038 corde
1340 2017 1471 2045 concepta.

819 2153 896 2178 Paria
909 2153 951 2178 hic
965 2153 1037 2178 Non.
1053 2161 1089 2183 12,
1103 2160 1145 2184 45.

448 2540 534 2565 Locus
547 2539 618 2564 intra
633 2539 768 2565 Oceanum
782 2538 868 2564 nullus
883 2539 940 2564 Cic.
955 2539 1031 2564 Verr.
1048 2547 1060 2571 5
1074 2548 1095 2564 c.
1104 2544 1144 2571 89.
1156 2536 1188 2567 65
1200 2548 1284 2574 quum
1297 2544 1372 2565 antea
1386 2545 1464 2564 notus
1477 2547 1531 2564 non
1546 2538 1642 2564 fuisset.

1597 193 1612 232 1
1694 192 1737 232 Ν
1818 195 1863 235 Τ
2142 214 2233 244 1202

1192 280 1299 307 Vtinam
1311 280 1426 307 Philotas
1441 290 1549 317 quoque
1564 280 1632 308 intra
1646 280 1726 308 verba
1741 284 1868 316 peccasset.
2036 285 2057 325 q
2075 298 2093 323 4
2131 290 2233 325 Obstru,

1192 317 1278 347 Intra,
1291 315 1345 350 ⁸line
1361 317 1422 352 Casia
1433 327 1440 342 :
1459 321 1500 343 cui
1512 321 1664 344 contrarium
1679 316 1712 350 cst
1726 318 1899 345 Exclusi-cns,
1937 320 2041 350 Colum.
2057 332 2093 350 12.
2107 334 2138 357 43
2162 327 2233 353 llaec

1193 353 1251 378 vasa
1272 359 1297 378 ct
1311 352 1436 386 opercula
1450 353 1608 380 extrinsecus
1627 359 1652 379 ct
1673 353 1742 380 intra
1762 353 1904 386 diligenter
1923 356 2005 388 picata
2026 359 2072 385 ess‘c
2092 360 2233 388 debebunt.

1194 387 1268 422 Conf.
1284 388 1351 414 Cels.
1368 396 1388 418 ς,
1402 392 1437 417 28.
1468 395 1490 414 et
1504 396 1529 423 7,
1543 397 1576 421 15.
1624 390 1705 421 Intra,
1723 395 1772 424 pro
1786 389 1855 415 Inter
1865 400 1871 412 :
1897 391 2029 427 Liu.22,7
2046 401 2087 428 pr.
2109 396 2178 422 llaec
2195 397 2232 423 cst

1194 422 1293 449 nobilis
1307 423 1337 449 ad
1353 423 1546 455 Trasyiuemun
1561 433 1663 458 pugna,
1679 431 1757 459 atque
1776 424 1845 450 intra
1862 433 1958 458 pauca,
1979 437 2122 457 memorata
2140 432 2235 467 Populi

1195 459 1309 484 Romani
1329 458 1422 484 clades.

1235 501 1241 519 1
1265 500 1287 519 N
1307 500 1328 519 'r
1346 501 1362 520 E
1383 500 1402 520 R
1422 500 1430 518 1
1452 500 1470 520 o
1489 499 1506 519 R
1523 514 1531 526 ,
1560 503 1598 521 us.
1645 491 1798 529 [ἔνδότερος]
1832 495 1921 531 Magis
1932 497 2000 522 intro
2012 499 2051 524 vel
2062 502 2139 528 intra.
2177 503 2234 529 Cic.

1195 528 1309 564 Philipp.
1325 537 1348 562 5,
1362 538 1386 561 31
1410 530 1440 556 In
1459 529 1586 556 interiore
1607 529 1714 556 aedium
1728 536 1800 564 parte
1814 530 1895 556 totius
1908 530 2078 566 Reipublicae
2092 537 2235 566 nundinae.

1195 564 1262 591 Arici.
1278 564 1315 591 id.
1331 574 1379 599 pro
1392 564 1460 590 Sext.
1481 572 1502 590 c.
1519 573 1555 590 10.
1626 566 1743 591 Africam
1758 565 1913 592 interiorem
1927 566 2049 593 obtinens
2064 570 2118 596 Cic.
2135 573 2161 598 in
2175 574 2235 600 Sall.

1305 601 1401 626 Comes
1423 600 1553 632 interior,
1576 600 1736 633 honoratior,
1759 603 1828 626 cuius
1847 602 1914 628 latus
1933 605 1996 639 tegit
2018 605 2135 637 exterior
2154 608 2236 636 Ouid,

1402 635 1458 675 Vni.
1473 635 1541 670 Lips.
1559 633 1633 661 Effl.
1648 646 1677 668 ς,
1695 646 1717 662 2.
1756 636 1842 672 Helns.
1857 640 1883 662 in
1898 638 1957 673 Epp.
1971 638 2061 675 Syllog.
2077 634 2160 668 Burm.
2179 645 2210 670 T.
2222 653 2238 671 2

1359 671 1490 702 Consilia,
1513 673 1531 696 i.
1545 671 1681 706 secretiora
1700 672 1767 706 Nep.
1783 680 1818 704 23,
1834 680 1858 704 2,
1871 680 1896 699 2.
1967 674 2068 700 Domus
2084 676 2156 709 Virg.
2173 678 2237 706 Aen.

1344 706 1472 740 Epistola,
1498 706 1522 732 h.
1536 715 1555 732 e.
1575 706 1675 733 Media:
1696 707 1752 733 Cic.
1767 708 1800 740 Q
1816 707 1898 734 Fratr.
1914 716 1968 740 3,1,
1983 717 1995 741 5
2017 710 2096 743 Quod
2110 711 2238 740 interiore

1569 742 1652 768 Plaut.
1667 741 1735 768 Asin.
1752 751 1801 774 3,3,
1815 744 1849 768 66
1868 743 1940 769 Salus
1954 745 2091 773 interioris
2104 747 2240 781 Hominis,

1195 635 1260 662 Fast.
1274 642 1302 668 ς,
1316 639 1359 670 67.

1196 715 1216 738 1,
1231 709 1288 739 641.

1196 742 1306 776 epistola
1324 742 1433 774 scribis,
1453 748 1497 768 ete.

1096 776 1134 802 la·
1151 780 1176 806 ¹5
1194 781 1261 804 inter
1275 779 1354 813 elogio
1367 777 1464 804 ludicra
1472 777 1543 812 strui
1552 781 1680 812 pecuniam
1697 778 1753 804 hero
1762 781 1940 812 procurantis:
1965 783 2174 816 interpretantur,
2187 787 2242 809 ani-

1195 822 1247 839 mae
1265 823 1293 839 ac
1307 815 1383 839 vitae.
1421 813 1577 839 Roxhornius
1585 813 1745 848 flispicatur,
1767 813 1837 839 Salus
1852 813 2020 848 imperatoris
2036 815 2148 845 domini.
2184 820 2240 846 Cic.

1198 848 1230 875 de
1243 849 1306 875 Nat.
1319 849 1353 874 D.
1366 857 1389 880 3,
1404 857 1439 882 42
1459 857 1482 874 c.
1496 851 1523 874 16
1551 848 1638 874 Plures
1658 848 1730 875 enim
1749 848 1855 875 tradunt
1874 849 1952 876 nobis
1973 851 2012 885 ii,
2030 853 2077 885 qui
2097 853 2241 881 interiores

1196 885 1353 915 scrutantur,
1374 889 1399 909 et
1412 883 1558 910 reconditas
1574 884 1686 917 Litcras,
1699 884 1904 919 antiquiffimum
1917 886 1982 911 Ioue
1995 892 2095 919 natum,
2110 888 2239 922 seditem,

1198 927 1244 946 etc.
1282 919 1355 954 Conf.
1364 918 1514 951 Id.Fam.3,
1531 928 1568 945 10.
1595 927 1618 945 et
1632 927 1659 954 7,
1673 928 1707 952 33,
1755 920 1870 946 Medulla
1885 921 1979 947 catull.
1989 930 2025 954 33.
2080 924 2169 951 Motus
2181 926 2238 952 Cic.

1519 955 1604 980 Partes
1618 955 1758 981 interiores
1771 954 1853 982 Scrib.
1869 958 1919 988 165.
1975 957 2013 983 Ex
2029 957 2157 985 interiore
2170 968 2242 995 parte

1410 990 1525 1016 Societas
1540 990 1654 1016 interior
1666 996 1691 1016 et
1706 990 1817 1024 propior
1829 991 1884 1017 Cic.
1893 990 1946 1017 Off.
1954 1000 1975 1024 3,
1988 995 2030 1024 69.
2087 995 2189 1022 'I'afflns
2202 997 2242 1023 Id.

1419 1024 1538 1052 Tefilum
1552 1025 1702 1059 Virg.Aen.
1712 1036 1739 1058 4,
1751 1034 1814 1058 494.
1850 1027 1959 1053 Vicinus
1974 1029 2028 1054 Cic.
2044 1029 2169 1063 QFratr.
2186 1040 2205 1064 1,
2219 1040 2243 1058 2.

1199 1062 1261 1088 Vita
1274 1061 1390 1087 interior
1403 1068 1428 1087 et
1442 1060 1592 1093 familiaris,
1613 1060 1734 1086 Publicae
1751 1060 1975 1088 administrationi
1990 1069 2122 1099 opponitur
2136 1068 2243 1094 Sug—501„

1198 1097 1227 1124 in
1241 1097 1347 1130 August.
1369 1106 1390 1122 c.
1404 1100 1442 1122 61.
1497 1095 1663 1122 Nuclcorum
1678 1095 1808 1122 interiora
1822 1096 1942 1123 Scribon.
1953 1103 2006 1131 184.
2026 1100 2106 1134 vulgo
2120 1102 2243 1129 medulla.

1197 990 1235 1017 Id.
1251 998 1294 1024 79.
1309 999 1354 1016 121.

1198 1026 1277 1052 Acad.
1291 1036 1319 1060 4,
1336 1035 1374 1051 20.

1731 1131 1805 1157 Cui-t.
1820 1139 1847 1163 4,
1861 1139 1887 1163 9,
1903 1140 1922 1157 1.
1991 1134 2046 1160 Cic.
2066 1136 2097 1161 de
2112 1136 2203 1164 Diuin.
2217 1146 2244 1170 2,

1200 1177 1238 1199 123.
1263 1169 1311 1194 Sed
1327 1168 1387 1194 haec
1403 1176 1508 1202 qnoque
1522 1168 1550 1193 in
1564 1174 1670 1201 promtu
1683 1167 1796 1199 fuerint,
1815 1175 1884 1192 nunc
1899 1167 2027 1195 interiora
2042 1170 2187 1204 videamus,
2204 1175 2246 1199 ob-

1573 1203 1707 1235 Interior,
1723 1209 1772 1237 17¹0
1786 1202 1952 1229 Smistcrior:
1974 1204 2071 1239 virgil.
2087 1207 2148 1232 Aen.
2163 1217 2184 1240 ς,
2198 1217 2246 1240 203

1199 1253 1244 1260 -—
1266 1240 1335 1265 Dum
1352 1248 1455 1273 proram
1468 1239 1499 1265 ad
1514 1239 1572 1264 saxa
1586 1238 1707 1271 suburgct
1741 1238 1871 1270 Interior,
1894 1242 1912 1264 i.
1927 1238 2090 1267 Sinisterior.
2163 1243 2247 1269 Paullo

1200 1281 1258 1300 ante
1279 1277 1322 1306 (v.
1342 1278 1404 1308 ¹70)
1424 1273 1523 1299 dixerat
1545 1275 1635 1307 Po‘e‘ta,
1665 1273 1743 1300 Radit
1765 1273 1817 1300 iter
1840 1273 1944 1300 laeuum
1969 1274 2102 1302 interior:
2132 1277 2247 1304 Seruius.

1099 1310 1141 1335 Pa·
1152 1312 1185 1336 30
1198 1308 1275 1336 ReHe
1286 1310 1327 1336 ille
1340 1309 1435 1345 quidem
1444 1329 1452 1341 ,
1467 1309 1514 1345 Jed
1526 1312 1645 1335 rationem
1660 1310 1732 1335 huius
1743 1312 1782 1335 roi
1794 1318 1842 1335 non
1855 1312 1947 1344 aperit,
1965 1319 2023 1345 quae
2035 1320 2050 1336 a
2067 1314 2131 1338 circi
2142 1314 2247 1340 Romani

1200 1345 1340 1371 conditione
1351 1345 1479 1380 repetenda
1494 1344 1541 1377 est,
1556 1351 1603 1380 per
1623 1348 1692 1370 citius
1705 1344 1808 1370 medium
1821 1345 1998 1380 longitudinem
2012 1346 2089 1382 spina
2106 1351 2247 1382 procurrit.

1200 1382 1228 1408 A
1239 1380 1328 1407 dextra
1342 1388 1416 1419 parte
1426 1383 1603 1418 procuri-itur,
1623 1388 1651 1406 vt
1657 1380 1735 1416 spina
1749 1380 1792 1405 illa
1801 1399 1809 1411 ,
1828 1389 1856 1405 ac
1868 1387 1931 1406 metu
1946 1381 2020 1413 aclea,
2040 1382 2074 1408 ..d
2086 1384 2249 1419 quamflexus

1200 1414 1250 1448 est,
1270 1416 1367 1452 semper
1380 1414 1486 1454 sinistra
1497 1418 1550 1449 th,
1571 1418 1612 1441 cui
1624 1425 1669 1451 quo
1682 1418 1738 1450 quis
1754 1418 1860 1449 propior
1872 1414 1921 1448 est,
1941 1417 1984 1442 hoc
2004 1415 2051 1449 est,
2068 1417 2178 1479 rtsswc'iu
2199 1428 2250 1447 vna

1196 1454 1400 1486 procurrentium
1406 1449 1565 1484 sinisterior,
1581 1460 1605 1477 fo
1619 1454 1733 1477 maiorem
1740 1451 1808 1486 spem
1822 1450 1893 1477 haber
1907 1450 2028 1478 rifforiae
2042 1463 2049 1478 .·
2068 1454 2097 1488 sc
2134 1454 2197 1481 idem
2215 1462 2250 1482 et-

1158 1493 1186 1519 35
1201 1490 1251 1513 iam
1265 1485 1298 1520 est
1317 1487 1445 1519 interior,
1467 1485 1495 1511 id
1514 1484 1547 1518 cst
1564 1486 1641 1512 medio
1657 1488 1839 1521 propinquior,
1859 1492 1886 1512 ot
1905 1487 2020 1514 interior
2038 1497 2125 1515 comes
2139 1488 2188 1522 est,
2207 1494 2251 1526 qui

1198 1525 1304 1558 propius
1311 1529 1433 1558 parietem
1447 1521 1548 1548 incedit.
1587 1523 1655 1547 Haec
1665 1522 1781 1557 pluribus
1794 1520 1905 1548 declarat
1919 1529 1942 1548 et
1953 1523 2043 1559 probat
2051 1524 2128 1551 Corda
2140 1525 2173 1552 ad
2184 1526 2249 1554 Aen.

1202 1567 1226 1590 ς,
1240 1565 1295 1591 170.
1331 1558 1405 1593 Cous.
1426 1563 1535 1583 INTvs.

1242 1599 1421 1619 lN'rERIv
1434 1600 1463 1619 s.
1499 1593 1567 1618 Adu.
1603 1591 1699 1617 Seneca
1719 1590 1751 1617 de
1772 1591 1862 1618 Benef.
1879 1598 1910 1626 7,
1931 1600 1960 1618 10
1993 1592 2084 1620 Possim
2104 1595 2137 1621 de
2157 1601 2251 1624 natura

1202 1629 1293 1662 queri,
1314 1629 1386 1663 quod
1401 1637 1494 1654 aurum
1514 1633 1540 1653 et
1554 1633 1690 1660 argentum
1711 1635 1764 1652 non
1784 1627 1895 1654 interius
1915 1627 2089 1656 absconderit.
2154 1631 2252 1658 Fistula

1897 1662 1966 1688 Nidi
1981 1662 2128 1697 figurentur
2140 1666 2252 1693 interius

1203 1699 1278 1725 Idem
1301 1707 1357 1732 124.
1428 1699 1470 1725 Sic
1483 1699 1552 1724 Deus
1566 1698 1680 1723 interius
1697 1697 1808 1723 sentitur
1827 1703 1852 1722 et
1867 1697 1970 1723 inditur
1983 1698 2107 1725 medullis
2127 1701 2252 1728 Prudent.

1203 1735 1233 1761 in
1250 1735 1385 1768 Cypriano
1405 1743 1431 1760 v.
1445 1743 1485 1767 14.
1556 1733 1671 1758 Interius
1692 1731 1869 1765 perfricantur
1889 1740 1964 1758 nares
1983 1733 2102 1760 Scribon.
2118 1740 2140 1764 8.
2210 1738 2253 1763 In-

1203 1770 1286 1796 terius
1300 1770 1370 1795 trusa
1383 1769 1441 1794 lana
1459 1768 1497 1793 Id.
1506 1774 1565 1801 227.
1606 1766 1703 1792 Oratio
1715 1775 1749 1792 ne
1762 1766 1859 1792 insistat
1874 1766 1997 1800 interius,
2008 1777 2041 1796 ne
2056 1776 2176 1798 excurrat
2193 1772 2253 1800 lon.

1203 1805 1262 1837 gius
1276 1804 1333 1829 Cic.
1348 1803 1380 1828 de
1393 1803 1468 1828 Orat.
1480 1810 1501 1833 3,
1515 1806 1554 1830 188
1578 1809 1600 1825 c.
1614 1809 1660 1834 49.
1710 1824 1713 1827 ,

1241 1845 1283 1864 IN
1295 1839 1436 1869 Ti'MVS,
1455 1845 1487 1868 a,
1515 1844 1571 1861 11111.
1607 1835 1736 1870 Super-lat.
1780 1832 1940 1870 [ἕνδότικτος]
1996 1838 2050 1865 Cic.
2066 1840 2142 1868 Verr.
2189 1861 2198 1875 ,
2215 1850 2252 1875 99

1204 1882 1226 1898 c.
1241 1882 1272 1906 45
1298 1873 1330 1898 In
1342 1880 1374 1898 eo
1388 1872 1503 1898 sacrario
1518 1871 1616 1897 intimo
1631 1871 1683 1897 fuit
1696 1871 1795 1904 signum
1810 1872 1916 1898 Cereris
1929 1874 2126 1909 perantiquum.
2163 1850 2252 1904 ‘liedes

1205 1908 1244 1935 Id.
1258 1909 1335 1933 Verr.
1352 1916 1362 1933 1
1382 1916 1405 1934 e.
1419 1916 1458 1933 20.
1531 1906 1613 1932 Plaut.
1628 1906 1743 1932 Trucul.
1758 1914 1782 1938 2,
1796 1913 1823 1940 7,
1837 1915 1862 1937 41
1889 1907 1977 1933 Traxi
1995 1918 2026 1935 ex
2041 1911 2140 1938 intimo
2159 1919 2253 1940 ventre

1204 1943 1357 1977 suspirium.
1430 1941 1546 1975 Angulus
1558 1941 1624 1967 Hor.
1633 1941 1722 1967 carm.
1739 1949 1757 1971 1,
1771 1951 1794 1972 9,
1807 1949 1845 1967 21.
1913 1942 2019 1970 Nudata
2038 1946 2142 1980 leian.
2157 1948 2174 1974 l.
2187 1957 2198 1980 3
2218 1949 2251 1974 D.

1205 1978 1237 2003 de
1251 1977 1330 2002 arbit.
1402 1977 1458 2002 Cic.
1471 1975 1582 2002 Tuscnl.
1597 1984 1624 2008 4,
1637 1984 1664 2002 21
1691 1975 1845 2006 Discordia,
1862 1976 1902 2003 113
1920 1979 2042 2007 acerbior
2062 1981 2160 2008 intimo
2179 1983 2253 2010 Odio

1543 2011 1602 2037 Pars
1618 2011 1691 2038 vrbis
1705 2012 1799 2037 intima
1814 2011 1888 2038 Idem
1902 2014 1977 2040 Verr.
1994 2023 2016 2046 ς,
2028 2019 2072 2048 96.
2143 2018 2253 2046 Pediore

1202 2048 1291 2074 vritur
1304 2047 1402 2073 intimo
1418 2045 1513 2073 Catull.
1526 2054 1567 2078 59,
1582 2054 1638 2080 177.
1696 2047 1852 2073 Praecordia
1870 2048 1952 2074 Ouid.
1968 2051 2031 2076 Met.
2045 2061 2073 2084 4,
2087 2055 2144 2084 506,
2200 2055 2253 2081 An-

1204 2092 1253 2118 gor
1268 2083 1370 2109 intimis
1383 2081 1502 2108 Sensibus
1516 2081 1573 2108 Cic.
1587 2083 1641 2108 Att.
1656 2089 1680 2114 ς,
1694 2090 1732 2108 10.
1803 2082 1894 2108 Sermo
1916 2083 1953 2110 Id.
1967 2085 2049 2112 Tusc.
2066 2096 2091 2119 2,
2105 2095 2138 2120 51.
2195 2089 2253 2117 Ta-

1205 2118 1261 2145 &us
1283 2119 1340 2144 Cic.
1356 2118 1432 2143 Acad.
1446 2126 1480 2150 4,
1499 2119 1542 2150 76.
1739 2112 1759 2153 ff
1780 2124 1796 2142 2
1832 2118 1958 2151 Intimus,
1985 2121 2080 2154 Carus,
2098 2123 2254 2157 familiarIs,

1203 2156 1246 2188 qui
1263 2162 1318 2178 cum
1330 2154 1411 2186 aliquo
1425 2154 1491 2177 omni
1508 2158 1559 2176 tum
1574 2148 1723 2184 officiorum,
1741 2158 1793 2177 tum
1805 2153 2004 2189 consuctuditzis,
2023 2163 2074 2183 tum
2081 2159 2255 2192 lemiliarita-

1236 2222 1242 2227 ι
1300 2222 1305 2227 .
1452 2222 1456 2227 .
1651 2222 1655 2226 ²
1683 2187 1719 2219 Q
1731 2187 1814 2227 fratr.
1831 2196 1848 2219 i,
1864 2199 1882 2222 4
1900 2190 2026 2223 Intimus,
2043 2193 2196 2226 proximus,
2216 2196 2255 2222 fa-

1205 2221 1393 2248 miliarissimus
1413 2230 1523 2256 quisque
1543 2226 1588 2247 aut
1609 2221 1657 2247 sibi
1679 2228 1834 2255 pertimuit,
1859 2230 1920 2256 aut,
1941 2232 1986 2251 etc.
2073 2228 2167 2255 Intimi
2185 2232 2255 2265 regis

1206 2258 1276 2291 Nep,
1291 2266 1317 2289 9,
1332 2266 1357 2287 2,
1372 2265 1396 2283 2.
1468 2256 1574 2283 Habere
1587 2256 1704 2291 aliquem
1723 2258 1849 2284 intimum
1865 2259 1933 2286 Ter.
1947 2261 2013 2287 Eun.
2028 2270 2048 2294 1,
2062 2271 2085 2295 2,
2096 2271 2141 2298 47.
2197 2267 2253 2293 Cic.

1202 2301 1252 2327 pro
1265 2293 1340 2318 Rosc.
1355 2293 1444 2318 Amer.
1457 2295 1485 2318 16
1506 2291 1591 2318 Tecti
1605 2293 1653 2319 esse
1666 2293 1698 2318 ad
1711 2292 1811 2319 alienos
1826 2293 1960 2327 pollimus:
1986 2296 2076 2324 intimi
2088 2300 2168 2326 multa
2180 2310 2253 2336 aper-

1202 2328 1272 2354 tiora
1288 2327 1396 2354 videant
1413 2327 1512 2354 'necesse
1525 2327 1570 2353 est.
1665 2329 1777 2354 Intimus
1799 2329 1854 2354 sum
1873 2329 1931 2362 illi,
1957 2332 2141 2367 i.s.1mililzri5,
2160 2341 2255 2364 amicus

438 2360 459 2398 q
482 2373 494 2389 2
529 2362 574 2390 Ad
584 2364 669 2388 locum.
689 2363 762 2387 Intra
774 2360 864 2387 dentes
884 2361 966 2387 Plaut.
981 2361 1064 2387 Trin.
1100 2383 1106 2394 ‚
1122 2371 1144 2394 2,
1151 2366 1186 2390 60
1201 2362 1341 2397 cariffimus
1353 2373 1361 2388 .·
1382 2363 1464 2389 Plaut.
1477 2363 1563 2388 Truc.
1579 2371 1598 2394 1,
1613 2371 1633 2394 1,
1648 2365 1677 2388 61
1704 2363 1775 2388 Nam
1789 2372 1832 2389 me
1846 2364 1920 2390 fnisse
1934 2365 1996 2393 huic
2010 2368 2096 2396 fatcor
2110 2371 2253 2405 summum,

1202 2405 1282 2432 atque
1295 2399 1438 2424 intumum.
1484 2398 1542 2423 Cic.
1557 2397 1586 2422 in
1601 2397 1680 2422 Catil.
1696 2406 1718 2429 2,
1732 2406 1756 2429 9.
1827 2399 1887 2426 Erat
1903 2401 2012 2429 intimus
2026 2404 2153 2438 Dionysio
2167 2408 2253 2441 priori

1203 2435 1273 2469 Nep.
1288 2442 1326 2465 10,
1342 2442 1360 2465 1,
1373 2441 1395 2464 3.
1488 2432 1601 2458 Intimus
1616 2440 1641 2458 es
1657 2432 1773 2459 consiliis
1787 2434 1882 2461 nostris
1895 2446 1901 2461 :
1924 2439 1942 2463 i.
1963 2439 2011 2464 tibi
2022 2443 2067 2466 vni
2078 2446 2254 2470 committimur

1202 2469 1288 2501 nostra
1305 2471 1397 2501 intima
1414 2466 1515 2501 consiliu
1534 2468 1603 2494 Ter.
1621 2468 1701 2495 Andr.
1715 2477 1738 2500 3,
1752 2477 1776 2501 3,
1790 2478 1835 2503 44.
1903 2471 1934 2497 In
1948 2472 2050 2500 intimis
2068 2476 2180 2503 alicuius
2194 2479 2242 2505 esse

1197 2511 1247 2538 Pr⁰
1266 2503 1343 2530 Valde
1360 2503 1390 2529 ab
1407 2505 1489 2539 aliquo
1507 2506 1589 2529 amari
1607 2503 1663 2529 Cic.
1678 2505 1731 2529 Art.
1746 2513 1773 2536 4,
1790 2507 1818 2530 16
1843 2506 1935 2540 Itaque
1957 2507 1984 2533 in
1999 2509 2102 2537 intimis
2122 2512 2158 2539 est
2177 2500 2253 2540 meis’

1259 2573 1266 2578 ,
1404 2574 1408 2578 ῃ
1712 2539 1894 2567 Consiliorum
1912 2542 2053 2578 intimum,
2067 2554 2117 2581 pro
2132 2534 2252 2576 Intimurri

1201 2576 1326 2608 confilium
1340 2574 1431 2600 Tacit.
1445 2574 1512 2599 Ann.
1529 2582 1564 2606 15,
1578 2575 1615 2599 61.

1238 2617 1248 2635 1
1260 2611 1330 2635 NT'i'
1339 2616 1403 2635 ME.
1439 2608 1507 2635 Adn.
1544 2606 1697 2643 [monim]
1733 2610 1788 2636 Cic.
1806 2612 1938 2645 QFratr.
1954 2622 1974 2644 1,
1988 2623 2010 2647 2,
2029 2623 2046 2642 2
2074 2618 2196 2651 Qlamlm
2215 2620 2252 2646 al-

1202 2650 1258 2673 tera
1274 2645 1311 2671 est
1329 2644 1361 2671 de
1373 2644 1520 2671 Blaudenio
1534 2643 1667 2678 Zeuxide,
1686 2654 1765 2680 quein
1787 2646 1879 2673 scribis
1898 2649 2065 2678 certislimum
2084 2654 2251 2682 matricidam

1202 2680 1254 2707 tibi
1269 2690 1283 2707 a
1297 2689 1339 2707 me
1352 2681 1446 2706 intime
1460 2679 1650 2706 commendari.
1721 2683 1752 2707 Et
1765 2682 1841 2716 Apul.
1856 2684 1921 2712 Met.
1936 2694 1948 2711 2
1967 2695 1992 2720 p.
2007 2692 2056 2717 118.
2091 2691 2122 2715 it.
2134 2690 2212 2725 Apol.
2225 2701 2251 2726 p.

93 2719 232 2745 Oceanum
246 2718 299 2744 iam
313 2718 401 2744 nullus
414 2717 464 2748 cst,
478 2725 564 2751 neque
577 2715 968 2750 tamlonginquiis,11eqnetam
982 2715 1186 2748 reconditus,70
1203 2723 1253 2749 518,
1269 2726 1297 2743 10
1317 2717 1382 2742 Flor.
1404 2716 1471 2742 Arto
1486 2715 1663 2742 contubernio
1677 2715 1771 2743 intime
1784 2718 1899 2746 iunctus.

95 2763 152 2788 quo
164 2762 218 2779 non
231 2761 277 2780 etc.
313 2755 394 2779 Etiam
413 2752 442 2779 de
460 2753 505 2779 hoc
518 2751 660 2787 disputatur
678 2751 748 2777 Gell.
764 2759 798 2782 12,
812 2759 850 2783 13,
868 2751 931 2776 illud
943 2750 1025 2781 recle,
1041 2752 1144 2778 Terras

95 2789 258 2816 demonstrat
271 2798 379 2821 omnes,
398 2797 465 2823 quae
479 2788 587 2814 Oceano
605 2786 775 2819 ambiuntur,
790 2786 821 2812 ad
834 2795 896 2821 quas
911 2795 925 2812 a
943 2786 1038 2813 nostris
1057 2787 1144 2813 homi-

95 2825 176 2852 nibus
187 2824 256 2852 adiri
269 2824 368 2859 potest,
385 2833 452 2859 quae
470 2824 528 2849 sunt
546 2823 610 2850 eitra
623 2824 759 2850 Oceanum
772 2828 817 2848 etc.
891 2822 970 2849 Plaut.
983 2823 1069 2849 Truc.
1082 2831 1107 2855 2,
1121 2831 1142 2855 3.

95 2869 129 2892 30
148 2861 239 2887 Sentio
253 2860 353 2894 aperiri
368 2860 457 2892 sores,
471 2861 546 2893 Qiae
565 2858 723 2889 obsorbent,
737 2857 868 2892 quidquid
888 2858 961 2884 venit
980 2858 1048 2884 intra
1063 2860 1143 2885 Pessu-

95 2932 170 2960 Intra
184 2932 273 2959 Tecta
294 2939 390 2958 vocare
411 2931 527 2966 aliquem
546 2931 620 2964 Virg.
635 2931 700 2956 Aen.
720 2937 747 2964 7,
765 2932 817 2959 168.
888 2929 948 2956 Liu.
964 2938 1005 2963 34,
1018 2933 1048 2956 62
1081 2931 1144 2956 Car-

95 2967 274 3001 thaginienses
288 2967 348 2994 iure
363 2966 459 2993 finium
478 2966 579 2993 causam
598 2965 754 2998 tuebantur,
772 2964 843 3000 quod
857 2974 918 2999 ager
931 2966 999 2991 intra
1014 2974 1058 2992 eos
1071 2966 1144 2992 Ter-

95 3003 187 3030 uii'nos
217 3004 285 3030 esset.
488 2999 509 3038 ff
535 3010 548 3034 3
585 3001 687 3028 Modum
717 3000 834 3037 quendam
861 3008 885 3027 et
913 3005 1031 3028 terminos
1062 3008 1143 3028 notat.

98 3037 229 3072 Quinehl.
244 3047 276 3070 11,
289 3046 302 3070 3
323 3037 460 3065 Hortensii
477 3037 571 3072 scripta
584 3043 686 3064 tantum
705 3036 775 3063 intra
794 3037 891 3063 famam
905 3038 972 3063 sunt.
995 3040 1013 3063 i.
1035 3039 1091 3064 Non
1106 3047 1143 3064 re-

90 3073 325 3112 Jpondentfizmae,
341 3074 432 3105 Nihil,
444 3081 488 3100 out
496 3081 587 3109 porum
599 3073 688 3100 habe-u
696 3072 792 3108 famae.
831 3074 912 3098 Huius
931 3076 1084 3099 contrarium
1100 3071 1143 3106 est,
1154 3075 1186 3101 80

1071 3110 1144 3135 Intra

1000 3145 1072 3170 Intra
1087 3144 1142 3178 glo-

97 3110 176 3144 ⁴Vltra
188 3110 300 3136 samam:
319 3118 342 3144 q.
356 3119 376 3136 e.
397 3111 519 3145 perquam
537 3110 656 3141 multum,
666 3110 725 3143 plu5
742 3117 814 3144 quam
825 3108 944 3136 creditum
958 3107 999 3141 est.

97 3146 235 3172 fortunam
249 3146 327 3171 -suam
348 3146 465 3179 Propert.
481 3153 504 3177 3,
518 3149 542 3177 8,
554 3153 579 3171 2.
613 3144 694 3171 Ouid.
708 3143 792 3171 Trist.
812 3152 834 3177 3,
847 3153 875 3178 4,
888 3146 926 3170 26.

97 3182 168 3208 riam
188 3180 287 3207 facinus
305 3180 374 3212 fuit,
398 3184 416 3207 i.
435 3182 524 3208 Minus
541 3182 624 3217 gloria
645 3181 717 3207 Flor.
737 3189 758 3213 1,
775 3189 798 3212 3,
817 3188 838 3213 5.
876 3180 949 3216 Conf.
970 3179 1008 3206 Id.
1029 3189 1057 3213 4,
1071 3189 1102 3213 11,
1117 3189 1140 3213 9.

62 3213 63 3218 ¹
98 3215 173 3244 Intra
187 3216 248 3242 haec
261 3216 334 3243 enim
345 3216 382 3242 est
390 3217 476 3243 omnis
484 3216 661 3251 vituperatio:
677 3219 695 3242 i.
717 3217 748 3242 In
759 3215 798 3243 his
810 3214 919 3250 confiflit
933 3215 1061 3249 anffil.
1075 3219 1101 3248 6,
1114 3226 1142 3250 4.

99 3252 192 3279 Tacit.
205 3252 274 3277 Ann.
288 3260 311 3284 2,
324 3259 354 3286 71
367 3258 412 3287 pr.
440 3252 467 3278 Si
489 3251 544 3279 fato
564 3252 752 3284 concederem,
773 3251 853 3278 iustus
874 3251 941 3278 mihi
962 3251 1041 3277 dolor
1061 3253 1142 3278 etiam
1157 3256 1186 3284 85

97 3283 223 3315 aduersus
242 3286 304 3313 deos
321 3288 398 3320 esset,
423 3287 496 3322 quod
515 3297 557 3314 ine
578 3287 747 3323 parentibus,
767 3287 874 3320 liberis,
895 3288 994 3321 patriae
1015 3287 1083 3314 intra
1102 3288 1141 3313 in-

100 3330 206 3350 ventam
219 3328 386 3356 praematuro
399 3324 473 3350 exitu
487 3329 617 3358 raperent.
689 3322 745 3350 Cic.
758 3324 828 3350 Fam.
841 3332 867 3356 9,
881 3325 915 3349 26
937 3322 1078 3356 Epulamur
1091 3332 1143 3349 vna

100 3368 155 3386 non
176 3358 258 3385 modo
276 3366 331 3383 non
345 3364 436 3386 contra
448 3359 533 3394 legem
548 3359 582 3391 (si
595 3359 648 3386 vlla
660 3368 729 3386 nunc
742 3359 784 3386 lex
798 3359 853 3391 est)
869 3359 911 3384 sed
931 3359 1009 3384 etiam
1023 3359 1092 3386 intra
1106 3359 1143 3385 le-

100 3404 170 3429 gem.
191 3397 210 3420 i.
228 3395 318 3420 Minus
335 3393 511 3429 confiimi'nius,
530 3405 600 3431 quam
612 3394 776 3431 praescripsit
796 3397 844 3421 Iex.
881 3394 954 3428 Conf.
975 3394 1043 3421 Gell.
1060 3404 1094 3428 12,
1112 3403 1143 3427 ¹3·

99 3431 174 3458 Intra
194 3438 236 3455 me
255 3429 377 3455 futurum
397 3429 447 3462 est,
467 3434 486 3457 i.
501 3431 578 3467 Apud
588 3441 623 3457 me
636 3438 659 3457 ct
671 3431 764 3466 secreto
783 3430 848 3457 Plin.
863 3430 940 3464 Epist.
956 3438 979 3462 3,
996 3439 1032 3457 10.

101 3471 142 3493 tra
155 3465 279 3492 modum:
305 3464 360 3491 Cic.
375 3465 446 3491 Fam.
460 3474 489 3499 4,
503 3477 520 3500 4
543 3466 649 3493 Modice
663 3466 713 3493 hoc
726 3466 820 3493 faciam
831 3487 839 3499 ,
858 3472 901 3493 aut
914 3466 993 3492 etiam
1006 3467 1074 3493 intra
1087 3475 1143 3493 mo-

102 3501 174 3528 dum.
195 3503 212 3526 i.
232 3501 321 3527 Minus
342 3509 416 3535 quam
439 3501 539 3529 modice.
576 3504 650 3529 Hunc‘
668 3505 745 3529 locum
757 3501 796 3536 fic
814 3504 920 3537 explicat
940 3501 1041 3528 Gellius
1061 3511 1098 3534 12,
1118 3511 1142 3534 13

100 3533 211 3564 Modice
235 3536 338 3562 dixerat
358 3535 408 3562 hoc
430 3536 541 3568 faciam,
558 3538 578 3565 i.
599 3539 667 3565 Cum
687 3537 769 3564 modo
791 3546 876 3573 aequo
894 3544 919 3564 et
939 3537 1005 3572 pari.
1041 3537 1144 3565 Deinde

66 3592 75 3594 κ
101 3572 174 3608 quasi
196 3571 247 3598 hoc
267 3570 433 3606 displiceret,
452 3577 478 3598 et
491 3573 625 3607 corrigere
645 3574 672 3600 id
691 3573 787 3608 vellet,
799 3573 917 3605 addidit,
940 3574 990 3599 Aut
1008 3573 1088 3599 etiam
1104 3573 1142 3599 in-

101 3615 143 3635 tra
162 3606 287 3633 modum:
316 3615 362 3641 per
381 3606 454 3642 quod
473 3608 561 3634 minus
581 3610 632 3636 sese
653 3609 766 3637 ostendit
784 3610 811 3636 id
830 3610 961 3636 faciurum
982 3610 1045 3642 esse,
1063 3617 1142 3644 quam
1158 3615 1191 3641 95
1206 3619 1261 3644 quo
1275 3609 1419 3640 consueuit,
1437 3608 1563 3635 libentius
1577 3614 1676 3640 vtatur,
1696 3616 1774 3642 qnam
1790 3608 1931 3635 intractato
1947 3615 1973 3635 et
1987 3618 2069 3636 nouo.

102 3643 175 3678 quod
195 3643 255 3669 fieri
274 3642 380 3669 modice
400 3641 545 3670 videretur.
567 3644 586 3670 i.
600 3653 623 3671 e.
647 3646 712 3673 Non
724 3645 754 3672 ad
775 3646 860 3681 ipsum
877 3644 1003 3677 modum,
1017 3644 1058 3671 sed
1072 3650 1144 3672 retro

100 3679 265 3714 Paullulum,
285 3684 311 3704 et
331 3678 397 3708 citra
415 3678 534 3705 modum.
571 3680 644 3716 Conf.
657 3682 718 3709 Liu.
734 3692 754 3714 i,
766 3690 807 3715 43.
843 3681 932 3708 Tacit.
947 3681 1014 3706 Ann.
1029 3689 1052 3713 3,
1066 3688 1108 3715 72,
1122 3688 1144 3712 3.

102 3715 176 3742 Intra
199 3713 309 3740 modum
334 3713 479 3748 loquendi,
498 3717 517 3740 i.
540 3715 598 3740 Non
615 3717 683 3743 vltra
697 3718 843 3753 sermonem.
885 3715 1015 3750 Quinem.
1036 3725 1070 3748 11,
1091 3726 1100 3747 3
1118 3725 1144 3750 p.

103 3759 167 3784 1007
181 3749 207 3777 b.
228 3750 272 3776 Ne
283 3749 400 3776 dicamus
413 3750 506 3776 omnia
519 3749 639 3781 clamose,
656 3754 728 3786 quod
742 3754 875 3780 insanum:
893 3758 938 3779 ant
950 3752 1019 3778 intra
1034 3751 1144 3786 loquen-

102 3784 133 3812 di
143 3785 268 3815 modum,
288 3785 360 3820 quod
374 3791 449 3812 motu
462 3791 541 3812 caret.

103 3822 188 3848 Silere.
225 3821 292 3848 Plin.
308 3821 385 3855 Epist.
399 3830 427 3854 4,
445 3828 473 3855 17
502 3822 592 3855 Qium
606 3821 677 3848 forte
695 3823 727 3849 de
740 3825 817 3852 bonis
837 3824 977 3851 iuuenibus
991 3822 1060 3857 apud
1074 3823 1144 3849 Ner-

104 3865 165 3883 vam
178 3857 366 3892 imperatorem
386 3858 474 3883 sermo
494 3856 638 3889 incidisset,
658 3863 684 3883 et
701 3859 822 3895 plerique
843 3870 884 3886 me
899 3859 1019 3886 laudibus
1033 3859 1143 3890 ferrent,

67 3900 70 3902 ’
102 3891 237 3930 Corellius
255 3893 397 3928 paullisper
417 3893 442 3919 se
457 3893 526 3919 intra
544 3892 677 3919 silentium
690 3895 788 3921 tenuit:
812 3896 906 3923 deinde
923 3895 1052 3930 grauitate
1064 3903 1143 3929 quain

77 3931 79 3933 ’
105 3935 197 3958 110135,
211 3929 320 3957 Necesse
333 3929 384 3961 est,
400 3929 499 3963 inquit,
513 3935 558 3955 etc.
628 3929 700 3954 Intra
715 3930 784 3963 spem
796 3933 890 3959 veniae
902 3938 992 3958 cautus
1006 3932 1071 3957 Hor.
1086 3931 1142 3956 Art.

96 3969 133 3988 w.
146 3965 207 3990 266.

258 4006 340 4031 VOL.
363 4002 401 4030 ll.

95 2896 147 2922 los.
219 2896 300 2923 Nosse
312 2896 451 2930 Regiones,
468 2896 537 2921 intra
550 2903 613 2929 quas
627 2894 721 2920 venire
735 2893 829 2920 debeas
843 2894 898 2920 Cic.
912 2893 943 2919 dc
952 2894 1024 2921 Orat.
1040 2903 1052 2920 2
1066 2904 1088 2920 c.
1103 2903 1141 2929 34.
1155 2898 1187 2926 75
1195 2857 1395 2921 {celliiitmffl'll'ae
1411 2893 1481 2920 Hist.
1495 2902 1521 2926 2,
1534 2895 1579 2926 69,
1591 2902 1615 2919 2.

1102 3432 1143 3457 In.
1149 3436 1185 3461 90

613 3787 684 3813 Intra
696 3789 826 3816 silentium
841 3791 866 3816 se
881 3795 985 3820 tenere,
1004 3787 1067 3813 idem
1080 3786 1144 3822 quod
1150 3795 1198 3814 100
1205 3789 1293 3822 aspera
1312 3788 1428 3815 Seruius.

278 3966 352 3992 Intra
364 3965 445 3991 verba
464 3972 588 3999 pecca-te,
605 3967 623 3991 i.
647 3966 703 3990 Non
717 3966 787 3992 vltra
801 3968 891 3995 verba:
916 3967 1025 3996 Curtius
1038 3974 1066 4002 7,
1081 3975 1100 3999 i,
1114 3973 1195 4000 25105
1204 3965 1401 3994 administrator
1414 3965 1470 3991 eius
1483 3965 1583 3992 Romae
1601 3964 1654 3997 est,
1678 3971 1730 3992 AD
1750 3971 1797 3992 VR
1806 3968 1845 3990 ΒΕ
1854 3969 1880 3988 Μ
1901 3959 2007 3987 dicitur.

1240 2759 1281 2778 lN
1294 2758 1401 2778 TERN
1414 2758 1473 2783 vs,
1498 2759 1523 2783 a,
1544 2760 1598 2777 11111.
1634 2750 1694 2783 Adi.
1729 2759 1758 2778 vt
1778 2753 1807 2779 ab
1821 2754 1899 2781 Extra
1912 2755 2049 2784 externus.
2084 2759 2142 2786 Cum
2160 2764 2188 2787 in
2207 2761 2253 2789 du-

1201 2787 1266 2814 bium
1286 2785 1391 2820 uocoffet
1408 2785 1583 2813 aufloritatem
1602 2786 1674 2813 huius
1693 2791 1816 2821 nominis,
1832 2792 1945 2824 plurima
1965 2792 2032 2818 illius
2049 2797 2157 2830 exempla
2175 2797 2253 2824 Sene-

1202 2832 1265 2856 cae,
1284 2823 1382 2855 Plinii,
1398 2822 1511 2855 Taciti,
1530 2821 1645 2857 congegfflt
1658 2823 1774 2860 Borrich.
1785 2824 1905 2860 Cogitatt.
1919 2833 1949 2862 p.
1962 2837 2010 2862 144
2023 2829 2065 2864 sq.
2103 2831 2184 2858 Nobis
2192 2833 2253 2868 fi‘f·

1433 2859 1508 2892 Ignes
1527 2858 1584 2884 Sen.
1598 2858 1783 2899 Qaest3Nat.
1804 2862 1835 2891 6,
1857 2868 1899 2895 27.
1969 2864 2054 2890 Maria
2073 2865 2138 2892 Plin.
2156 2876 2189 2899 2,
2210 2872 2251 2898 68.

1688 2894 1842 2921 Discordiae
1862 2895 1902 2923 Id.
1917 2898 1984 2924 Ann.
1998 2908 2019 2931 z,
2033 2902 2074 2931 26,
2087 2909 2112 2927 2.
2169 2903 2250 2930 Ouid.

1202 2931 1268 2956 Her.
1293 2937 1320 2964 7,
1342 2937 1376 2961 113
1415 2928 1521 2955 Occidit
1540 2929 1656 2956 internas
1676 2930 1773 2956 coniux
1793 2930 1898 2964 (Didiis
1917 2934 2053 2969 sichaeus)
2072 2937 2197 2964 metatus
2217 2939 2251 2967 ad

1203 2974 1276 2997 aras,
1301 2969 1319 2992 i.
1340 2965 1436 2990 deorum
1452 2966 1589 2990 Penatium.
1626 2964 1675 2991 Sed
1686 2966 1753 2991 Iocus
1764 2964 1797 2999 cst
1814 2967 1901 2994 dubius
1913 2969 1985 2995 valde
1999 2980 2007 2995 :
2037 2978 2060 2997 et
2077 2982 2126 2998 non
2145 2974 2209 3000 alias
2223 2978 2251 3000 in

1201 3008 1253 3028 tam
1262 3000 1395 3036 frequenti
1408 2999 1528 3033 occasione
1541 3000 1599 3036 usus
1612 2998 1646 3034 ‘st
1660 3010 1685 3027 eo
1699 3005 1795 3028 nomine
1808 3004 1893 3030 Poeta.
1930 3005 2015 3040 Igitur
2028 3007 2097 3034 vltra
2110 3016 2252 3045 argenteam

1201 3043 1304 3064 aetatem
1323 3045 1371 3062 non
1389 3035 1507 3071 ascendit.

1238 3079 1279 3098 1Ν
1289 3079 1310 3098 Τ
1320 3078 1334 3097 Ε
1344 3079 1393 3098 RN
1402 3078 1428 3099 E.
1464 3071 1532 3098 Adu.
1564 3072 1668 3108 Legitur
1681 3081 1697 3098 a
1709 3071 1854 3108 quibusdam
1867 3073 1936 3109 apud
1947 3076 2045 3103 Auton.
2060 3076 2092 3104 de
2106 3078 2249 3106 Clanvtb.

1204 3108 1232 3134 in
1247 3107 1388 3141 Burdigala
1407 3117 1433 3133 v.
1451 3111 1490 3140 1'4.

1238 3150 1247 3169 1
1261 3150 1283 3169 N
1294 3151 1315 3170 T
1324 3150 1342 3168 R
1353 3150 1373 3168 Α
1384 3149 1400 3169 c
1416 3149 1431 3168 L
1441 3149 1462 3168 v
1471 3151 1483 3170 s
1494 3150 1514 3169 v
1524 3150 1536 3169 s
1545 3162 1554 3175 ,
1572 3151 1596 3174 a,
1614 3151 1668 3168 um.
1705 3141 1765 3168 Adi.
1803 3143 1944 3179 Qiidquid
1958 3146 2055 3180 minus,
2075 3157 2155 3183 quam
2168 3149 2250 3177 intra-

1202 3179 1302 3206 clusum
1316 3178 1369 3212 est,
1388 3179 1471 3205 fuerit
1489 3178 1640 3213 assignatum
1653 3179 1752 3212 Aggen.
1767 3178 1833 3205 Vrb.
1855 3188 1879 3213 p.
1897 3189 1934 3213 49
1955 3183 2023 3218 (ἕω-[ζ

1239 3237 1248 3256 1
1260 3236 1281 3256 Ν
1293 3237 1314 3257 T
1323 3237 1371 3256 RA
1380 3236 1401 3255 N
1412 3236 1427 3255 E
1437 3235 1493 3261 vs,
1515 3238 1538 3260 a,
1558 3238 1612 3255 um.
1649 3228 1711 3254 Adi.
1747 3228 1836 3255 Sidon.
1861 3232 1879 3256 i.
1894 3233 2016 3259 internus.

1238 3286 1450 3307 INTRARIV
1462 3286 1475 3306 s
1486 3299 1493 3310 ‚
1512 3288 1537 3311 a,
1557 3288 1609 3319 um.
1646 3278 1706 3318 Adi.
1743 3277 1914 3315 [ἐνδομυχός]
1948 3285 1967 3309 i.
1983 3284 2099 3310 Intimus.
2133 3283 2250 3318 Plautus,

1202 3316 1284 3343 Caros
1303 3316 1386 3348 mihi,
1406 3321 1484 3350 atque
1500 3315 1627 3341 intrarios
1640 3322 1748 3340 31111005.

1239 3366 1249 3384 1
1259 3366 1280 3385 N
1292 3365 1312 3384 T
1322 3367 1340 3386 R
1352 3358 1373 3386 Ᾰ
1383 3366 1449 3392 Ho,
1476 3360 1529 3385 ere.
1566 3358 1644 3393 Apul.
1659 3359 1723 3384 Met.
1738 3365 1752 3391 ς
1772 3368 1797 3393 p.
1810 3361 1867 3395 167,
1884 3369 1916 3387 22
1936 3362 2045 3389 Elmenh.
2072 3362 2187 3390 Sulcatos
2208 3363 2248 3390 in.

1203 3394 1308 3423 trahens
1321 3396 1432 3430 gressus,
1460 3394 1488 3420 de
1505 3396 1627 3421 Dracone.

1240 3439 1249 3457 1
1260 3438 1281 3457 N
1292 3437 1313 3455 T
1326 3438 1344 3457 R
1359 3438 1378 3456 A
1390 3436 1407 3457 c
1416 3437 1437 3456 T
1446 3437 1456 3455 1
1467 3437 1485 3457 o
1495 3449 1503 3462 ,
1526 3429 1590 3456 anis.
1626 3429 1646 3456 f.
1682 3429 1746 3456 Plin.
1762 3437 1788 3464 7,
1803 3438 1831 3456 12
1850 3430 1979 3458 Intrafflo
1993 3432 2098 3467 linguae
2112 3438 2138 3459 et
2152 3434 2249 3460 sermo-

1203 3467 1244 3493 nis
1261 3467 1399 3493 tumultus.
1441 3465 1498 3493 Vid.
1514 3465 1614 3501 Salmafi
1630 3468 1657 3491 in
1671 3465 1754 3491 Solin.
1775 3475 1800 3499 p.
1817 3474 1855 3498 29.

1241 3509 1249 3527 1
1260 3509 1282 3528 Ν
1292 3510 1313 3528 T
1324 3509 1344 3528 R
1357 3509 1377 3529 A
1387 3508 1404 3529 c
1413 3508 1434 3527 'r
1445 3502 1467 3528 Ᾱ
1479 3507 1502 3528 Τ
1512 3509 1533 3527 ν
1543 3508 1555 3528 s
1563 3521 1572 3533 ,
1592 3510 1616 3533 a,
1637 3509 1691 3527 um.
1719 3501 1779 3530 Adi.
1806 3499 1963 3535 [οἱδάμκςος]
1988 3503 2104 3530 Nondum
2113 3503 2250 3536 tractatus,

1204 3537 1291 3569 rudis,
1309 3547 1395 3564 nouus.
1448 3537 1504 3564 Cic.
1518 3536 1550 3563 de
1563 3536 1671 3563 Amicit.
1686 3543 1721 3571 70
1741 3546 1761 3563 c.
1779 3545 1807 3569 19
1839 3537 1921 3571 Atqui
1941 3537 1969 3563 in
1985 3537 2041 3572 ipso
2062 3548 2132 3574 equo
2155 3540 2250 3572 (cuius

1205 3573 1288 3600 modo
1301 3574 1464 3600 mentionem
1480 3572 1551 3605 feci)
1569 3572 1587 3599 fi
1600 3572 1673 3598 nulla
1690 3581 1730 3598 res
1745 3572 1888 3606 impediat,
1907 3581 1986 3599 nemo
2003 3573 2055 3606 est,
2075 3576 2123 3610 qui
2137 3584 2190 3602 non
2206 3585 2248 3607 co,

2112 3610 2248 3638 VId.Cael.·

1205 3647 1270 3672 Aur.
1286 3646 1362 3672 Acut.
1376 3654 1398 3677 3,
1412 3652 1433 3677 5.
1487 3645 1561 3671 Grat.
1577 3644 1675 3678 Cyneg.
1695 3652 1720 3669 v.
1737 3652 1789 3676 134.

1242 3688 1251 3706 1
1262 3688 1284 3707 N
1296 3688 1373 3708 ΤΚΛ
1382 3688 1398 3708 c
1407 3687 1427 3706 T
1436 3686 1457 3706 Α
1467 3682 1525 3707 13'1'1.
1535 3687 1544 3705 i
1554 3687 1582 3711 s,
1609 3688 1632 3705 e.
1669 3678 1729 3705 Adi.
1765 3677 1992 3715 [οἷμεταχάμς-ος]
2027 3681 2093 3707 ΡΙίη.
2109 3689 2144 3711 19,
2163 3687 2177 3711 ,-
2199 3679 2246 3705 Vi-

1205 3725 1250 3742 rus
1265 3717 1307 3743 illi
1323 3715 1489 3744 intractabile
1503 3715 1548 3741 est.
1618 3715 1695 3741 Aetas
1709 3714 1774 3741 dura
1788 3721 1814 3741 et
1826 3715 2002 3742 intractabilis
2017 3717 2102 3743 Senec.
2115 3714 2192 3747 Epist.
2204 3721 2246 3746 25.

1206 3753 1317 3779 Animus
1336 3752 1375 3778 Id.
1390 3751 1499 3787 Hippol.
1520 3761 1546 3777 v.
1563 3757 1612 3785 271.
1684 3750 1780 3777 Bruma
1797 3751 1892 3785 Virgil.
1907 3751 2002 3785 Georg.
2020 3760 2038 3783 1,
2052 3758 2099 3776 211.
2135 3750 2206 3775 Dura
2219 3757 2245 3775 et

1497 3787 1585 3813 Genus
1599 3785 1767 3813 intractabile
1779 3786 1852 3813 bello
1865 3787 1941 3821 Virg.
1949 3788 2012 3813 Aen.
2028 3794 2045 3813 1.
2058 3792 2111 3816 339.
2176 3784 2246 3810 Loca

1204 3823 1308 3858 frigore
1321 3822 1502 3850 intractabilia
1517 3822 1606 3848 Iustin-
1617 3831 1659 3855 24,
1672 3831 1699 3854 4.
1794 3823 1906 3858 Compar.
1935 3821 2000 3847 Gell.
2014 3824 2053 3851 18,
2069 3826 2085 3853 7
2110 3819 2244 3845 Domitius

1204 3865 1259 3886 erat
1272 3865 1364 3886 natura
1377 3857 1572 3885 intrac'tabilior
1586 3863 1612 3884 et
1628 3856 1767 3884 morosior.

1242 3901 1372 3922 iNTRA
1382 3902 1405 3920 M
1415 3901 1434 3919 V
1444 3895 1591 3925 RA‘st‚
1611 3901 1641 3925 a,
1663 3902 1716 3919 um.
1754 3891 1814 3919 Adi.
1850 3890 1976 3917 Asconius
1995 3889 2023 3915 in
2036 3889 2113 3915 Verr.
2127 3897 2139 3914 2
2166 3897 2190 3921 p.
2205 3896 2244 3920 115

1205 3930 1299 3957 Omnis
1314 3929 1494 3964 magistratus,
1514 3928 1562 3963 qui
1578 3929 1772 3955 irin-amuranus
1787 3937 1840 3954 non
1852 3926 1900 3958 est,
1921 3933 1966 3950 nec
1981 3923 2242 3986 ivi-bangbl‘etiam'dfi

2082 3965 2093 3985 t
2131 3967 2213 3992 ainpri
2235 3979 2241 3985 .

1431 4007 1450 4035 7
1469 4000 1497 4027 N
2134 3994 2242 4028 Heliog.
