2479 4225
662 168 699 211 D
803 170 818 208 Ι
913 170 938 207 S

295 196 362 232 199

295 269 360 294 sunt.
429 263 481 289 Cic.
498 261 625 287 deDiuin.
642 270 662 292 1,
676 269 702 292 91
732 259 788 284 Nec
805 257 940 295 quisquam
953 261 997 279 rex
1012 251 1242 293 Persarumpotest
1257 251 1315 290 effe,

295 303 404 336 quinon
419 304 476 323 ante
491 297 630 329 Magorum
646 295 808 327 disciplinam
823 292 1008 322 scientiamque
1027 293 1179 323 perceperit.
1235 287 1317 312 D1st1.

756 328 808 353 vui.
833 327 901 349 Vera
920 329 946 349 et
964 323 1082 350 absoluta
1103 322 1269 357 eloquentia,
1290 324 1318 346 in

293 337 362 370 plina
383 332 564 365 intelligendi,
583 338 606 357 et
621 329 739 358 dicendi,
1220 360 1223 363 Ι
1257 360 1260 363 Ι

1135 368 1148 383 ιι
1168 356 1237 388 endi,
1250 357 1316 392 1psa-

293 374 508 404 ELOQVENTIA.
699 361 719 398 q
738 371 751 388 2
788 358 920 392 Instituta,
937 368 1030 391 mores,
1050 363 1115 385 ratio

291 414 335 440 que
349 413 391 428 ars
406 402 471 433 adeo,
487 411 556 436 quam
575 403 629 434 quis
641 408 655 424 α
667 396 783 432 magfflro
803 394 907 425 didicit,
924 395 964 420 val
974 394 1024 430 ipse
1036 367 1209 429 afim-safffione
1221 400 1317 432 compa,
1340 396 1353 422 5
1383 391 1498 425 Epist-5,
1511 402 1555 426 40-

291 442 373 469 rauit,
386 437 528 471 Disciplina
542 440 667 460 vocantur.
738 431 816 456 Plaut.
831 428 900 454 Afin.
917 438 933 459 1,
946 437 966 461 3,
980 438 1016 463 49
1036 430 1130 456 Eadem
1138 436 1189 468 'nos
1203 427 1317 461 discipli-

292 483 323 499 na
336 474 443 498 vtimur.
514 471 568 497 Cic.
583 476 629 501 pro
644 466 732 492 Rabir.
748 470 778 494 28
809 463 915 490 Adeone
927 465 1030 499 ignarus
1042 474 1067 490 es
1080 463 1243 502 disciplinae,
1256 471 1318 489 con—

291 507 486 540 suetudinisque
505 503 621 531 nostrae?
689 501 760 527 Idem
777 501 827 531 Q.
843 500 910 525 Frat.
925 508 943 530 1,
958 509 967 526 1
995 501 1066 526 Haec
1081 499 1228 529 institutio,
1240 504 1318 532 atque

293 544 355 570 hacc
369 542 518 576 disciplina,
541 536 622 571 potest
637 535 760 561 sustinere
780 535 807 559 in
821 533 898 560 rebus
918 535 1073 567 statuendis,
1091 533 1319 568 discernendisque

291 587 348 605 cam
363 578 539 605 seueritatem,
553 581 618 606 qua,
632 578 691 609 εκ.Δ
760 605 763 608 Ι
1019 606 1024 610 Ι
1164 605 1168 610 η
1201 605 1205 609 ν
1239 604 1243 608 ’

290 614 363 641 Idem
378 622 424 647 pro
439 612 523 637 Deiot.
537 613 566 636 28
591 607 693 632 Imitari
711 611 797 638 potius
811 605 902 631 Castor
919 615 964 632 aui
986 612 1026 631 tui
1044 615 1130 632 mores
1144 604 1319 638 disciplinam-

312 658 344 674 ue
364 647 480 674 debebas.
550 642 707 675 Disciplinae
728 645 812 673 partes
830 641 949 667 Scribon.
970 641 1047 675 Epist.
1071 645 1089 666 i.
1114 644 1180 667 artis
1205 639 1319 665 medicae.

293 684 364 719 Conf.
386 679 478 708 Pallad.
495 687 511 709 ι,
528 686 546 703 1·
573 686 609 709 12,
622 685 658 710 17·
681 683 714 706 ¹32
728 683 749 706 3-
786 676 826 701 Sic
841 674 873 708 eft
893 677 959 711 apud
973 677 1028 702 Val.
1043 677 1112 702 Max.
1127 682 1204 710 caput
1224 675 1256 701 de
1269 675 1320 701 Mi-

294 719 363 745 litari
383 714 516 748 disciplina
535 721 566 744 z,
581 719 606 745 7.
627 714 645 736 i.
666 710 694 735 de
712 709 878 745 obstruntione
895 712 1009 738 bonorum
1025 721 1116 738 morum
1133 715 1200 738 inter
1219 712 1320 743 milne-s,

747 570 835 595 Mores
854 576 880 596 et
897 570 1033 610 disciplina
1051 571 1106 596 Cic.
1126 579 1175 604 pro
1190 569 1273 595 Flacc.
1289 577 1319 594 11.
1346 575 1375 593 10
1388 567 1424 594 ris
1438 568 1567 602 posterior
1581 568 1635 595 dies
1655 571 1680 596 P.
1695 571 1779 602 Syrus.

1779 160 2019 204 DIS

1385 251 1502 278 Tertull.
1521 252 1553 279 de
1568 252 1718 286 Praescript.
1737 250 1858 278 aduersus
1874 253 2029 280 Haereticos
2043 262 2064 279 c.
2079 261 2105 279 22
2137 253 2204 287 Q1is
2218 254 2289 281 enim
2302 254 2421 288 integrae

1386 288 1480 313 mentis
1492 288 1597 315 credere
1611 288 1693 323 potest
1706 287 1807 321 aliquid
1821 296 1865 313 eos
1881 288 2019 322 ignorasse,
2041 298 2107 323 quos
2129 285 2274 323 magistros*
2289 290 2419 316 Dominus

1387 320 1460 348 dedit
1480 323 1634 350 indiuiduos
1660 323 1764 349 habitos
1786 322 1815 348 in
1834 323 1973 355 comitatu,
1994 325 2022 350 in
2041 325 2211 358 discipulatu,
2228 325 2258 351 in
2270 324 2419 351 conuic’m3

1385 356 1453 382 Add.
1485 359 1556 384 Zeno
1588 361 1686 386 Veron.
1721 359 1802 384 Serm.
1836 357 1868 383 de
1890 366 2036 394 praecepto,
2057 360 2168 386 Attende
2180 360 2239 386 tibi.
2309 359 2419 386 Cassiod.

2345 178 2420 206 200

1422 426 1670 462 DISCIPxi'Lvs,
1689 429 1707 454 i.
1725 438 1759 455 m.
1781 427 1928 461 [Audin-nis,
1946 430 2077 464 φοιτητὴς]
2112 431 2163 455 Oui
2177 429 2259 466 dist-it.
2296 430 2352 457 Cic.
2365 429 2417 456 Off.

1388 470 1407 493 1,
1426 470 1437 493 3
1456 462 1554 502 Orator
1567 472 1658 497 parum
1672 464 1827 496 vehemens,
1844 463 1927 489 dulcis
1940 469 2039 497 tamen,
2060 473 2088 492 vt
2106 456 2288 500 Theophrasti
2307 465 2420 506 discipu-

1387 497 1442 522 lum
1457 498 1530 530 pollis
1543 500 1688 531 agnoscere.
1760 501 1815 526 Cic.
1832 500 1902 525 Fam.
1915 507 1941 531 9,
1959 501 1987 525 16
2008 500 2125 527 Hirtium
2140 511 2189 535 ego
2209 507 2233 527 et
2255 500 2419 527 Dolabellam

1387 532 1502 558 discendi
1516 531 1655 567 discipulos
1670 534 1771 567 habeo,
1788 534 1915 562 coenandi
1927 534 2071 568 magistros.
2141 536 2288 570 Discipulus
2300 537 2336 563 est
2350 537 2422 570 prio-

1852 570 1966 596 Auditor
1986 575 2011 596 et
2027 569 2166 605 discipulus
2180 572 2295 598 Platonis
2319 572 2374 599 Cic.
2388 572 2420 598 de

1642 605 1736 631 Melius
1751 606 1863 632 instituti
1878 605 2000 640 discipuli
2021 606 2127 638 Qiintit.
2141 616 2193 640 2,3.
2262 607 2421 634 Meliorma-

1389 639 1470 673 gistro
1484 638 1626 672 discipulus
1647 640 1738 667 quen.
1754 642 1804 667 Sat.
1820 650 1859 674 14,
1873 650 1926 673 214.
1995 641 2077 666 Rudis
2103 641 2240 677 discipulus
2262 648 2288 669 et
2309 643 2420 677 integer,

1386 673 1439 700 vid.
1456 680 1607 700 INTEGER.
1643 674 1700 700 Cic.
1714 675 1745 701 de
1759 677 1794 703 N.
1805 677 1835 703 D.
1849 686 1861 709 3
1875 686 1896 702 c.
1910 685 1932 708 3.
2002 675 2133 702 Instruere
2146 678 2284 713 discipulos
2305 677 2419 704 lechone

1388 710 1555 740 orationum,
1573 708 1626 735 vid.
1648 716 1797 738 INSTRVO.
1887 711 2016 746 Discipuli
2028 720 2117 747 quoque
2130 712 2245 740 dicuntur
2258 714 2313 746 illi,
2334 717 2376 750 qui
2395 716 2423 740 in

1389 603 1480 629 Diuin.
1494 612 1514 635 1,
1527 605 1571 636 46.

292 762 349 789 quae
365 758 387 776 ct
398 750 545 784 simpliciter
560 749 676 780 ponitur,
690 752 718 771 vt
734 746 803 772 Suet.
820 746 886 780 Aug.
899 756 921 774 c.
936 756 974 779 23.
1009 747 1080 774 Flor.
1095 756 1119 778 2,
1133 752 1167 777 18.
1185 750 1215 772 it.
1237 746 1322 772 Maio·
1350 749 1375 775 ¹5
1386 745 1497 771 tabernis
1509 746 1550 771 vel
1559 743 1665 778 officinis
1679 753 1838 773 mercatorum
1844 747 1977 782 seruiunt,
1996 753 2020 773 et
2032 750 2075 782 qui
2093 751 2293 775 mercenariorum
2313 749 2422 785 clzsctjpli-

293 796 349 815 rnm
363 785 496 818 disciplina
515 780 613 808 Sallust.
627 782 683 815 lug.
697 790 745 815 44,
758 789 779 813 3.
814 782 855 808 Sic
867 782 946 808 Plaut.
960 782 1051 809 Bacch.
1066 791 1087 815 3,
1104 791 1125 815 3,
1138 791 1165 817 17
1190 782 1319 808 Eadenme

292 827 345 848 crat
359 820 419 846 haec
433 817 568 851 disciplina
580 816 646 847 tibi,
661 825 720 842 cum
734 822 762 842 tu
776 815 923 843 adolescens
938 819 1011 844 eras?
1083 817 1229 844 Domestica
1245 817 1320 843 disci-

289 857 358 890 plina
376 854 441 888 apud
452 854 520 879 Suet.
535 851 641 878 iuCaes.
655 861 676 878 c.
691 856 732 884 48.
786 852 853 878 Cato
873 853 904 878 R.
918 853 948 879 R.
968 862 989 879 c.
1006 862 1015 879 1
1036 854 1147 885 Caueto,
1160 862 1192 879 ne
1208 853 1320 879 alienam

288 889 449 923 disciplinam
467 894 565 914 temere
577 893 736 913 contemnas.
806 887 872 914 Satis
892 889 949 914 sunt
965 897 1058 922 magna
1075 889 1200 923 vtrinquc
1219 894 1322 922 accepta

287 923 468 955 incommoda,
489 932 555 957 quae
568 932 617 957 pro
628 922 765 957 disciplina
779 928 804 948 et
823 924 965 957 praeceptis
985 923 1078 950 haberi
1091 925 1189 958 possent
1209 924 1279 950 Caes.
1293 924 1321 949 Β.
1330 927 1364 945 20

287 962 316 987 C.
332 968 354 991 3,
368 968 404 985 10.
477 959 532 985 Cic.
547 967 595 992 pro
609 959 677 992 Lege
690 958 782 984 Manil.
796 964 827 988 28
863 959 930 992 Qiis
949 959 1031 993 igitur
1044 958 1095 986 hoc
1113 959 1220 986 homine
1239 959 1320 985 scien-

285 996 340 1022 tior
353 1003 468 1028 vnquam
481 1000 525 1020 aut
543 994 611 1026 fuit,
630 1000 674 1020 aut
689 994 737 1020 effe
752 993 858 1025 debuit,
872 995 919 1029 qui
931 1003 945 1021 e
960 994 1023 1021 ludo
1040 1000 1118 1029 atque
1137 995 1266 1029 pueritiae
1281 994 1319 1021 di-

286 1030 408 1064 sciplina,
420 1029 492 1056 bello
510 1030 640 1060 maximo,
653 1035 730 1064 atque
747 1029 882 1056 acerrimis
896 1030 1013 1056 hostibus
1027 1030 1059 1057 ad
1080 1031 1160 1065 patris
1174 1030 1319 1057 exercitum

284 1072 361 1100 atquc
379 1065 491 1091 militiae
509 1064 673 1098 disciplinam
691 1064 826 1099 profecius
842 1065 895 1092 est?
949 1066 1010 1091 Liu.
1026 1075 1053 1099 4,
1066 1073 1098 1100 37
1122 1066 1265 1100 Disciplina
1279 1067 1320 1092 rei

285 1101 416 1128 militaris.
486 1100 611 1126 Familiae
623 1101 712 1134 grauis
726 1106 750 1126 et
763 1100 879 1127 constans
892 1101 1031 1135 disciplina
1051 1102 1106 1127 Cic.
1122 1103 1251 1135 Q1.Frat.
1267 1110 1287 1133 1,
1301 1111 1320 1128 1.
1329 1100 1357 1126 25

284 1136 413 1170 Obsequii
436 1135 573 1170 disciplina
587 1156 596 1167 ,
620 1136 752 1170 morigera
773 1135 904 1163 subieffio
928 1136 964 1162 est
988 1137 1109 1163 Tertull.
1131 1138 1162 1163 de
1180 1138 1232 1163 Pat.
1253 1147 1274 1163 c.
1295 1146 1320 1164 2.

285 1171 426 1206 Disciplina
446 1171 596 1197 meretricia
614 1170 686 1197 Idem
701 1172 778 1197 Verr.
791 1180 814 1203 3,
827 1173 852 1197 6.
908 1172 976 1198 Ter.
998 1173 1094 1199 Heaut.
1110 1181 1132 1205 2,
1146 1181 1166 1204 3.
1181 1180 1211 1205 59
1248 1173 1319 1199 Nam

284 1207 418 1241 disciplina
431 1206 483 1239 est,
501 1206 599 1233 eisdem
618 1207 781 1233 munerarier
806 1206 920 1233 Ancillas
939 1208 1071 1241 primum,
1083 1207 1115 1234 ad
1134 1207 1253 1234 dominas
1271 1209 1319 1242 qui

282 1243 403 1269 affeftant
422 1242 501 1268 viam.
574 1241 689 1275 Quidam
709 1247 846 1276 parentum
867 1242 1004 1277 disciplina
1026 1244 1151 1270 meliores
1171 1243 1237 1269 fiunt
1263 1245 1318 1270 Cic.

282 1278 333 1305 Off.
347 1287 356 1303 1
376 1287 397 1303 c.
410 1286 449 1309 39.
520 1276 594 1303 Idem
612 1277 644 1303 de
656 1277 754 1304 Seneei.
774 1287 794 1303 c.
811 1280 839 1304 16
873 1278 1009 1304 Admirati
1023 1279 1083 1305 satis
1096 1288 1200 1314 nequeo
1212 1279 1254 1305 vel
1269 1279 1317 1305 ho-
1327 1285 1358 1309 30

281 1313 360 1339 minis
380 1312 583 1343 continentiam,
609 1312 652 1339 vel
672 1319 821 1348 temporum
839 1312 1020 1347 disciplinam,
1041 1318 1058 1340 i.
1080 1316 1161 1341 Bonos
1182 1324 1277 1347 mores,
1296 1322 1320 1341 et

280 1359 359 1375 eorum
379 1349 575 1383 obfi‘ruationem.
613 1348 680 1374 Hinc
687 1348 767 1382 simili
784 1352 880 1375 ratione
893 1349 1086 1384 Disciplinam,
1106 1357 1155 1385 pro
1174 1348 1246 1377 secia
1260 1351 1319 1377 Phi-

279 1384 430 1419 lonphorum
440 1386 513 1418 ponit
526 1383 581 1410 Cic.
596 1384 679 1410 Tusc.
693 1393 716 1415 3,
731 1392 765 1416 90
792 1385 891 1410 Omnes
908 1385 964 1411 fere
976 1385 1128 1420 Philosophi
1143 1386 1264 1412 omnium
1279 1386 1318 1413 di-

280 1420 456 1454 sciplinarum.
510 1418 583 1445 Idem
596 1419 628 1445 de
640 1419 674 1445 N.
690 1420 721 1445 D.
736 1428 753 1450 1,
768 1421 796 1445 16
835 1420 906 1446 Tres
926 1422 997 1446 enim
1018 1421 1099 1447 trium
1118 1421 1317 1455 disciplinarum

280 1456 410 1489 principes
428 1454 596 1480 conuenistis.
653 1455 683 1479 Et
700 1453 732 1479 de
750 1454 808 1480 Fin.
823 1463 841 1485 1,
856 1464 881 1481 12
920 1457 951 1481 In
969 1456 1066 1490 quibus
1084 1463 1210 1491 quantum
1231 1458 1317 1491 potui·
1327 1463 1354 1490 33

280 1500 337 1516 mus
346 1510 353 1522 ,
372 1499 424 1516 non
438 1489 519 1515 modo
532 1489 595 1524 quid
608 1488 685 1514 nobis
700 1488 871 1522 probaretur,
885 1490 927 1515 sed
941 1491 1022 1517 etiam
1036 1492 1101 1525 quid
1114 1501 1128 1517 a
1142 1492 1246 1526 singulis
1259 1493 1317 1519 Phi-

280 1526 414 1559 losophiae
434 1525 577 1559 disciplinis
596 1524 742 1555 diceretur,
763 1525 891 1557 persecuti
912 1526 1009 1551 sumus.
1080 1526 1180 1552 Doelus
1195 1536 1226 1553 ex
1241 1528 1318 1554 disci-

281 1561 352 1595 plina
366 1561 514 1586 Stoicorum
526 1561 581 1586 Cic.
596 1559 628 1585 de
642 1559 712 1585 Clar.
727 1560 801 1585 Orat.
814 1568 858 1592 94.
929 1560 1068 1586 Consultus
1087 1561 1226 1587 vniuersae
1241 1562 1318 1588 disci·

281 1596 383 1630 plinae,
402 1595 453 1621 vid.
475 1601 632 1622 CONSVLO.
702 1595 885 1628 Incorruptum
904 1604 984 1629 genus
1004 1595 1175 1629 disciplinae,
1195 1596 1246 1622 vid.
1269 1603 1317 1622 ΙΝ-

281 1637 482 1658 CORRVPTVS.

282 1672 427 1694 CONTRA.
498 1665 598 1691 Contra
612 1664 775 1698 disciplinam
787 1666 812 1691 se
824 1674 915 1699 gerere
927 1667 1040 1693 Traian.
1057 1667 1084 1692 in
1091 1667 1157 1693 Plin.
1172 1668 1217 1702 Ep.
1232 1677 1269 1699 10,
1277 1673 1316 1697 82.

281 1705 299 1728 i.
315 1701 506 1737 praescriptum.
575 1700 631 1726 Cic.
648 1699 679 1725 de
692 1700 784 1725 Diuin.
798 1709 823 1732 2,
838 1709 865 1726 10
886 1701 981 1728 Eadem
995 1703 1023 1728 in
1037 1701 1121 1728 literis
1136 1703 1205 1729 ratio
1219 1703 1264 1734 est,
1278 1711 1319 1728 re-

281 1737 416 1770 liquisque
438 1735 532 1767 rebus,
553 1744 664 1769 quarum
684 1735 719 1761 est
737 1735 888 1770 disciplina,
908 1746 967 1772 quae
984 1737 1067 1763 doceri
1087 1738 1195 1773 dist-sque
1208 1737 1318 1772 poffimt.

280 1771 425 1804 Disciplina
439 1770 543 1795 dicendi
562 1771 618 1797 Cic.
630 1770 662 1796 de
675 1771 744 1797 Clar.
758 1771 832 1798 Orat.
848 1774 898 1803 163.
969 1773 1114 1799 Multarum
1132 1773 1230 1799 artium
1243 1772 1320 1798 disci-

278 1806 350 1840 plina
364 1804 435 1830 Idem
450 1805 524 1830 Orat.
537 1813 565 1837 4.
638 1806 781 1840 Disciplina
801 1807 868 1833 iuris
886 1807 973 1833 ciuilis
987 1808 1068 1835 homo
1088 1809 1209 1834 omnium
1230 1807 1318 1834 erudi·
1326 1810 1358 1837 45

278 1840 386 1867 tissimus
401 1839 436 1865 ld.
450 1838 481 1864 de
488 1839 562 1864 Orat.
578 1848 597 1870 x,
611 1844 664 1868 180.
717 1842 833 1875 Antiqua
845 1842 982 1877 disciplina
1000 1843 1099 1869 milites
1113 1843 1240 1869 habuerat
1259 1843 1317 1869 Ta-

279 1876 323 1902 cit.
344 1878 409 1901 Ann.
426 1883 460 1906 12,
497 1893 503 1899 .
541 1893 547 1898 .
620 1874 768 1901 Domestica
788 1877 843 1902 Cic.
863 1877 895 1903 de
909 1879 979 1905 Clar.
992 1880 1067 1905 Orat.
1088 1888 1108 1904 c.
1128 1881 1170 1904 26.
1241 1878 1315 1904 Idem

280 1911 356 1937 Acad.
372 1920 399 1942 4,
414 1918 425 1934 2
452 1909 480 1934 de
493 1909 609 1940 Lucullo,
635 1908 683 1934 Sed
703 1909 869 1936 incredibilis
888 1913 1016 1944 quaedam
1037 1913 1139 1946 ingenii
1161 1912 1316 1945 magnitudo

279 1955 333 1972 non
361 1944 518 1971 desiderauit
538 1943 682 1969 Indocilem
709 1943 863 1978 (difficulter
884 1946 1029 1980 docentem)
1054 1948 1112 1972 vsus
1140 1947 1315 1980 disciplinam.

280 1983 410 2015 Ingenuae
431 1978 583 2012 disciplinae
592 1997 600 2010 ,
619 1979 671 2004 vid.
683 1979 865 2007 YNGENVVS.
938 1981 995 2007 Nec
1008 1981 1093 2007 dulcis
1106 1981 1159 2008 vlla
1178 1981 1317 2016 disciplina
1324 1986 1356 2011 50

279 2016 408 2043 infantiae
422 2015 457 2041 est
471 2013 547 2040 Prud.
562 2014 590 2039 in
603 2013 718 2040 Caffiano
730 2024 756 2039 v.
769 2019 805 2043 28.
876 2016 1020 2043 Iucundior
1033 2016 1170 2051 disciplina
1182 2016 1315 2050 Qiinoffl.

280 2061 304 2083 2,
318 2061 345 2085 4.
415 2049 505 2077 Mollis
525 2048 677 2082 disciplina,
695 2049 747 2075 Did.
770 2055 894 2075 MOLLIS.
964 2052 1090 2078 Militaris
1110 2053 1169 2079 Liu.
1188 2059 1211 2085 8,
1225 2061 1237 2084 5
1251 2059 1316 2078 extr.

280 2087 430 2114 Literarum
450 2084 587 2119 disciplina
617 2083 683 2110 Cels.
698 2093 707 2110 1
726 2084 808 2118 praef.
878 2085 981 2111 Morata
1004 2087 1070 2113 bene
1091 2087 1242 2121 disciplina,
1262 2087 1315 2113 vid.

281 2130 354 2149 MOS.
409 2121 519 2148 Inimica
532 2120 638 2153 corpori
652 2118 720 2145 Ibid.
798 2119 854 2145 Cic.
868 2128 916 2153 pro
929 2120 998 2154 Lege
1013 2121 1106 2148 Manil.
1120 2131 1147 2155 55
1165 2123 1228 2148 Non
1243 2122 1315 2148 Rho-

281 2158 404 2189 diorum,
424 2164 539 2191 quorum
555 2156 636 2189 Vsque
655 2155 686 2181 ad
703 2154 817 2180 nostram
836 2156 993 2182 memoriam
1013 2157 1149 2190 disciplina
1169 2158 1270 2184 naualis
1291 2163 1316 2183 et
1325 2164 1353 2190 55

281 2194 366 2228 gloria
381 2191 511 2219 remansit.
580 2190 712 2224 Pugnandi
728 2190 822 2216 Nazar.
835 2190 928 2223 Paneg.
944 2192 1111 2218 Constantini
1130 2202 1150 2219 c.
1164 2201 1201 2225 23.
1265 2193 1315 2219 Ra-

281 2229 388 2255 tionalis
407 2227 544 2261 disciplina
564 2226 632 2252 Cels.
647 2235 656 2252 1
670 2225 751 2261 praef.
771 2228 790 2251 i.
810 2235 891 2251 rerum
910 2233 1013 2252 naturae
1032 2230 1150 2262 cognitio.
1220 2228 1316 2254 Seuera

281 2264 418 2298 disciplina
432 2262 561 2295 Qunffll.
577 2270 596 2293 1,
611 2270 634 2287 2.
704 2260 877 2287 Vetustiffima
895 2260 1032 2296 disciplina
1049 2262 1141 2289 Tacit.
1153 2263 1220 2289 Ann.
1236 2272 1269 2295 11,
1283 2270 1317 2296 15.

282 2299 438 2326 Abstrahcre
452 2307 466 2324 a
480 2297 633 2331 disciplina,
652 2297 705 2323 vid.
726 2304 747 2323 Α
757 2303 793 2323 Bs
803 2303 823 2321 T
833 2303 882 2322 ΚΑ
892 2303 911 2321 H
921 2303 950 2323 o.
1022 2297 1077 2324 Cic.
1096 2297 1128 2323 de
1142 2298 1177 2324 N.
1192 2299 1224 2324 D.
1248 2307 1268 2329 1,
1282 2300 1317 2324 26

280 2335 343 2361 Inde
364 2336 529 2368 Anaxagoras
548 2333 595 2367 qni
621 2333 719 2367 accepit
739 2331 772 2359 ab
791 2332 952 2358 Anaximene
972 2331 1153 2367 disciplinam,
1169 2334 1268 2367 primus
1288 2342 1317 2359 ο-
1328 2333 1363 2357 60

280 2371 382 2397 mnium
392 2390 399 2401 ‚
413 2377 455 2395 etc.
480 2368 539 2394 lv'id.
559 2374 702 2395 ACCIPIO.
775 2367 964 2394 Adhaerescere
978 2368 1009 2394 ad
1022 2369 1139 2403 aliquam
1152 2369 1317 2403 disciplinam

281 2406 336 2433 Cic.
356 2404 434 2431 Acad.
454 2413 487 2436 4,
507 2409 529 2433 8.
586 2403 725 2429 -Adiicere
744 2403 895 2437 disciplinae
915 2403 1038 2437 aliquid,
1060 2403 1113 2429 Did.
1144 2410 1317 2431 AD11C10.

281 2442 379 2475 Capere
414 2438 595 2472 disciplinam,
632 2439 685 2465 vid.
713 2444 730 2464 C
742 2446 763 2465 Α
775 2445 846 2465 P10.
932 2439 1028 2465 Colere
1067 2439 1232 2474 disciplinam
1261 2440 1317 2465 Cic.

282 2476 313 2502 de
332 2476 402 2501 Clar.
433 2477 506 2501 Orat.
527 2483 547 2506 1,
567 2481 618 2508 117.
708 2475 776 2500 Dare
803 2474 968 2509 disciplinam
1002 2475 1075 2501 Idem
1091 2475 1123 2500 de
1142 2476 1176 2501 N.
1193 2475 1224 2501 D.
1239 2483 1262 2506 3,
1279 2483 1318 2506 9¹·

281 2511 416 2540 Deducere
435 2509 467 2535 ad
485 2509 666 2543 disciplinam,
682 2509 736 2535 vid.
755 2516 892 2536 DEDvco.

280 2555 342 2573 rum
353 2552 444 2571 natura
456 2553 510 2569 non
524 2544 558 2569 cst
573 2544 618 2570 illa
631 2544 738 2578 quidem
751 2544 891 2579 deprauata
903 2546 972 2571 mala
987 2545 1141 2580 disciplina,
1162 2545 1206 2572 sed
1224 2551 1317 2571 natura

283 2582 334 2607 sua.
409 2579 522 2605 fiducius
543 2579 630 2605 seuera
650 2580 729 2612 patris
749 2580 886 2614 disciplina
911 2581 1001 2607 Tacit.
1021 2583 1088 2607 Ann.
1111 2590 1131 2614 1,
1150 2590 1188 2614 41.
1261 2581 1316 2607 Cic.

283 2617 362 2642 Verr.
377 2623 398 2646 3,
413 2616 451 2640 161
481 2614 529 2639 Eos
551 2613 686 2639 instituere
705 2620 782 2647 atque
797 2616 903 2642 erudire
917 2616 948 2642 ad
962 2618 1094 2643 maiorum
1108 2617 1226 2643 instituta
1239 2623 1317 2651 atque

283 2651 398 2677 ciuitatis
412 2648 574 2682 disciplinam
584 2667 592 2679 ,
612 2657 665 2674 non
680 2648 711 2673 ad
731 2656 785 2674 tuas
805 2651 980 2683 turpitudines
994 2653 1116 2678 debuisti.
1186 2652 1318 2678 Exercita-

284 2693 324 2713 tus
337 2685 473 2719 disciplina
488 2684 556 2709 bona
575 2683 631 2708 Cic.
645 2683 672 2707 in
684 2683 758 2708 Orat.
772 2691 831 2708 200.

284 2721 386 2747 stiffuna
407 2719 496 2745 Italiae
518 2718 655 2752 disciplina
667 2727 712 2751 per
726 2717 849 2743 desidiam
867 2719 1034 2746 exolesceret.
1106 2722 1230 2748 Seuerior
1244 2722 1320 2748 disci-

284 2757 356 2791 plina
369 2755 455 2781 firmat
468 2753 603 2788 ingenium
618 2753 675 2779 Sen.
689 2752 766 2787 Epist.
782 2761 807 2778 2.
877 2753 1008 2785 Qlinc‘iil.
1024 2756 1051 2780 in
1065 2764 1184 2788 prooem.
1199 2766 1216 2787 4
1251 2757 1320 2782 Con-

285 2791 350 2817 tenti
371 2791 430 2816 fore
451 2789 592 2815 domestico
607 2789 653 2814 vsu
668 2788 838 2819 videbamur,
862 2793 890 2813 vt
909 2788 948 2813 tui
962 2789 1067 2822 meique
1085 2789 1135 2814 filii
1155 2789 1320 2823 disciplinam

738 2824 794 2849 Cic.
811 2822 843 2848 de
856 2823 924 2849 Clar.
939 2824 1012 2849 Orat.
1027 2826 1079 2858 267
1118 2825 1155 2849 M.
1171 2825 1228 2849 Piso
1244 2824 1320 2858 quid-

287 2828 419 2857 t'ormare,
437 2825 496 2850 satis
509 2830 665 2858 putaremus.

866 2858 1001 2885 Increbuit
1014 2858 1150 2892 disciplina
1159 2879 1167 2891 ,

304 2861 350 2887 uid
364 2861 471 2893 habuit,
491 2859 583 2885 habuit
599 2868 629 2884 ex
648 2859 794 2892 disciplina.

286 2872 380 2923 deinde
395 2895 529 2930 paullatim
543 2894 678 2928 disciplina
688 2913 694 2923 ,
730 2893 876 2919 Perdiscere
892 2893 1059 2928 disciplinam
1077 2894 1164 2925 ruriS‚
1184 2903 1208 2919 υ.
1222 2895 1263 2920 hh.
1276 2904 1319 2920 υυ.

287 2933 410 2966 Recipere
431 2932 458 2956 in
479 2930 642 2964 disciplinam
668 2930 738 2955 Suet.
756 2929 788 2954 de
801 2929 917 2955 Gramm.
940 2939 960 2956 c.
977 2938 1011 2962 13.
1082 2929 1253 2963 Disciplinam
1275 2928 1320 2955 do-

286 2968 418 2994 mesticam
428 2966 567 3000 diligenter
576 2972 600 2991 et
609 2966 697 2991 scucre
704 2973 792 2998 regere
802 2964 872 2990 Idem
883 2965 955 2990 Caes.
966 2975 986 2990 c.
995 2970 1037 2998 48.
1055 2971 1077 2990 et
1084 2966 1149 2998 Aug.
1158 2975 1178 2991 c.
1188 2974 1227 2997 24.
1263 2965 1320 2991 Ta-

287 3004 329 3029 cit.
338 3005 405 3028 Ann.
414 3011 433 3032 2,
443 3010 470 3033 52
492 3001 651 3034 Diuisusquc
658 3001 786 3026 exercitus
794 3020 801 3031 ,
808 3006 837 3025 vt
844 3000 1000 3026 Tacfarinas
1009 3000 1089 3026 lthos
1097 3002 1179 3032 viros,
1192 3007 1217 3026 ct
1226 3001 1321 3026 Roma-

286 3048 349 3065 nuin
358 3039 384 3064 in
393 3037 503 3063 modum
511 3044 623 3063 armatos
630 3035 716 3062 castris
729 3036 866 3061 attineret:
885 3035 1020 3069 disciplina
1028 3042 1052 3061 et
1062 3037 1178 3070 imperiis
1186 3036 1320 3061 suesceret.
1335 3040 1367 3065 80

287 3073 396 3107 Qiintfi.
412 3082 429 3102 1,
444 3081 478 3104 12,
495 3081 503 3098 1
525 3072 596 3106 Qiia
610 3071 787 3097 confundatur
798 3071 902 3096 animus
922 3079 950 3096 ac
971 3072 1095 3104 fatigetur
1115 3077 1153 3097 tot
1177 3071 1321 3105 disciplinis

288 3110 315 3135 in
328 3109 461 3135 diuersum
475 3107 669 3133 Tendentibus.
726 3107 780 3132 Cic.
796 3115 844 3140 pro
858 3107 940 3132 Flacc.
955 3115 980 3139 15
1000 3108 1024 3133 O
1037 3115 1137 3132 morem
1151 3107 1322 3140 praeclarum,

288 3144 519 3178 disciplinamque,
543 3151 619 3177 quam
634 3142 802 3168 amaioribus
817 3142 977 3175 accepimns,
995 3142 1012 3167 fi
1026 3142 1133 3176 quidem
1147 3142 1322 3168 Tennemus.

287 3180 409 3206 Tradere
423 3179 451 3204 in
465 3178 628 3212 disciplinam
649 3178 703 3204 Cic.
718 3177 749 3203 dc
765 3177 855 3203 Diuin.
869 3186 877 3203 1
892 3186 914 3202 c-
927 3186 965 3209 41.
1018 3178 1087 3203 Suet.
1101 3178 1166 3204 Ner.
1183 3185 1238 3212 c.7.
1277 3179 1324 3203 Per

288 3225 376 3241 manus
391 3214 487 3241 tradita
499 3213 634 3248 disciplina
647 3213 781 3244 militaris,
800 3212 851 3239 vid.
871 3219 993 3239 MANVS.

291 3259 354 3283 qnae
368 3252 423 3276 sunt
438 3249 514 3276 nobis
523 3249 648 3275 Graeciae
662 3249 832 3274 monimentis
845 3248 1041 3283 disciplinisque
1050 3247 1144 3273 tradita
1165 3249 1220 3274 Cic.
1230 3249 1322 3281 Qiint.

293 3286 372 3310 Fratr.
387 3294 404 3314 1,
418 3294 435 3311 1.
508 3284 587 3318 Qiod
607 3293 639 3310 ex
661 3285 733 3310 causa
751 3290 840 3310 ortum
861 3284 996 3318 paullatim
1016 3283 1220 3318 indisciplinam
1235 3284 1323 3310 Vertit

292 3320 378 3346 lustin.
391 3323 433 3352 26,
448 3328 511 3353 2.15.

329 3361 641 3387 niscirmnnris,
667 3351 1090 3383 ve1D1sc1rL1NABiL1s,
1112 3362 1134 3379 e.
1159 3353 1219 3379 Adi.
1255 3353 1324 3386 [μα-

293 3389 384 3423 θητδς]
420 3390 517 3417 Auctor
529 3390 560 3416 ad
574 3391 671 3416 Heren.
685 3399 708 3422 3,
721 3399 739 3423 4
752 3399 772 3415 c.
787 3398 799 3421 3
820 3391 873 3415 Aut
887 3390 904 3416 si
919 3399 970 3424 qua
982 3389 1010 3415 in
1026 3398 1054 3415 re
1066 3388 1266 3415 cohortabimur
1278 3389 1324 3414 ali·
1334 3397 1368 3421 90
1392 3384 1692 3418 Ouid-Amor.2,12,11.

294 3433 387 3458 quem,
407 3425 480 3450 cuius
492 3426 530 3452 rei
544 3425 658 3460 aliquam
672 3425 892 3459 disciplinabilem
906 3426 1039 3451 scientiam
1053 3425 1197 3458 poterimus
1217 3423 1324 3456 habere,

295 3466 338 3483 etc.
373 3461 429 3485 Alii
441 3462 522 3495 legunt
536 3461 740 3495 Disciplinalem.
777 3458 818 3493 1:st
830 3468 909 3486 autem
929 3459 1145 3494 Disciplinabile,
1165 3466 1193 3485 vt
1218 3460 1325 3486 Turneb.

295 3495 413 3526 explicat,
431 3495 494 3529 quod
502 3497 712 3531 praeceptionibus
724 3503 747 3522 ct
759 3494 955 3529 institutionibus
968 3503 1067 3532 arteque
1085 3502 1108 3520 ct
1126 3498 1220 3521 ratione
1242 3496 1326 3530 aliqua

298 3527 453 3564 doHrinaque
466 3533 611 3557 continetur.
652 3532 807 3558 Voluntates
827 3531 934 3558 Cassiod.
949 3540 975 3564 4,
988 3539 1014 3563 33
1028 3532 1061 3557 ol.
1075 3529 1289 3564 disciplinabiles.

332 3568 349 3587 1)
360 3571 365 3588 1
377 3571 388 3589 s
399 3570 415 3589 c
427 3572 458 3591 11)
469 3571 484 3590 L
496 3571 504 3590 1
515 3572 536 3591 N
545 3573 565 3591 A
575 3573 589 3591 L
600 3565 612 3592 f
622 3573 642 3592 T
651 3574 667 3594 E
677 3575 704 3594 R.
726 3567 793 3593 Adu.
812 3567 940 3600 Sarisb.6,
950 3574 973 3599 15
992 3566 1199 3600 Disciplinaliter
1206 3565 1324 3592 eruditus
1334 3574 1365 3600 95
1393 3571 1485 3588 corum
1516 3561 1582 3587 Plifl·
1612 3570 1652 3594 23,
1680 3571 1699 3588 1·

315 3605 330 3622 ο
349 3598 416 3623 ulus.

297 3606 312 3630 Ρ
333 3606 418 3658 iim:
430 3641 436 3658 1
448 3641 503 3660 1’L1
515 3641 604 3667 Non,
623 3637 668 3662 Eri.
687 3637 752 3672 Dep.
788 3637 867 3673 Apud
878 3637 1050 3671 Augustinum
1087 3656 1094 3663 .
1175 3656 1182 3662 .

336 3673 455 3694 Dlscir
466 3676 528 3695 mx
539 3677 655 3702 ATVS,
673 3681 703 3704 a,
728 3682 781 3698 um.
818 3673 878 3699 Adi.
914 3673 992 3707 Vulg.
1007 3673 1086 3699 Sirac.
1102 3681 1139 3704 10,
1153 3681 1196 3705 24.
1232 3678 1255 3697 et
1273 3672 1323 3698 Iac.

300 3709 365 3731 3¹3·
436 3703 627 3737 Alc.A11it.4,
644 3709 688 3739 46.
760 3714 783 3733 et
822 3714 1169 3736 D1sc1rL1NA'r10R.
1204 3706 1323 3733 Tertull-

299 3735 330 3760 de
344 3737 410 3769 Fuga
424 3737 449 3763 in
462 3739 639 3766 Persecutionc
658 3751 678 3766 c.
695 3750 712 3767 1.

337 3776 654 3812 liisoirmNATlo,
673 3778 739 3801 onis.
759 3777 779 3802 f.
816 3777 953 3812 Augustin.
989 3799 995 3806 .
1077 3798 1083 3803 -

335 3811 413 3830 DlsC
427 3814 460 3831 11²
473 3815 615 3834 L1NOSV
628 3817 657 3840 s,
672 3819 704 3841 a,
723 3819 776 3836 11111.
797 3812 856 3837 Adi.
891 3813 1018 3847 [ἐυμοιθὴς
1075 3813 1183 3842 dicitur,
1203 3813 1255 3847 Qui
1273 3818 1323 3837 tam

296 3838 452 3880 ὂονιαπήᾳηιιῃαηιΔ
465 3844 540 3867 malin
554 3850 620 3867 artes
627 3844 708 3877 faede
722 3845 806 3880 (fiscis.
841 3848 907 3873 Cato
920 3850 985 3883 apud
998 3849 1068 3875 Gell.
1081 3858 1110 3882 4,
1122 3856 1139 3881 9
1161 3848 1217 3882 Ipse
1230 3846 1325 3881 gladia—

296 3879 338 3899 tor
356 3874 549 3908 drtcrplmosus,
570 3884 615 3902 cte.

334 3912 634 3942 Disttirvriirvs,
659 3911 696 3938 fic.

668 1626 696 1668 ἦ
718 1638 730 1660 3
770 1630 908 1656 formulae:
937 1632 1037 1658 Contra
1060 1631 1242 1666 disciplinam,
1261 1633 1316 1658 vid.
1327 1638 1364 1663 40

964 2510 1019 2536 Cic.
1035 2509 1067 2536 de
1081 2511 1139 2536 Fin.
1154 2519 1180 2542 2,
1194 2519 1220 2542 33
1240 2511 1317 2536 Fera-
1331 2513 1363 2544 65

900 2686 990 2711 Tacit.
1004 2688 1071 2713 Ann.
1086 2696 1119 2718 11,
1136 2694 1160 2719 15
1189 2688 1232 2714 Ne
1246 2693 1319 2713 vetu-
1329 2694 1365 2722 70

1204 2859 1319 2885 Labante
1334 2863 1366 2891 75

1110 3213 1198 3238 Studia
1219 3219 1244 3238 et
1256 3219 1323 3239 artes
1333 3215 1360 3243 85

736 3922 770 3940 1¹¹·
807 3914 961 3950 [Ma'ftnm‚
984 3918 1122 3952 doctrina,
1143 3919 1202 3946 Vct.
1225 3917 1380 3952 Glots]105·
1391 3923 1472 3943 auaro
1492 3915 1559 3941 Hor.
1573 3914 1650 3948 Epist.
1665 3923 1691 3947 2,
1703 3923 1728 3947 2,
1741 3924 1794 3949 194.

1388 790 1445 806 nam
1457 779 1597 815 addiscunt.
1634 781 1788 814 eoquorum
1805 782 1928 817 discipuli
1946 783 2027 809 Plaut.
2041 782 2130 809 Pseud.
2145 792 2157 815 3
2166 803 2174 815 ,
2186 792 2211 815 2,
2224 787 2267 818 76.

1424 813 1653 847 DiscirxJLA,
1673 824 1711 841 ae.
1739 815 1757 841 f.
1795 817 1960 854 [μαθήτρια,
1979 818 2121 853 flammeis]
2157 820 2224 853 Qae
2236 819 2318 855 discit.
2354 819 2421 846 Plin.

1387 859 1426 883 10,
1439 859 1474 878 20
1493 851 1574 877 Audit
1596 850 1723 885 discipula
1745 851 1892 879 intentione
1914 862 2023 887 magna,
2048 861 2073 879 et
2105 853 2200 880 reddit.
2237 855 2273 880 De
2296 855 2423 891 Luscinia.

1387 886 1467 913 Plaut.
1482 886 1570 912 Aulul.
1586 895 1606 918 1,
1619 895 1639 918 1,
1652 895 1685 912 20
1707 887 1842 913 Continuo
1856 887 1941 914 hercle
1954 898 2004 923 ego
2016 896 2042 916 te
2049 889 2157 922 dedam,
2177 889 2330 924 discipulam
2342 891 2423 917 cruci.

1388 921 1582 956 Discipularum
1595 922 1665 948 inter
1680 921 1760 948 iubeo
1773 922 1878 956 plorare
1891 923 2024 951 cathedras
2043 926 2110 951 Hor.
2125 925 2174 951 Sat.
2189 933 2210 957 1,
2225 933 2309 958 10,91.
2345 926 2423 960 Apul.

1386 957 1476 1019 mod-:s
1488 966 1515 997 p.
1535 962 1605 1018 l348,
1638 966 1666 983 10
1680 955 1739 993 P‘Zst
1761 959 1824 985 Solis
1850 962 2008 992 mentionem,
2026 961 2146 995 Itemque
2166 960 2274 987 luminis
2293 960 2351 987 eius
2373 962 2425 987 Lu-

1385 1001 1418 1019 na
1451 1001 1459 1018 1
1473 1002 1496 1019 ci
1516 1002 1531 1018 u
1545 1002 1567 1019 a.

1423 1002 1537 1055 Dlsgo
1548 1034 1613 1055 1311<
1623 1034 1658 1059 o,
1678 1031 1731 1054 are.
1765 1031 1793 1053 in
1816 1026 1912 1063 scobem
1936 1028 2073 1066 dispergere
2097 1037 2120 1057 et
2138 1033 2305 1058 comminuere.
2339 1032 2426 1059 Varro

1387 1063 1456 1098 apud
1469 1063 1541 1090 Non.
1555 1069 1578 1096 8,
1593 1071 1621 1097 71
1644 1064 1719 1089 Dicat
1734 1062 1806 1097 pugil
1820 1065 1856 1094 is,
1876 1063 2037 1098 Speoatores
2057 1065 2111 1099 (fic
2124 1067 2176 1102 lego
2191 1074 2240 1102 pro
2260 1068 2426 1098 Merceriano,

1387 1098 1484 1133 pugilis
1499 1099 1674 1134 Spechtoris)
1691 1100 1738 1133 qui
1752 1099 1877 1125 miserum
1891 1100 1987 1133 putatis
1998 1101 2084 1132 vinci,
2103 1111 2202 1136 quaero
2215 1111 2229 1128 a
2241 1102 2334 1133 vobis,
2352 1102 2370 1129 fi
2381 1102 2427 1128 ad.

1386 1134 1517 1161 versarius
1530 1135 1669 1169 supercilia
1682 1136 1719 1161 mi
1735 1134 1808 1160 ccstis
1828 1135 1894 1171 (pro
1914 1135 2056 1167 caestibus)
2076 1136 2265 1171 discobinarit,
2284 1147 2349 1165 num
2366 1138 2427 1173 quis
2471 1136 2473 1139 ’

1387 1170 1503 1196 vestrum
1516 1170 1584 1196 mihi
1597 1171 1640 1197 sua
1655 1170 1689 1196 est
1702 1169 1808 1196 daturus
1822 1171 1831 1196 3
1865 1170 1918 1196 vid.
1934 1177 2125 1199 DESCOBINO.

1424 1203 1689 1238 msconotvs,
1709 1206 1760 1232 vid.
1780 1212 1928 1232 Discvs.

1424 1248 1443 1268 D
1452 1248 1461 1267 1
1470 1248 1482 1267 S
1490 1248 1507 1268 C
1516 1240 1535 1269 ὁ
1544 1248 1560 1267 L
1569 1247 1588 1267 Ο
1598 1248 1616 1268 R
1624 1261 1633 1274 ,
1652 1241 1716 1268 oris.
1735 1240 1795 1267 Adi.
1831 1242 1843 1274 [
1852 1241 2004 1277 πολύχροος]
2040 1241 2137 1276 Diucrfi
2149 1243 2246 1270 coloris.
2281 1250 2320 1277 vt,
2337 1243 2428 1270 Disco-

1388 1276 1430 1303 lor
1445 1278 1512 1303 cutis
1529 1276 1594 1302 Plin.
1607 1282 1648 1309 28,
1662 1285 1689 1303 12
1715 1277 1762 1303 Vbi
1795 1283 1875 1302 tamen
1907 1287 1936 1303 ex
1968 1276 2126 1311 vetusttffimo
2156 1278 2237 1305 codice
2257 1280 2350 1315 legitur
2376 1279 2427 1305 De-

1388 1312 1471 1338 color.
1507 1311 1588 1338 Ouid.
1608 1313 1700 1338 Amor.
1719 1321 1743 1344 3,
1763 1320 1786 1343 2,
1800 1317 1831 1346 78
1860 1313 1890 1338 Et
1902 1313 1975 1339 volat
1988 1312 2098 1339 admissis
2112 1313 2226 1340 discolor
2238 1323 2330 1349 agmen
2343 1314 2427 1349 equis.

1386 1349 1418 1374 Et
1431 1348 1547 1374 Martial.
1564 1357 1604 1381 14,
1620 1355 1649 1382 17
1669 1347 1790 1374 Calculus
1804 1348 1847 1374 hic
1862 1349 1968 1382 gemino
1983 1349 2098 1375 discolor
2110 1349 2183 1375 hoste
2194 1350 2270 1384 perit.
2359 1351 2426 1377 Hor.

1386 1383 1465 1418 Epist.
1482 1392 1502 1415 1,
1517 1391 1555 1416 19,
1569 1392 1580 1415 3
1602 1384 1638 1409 Vt
1652 1390 1771 1410 matrona
1783 1384 1917 1410 meretrici
1931 1384 2017 1418 dispar
2030 1385 2081 1410 erit
2100 1390 2178 1419 atque
2208 1385 2345 1418 Discolor,
2368 1385 2428 1411 infi-

1387 1419 1422 1445 do
1436 1420 1539 1445 scurrae
1553 1418 1773 1445 distabitamicus.
1845 1419 1983 1446 Anhelitus
1996 1419 2110 1446 discolor
2123 1419 2245 1447 obscurat
2258 1429 2317 1448 axes
2331 1421 2428 1448 rutilos

1387 1454 1480 1481 Claud.
1496 1454 1527 1481 de
1542 1455 1617 1488 Rapt.
1631 1455 1748 1489 Proserp.
1764 1463 1786 1487 2,
1802 1463 1855 1487 192.
1880 1455 1908 1481 de
1921 1453 2008 1489 afflatu
2021 1465 2135 1490 equorum
2148 1457 2271 1483 Plutonis.
2347 1456 2427 1482 Indus
2459 1484 2465 1491 ..

1386 1489 1501 1516 discolor
1525 1491 1642 1524 Propert.
1655 1498 1683 1523 4,
1697 1498 1764 1522 3,10.
1800 1490 1847 1517 Sed
1859 1489 1925 1516 reete
1938 1491 2059 1517 Brouckh.
2075 1490 2191 1517 decolor.
2249 1491 2425 1519 Ouid.Trist.

1385 1534 1412 1558 2,
1426 1532 1480 1559 477
1500 1525 1528 1551 de
1541 1525 1598 1551 ludo
1612 1527 1757 1552 calculorum
1770 1535 1777 1550 :
1814 1526 1935 1552 Discolor
1947 1532 1974 1553 vt
1986 1526 2060 1552 recto
2078 1526 2123 1562 (f.
2138 1526 2224 1558 tecto,
2236 1529 2344 1557 occulto,
2363 1526 2430 1563 quod

1385 1570 1433 1586 non
1441 1560 1538 1592 sentiat
1551 1560 1731 1595 aduersarius)
1750 1562 1873 1594 grassetur
1891 1562 1977 1587 limite
1997 1561 2088 1592 miles,
2105 1562 2173 1588 Cum
2191 1561 2294 1588 medius
2319 1562 2427 1596 gemino

1385 1594 1499 1620 calculus
1514 1595 1587 1620 hoste
1606 1595 1683 1628 perit.
1756 1596 1863 1630 Sanguis
1877 1597 1992 1623 discolor
2011 1598 2109 1623 Lucan.
2124 1606 2163 1627 10,
2176 1601 2227 1626 128.
2284 1597 2427 1625 Cic-Verr.

1386 1630 1416 1655 A.
1434 1637 1454 1662 1,
1468 1637 1504 1662 40
1518 1639 1539 1655 c.
1555 1638 1578 1661 13
1599 1631 1658 1655 Hoc
1671 1629 1770 1655 facium
1783 1632 1830 1657 else
1844 1631 1871 1656 111
1886 1631 1933 1658 hac
1946 1632 2070 1664 ciuitate,
2089 1641 2171 1666 quum
2190 1632 2341 1659 Senatorius
2358 1632 2426 1660 ordo

1386 1664 1532 1697 iudicaret,
1552 1671 1581 1691 vt
1599 1664 1774 1691 discoloribus
1788 1665 1880 1700 signis,
1902 1667 2051 1693 iuratorum
2063 1667 2202 1694 hominum
2223 1668 2366 1694 sententiae
2376 1675 2420 1694 no-

1386 1706 1514 1726 tarentur.
1540 1704 1557 1726 i.
1574 1700 1687 1726 Tabellae
1699 1707 1723 1726 et
1735 1710 1802 1727 cerae
1813 1711 1861 1727 non
1876 1702 1980 1728 eiusdem
1993 1704 2092 1729 coloris.
2127 1704 2159 1729 Su
2177 1712 2207 1729 ra
2219 1705 2300 1729 autem
2319 1703 2427 1735 dixerat,

1386 1734 1460 1760 nulla
1474 1741 1535 1760 nota
1544 1754 1553 1767 ,
1571 1735 1659 1761 nullus
1672 1736 1762 1766 color,
1780 1737 1867 1762 nullae
1881 1737 1968 1763 sordes
1983 1737 2143 1764 videbantur
2156 1710 2198 1764 iiis
2211 1738 2346 1765 sententiis
2362 1736 2426 1764 adli-

1386 1770 1415 1795 ni
1428 1770 1505 1803 posse.
1579 1771 1632 1795 Via
1663 1769 1778 1796 discolor
1811 1772 1893 1797 variis
1912 1773 1990 1798 floret
2006 1773 2086 1798 armis
2114 1774 2201 1799 Valet.
2217 1775 2316 1807 Argon.
2331 1781 2354 1805 5,
2368 1774 2426 1804 564.

1386 1805 1495 1831 Rerum'
1517 1803 1633 1830 discolor
1663 1805 1723 1830 vsus
1755 1805 1822 1831 Pers.
1849 1814 1873 1838 5,
1900 1814 1937 1838 52.
1985 1806 2043 1832 Vid.
2053 1809 2130 1841 plura
2143 1814 2183 1842 ap.
2200 1808 2286 1843 HeinJ:
2299 1807 2335 1833 ad
2344 1806 2426 1833 Ouid.

1385 1841 1451 1866 Her.
1467 1848 1493 1872 9,
1509 1849 1536 1873 4.

1421 1881 1439 1900 D
1453 1880 1709 1905 lscoromvs,
1728 1881 1752 1900 et
1770 1880 2038 1908 DISCOLORVS,
2054 1885 2082 1907 a,
2099 1885 2153 1902 um.
2172 1875 2232 1903 Adi.
2269 1875 2346 1902 Idem.
2381 1875 2426 1900 Pe-

1383 1915 1453 1935 tron.
1468 1918 1488 1933 c.
1503 1916 1534 1941 57
1554 1908 1702 1935 Discolor-ia
1714 1909 1801 1934 vestis.
1872 1911 1950 1937 Mart.
1964 1912 2063 1946 Capell.
2081 1920 2091 1937 1
2106 1921 2130 1944 p.
2146 1919 2174 1943 19
2214 1910 2323 1936 Florida
2343 1908 2428 1936 disco·
2448 1927 2451 1929 —

1383 1943 1494 2003 lorappue
1506 1942 1592 1968 vestis.
1662 1943 1784 1969 Prudent.
1799 1944 1888 1970 Perist.
1904 1953 1943 1977 10,
1956 1947 2001 1976 3'02
2024 1947 2098 1978 Qos
2111 1946 2171 1971 luna
2194 1950 2276 1971 terret
2297 1944 2426 1972 discolora
2462 1967 2471 1982 r

1382 1987 1412 2005 1n
1454 1986 1463 2003 1
1483 1984 1528 2003 ite.
2396 1984 2398 1987 ’

1419 2019 1437 2039 D
1449 1987 1627 2081 ιξοοΝὖῐῦἶν
1637 2018 1655 2039 c
1666 2019 1722 2040 1'1'.
1759 2012 1839 2040 Nihil
1873 2012 2040 2041 disconducit
2071 2013 2135 2041 huic
2163 2015 2204 2042 rei
2228 2015 2317 2043 ‘Plane
2342 2015 2426 2043 Trin.
2460 2041 2464 2046 ,

1383 2051 1619 2081 2,4,85.i.oe.
2322 2053 2326 2057 ‘

1421 2090 1439 2109 D
1448 2091 1456 2110 1
1466 2091 1478 2110 s
1487 2091 1503 2110 c
1513 2090 1532 2111 o
1541 2090 1559 2110 ο
1568 2090 1582 2108 1²
1591 2090 1607 2110 E
1616 2090 1636 2110 R
1647 2089 1657 2109 1
1670 2089 1690 2109 o
1699 2103 1708 2116 ‚
1733 2083 1780 2109 ire.
1817 2083 2017 2111 Verecundiora
2047 2084 2282 2119 discooperuerunt
2319 2085 2425 2121 vulgat.
2460 2118 2461 2121 Ἴ

1384 2119 1478 2145 Ezech.
1492 2127 1530 2151 22,
1551 2128 1588 2145 10.
1660 2118 1734 2154 Conf.
1747 2118 1833 2144 Leuit.
1846 2125 1881 2151 18,
1897 2126 1914 2154 7
1927 2126 1973 2146 etc.
2009 2120 2125 2147 Hieron.
2141 2122 2187 2155 Ep.
2202 2126 2251 2151 128.

1419 2160 1438 2180 D
1448 2161 1457 2179 1
1468 2162 1480 2180 S
1491 2161 1534 2180 CO
1546 2160 1566 2181 Ο
1576 2161 1591 2180 1>
1599 2160 1615 2179 E
1623 2161 1641 2180 R
1650 2162 1660 2180 1
1671 2161 1687 2180 Ε
1697 2162 1719 2181 Ν
1728 2161 1740 2181 s
1748 2173 1757 2186 ,
1777 2154 1853 2180 entis,
1872 2155 1963 2182 Partic.
2001 2156 2107 2189 Vulgat.
2120 2165 2136 2182 2
2145 2157 2212 2182 Sam.
2220 2158 2246 2188 6,
2257 2164 2302 2183 20.

1414 2196 1479 2250 snls
1490 2195 1507 2216 e
1520 2196 1538 2215 o
1549 2196 1645 2216 orER
1656 2196 1707 2216 Tv
1718 2197 1747 2222 s,
1768 2198 1798 2222 a,
1817 2199 1871 2216 um.
1913 2191 2008 2217 Partic.
2045 2192 2153 2226 Vulgat.
2176 2191 2255 2218 Ruth.
2278 2201 2309 2225 3,
2340 2199 2367 2227 7.
2403 2198 2427 2219 ιι

1383 2225 1412 2251 Ie
1425 2224 1458 2250 ai.
1473 2233 1507 2251 20
1551 2244 1557 2250 .
2246 2252 2249 2255 .

1419 2266 1478 2287 D1s
1488 2234 1591 2287 cb4Nv
1602 2258 1618 2286 ἔ
1628 2266 1650 2285 N
1660 2268 1669 2286 1
1681 2267 1718 2292 ο,
1741 2260 1800 2292 eni,
1824 2266 1931 2293 eurum,
1955 2264 2004 2288 ire.
2042 2260 2176 2297 [διαφὲρψ
2199 2260 2316 2297 menna]
2351 2262 2429 2298 Dnffi-

1385 2295 1457 2328 dere,
1473 2295 1622 2330 discordare.
1658 2297 1726 2322 Hor.
1739 2296 1817 2330 Epist.
1832 2305 1851 2329 1,
1866 2305 1886 2328 1,
1906 2305 1941 2330 99
1961 2297 2039 2323 Vitae
2059 2297 2225 2324 disconuenit
2245 2298 2340 2325 ordine
2359 2304 2428 2325 toto.

1385 2332 1453 2357 Hor.
1468 2331 1546 2365 Epist.
1563 2340 1581 2361 1,
1596 2340 1636 2365 14,
1649 2336 1674 2362 18
1695 2332 1760 2358 Non
1798 2332 1888 2358 eadem
1920 2332 2065 2366 miramur,
2092 2342 2125 2360 eo
2159 2333 2327 2361 disconuenit
2357 2333 2429 2361 inter

1386 2367 1484 2400 Meque
1504 2372 1529 2392 et
1543 2372 1577 2392 te.

1421 2407 1440 2427 D
1451 2409 1459 2427 1
1469 2409 1482 2428 s
1492 2408 1508 2429 C
1519 2407 1539 2428 0
1550 2408 1572 2427 N
1582 2408 1603 2427 v
1612 2408 1628 2428 Ε
1637 2409 1659 2428 N
1669 2408 1678 2427 1
1688 2408 1705 2428 E
1713 2409 1736 2428 N
1745 2409 1757 2428 s
1767 2421 1773 2432 ,
1797 2403 1874 2428 entis.
1907 2403 2000 2430 Partic.
2036 2405 2220 2431 Inconueniens.
2257 2404 2375 2431 Latitant.
2394 2404 2427 2431 de

1384 2437 1426 2462 Ira
1440 2437 1491 2470 Dei
1505 2446 1525 2462 c.
1539 2445 1552 2469 3
1569 2436 1610 2463 Est
1622 2436 1830 2468 disconueniens,
1840 2443 1868 2464 vt
1881 2438 2014 2465 eiusmodi
2027 2439 2153 2474 potestate
2166 2440 2196 2466 fit
2208 2440 2358 2475 praeditus,
2372 2449 2425 2475 qua
2452 2472 2455 2475 .

1385 2478 1478 2498 noceat
1492 2479 1516 2498 et
1531 2472 1597 2498 obsit
1613 2483 1620 2503 ς
1655 2472 1771 2506 prodesse
1784 2482 1850 2499 vero
1864 2479 1890 2499 et
1904 2473 2059 2501 benefacere
2076 2482 2197 2509 nequeat.

1422 2513 1440 2532 D
1450 2514 1458 2532 1
1467 2514 1480 2533 s
1491 2513 1507 2533 c
1520 2513 1539 2533 o
1548 2513 1598 2532 Nv
1608 2514 1653 2532 EN
1666 2514 1675 2533 1
1688 2514 1704 2532 E
1716 2514 1737 2534 n
1746 2514 1767 2533 T
1776 2514 1785 2531 1
1796 2515 1815 2532 Α
1826 2527 1833 2538 ,
1853 2516 1891 2533 ae.
1913 2509 1933 2533 f.
1971 2509 2090 2535 Tertull.
2106 2511 2138 2536 de
2150 2510 2266 2536 Testim.
2279 2511 2368 2537 Anim.
2377 2520 2399 2537 c.
2408 2513 2425 2538 6

1384 2541 1530 2576 Suspectam
1544 2541 1610 2567 habe
1625 2541 1837 2568 conuenientiam
1849 2541 2053 2576 praedicationis
2066 2544 2095 2569 in
2107 2550 2177 2570 tanta
2199 2544 2426 2572 disconuenientia
2457 2570 2462 2572 .

1383 2577 1599 2603 conuersationis.

1421 2619 1441 2638 D
1451 2620 1460 2638 1
1471 2619 1484 2638 s
1496 2610 1594 2651 Con
1603 2618 1622 2639 o
1631 2632 1640 2644 ,
1660 2611 1704 2643 xi,
1722 2611 1793 2638 &ui-n
1805 2631 1813 2644 ,
1834 2613 1886 2638 ἕπε.
1924 2609 2048 2646 [daedalo]
2084 2613 2151 2639 Idem
2163 2612 2228 2648 quod
2237 2612 2272 2639 ad
2277 2613 2424 2647 solutionem
2433 2624 2446 2635 ι’

1386 2657 1462 2683 vsque
1477 2648 1596 2684 Coquere,
1615 2647 1655 2673 vel
1673 2647 1748 2673 Valde
1761 2656 1868 2682 coquere.
1904 2647 1969 2673 Plin.
1983 2656 2020 2678 22,
2029 2655 2056 2680 25
2077 2648 2170 2674 Nostri
2183 2648 2347 2682 praecipiunt
2359 2648 2421 2675 arie·

1385 2684 1472 2709 tinum
1486 2684 1514 2709 in
1528 2692 1595 2717 aqua
1607 2691 1667 2708 cum
1680 2682 1732 2708 sale
1747 2681 1899 2716 discoquere
1909 2702 1915 2708 .
1986 2681 2056 2708 Ibid.
2073 2683 2170 2709 Aluum
2179 2683 2242 2709 fistit
2254 2683 2282 2709 in
2295 2683 2425 2716 cibo‚ma-

1386 2719 1479 2753 gisque
1492 2718 1607 2745 disco&a
1619 2717 1721 2744 caelesti
1734 2726 1809 2752 aqua.
1845 2717 1911 2743 Add.
1927 2716 1965 2743 Id.
1980 2726 2021 2750 29,
2035 2719 2052 2744 6
2064 2725 2088 2744 et
2099 2719 2133 2745 al.
2203 2718 2325 2746 Disco&
2337 2718 2422 2745 malua

1387 2754 1505 2780 Scribon.
1521 2759 1574 2786 184.
1608 2753 1681 2787 Conf.
1696 2752 1781 2778 Rhod.
1796 2753 1858 2778 Lex.
1873 2752 1954 2777 Scrib.

1423 2795 1442 2813 D
1452 2796 1461 2814 1
1469 2794 1481 2812 s
1491 2795 1507 2814 c
1516 2795 1534 2813 0
1544 2795 1562 2813 R
1572 2795 1581 2813 1
1591 2793 1626 2818 o,
1646 2792 1699 2812 are.
1735 2787 1747 2818 [
1754 2784 1826 2811 οἰποδέ
1841 2798 1856 2810 ω
1869 2786 1948 2811 ΟΙοΙΓ.
1963 2786 2008 2812 Gr.
2018 2786 2092 2822 Lat.]
2126 2788 2224 2814 Corium
2236 2786 2371 2814 detrahere.

1424 2827 1443 2846 D
1453 2829 1461 2846 1
1472 2829 1485 2847 S
1495 2829 1511 2847 C
1520 2829 1539 2847 O
1551 2829 1569 2847 R
1579 2828 1601 2852 S,
1613 2821 1695 2846 ordis.
1717 2820 1776 2845 Adi.
1798 2797 1935 2853 [δῖάφωνοῆ
1944 2821 2113 2856 ἕτερογνώμων,
2123 2822 2273 2855 ἀσύμφωνος,
2281 2821 2425 2858 οἷνοὲρμσςος]

1389 2856 1439 2889 Qu·
1452 2856 1539 2887 corde,
1556 2856 1580 2881 h.
1595 2865 1613 2880 e.
1626 2857 1716 2880 Animo
1729 2854 1842 2889 diffidet,
1861 2863 1904 2888 vt,
1925 2855 1965 2882 Ad
1979 2857 2031 2883 alia
2049 2857 2181 2883 discordes
2197 2858 2225 2883 in
2243 2866 2298 2884 vno
2319 2858 2425 2884 consen-

1389 2890 1441 2916 fisse
1460 2891 1518 2916 Liu.
1532 2899 1560 2923 4,
1576 2892 1614 2915 26.
1687 2891 1717 2916 Et
1731 2891 1832 2916 Ciuitas
1847 2892 1932 2917 secum
1949 2892 2002 2925 ipsa
2023 2891 2120 2918 discors
2147 2893 2206 2918 Liu.
2220 2902 2243 2925 2,
2258 2901 2297 2926 23.
2368 2894 2425 2928 Ipsa

1388 2925 1435 2952 sibi
1450 2926 1546 2952 discors
1563 2924 1644 2952 Ouid.
1657 2925 1742 2951 Trist.
1758 2934 1779 2958 5.
1793 2934 1815 2959 5,
1828 2935 1864 2959 35.
1906 2927 2010 2953 Discors
2024 2928 2090 2961 patri
2110 2927 2178 2953 Vcll.
2192 2937 2217 2958 2,
2231 2936 2269 2963 37,
2284 2937 2306 2961 3.
2360 2929 2425 2956 Non

1387 2960 1551 2993 ambitione,
1570 2969 1623 2986 non
1655 2962 1824 2988 contentione
1852 2961 1983 2988 discordes
2002 2963 2058 2988 Cic.
2080 2962 2111 2988 de
2119 2963 2179 2998 Leg.
2189 2964 2251 2997 Agr.
2264 2973 2291 2997 2,
2304 2972 2338 2996 90
2351 2973 2372 2991 c.
2386 2973 2422 2997 33.

1387 2997 1468 3022 Arma
1480 2996 1611 3023 discordia
1629 2997 1703 3030 Virg.
1716 2997 1812 3031 Georg.
1828 3005 1851 3028 2,
1863 3005 1922 3031 459.
1942 3001 1960 3023 i.
1981 3004 2011 3024 vt
2023 2999 2328 3034 interpretaturSeruius,
2347 2999 2429 3028 Plena

1386 3032 1475 3067 iurgio
1488 3038 1513 3059 et
1528 3031 1636 3066 rapinis.
1679 3032 1756 3058 Verba
1763 3032 1840 3067 sunt:
2445 3043 2448 3046 ¹

1542 3068 1566 3094 O
1581 3068 1728 3093 fortunatos
1740 3068 1853 3094 nimium
1863 3087 1871 3100 ,
1892 3069 1935 3094 sua
1947 3067 1964 3094 fi
1977 3067 2047 3095 bona
2066 3069 2170 3100 norint,

1545 3102 1678 3136 Agricolas
1693 3113 1698 3128 :
1732 3103 1827 3137 quibus
1839 3103 1892 3137 ipsa
1905 3105 1996 3137 procul
2009 3104 2174 3131 discordibus
2189 3104 2269 3131 armis

1543 3138 1640 3164 Fundit
1653 3137 1735 3164 humo
1749 3139 1852 3165 facilem
1866 3139 1967 3165 vicium
1981 3139 2113 3166 iustiffima
2125 3140 2210 3166 tellus.

1391 3173 1490 3207 opponi
1501 3173 1618 3200 videmur
1631 3182 1703 3200 arma
1715 3174 1846 3201 discordia
1858 3173 1974 3207 rusticis,
1993 3176 2130 3211 ligonibus,
2144 3173 2235 3207 rastris
2248 3180 2294 3201 etc.
2341 3175 2423 3202 Ouid.

1391 3209 1455 3235 Met.
1473 3217 1493 3240 1,
1507 3218 1553 3242 433
1573 3211 1714 3243 Qmmque
1730 3209 1758 3235 lit
1773 3210 1839 3244 ignis
1851 3219 1933 3244 aquae
1948 3218 2066 3244 puguaX,
2092 3219 2175 3244 vapor
2193 3209 2317 3236 humidus
2333 3219 2425 3238 omnes

1392 3244 1441 3270 Res
1455 3251 1539 3276 creat,
1557 3252 1581 3270 et
1594 3245 1691 3271 discors
1707 3245 1858 3271 Concordia
1876 3245 1974 3271 fetibus
1993 3252 2051 3279 apta
2070 3244 2114 3271 est.
2184 3246 2252 3271 Hor.
2267 3246 2345 3280 Epist.
2359 3255 2426 3279 1,12,

1393 3287 1420 3311 19
1441 3280 1511 3312 Qid
1530 3280 1596 3307 velit
1617 3286 1642 3306 et
1654 3279 1727 3314 possit
1739 3289 1828 3306 rerum
1843 3280 1993 3307 Concordia
2008 3280 2114 3306 discors.
2186 3282 2254 3306 Haec
2267 3281 2299 3314 est
2321 3281 2365 3308 illa
2376 3283 2424 3308 He-

1390 3316 1476 3340 raclitz
1492 3314 1668 3350 Ἐναγτιοτροηὴ
1680 3319 1790 3341 creatrix
1805 3319 1910 3341 omnium
1923 3323 1946 3341 et
1958 3315 2135 3349 confirmatrix.
2181 3316 2239 3342 vid.
2255 3322 2424 3344 DISCORDIA

1391 3358 1510 3376 concors.
1614 3352 1725 3377 Dextrae
1737 3351 1869 3377 discordes
1890 3351 1951 3377 Stat.
1965 3350 2055 3377 Theb.
2070 3354 2096 3383 6,
2132 3370 2138 3376 .
2178 3371 2184 3377 .
2220 3352 2313 3379 Gloria
2326 3352 2424 3378 discors

1764 3386 1839 3413 Modi
1854 3385 1983 3412 discordes
2002 3386 2062 3412 Stat.
2071 3385 2135 3412 Silu.
2149 3394 2171 3419 5,
2184 3395 2205 3419 5,
2219 3389 2259 3413 26.
2278 3386 2360 3414 modos
2371 3397 2423 3413 mu-

1384 3419 1450 3453 Jicos
1463 3421 1596 3456 intelligit,
1611 3429 1674 3456 prae
1687 3420 1755 3448 luffa
1784 3432 1852 3448 arum
1864 3421 2029 3456 consonantes.
2122 3422 2212 3448 Motus
2224 3422 2352 3448 discordes
2361 3423 2424 3449 Stat.

1393 3454 1483 3481 Theb.
1502 3464 1538 3487 10,
1553 3464 1607 3490 575.
1689 3429 1803 3483 Mundlixs
1816 3457 1913 3483 discors
1932 3455 1997 3481 Plin.
2011 3465 2051 3488 30,
2066 3465 2085 3482 1.
2174 3457 2281 3484 Pectora
2293 3456 2424 3484 discordia

1392 3491 1488 3516 Lucan.
1503 3500 1538 3521 10,
1555 3500 1589 3517 12.
1625 3498 1647 3517 et
1660 3492 1704 3517 Sil.
1719 3501 1740 3522 ε,
1754 3498 1798 3524 380
1815 3492 1912 3518 Inferri
1923 3492 2040 3517 Romana
2053 3492 2104 3518 suis
2123 3492 2252 3519 discordia
2269 3492 2344 3519 sentit
2379 3494 2423 3519 Pe-

1393 3525 1476 3552 61013.
1547 3527 1677 3553 Sententia
1691 3526 1788 3554 discors
1804 3528 1848 3554 Sil.
1865 3535 1896 3559 13,
1935 3546 1940 3552 .
1979 3547 1984 3552 .
2028 3528 2175 3555 Sententiae
2192 3527 2321 3554 discordes
2340 3528 2423 3555 medi-

1770 3562 1928 3597 Symphonia
1952 3561 2050 3589 discors
2075 3565 2140 3590 Hor.
2161 3562 2192 3589 de
2202 3563 2265 3588 Arte
2279 3565 2349 3590 Po'e't.
2363 3571 2421 3598 374.

1393 3596 1474 3623 Ouid.
1489 3597 1578 3622 Amor.
1592 3605 1614 3629 2,
1628 3606 1665 3628 10,
1684 3606 1701 3630 9
1728 3599 1819 3630 Errat,
1838 3604 1865 3623 vt
1888 3606 1902 3623 a
1923 3598 2006 3624 ventis
2030 3598 2190 3625 discordibus
2216 3597 2273 3624 affia
2295 3599 2422 3634 phaselus.
2452 3611 2455 3615 ¹

1394 3633 1461 3659 Hor.
1475 3632 1555 3658 Serm.
1565 3640 1585 3663 2,
1601 3639 1622 3664 3,
1636 3640 1683 3666 174
1701 3633 1832 3665 Extinmi,
1852 3642 1885 3658 ne
1898 3641 1945 3658 vos
1959 3640 2045 3668 ageret
2059 3635 2161 3660 vesania
2175 3632 2280 3660 discors.
2339 3634 2421 3661 Ouid.

1395 3669 1486 3695 Amor.
1501 3676 1522 3703 3,
1535 3672 1556 3698 8,
1569 3672 1602 3700 48
1622 3667 1694 3700 Qud
1709 3668 1759 3694 tibi
1774 3668 1905 3694 discordes
1918 3668 2013 3695 addere
2027 3670 2053 3695 in
2066 3677 2136 3695 anna
2149 3668 2221 3694 viros
2235 3670 2243 3694 ἓ
2319 3670 2423 3696 Discor-

1395 3703 1433 3730 dis
1445 3703 1591 3737 antiquitus
1606 3701 1741 3729 dicebatur
1755 3714 1759 3729 :
1796 3704 1920 3738 Pompon.
1935 3705 1964 3730 in
1979 3705 2029 3731 Sat.
2048 3703 2156 3734 Blanda,
2173 3703 2269 3736 fallax,
2282 3705 2423 3739 impotens,

1334 3753 1380 3771 100
1393 3738 1512 3773 superba,
1527 3737 1661 3764 discordis.
1698 3740 1733 3764 Ex
1740 3738 1861 3765 Priscian.
1876 3742 1892 3765 6
1904 3749 1927 3774 p.
1940 3742 2000 3774 726.

1433 3780 1451 3800 D
1464 3781 1472 3799 l
1484 3781 1496 3800 S
1505 3780 1521 3800 C
1531 3780 1549 3799 O
1558 3781 1576 3799 R
1586 3780 1603 3799 D
1613 3780 1647 3803 O,
1667 3777 1719 3799 Ere.
1756 3771 1906 3808 [diaoewn'Q
1927 3772 2084 3809 διαφέρομαι,
2104 3769 2257 3807 διχοξατὲω]
2290 3774 2421 3809 Βζθῗᾶἒνθ,

1393 3808 1525 3842 drffi’ntire.
1561 3808 1641 3834 Plaut.
1656 3809 1735 3834 Mei-c.
1751 3817 1775 3841 2,
1792 3818 1810 3841 1,
1825 3819 1841 3845 7
1861 3811 1920 3836 Neu
1937 3809 2123 3837 discordarent,
2144 3807 2161 3833 fl
2175 3809 2266 3835 ambae
2278 3809 2305 3835 in
2320 3819 2374 3836 vno
2388 3811 2424 3836 es-

1394 3844 1447 3870 sent
1460 3844 1527 3869 loco.
1599 3843 1689 3869 Tacit.
1707 3845 1773 3870 Anu.
1790 3854 1821 3876 ιε,
1836 3851 1875 3877 28,
1893 3855 1908 3872 2
1928 3846 1969 3871 Illi
1982 3849 2051 3869 metu
2065 3852 2098 3868 ne
2112 3842 2172 3869 hinc
2193 3845 2339 3878 Romanus,
2360 3845 2423 3872 inde

1394 3879 1535 3909 Cherusci,
1553 3887 1611 3904 cum
1627 3879 1700 3912 queis
1713 3881 1854 3907 Aeternum
1868 3879 2028 3909 discordant,
2050 3885 2094 3904 etc.
2186 3880 2278 3906 Parcus
2292 3880 2423 3907 discordat

1866 3914 2020 3942 Discordant
2033 3913 2102 3940 inter
2115 3915 2140 3940 se
2160 3914 2227 3942 Ter.
2235 3916 2315 3943 Andr.
2323 3924 2343 3948 3,
2351 3925 2373 3948 3,
2381 3924 2422 3948 43.

2365 3951 2420 3977 Cic.
