2479 4225
278 161 349 202 487
661 142 941 188 EXE
1752 138 2032 177 EXE
2332 146 2405 188 488

280 239 383 266 lationis
399 237 488 263 danda.
561 236 628 263 Idem
643 236 692 263 eod.
707 237 774 262 titul.
795 238 825 262 In
844 230 1021 266 exequutione
1040 229 1211 264 obligationis
1232 228 1312 254 scien·
1373 229 1429 256 Iam
1442 230 1548 264 iamque
1560 234 1674 255 natantes
1688 227 1815 253 Exercet-e
1829 227 1928 258 Genas,
1946 231 1996 254 iam
2007 232 2034 254 in
2041 227 2154 264 fhmnum
2162 230 2317 254 comziucnscs
2325 228 2407 263 palpe-
2462 260 2465 263 ι

278 275 340 301 dum
356 274 405 301 est,
425 279 539 306 quatuor
550 273 635 298 causas
654 273 710 298 efl'e,
1372 265 1429 291 bras
1437 269 1511 299 pueri
1519 265 1662 300 sollcitare,
1690 271 1712 289 ct
1729 262 1837 298 afimrno
1854 273 1981 295 reuocare,
2009 274 2064 290 mox
2083 272 2161 290 autem
2180 263 2267 289 dulces
2287 264 2408 290 arceisere
2424 270 2426 273 “

317 318 331 335 h-
343 316 359 334 X
369 316 411 334 Η,
421 315 437 333 V
451 314 467 331 v
482 314 503 333 T
515 313 533 332 O
544 314 561 333 R
570 327 579 340 ,
603 310 641 334 uel
665 315 680 333 15
692 314 708 332 χ
719 313 731 332 S
742 312 756 331 13
766 311 783 331 c
792 312 810 329 v
821 309 841 328 T
850 308 894 327 OR
904 320 912 332 ‚
940 301 1003 327 oris.
1031 310 1066 327 m.
1103 298 1312 334 [ἄποπληρωτὴς]
1373 300 1486 326 somnos.
1590 301 1686 325 Guttur
1700 299 1773 324 inani
1785 298 1846 324 cibo
1858 306 1960 325 exercet
1969 299 2121 332 Erifichthon
2144 299 2224 325 Ouid.
2235 299 2297 325 Met.
2311 303 2332 328 Β,
2353 300 2409 328 826.

285 346 333 374 Vt,
360 332 512 377 Eunutor
541 343 756 373 inimicitiarum,
777 347 822 373 pro
853 335 956 362 Vindice
974 337 1042 363 Suet.
1066 338 1092 362 in
1119 335 1220 369 Vespas.
1234 343 1256 360 c.
1275 344 1311 367 ¹4·
1372 336 1436 361 Fere
1450 342 1520 362 totus
1533 336 1644 362 mundus
1664 340 1767 361 exercet
1786 334 1949 360 Histrionem
1990 336 2092 361 Petron.
2112 341 2150 369 ap.
2170 334 2265 360 Sarisb.
2285 334 2317 360 de
2335 333 2407 368 Nug.

280 380 412 405 Malorum
427 378 619 413 propositorum
635 378 767 403 exsecutor
780 373 922 398 acerrimus
946 372 1012 398 Vell.
1028 381 1050 404 2,
1064 380 1105 404 45,
1120 380 1137 396 1.
1207 370 1312 396 Senten-
1333 372 1348 398 5
1373 371 1436 396 Cur.
1444 379 1467 402 3,
1481 377 1502 400 8.
1572 372 1647 405 Virg.
1662 371 1758 404 Georg.
1779 378 1798 401 1,
1814 377 1865 395 220
1893 371 1926 395 At
1940 370 1956 396 si
1972 372 2100 396 triticeam
2115 372 2140 395 in
2154 370 2272 402 mcfl'em,
2292 368 2409 396 robusta·
2455 395 2457 401 ,

279 415 329 441 tiae
343 415 476 440 exsecutor
497 414 572 447 Apul.
589 414 651 438 Met.
666 420 682 444 7
698 420 720 443 p.
737 416 791 442 197.
869 408 1052 439 Exsecutores,
1072 407 1253 441 Apptzritores,
1269 408 1313 440 qui
1373 414 1424 439 que
1438 406 1508 432 farra
1522 406 1660 433 Exercebis
1673 407 1807 437 Humum,
1825 405 1938 439 solisque
1957 406 2063 432 instabis
2084 406 2185 438 aristis,
2208 413 2253 431 etc.
2325 406 2410 438 Iinpe—
2440 406 2442 408 ’

280 448 447 486 Magisr'ratus
461 453 560 484 imperio
570 457 622 473 reos
635 450 660 471 sn
674 455 711 470 lus
727 449 812 469 vacant
828 453 835 467 :
871 443 927 469 inde
939 442 1013 476 dieti,
1030 443 1093 478 quod
1106 445 1156 468 cius
1164 442 1312 476 sententiam
1374 441 1414 467 ria
1431 440 1497 467 dura
1538 442 1576 468 Id.
1597 442 1664 469 [bid.
1685 451 1715 472 2,
1737 449 1793 475 370.
1897 442 2033 475 Ingenium
2079 442 2154 467 Auet.
2173 440 2204 466 ad
2218 442 2315 466 Hei-en.
2328 448 2356 471 3,
2368 448 2409 473 34.

280 489 306 511 in
319 488 388 512 bonis
396 485 589 521 pigmzomhusque
600 480 724 515 capientia
737 486 919 513 exequerentur.
962 480 1018 504 Via.
1040 482 1207 504 x'1AT01<hS.
1257 477 1312 502 Vti-
1373 476 1487 508 Liu.38‚
1523 496 1530 502 .
1568 497 1574 503 .
1608 479 1699 511 ltaque
1713 478 1811 510 collega
1832 485 1904 502 meus
1918 477 1959 502 vel
1978 477 2006 503 in
2019 477 2068 503 alia
2082 477 2156 502 causa
2170 476 2324 502 inimicitias
2338 484 2413 501 exer-

279 528 321 547 tur
335 522 477 547 Martianus
493 520 633 551 imperator
648 515 663 540 l.
678 523 736 539 cum
750 513 853 540 clericis
865 516 895 541 C.
910 514 941 540 de
955 515 1032 548 episc.
1046 521 1072 539 et
1085 512 1170 538 cleric.
1374 518 1438 538 ccat.
1494 513 1534 539 Sic
1548 513 1607 539 Sall.
1619 514 1709 545 Cai.9,
1722 521 1746 538 2.
1784 520 1804 538 tt
1825 521 1874 544 49,
1895 521 1919 538 2.
1991 513 2145 539 Inimicitias
2164 512 2277 538 nimium
2297 511 2410 537 familia-

316 563 383 583 Exn
393 564 439 595 &W
450 566 457 582 1
468 562 487 580 A
497 561 511 579 E
521 572 528 583 ‚
550 552 588 576 vel
611 557 626 575 E
637 558 654 576 x
666 557 702 575 εΗ
713 557 760 588 Qv
772 557 779 575 1
789 557 810 575 Α
822 554 938 582 Ε,Ξπιιιῃ.
961 550 980 576 f.
1016 545 1163 582 [ἐκκομιδὴ]
1203 546 1311 573 Funebre
1328 557 1357 575 io
1373 548 1440 574 riter
1470 547 1525 574 Cic.
1539 548 1656 575 Diuinat.
1670 549 1698 573 in
1707 550 1784 574 Verr.
1801 557 1821 579 13
1842 558 1862 573 c.
1873 557 1890 580 4
1913 547 1942 573 de
1953 548 2163 575 praeuaricatore.
2217 546 2286 574 Adcl.
2302 546 2372 572 Vell.
2386 554 2413 578 2,
2458 567 2461 572 .

279 590 397 626 officium.
415 590 476 626 quod
488 588 585 622 JL-zlscee
601 588 628 611 in
642 586 734 620 junci-e
745 587 850 611 alicuius
864 589 1004 621 exequimur
1017 597 1023 609 :
1060 585 1089 610 ab
1103 593 1128 610 eo
1141 580 1232 615 distas,
1245 581 1310 617 quod
1374 591 1416 616 45,
1431 592 1450 609 1.
1520 583 1685 609 iracundiam
1698 585 1727 609 in
1741 584 1872 617 superatos
1901 584 1957 609 Cic.
1971 583 2044 609 Brut.
2059 592 2079 609 2.
2184 584 2238 609 Iras
2258 583 2314 617 plus
2333 591 2413 616 quam

280 618 505 660 homjnes'pompam
514 620 644 657 funebrem
654 620 800 655 fiquuntur.
837 621 911 656 Conf.
922 621 994 647 Seru.
1004 620 1034 647 ad
1043 621 1105 645 Aen.
1115 627 1199 651 2,539.
1243 619 1312 644 Ter.
1374 619 1492 644 ciuiliter
1506 626 1609 645 exercet
1636 619 1717 644 Ouid.
1730 620 1793 645 Met.
1805 628 1842 651 iz,
1856 624 1906 651 583.
1977 619 2032 645 Cic.
2047 619 2122 645 Verr.
2132 626 2152 651 1,
2167 627 2206 651 155
2232 620 2319 652 Atque
2331 618 2411 643 etiarn

280 662 384 688 Pborm.
399 670 420 692 5,
434 668 463 691 9,
484 665 514 691 37
533 656 649 692 formula
672 659 787 681 uocantis
811 656 844 682 ad
866 657 1001 691 exsequias
1021 658 1168 691 praeconis,
1187 654 1315 687 Exequias
1374 654 1506 680 Iudicium
1520 655 1548 679 in
1562 656 1686 680 Praetura
1701 654 1969 688 publicumexercvit.
2062 654 2210 680 Iumentum
2236 654 2304 688 Nep.
2314 658 2415 686 18‚5,4·

280 697 430 724 Chremeti,
448 692 545 727 quibus
557 692 592 717 est
604 690 775 718 commodum
788 692 844 723 ire,
864 693 915 718 iam
930 699 1031 726 tempus
1044 691 1088 717 cst.
1159 690 1214 716 Cic.
1228 690 1258 715 de
1267 690 1314 714 Le-
1376 690 1417 716 Ius
1431 690 1510 715 ciuile
1540 690 1595 716 Cic.
1616 689 1647 715 de
1669 689 1762 723 Legib.
1775 699 1800 720 1,
1818 698 1857 723 14.
1940 689 2069 715 iustitiam
2102 689 2163 716 Ptin,
2178 689 2255 724 Epist.
2269 697 2295 721 1,
2318 698 2361 721 10,
2377 696 2423 726 to.-¹

281 733 332 767 gib.
349 741 371 762 2,
386 738 415 760 ⁵12
432 728 567 762 Sepultura
580 734 605 753 et
619 728 692 752 'iustis
707 727 878 761 exequiarum
892 733 1040 753 caruerunt.
1147 726 1243 751 Omnia
1258 724 1314 759 post
1332 731 1357 758 15
1377 726 1514 751 quentam
1541 726 1676 758 Catul.59,
1688 733 1741 757 235.
1847 725 1960 759 Linguas
1973 732 2061 759 turpes
2072 724 2163 751 litibu:
2182 731 2303 752 exercent
2333 723 2414 750 Ouid.

278 769 379 794 obitum
399 764 473 797 tingit
494 763 596 789 maiora
609 761 744 794 vetustas,
765 763 850 788 Maius
868 762 900 789 ab
914 764 1044 797 exsequiis
1060 770 1157 787 nomen
1170 762 1198 787 in
1211 769 1257 786 ora
1271 768 1314 785 ve·
1375 762 1440 787 Met.
1454 763 1486 793 6,
1500 768 1555 795 375.
1650 760 1750 785 Sallust.
1770 759 1803 786 de
1822 761 1924 796 Repub.
1945 761 2040 787 Ordin.
2077 780 2083 786 .
2122 780 2129 786 .
2164 761 2268 787 Malitia
2290 759 2416 794 praemii-

278 803 316 827 m't
335 803 449 833 Propert.
462 808 482 831 3,
498 807 564 830 1,23.
633 798 718 831 Magis
733 798 865 825 Viuorum
877 798 969 825 solatia
981 807 1060 833 quam
1075 804 1242 823 mortuorum
1256 795 1315 821 sub-
1377 804 1532 823 exercetur:
1569 795 1616 822 vbi
1638 804 1695 821 eam
1716 795 1838 822 demseris
1853 818 1861 830 ,
1888 806 1968 823 nemo
1988 795 2109 822 omnium
2128 798 2243 829 gratuito
2266 795 2349 822 malus
2370 795 2415 821 est.
2439 812 2448 820 s

278 836 338 863 fidia
352 842 422 861 uocat
437 834 571 868 Augustin.
584 832 615 859 de
631 834 661 860 C.
678 834 709 859 D.
725 842 745 865 1,
759 842 793 859 12.
882 834 949 861 Ordo
963 834 1101 860 ducentium
1116 841 1229 868 pompam
1239 833 1316 867 june-
1375 833 1493 866 Propert.
1501 840 1523 864 3,
1540 841 1563 864 3,
1576 840 1608 866 34
1635 832 1762 857 Exercent
1775 838 1875 858 teneras
1890 834 1917 858 in
1931 833 1975 858 sua
1987 832 2055 858 dona
2075 832 2177 857 Manus.
2254 830 2416 858 Medicinam

275 872 338 897 brim
362 873 464 904 proprie
486 870 530 896 hoc
552 872 648 895 nomine
668 871 744 894 uenit.
780 868 870 895 Tacit.
891 870 957 895 Ann.
974 878 996 901 2,
1010 878 1040 901 32
1065 869 1148 894 Silens
1161 876 1268 902 agmen,
1289 872 1315 893 et
1375 868 1441 894 Plin.
1454 876 1497 900 22,
1509 876 1545 900 25.
1617 867 1739 893 Membra
1752 874 1872 893 exercent
1885 869 1913 894 in
1927 868 2058 903 palaestris
2071 867 2212 901 gramineis
2233 867 2417 902 Virg.Aen.6‚

275 906 345 933 velut
360 907 453 939 longae
465 905 600 938 exequiae.
671 904 799 930 Praeclari
811 905 912 930 funeris
933 905 1071 939 exsequiae
1096 904 1178 930 Ouid.
1193 903 1278 930 Trist.
1293 912 1315 934 3,
1332 911 1365 930 20
1378 911 1434 937 739.
1507 903 1668 929 Memoriam
1701 903 1757 928 Cic.
1772 902 1804 927 de
1824 902 1880 929 Sen.
1897 913 1918 930 c.
1932 912 1957 938 7.
2051 904 2163 929 Munera
2181 903 2294 929 militiae
2312 907 2418 937 togatae

277 950 305 974 5,
326 950 370 974 4ο.
460 941 518 966 Sen.
531 942 561 966 de
573 940 682 974 ¹Tranq.
698 941 746 966 An.
761 948 783 965 11
804 940 921 967 Totiens
940 947 1042 974 praeter
1060 940 1141 966 limen
1161 940 1314 965 immaturas
1377 939 1473 965 Lucan.
1487 939 1518 964 ad
1538 939 1623 965 Pison.
1639 946 1683 972 27.
1775 938 1832 964 Cic.
1850 939 1883 964 de
1900 939 2002 966 Senedh
2021 947 2045 965 21
2078 939 2112 964 At
2131 939 2263 965 Memoria
2275 939 2416 964 minuitur.

274 977 408 1011 exsequias
430 976 472 1001 fax
497 984 639 1010 cereusque
651 974 790 1010 praecellit.
859 975 899 1002 Id.
908 976 939 1002 dc
951 976 1051 1002 Breuit.
1064 977 1134 1002 vitae
1148 982 1211 1001 extr.
1248 975 1315 1007 Qu·
1377 974 1454 1000 credo
1463 994 1470 1007 ,
1490 974 1538 1001 nifi
1551 983 1670 1000 exerceas
1687 982 1758 1004 eam,
1778 979 1824 999 aut
1836 974 1915 1008 etiam
1929 974 1947 1000 fi
1959 975 1989 1001 lis
2000 981 2094 1001 natura
2113 974 2222 1000 tardior.
2294 974 2417 1006 Nauem,

274 1012 333 1038 dam
365 1012 507 1046 disponunt
540 1012 620 1037 etiam
647 1011 708 1042 illa,
747 1020 814 1045 quae
843 1012 913 1038 vltra
939 1012 1022 1038 vitam
1058 1012 1117 1037 sunt
1150 1026 1195 1030 —-
1231 1017 1256 1036 et
1282 1010 1314 1036 ad
1377 1019 1538 1044 cauponam,
1557 1010 1686 1036 stabulum
1719 1009 1778 1043 le.
1792 1010 1821 1034 in
1833 1009 1850 1035 l.
1865 1018 1875 1036 1
1899 1017 1923 1036 et
1938 1011 1985 1037 vlt.
2007 1011 2038 1036 D.
2057 1016 2128 1036 naut.
2142 1019 2214 1044 caup.
2228 1008 2321 1035 stabul.
2335 1014 2364 1035 vt
2377 1017 2419 1035 re-

274 1057 368 1082 rogum
402 1056 510 1073 munera
540 1052 565 1073 ct
595 1047 746 1073 ambitiosas
781 1047 925 1081 exsequias.
1016 1048 1049 1073 At
1075 1046 1224 1073 mehercule
1253 1046 1314 1072 isto.
1376 1052 1443 1079 cept.
1456 1046 1537 1071 restit.
1610 1045 1724 1080 Negotia
1738 1045 1846 1079 ingenio
1875 1044 2074 1080 Sallust.1ug.4,
2089 1055 2106 1071 1.
2211 1045 2318 1071 Nomen
2328 1045 2420 1079 patris,
2433 1075 2437 1078 .

274 1093 332 1110 rum
365 1083 475 1114 funera,
502 1089 626 1117 tanquam
664 1083 805 1108 minimum
844 1082 976 1115 vixerint,
1005 1082 1038 1108 ad
1057 1082 1126 1109 faces
1153 1088 1178 1108 et
1209 1080 1241 1108 ad
1274 1090 1312 1107 ce-
1332 1083 1360 1110 25
1381 1082 1467 1107 Facere
1478 1079 1583 1115 officium
1595 1085 1682 1116 patris
1706 1081 1772 1106 Plin.
1787 1081 1814 1106 in
1823 1081 1914 1115 Paneg.
1923 1089 1960 1114 21,
1975 1091 2002 1115 4.
2038 1081 2103 1116 quod
2108 1078 2248 1116 suspeHum
2263 1081 2420 1111 Schinarziffi

272 1128 331 1145 reos
359 1117 475 1144 ducenda
507 1119 574 1144 sunt.
615 1118 672 1144 Viti.
703 1118 772 1153 Lips.
798 1116 832 1143 ad
854 1118 878 1144 h.
906 1119 923 1145 Ι.
996 1118 1057 1144 Stat.
1072 1118 1136 1144 Silu.
1150 1127 1175 1150 3,
1189 1127 1211 1150 3,
1225 1120 1241 1143 6
1263 1117 1313 1143 Mi.
1377 1120 1419 1151 qui
1431 1125 1539 1143 exerere
1555 1125 1577 1143 et
1590 1125 1712 1146 exercere
1725 1116 1952 1151 confundi‚monet‚
1972 1123 2000 1142 υι
2008 1116 2175 1150 Qiin&il.4,
2190 1125 2210 1148 1,
2225 1123 2262 1149 55.
2317 1115 2420 1143 Odium
2438 1129 2439 1133 =

273 1154 343 1180 tibus
370 1154 489 1188 exequiis
516 1153 586 1186 adesi,
612 1160 637 1180 et
646 1154 759 1188 lugentis
786 1154 909 1179 Hetrusci
945 1154 1031 1180 Cerne
1055 1154 1113 1188 pios
1140 1154 1232 1185 fletus,
1260 1153 1314 1179 lau-
1377 1154 1405 1178 in
1419 1153 1535 1185 aliquem
1559 1153 1711 1179 Ouid.Met.
1720 1160 1745 1184 9,
1757 1159 1814 1186 275.
1886 1152 1959 1178 Idem
1974 1159 2004 1185 5,
2032 1160 2090 1185 245.
2188 1152 2256 1178 Vell.
2266 1160 2285 1184 1,
2300 1161 2321 1184 1,
2334 1161 2346 1177 2
2364 1152 2420 1177 He-

272 1190 382 1224 dataquc
397 1190 495 1215 lumina
510 1195 590 1223 terge.
626 1190 752 1215 Pietatem
773 1189 839 1215 deam
856 1189 1000 1224 alloquitur.
1071 1189 1167 1216 Tibul.
1182 1197 1213 1221 2,
1228 1199 1259 1221 4,
1276 1199 1312 1222 44
1378 1188 1534 1214 reditarium
1548 1189 1575 1214 in
1589 1197 1648 1214 eum
1666 1188 1810 1213 exercentis
1825 1186 1935 1214 Odium.
2023 1188 2101 1214 ,Odia
2112 1187 2226 1221 pretiosa
2244 1187 2327 1214 Ouid.
2340 1186 2420 1222 Epist.

273 1226 321 1252 Seu
336 1226 424 1251 veniet
439 1224 488 1250 tibi
509 1233 595 1256 mors,
622 1234 669 1251 nec
684 1225 734 1251 erit
768 1225 796 1250 ui
809 1225 894 1258 lugeat
907 1225 990 1257 vllus,
1015 1225 1073 1251 Nec
1086 1225 1131 1259 qui
1148 1224 1190 1250 det
1204 1225 1313 1250 moestas
1378 1232 1404 1257 7,
1417 1233 1463 1256 44.
1567 1223 1645 1249 Odiis
1659 1232 1781 1250 exercere
1796 1223 1901 1257 stirpem
1915 1223 2065 1258 aliquorum
2078 1229 2103 1249 et
2116 1232 2196 1257 genus
2209 1231 2289 1249 omne
2299 1223 2423 1250 futurum
2434 1243 2441 1246 -

271 1270 366 1287 munus
381 1261 408 1286 in
423 1260 567 1294 exsequias.
655 1261 717 1286 Stat.
733 1234 824 1286 'siheb-
841 1265 870 1292 8,
891 1269 934 1286 210
964 1261 1021 1287 Ceu
1039 1262 1171 1292 flammas,
1197 1269 1225 1286 ac
1244 1260 1311 1285 dona
1331 1269 1363 1293 30
1377 1260 1451 1293 Virg.
1475 1259 1537 1285 Aen.
1566 1268 1600 1293 4,
1632 1261 1688 1285 622.
1781 1257 1905 1285 Officinas
1924 1259 2130 1293 promercalium
2148 1258 2260 1285 vestium
2293 1259 2363 1285 Suet.
2387 1258 2421 1284 de
2457 1257 2459 1262 '

270 1305 354 1330 rogo,
374 1295 511 1329 tristesque
523 1294 666 1328 rependant
680 1296 827 1330 Exsequias
921 1295 1043 1322 Ouid.ad
1053 1297 1163 1324 Liu.163
1188 1295 1313 1329 Exequiis
1378 1296 1521 1321 Grammat.
1538 1304 1558 1320 c.
1571 1303 1612 1320 22.
1706 1294 1765 1320 Liu.
1782 1303 1814 1327 9,
1851 1314 1858 1320 .
1896 1314 1902 1320 .
1939 1294 2016 1320 Tum
2029 1295 2058 1321 in
2065 1294 2177 1321 minime
2185 1295 2313 1329 pertinaci
2326 1301 2423 1329 genere

270 1332 354 1357 caruit
368 1331 445 1357 Liuia
459 1340 540 1364 paene
555 1331 616 1356 suis,
687 1332 816 1365 Exequias
824 1331 956 1359 celebrare
975 1332 1033 1358 Liu.
1043 1339 1128 1365 25,17.
1202 1331 1313 1364 Ciapro
1378 1339 1479 1365 pugnae
1493 1330 1525 1356 sic
1540 1330 1646 1356 fortuna
1660 1329 1779 1356 exercuit
1792 1339 1868 1364 opes,
1893 1336 1923 1356 vt
1936 1330 2043 1365 inlignis
2057 1330 2183 1365 vtrinque
2196 1329 2296 1363 clades,
2316 1337 2343 1358 et
2353 1329 2424 1357 clara

271 1367 362 1399 Qiint.
373 1374 403 1399 50
422 1376 441 1392 c.
458 1375 481 1398 15
514 1366 539 1391 Si
554 1366 631 1392 funus
644 1366 671 1392 id
685 1366 836 1393 habendum
850 1366 894 1399 sit,
918 1376 974 1402 quo
988 1376 1041 1393 non
1055 1367 1134 1393 amici
1150 1367 1312 1392 conueniunt
1378 1368 1496 1400 ipsorum
1517 1365 1613 1392 ducum
1632 1365 1720 1392 ederet
1739 1366 1841 1392 funcra.
1934 1365 2069 1400 Oppidum
2096 1365 2154 1392 Sen.
2166 1365 2237 1392 Med.
2253 1373 2330 1401 v.77.
2365 1364 2422 1406 1⁶.st

269 1402 301 1428 ad
316 1402 449 1436 exsequias
463 1401 665 1428 cohonestandas
675 1422 682 1434 ‚
701 1402 742 1428 sed
758 1402 890 1429 bonorum
905 1410 1036 1437 emtores,
1062 1409 1091 1430 vt
1104 1402 1239 1428 carnifices
1249 1422 1256 1434 ,
1279 1401 1312 1428 ad
1375 1405 1401 1428 in
1414 1402 1511 1437 oppido.
1581 1401 1719 1428 l'alaestras
1745 1402 1819 1435 Virg.
1832 1402 1897 1427 Aen.
1912 1410 1940 1433 3,
1955 1407 2006 1430 28¹-
2077 1400 2116 1428 Id.
2127 1400 2201 1427 ibid.
2215 1410 2251 1435 4,
2267 1410 2315 1428 100
2346 1402 2422 1435 Qun

270 1437 397 1471 reliquias
416 1438 487 1464 vitae
507 1437 655 1463 lacerandas
686 1444 712 1464 et
744 1437 931 1464 distrahendas.
1025 1438 1158 1465 Comitari
1190 1438 1314 1472 exequias
1330 1441 1360 1467 35
1379 1440 1466 1472 potius
1479 1438 1568 1463 Pacem
1583 1443 1726 1468 aeternam,
1747 1437 1888 1471 padiosque
1902 1436 2060 1468 hymenaeos
2073 1437 2247 1463 Exercemus3
2317 1436 2424 1464 Plebem
2444 1451 2445 1454 ¹

268 1473 334 1499 Plin.
349 1482 386 1504 11,
402 1478 435 1502 18.
507 1472 582 1507 Apul.
604 1473 667 1498 Met.
680 1483 699 1506 4
711 1480 775 1498 extr.
807 1473 885 1499 Toto
907 1474 1080 1508 prosequente
1100 1473 1200 1508 populo
1221 1473 1313 1500 viuum
1376 1473 1493 1508 imperio
1515 1472 1574 1498 Sall.
1587 1473 1690 1506 Fragm.
1706 1472 1774 1498 Hist.
1793 1480 1802 1497 1
1824 1481 1847 1506 p.
1860 1480 1911 1504 934
1931 1473 1999 1498 Cort.
2070 1473 2145 1507 Virg.
2159 1473 2223 1498 Aen.
2237 1474 2269 1504 6,
2281 1479 2328 1505 543
2364 1472 2422 1499 Hac

268 1508 422 1543 producitur
436 1508 530 1540 funus,
549 1514 574 1534 et
588 1508 725 1534 lacrimosa
739 1507 982 1539 Psychecomitatur
995 1518 1050 1535 non
1062 1509 1175 1543 nuptias,
1189 1509 1228 1535 sed
1244 1509 1314 1535 exse-
1376 1509 1428 1535 iter
1448 1508 1561 1540 Elysium
1581 1507 1676 1539 nobis,
1701 1512 1727 1533 at
1744 1507 1818 1532 laeua
1839 1507 1972 1534 malorum
1990 1508 2098 1534 Exercet
2117 1515 2227 1542 poenas,
2254 1513 2281 1533 et
2293 1508 2326 1534 ad
2339 1508 2423 1542 impia
2458 1506 2463 1512 '

269 1545 342 1578 quias
357 1545 420 1570 suaS.
468 1543 524 1570 Vni.
547 1544 685 1575 Comitor,
713 1546 739 1569 in
762 1549 897 1570 COMEs.
969 1544 1105 1570 Deduc-ere
1127 1545 1263 1578 exsequias
1289 1544 1312 1570 S.
1376 1550 1472 1571 tartara
1487 1543 1577 1569 mittit.
1649 1542 1867 1576 populationem,
1885 1544 2011 1577 Populari.
2083 1544 2143 1569 Liu.
2163 1550 2207 1574 31,
2243 1554 2271 1567 .·
2288 1561 2295 1568 .
2329 1544 2423 1576 Quum

270 1579 355 1605 Rufus
371 1589 390 1604 c.
400 1580 441 1604 26.
511 1579 608 1612 Dignas
623 1579 715 1604 funere
729 1579 818 1613 magni
829 1579 952 1613 exequias
965 1579 1073 1606 fortuna
1087 1579 1161 1605 dedit
1186 1580 1280 1605 Lucan.
1291 1587 1312 1611 3,
1375 1579 1494 1614 priorem
1517 1577 1718 1612 Populationem
1739 1577 1881 1611 sepulchris
1907 1579 1976 1604 circa
1993 1577 2088 1604 vrbem
2108 1576 2243 1604 diruendis
2262 1579 2421 1606 exercuiffet.

271 1623 324 1646 292.
397 1613 524 1646 Exequias
535 1614 630 1640 ducere
657 1614 804 1648 Plin.8,42.
877 1614 949 1641 Idem
962 1623 984 1647 3,
1000 1618 1027 1641 16
1048 1616 1086 1641 Ita
1100 1615 1165 1641 duxi
1178 1615 1312 1649 exequias.
1322 1627 1357 1652 40
1376 1615 1542 1648 Principem,
1574 1614 1599 1639 h.
1614 1622 1630 1640 e.
1654 1611 1817 1646 Praestarese
1825 1615 1966 1648 principem
1980 1620 2002 1639 et
2017 1613 2128 1639 exhibere
2162 1613 2233 1640 Suet.
2246 1613 2274 1640 in
2286 1613 2384 1640 Tiber.
2396 1623 2419 1641 c.

271 1650 447 1682 Frequentare
467 1649 600 1682 exsequias
618 1648 648 1674 ad
663 1658 758 1682 rogum
781 1658 863 1684 vsque
907 1650 976 1676 Suet.
994 1651 1062 1677 Tib.
1083 1661 1104 1676 c.
1120 1659 1155 1682 32.
1229 1650 1311 1678 Ouid.
1376 1659 1413 1683 33.
1455 1649 1514 1675 Vid.
1528 1655 1570 1676 PR
1580 1655 1626 1675 ΑΕ
1636 1655 1723 1681 STO,
1748 1656 1782 1674 as.
1837 1648 1911 1684 Conf.
1926 1648 2026 1684 Casaub.
2041 1648 2075 1674 ad
2087 1650 2104 1675 Ι.
2120 1658 2142 1677 c,
2245 1650 2345 1683 Pugnos
2359 1648 2376 1675 fi
2390 1648 2421 1675 in

273 1685 363 1710 Amor.
380 1692 404 1716 2,
418 1686 443 1715 6,
458 1691 470 1708 2
496 1683 603 1709 Plitacus
617 1683 678 1709 Eois
691 1685 741 1710 ales
757 1685 825 1710 mihi
838 1685 925 1710 miffiis
940 1686 972 1712 ab
988 1686 1058 1712 Indis
1095 1686 1216 1712 Occidit:
1253 1695 1312 1712 exe·
1377 1694 1419 1712 me
1433 1686 1607 1716 exerciturus,
1627 1684 1724 1719 quaeso
1738 1684 1767 1710 in
1774 1683 1902 1718 parietem
1915 1691 1944 1710 vt
1957 1684 2073 1719 primum
2087 1683 2178 1711 domes
2203 1684 2284 1711 Plaut.
2297 1683 2392 1718 Amph.
2400 1691 2422 1715 1,

291 1720 346 1745 uias
360 1720 396 1745 ite
409 1720 561 1753 frequenter
573 1727 642 1745 aues.
759 1720 821 1745 Stat.
838 1719 929 1746 Theb.
943 1729 983 1753 12¹,
1002 1728 1028 1750 31
1058 1722 1088 1746 Et
1101 1730 1169 1746 nunc
1182 1720 1232 1746 heu
1246 1730 1314 1755 quae
1378 1730 1398 1753 1,
1416 1724 1469 1751 168.
1541 1720 1596 1746 Cic.
1616 1719 1648 1745 de
1667 1720 1725 1746 Fin.
1745 1729 1775 1752 2,
1791 1727 1825 1753 54
1857 1719 1912 1752 Qui
1925 1728 2006 1754 quum
2019 1719 2128 1747 Praetor
2146 1718 2336 1754 Qaestio‘nem
2353 1720 2423 1746 inter

291 1754 408 1788 ignatibi
423 1754 573 1786 sollemnia,
590 1762 687 1788 quasue
718 1754 826 1788 Largiar
839 1756 984 1788 exequias?
1074 1756 1129 1782 Cic.
1146 1765 1194 1789 pro
1207 1756 1313 1781 Cluent.
1377 1756 1484 1781 ficarios
1498 1755 1668 1786 exercuisset,
1688 1762 1734 1780 etc.
1841 1755 1901 1781 Liu.
1915 1764 1949 1788 9,
1985 1774 1992 1781 .
2031 1774 2037 1782 .
2074 1755 2104 1781 In
2126 1764 2168 1782 me
2186 1756 2302 1791 primum
2315 1760 2341 1782 et
2353 1754 2424 1781 hune

272 1798 311 1815 101
327 1796 383 1822 c.71
404 1789 538 1814 Postremo
552 1790 632 1815 etiam
646 1789 754 1815 fortaffis
769 1796 852 1816 mater
870 1792 994 1825 exequias
1009 1790 1082 1816 illius
1104 1790 1206 1816 funeris
1227 1792 1313 1823 prose-
1325 1796 1360 1821 45
1376 1790 1413 1814 M.
1429 1789 1544 1814 Follium
1558 1789 1723 1822 quaestiones
1737 1789 1891 1814 exerceatis.
1962 1790 2152 1822 Qiaestionem
2172 1791 2205 1817 de
2224 1791 2317 1825 aliquo
2351 1790 2437 1816 Suet-¹

270 1829 326 1850 cuta
343 1823 387 1849 est.
425 1823 505 1849 Ouid.
519 1824 602 1849 Trist.
612 1833 632 1855 1,
645 1832 672 1858 7,
686 1833 724 1856 14.
831 1825 950 1854 Reddere
966 1826 1092 1860 exequias
1106 1825 1188 1851 alicui
1221 1825 1259 1851 Id.
1280 1824 1312 1851 ad
1378 1823 1409 1849 de
1421 1824 1493 1850 Caes.
1502 1832 1563 1849 c.11.
1634 1823 1699 1848 Plin.
1710 1830 1753 1854 10,
1766 1830 1792 1847 21
1814 1823 1934 1857 Regnum
1947 1824 1977 1849 in
1988 1833 2144 1859 quacunque
2156 1826 2216 1851 sunt
2229 1825 2326 1858 domo,
2349 1833 2425 1852 exer·
2442 1819 2449 1866 l

270 1860 328 1886 Liu.
344 1863 389 1887 218.
461 1858 587 1891 Exequiis
601 1859 652 1883 rite
666 1859 758 1884 solutis
784 1860 862 1893 Virg.
877 1862 940 1887 Aen.
952 1869 978 1895 7,
991 1870 1012 1893 5.
1084 1861 1140 1887 Cic.
1155 1869 1203 1894 pro
1216 1860 1312 1886 Milon.
1377 1864 1443 1884 cent.
1480 1860 1517 1886 De
1530 1857 1604 1894 gallis
1617 1858 1772 1894 gallinaceis.
1887 1857 2010 1892 Remiges
2036 1859 2105 1894 Nep.
2114 1868 2152 1894 10,
2162 1868 2188 1892 9,
2201 1868 2221 1886 1.
2291 1861 2364 1887 Rura
2377 1860 2423 1887 bo-

270 1903 303 1928 34
335 1894 382 1920 Tu
398 1891 536 1926 spoliatum
550 1892 727 1925 imaginibus,
746 1895 882 1926 exequiis,
900 1904 1010 1928 pompa,
1035 1895 1203 1925 laudatione,
1225 1895 1315 1920 infeli·
1376 1893 1425 1919 bus
1453 1894 1519 1919 Hor.
1535 1892 1617 1926 Epod.
1631 1901 1662 1924 2,
1681 1901 1702 1923 3.
1770 1891 1873 1924 Scelus,
1897 1892 2055 1926 libidinem,
2084 1901 2110 1921 et
2128 1896 2269 1922 auaritiam
2289 1896 2318 1922 in
2338 1895 2426 1922 socios

269 1929 371 1957 ciffimis
383 1928 461 1962 lignis
475 1927 681 1953 semiustulatum
694 1927 832 1953 nocturnis
846 1929 953 1954 canibus
977 1928 1158 1954 dilaniandum
1171 1928 1314 1961 reliquisti.
1377 1928 1497 1958 Liu.29,
1533 1945 1540 1951 .
1577 1945 1583 1951 .
1636 1945 1639 1947 .
1657 1927 1778 1951 Scortum
1808 1926 1889 1951 Plaut.
1902 1928 1998 1961 Amph.
2014 1937 2034 1960 1,
2048 1937 2057 1954 1
2067 1948 2075 1960 ‚
2090 1937 2138 1960 ι32.
2194 1929 2254 1956 Sall.
2267 1930 2299 1956 de
2314 1931 2377 1965 Rep.
2393 1939 2403 1958 1
2414 1950 2426 1965 ,

306 1972 322 1993 E
332 1973 349 1991 x
360 1971 374 1990 E
385 1970 432 2002 qv
443 1963 503 1989 1Ᾱι
514 1970 521 1988 ῐ
532 1970 554 1994 s,
571 1972 593 1988 e.
613 1961 674 1988 Adi.
693 1962 706 1996 [
714 1961 918 1996 ἒναγισματικδς]
955 1963 1110 1990 Ouid.Met.
1125 1971 1164 1995 14,
1178 1970 1228 1995 430
1252 1962 1313 1987 Car·
1332 1968 1363 1994 50
1379 1970 1407 1994 4,
1421 1970 1448 1992 4.
1519 1959 1616 1998 Scruos
1643 1959 1713 1985 Ter.
1727 1960 1822 1997 I-Ieaun
1832 1967 1852 1990 1,
1867 1967 1888 1990 1,
1903 1969 1939 1986 22.
2007 1963 2063 1988 Cic.
2076 1971 2125 1997 pro
2139 1963 2257 1995 Flacc.88
2283 1967 2324 1992 An
2337 1966 2425 1994 simul.

268 2001 340 2028 mina
354 2000 406 2025 iam
418 1999 534 2025 moriens
546 1998 615 2025 canit
629 1997 790 2033 exsequialia
809 2005 915 2032 cygnus.
984 1996 1053 2024 Iusta
1067 1996 1219 2032 exequialia
1252 1996 1314 2022 Stat.
1378 2001 1442 2021 tates
1463 1994 1551 2020 nescio
1571 2002 1634 2028 quas
1653 2002 1714 2020 cum
1731 1992 1836 2018 libertis
1853 1994 1946 2021 vestris
1964 1996 2070 2023 Flaccus
2089 1999 2225 2026 exercuit3
2277 2001 2347 2029 Add.
2363 2002 2422 2029 Sall.

269 2035 362 2063 Theb.
372 2043 401 2065 11,
416 2036 471 2060 610.
1378 2031 1436 2057 Cat.
1461 2038 1486 2063 9.
1580 2029 1671 2056 Solum
1685 2028 1830 2069 sub‘preffo
1843 2038 1953 2057 vomere
1978 2032 2054 2067 Virg.
2067 2033 2164 2069 Georg.
2178 2044 2202 2067 2,
2213 2038 2269 2068 356.
2339 2037 2421 2065 Ouid.

305 2079 321 2098 E
331 2079 348 2098 x
358 2077 374 2097 E
384 2076 434 2107 qv
447 2076 484 2096 10
493 2076 511 2095 R
524 2089 531 2099 ‚
551 2068 600 2094 ari.
663 2069 712 2094 Pro
744 2066 877 2103 Exsequias
889 2067 988 2103 facere.
1056 2068 1144 2094 Varro
1177 2066 1315 2098 Bimarco‚
1377 2067 1441 2093 Met.
1451 2074 1485 2098 13,
1498 2073 1531 2098 54
1557 2064 1654 2092 Debita
1668 2065 1800 2091 Troianis
1818 2071 1923 2092 exercet
1936 2066 2039 2101 Spicula
2050 2069 2121 2096 fatis.
2216 2071 2307 2100 Studia
2322 2073 2419 2100 Dianae
2458 2079 2460 2083 ’

268 2108 355 2142 Ipsum
370 2111 477 2140 propter
492 2105 536 2130 vix
552 2104 643 2130 liberti
657 2103 800 2130 semiatrati
814 2103 990 2137 exequiantur
1019 2102 1126 2130 Nonius
1138 2111 1162 2134 2,
1175 2107 1238 2136 298:
1272 2105 1316 2138 qui
1377 2102 1414 2128 ld.
1429 2101 1507 2136 Epist.
1522 2110 1552 2133 4,
1565 2105 1606 2136 87.
1640 2103 1660 2127 τ’.
1684 2106 1810 2127 venatum.
1917 2101 2014 2130 Stilum
2043 2104 2109 2131 Plin.
2124 2112 2169 2141 17,
2204 2125 2212 2133 .
2249 2127 2258 2135 .
2348 2108 2418 2137 Ter.
2460 2116 2462 2118 '

268 2142 356 2174 addit,
377 2139 469 2167 dissum
485 2147 512 2166 vt
526 2139 704 2166 conuiuantur
722 2144 749 2165 et
762 2139 910 2173 epulantur.
1331 2140 1359 2167 55
1377 2138 1503 2170 Heaum,
1517 2144 1535 2168 1,
1549 2144 1579 2169 91

306 2185 321 2204 E
332 2183 399 2204 xER
412 2181 429 2202 c
440 2183 455 2202 E
467 2181 487 2202 Ο
498 2196 506 2208 ,
532 2176 576 2207 ui,
601 2176 682 2207 i'tum,
710 2176 762 2201 ere.
799 2174 811 2208 [
825 2173 917 2204 κ’σκέω,
936 2172 1067 2208 γυμνάζων,
1086 2170 1229 2206 ἐπιτηδεύω,
1248 2173 1314 2209 ixe—
1687 2185 1732 2191 —
1756 2171 1852 2199 corrasi
1869 2173 1976 2207 omnia,

268 2214 315 2240 λέω
327 2233 333 2244 ,
352 2211 488 2245 μελετάω]
523 2211 561 2237 Ab
579 2211 615 2236 Ex
629 2217 652 2236 et
666 2212 750 2237 Arceo
762 2209 934 2245 compofitum.-
1007 2208 1117 2235 Caffiod.
1138 2209 1170 2234 de
1184 2208 1313 2243 Orthogr.
1531 2206 1665 2239 Ancillas,
1682 2207 1785 2239 seruos,
1805 2208 1853 2234 nisi
1876 2217 1921 2235 eos
1935 2209 1982 2244 qui
2003 2218 2083 2245 opere
2102 2212 2202 2240 rustico

270 2258 302 2276 ex
316 2247 445 2275 Caesellio
464 2255 484 2272 c.
501 2255 528 2272 10
544 2256 567 2281 p.
581 2254 638 2278 2315
670 2247 797 2272 Exercere
810 2245 846 2272 est
862 2245 895 2272 ab
908 2254 940 2271 ex
957 2249 982 2271 et
994 2253 1100 2277 arcere,
1123 2252 1151 2270 vt
1165 2245 1314 2277 exercitus,
1529 2243 1681 2275 Faciundo,
1701 2243 1778 2269 facile
1796 2243 1916 2270 Sumtum
1935 2253 2089 2273 exercerent
2107 2248 2200 2277 suum,
2414 2259 2423 2270 -.

269 2294 323 2320 quo
340 2285 385 2310 sub
400 2282 537 2315 disciplina
551 2287 670 2314 arcetur,
688 2285 705 2307 i.
719 2284 867 2308 cmztinetur.
923 2281 960 2307 Ex
975 2280 1150 2306 vehementiam
1169 2286 1192 2306 et
1206 2280 1313 2316 gradum
1530 2279 1630 2305 Omnes
1656 2278 1771 2313 produxi
1791 2287 1820 2305 ac
1842 2280 1960 2306 vendidi.
2161 2281 2220 2308 Vid.
2244 2287 2257 2308 S
2267 2287 2352 2310 VM'r
2362 2290 2384 2311 V
2395 2283 2429 2321 93·

268 2318 534 2354 αἰτίοιϊηι]ις>ιι]ῗε.ι[;
570 2325 592 2343 et
606 2317 726 2343 interdum
741 2315 871 2350 molestiam
885 2319 907 2342 ei
919 2321 957 2343 rei
968 2314 1111 2342 ‹idiunt-hm
1125 2315 1242 2348 denotat,
1270 2313 1355 2349 ‘ist-60
1374 2313 1448 2348 Virg.
1463 2313 1559 2348 Georg.
1575 2323 1594 2347 1,
1609 2322 1655 2340 210
1687 2315 1812 2341 Exerccte
1824 2314 1879 2341 viri
1892 2315 2016 2347 Tauros,
2042 2315 2119 2342 serite
2142 2316 2242 2344 hordea
2254 2320 2363 2353 campis.
2397 2323 2429 2349 ί.)
2472 2343 2475 2346 ,

268 2366 313 2391 que
327 2355 455 2389 ide-msere
468 2353 532 2393 quod
545 2362 648 2383 vexare,
673 2360 701 2379 ut
721 2353 789 2379 Ter.
809 2351 921 2386 Adelph.
934 2362 966 2386 4,
983 2360 1013 2382 2,
1028 2356 1061 2384 48
1092 2351 1104 2377 I
1123 2351 1196 2382 sane,
1218 2360 1269 2385 ego
1288 2357 1313 2377 te
1374 2349 1416 2375 Ad
1430 2355 1515 2376 aratra
1527 2356 1616 2377 tauros
1630 2349 1740 2384 iungite.
1775 2349 1892 2376 Seruius.
1987 2350 2072 2378 Telas
2088 2358 2193 2378 exercet
2209 2359 2304 2380 aranea
2335 2355 2416 2384 Ouid,

269 2390 398 2417 exercebo
411 2389 492 2415 hodie
503 2409 509 2418 ,
530 2394 558 2414 vt
572 2388 667 2423 dignus
680 2397 721 2420 es,
740 2387 906 2414 silicernium.
1002 2386 1058 2413 Cic.
1068 2387 1139 2413 Fam.
1149 2395 1183 2420 12,
1195 2395 1214 2419 4
1234 2386 1314 2413 Nunc
1373 2386 1438 2412 Met.
1453 2388 1479 2417 6,
1494 2394 1546 2418 145.
1616 2385 1758 2412 Tellurem
1790 2385 1865 2420 Virg.
1880 2386 1976 2426 Georg.
1990 2394 2011 2419 1,
2025 2395 2069 2419 99.
2141 2387 2198 2413 Cic.
2217 2396 2266 2422 pro
2279 2389 2307 2415 L.
2319 2390 2412 2418 Manis.

270 2435 311 2452 me
337 2425 468 2459 reliquiae
490 2424 588 2450 vestrae
613 2429 751 2456 exercent,
788 2430 814 2450 et
846 2422 954 2457 quidem
987 2428 1090 2456 praeter
1117 2427 1234 2448 caeteros
1262 2430 1313 2448 me.
1375 2423 1403 2448 16
1435 2422 1498 2455 Qio
1511 2421 1616 2448 tandem
1627 2422 1718 2447 animo
1738 2421 1786 2446 effe
1807 2420 1980 2453 existimatis,
2001 2428 2045 2449 aut
2059 2429 2115 2455 eos,
2128 2422 2177 2457 qui
2186 2422 2329 2458 Vectigalia
2339 2425 2413 2452 vrbis

268 2460 289 2500 ’ᾖ
311 2470 326 2488 2
363 2461 503 2495 Plcrumque
517 2467 597 2485 tamen
611 2468 698 2495 agere,
710 2459 812 2494 facere,
832 2456 1096 2495 traslarestgnfflca½
1114 2464 1143 2484 vt
1156 2467 1205 2484 non
1218 2465 1269 2484 tam
1283 2457 1314 2483 ab
1374 2456 1517 2491 pensitant,
1542 2463 1586 2483 aut
1606 2457 1653 2492 qui
1666 2463 1786 2483 exercent
1798 2463 1877 2491 atque
1891 2457 2019 2491 exigunt?
2090 2458 2171 2484 Plaut.
2193 2458 2260 2485 Rud.
2280 2467 2312 2492 2,
2329 2461 2361 2492 6,
2377 2468 2414 2494 4²·

268 2496 382 2524 arcmdo
392 2515 399 2527 ,
418 2505 488 2530 quam
502 2505 517 2520 a
533 2496 576 2520 Gr.
591 2495 694 2526 ἐξασκέω
707 2493 800 2520 ᾱιέἶιυη
813 2494 936 2520 videatur.
1008 2494 1084 2527 Virg.
1098 2493 1196 2527 Georg.
1219 2503 1242 2525 ι,
1266 2494 1312 2523 268
1326 2493 1357 2526 65
1374 2492 1503 2526 Equidem
1518 2501 1603 2519 meam
1619 2492 1806 2519 Velitationem
1820 2500 1947 2518 exerceo:
1980 2501 2042 2519 nam
2061 2494 2152 2520 omnia
2172 2495 2278 2521 corusca
2295 2503 2357 2530 prae
2366 2499 2419 2522 tre-

270 2534 376 2566 Qiippc
390 2533 469 2557 etiam
483 2530 555 2556 festis
573 2530 702 2565 quaedam
721 2539 844 2557 exercere
863 2529 976 2561 diebus,
1008 2529 1072 2561 Fas,
1095 2534 1120 2555 et
1139 2529 1197 2555 iura
1217 2528 1312 2555 linunt.
1373 2536 1449 2554 more
1469 2528 1585 2554 fabulor.
1664 2528 1767 2559 Verba,
1786 2534 1835 2562 pro
1855 2529 1971 2553 Exere-ere
1984 2528 2014 2562 st'
2031 2528 2065 2554 ad
2081 2532 2217 2556 orationem
2235 2531 2419 2566 extemporalem

275 2570 361 2594 Variis
374 2570 411 2592 ita
424 2566 561 2591 nominibus
574 2569 696 2602 iungitur.
732 2573 776 2598 vt,
797 2565 911 2592 [umatus
926 2564 1059 2599 hospitum
1084 2564 1150 2591 Plin.
1164 2565 1256 2598 Paneg.
1270 2572 1313 2595 20,
1372 2564 1430 2590 Sen.
1445 2563 1523 2598 Epist.
1533 2572 1606 2597 1,40.
1670 2563 1737 2602 'Vim
1751 2562 1899 2588 consulatus
1913 2562 1940 2588 in
1959 2563 2149 2590 coercitionem
2169 2565 2284 2592 ambitus
2300 2565 2420 2593 exercuit

270 2611 297 2637 4.
370 2603 462 2628 quen.
478 2601 528 2626 Sat.
545 2609 584 2633 15,
599 2610 629 2633 59
667 2600 771 2628 Ludere
791 2602 815 2628 se
835 2601 944 2628 credunt
964 2600 1011 2636 ipsi
1032 2606 1136 2632 tamen,
1158 2605 1184 2626 et
1198 2599 1313 2633 pueriles
1373 2598 1444 2625 Vell.
1454 2607 1477 2631 2,
1491 2607 1538 2633 47,
1552 2608 1574 2631 3.
1642 2599 1716 2632 Virg.
1725 2598 1789 2624 Aen.
1804 2605 1830 2630 9,
1846 2605 1889 2632 175
1916 2597 2078 2632 Exercetque
2091 2599 2168 2626 Vices
2181 2600 2254 2634 quod
2269 2600 2365 2636 cuique
2378 2607 2420 2628 tu-

271 2639 397 2665 Exercere
413 2636 494 2667 acies,
516 2636 587 2668 quod
601 2637 672 2662 nulla
686 2637 810 2663 cadauera
823 2637 930 2663 calcent.
1002 2635 1140 2662 Adulteria
1167 2635 1236 2662 Suet.
1245 2635 1312 2669 Aug.
1343 2653 1344 2663 1
1375 2633 1471 2660 endum
1486 2634 1531 2660 est.
1565 2637 1583 2660 ι’.
1604 2633 1713 2660 Exercet
1726 2634 1905 2668 vnusquisque
1919 2633 1988 2659 vices
2001 2633 2033 2659 ad
2047 2633 2083 2664 id,
2097 2634 2169 2669 quod
2177 2636 2274 2670 accepit
2282 2637 2420 2664 tuendum.

271 2684 292 2701 c.
302 2677 345 2706 69.
418 2671 499 2698 Plaut.
508 2669 620 2701 Milit.3,
629 2679 684 2702 1,32
704 2672 837 2698 Hanccine
844 2681 885 2698 me
894 2678 1005 2699 aetatem
1019 2680 1140 2698 exercere
1149 2671 1203 2697 mei
1215 2671 1314 2697 amoris
1323 2681 1358 2708 70
1374 2669 1491 2696 Seruius.
1561 2668 1639 2695 Vires
1651 2669 1707 2694 suas
1719 2677 1859 2699 exercere,
1879 2668 1986 2703 linguae
2000 2668 2162 2696 celeritatem
2175 2671 2302 2704 incitare,
2323 2672 2421 2700 verbo.

271 2709 371 2743 gratia}
407 2713 436 2733 vt
454 2714 539 2740 agere.
613 2705 697 2739 Agros
727 2706 818 2732 Tacit.
833 2708 921 2733 Germ.
935 2715 981 2739 29,
995 2714 1016 2739 5.
1053 2710 1071 2733 ι’.
1097 2709 1182 2733 colere.
1238 2706 1313 2741 Cons.
1376 2714 1438 2732 rum
1451 2704 1601 2739 frequentia
1615 2703 1742 2731 delcetari
1775 2704 1832 2730 Cic.
1847 2703 1879 2730 de
1893 2704 1968 2731 Orat.
1984 2712 2012 2737 1,
2032 2712 2088 2737 149.
2175 2706 2252 2733 Vires
2268 2708 2343 2735 omni
2358 2717 2435 2736 cura·

271 2745 349 2775 Sil.8,
365 2745 421 2776 566.
442 2752 461 2768 c.
471 2752 495 2767 n.
512 2740 597 2776 Heins-
612 2747 635 2765 et
648 2739 774 2766 Drakcnb.
845 2742 900 2766 Cic.
912 2741 943 2767 de
956 2741 1026 2767 Clar.
1034 2742 1108 2767 Orat.
1116 2750 1161 2773 230
1187 2742 1231 2767 Mc
1245 2741 1316 2768 Ado-
1379 2741 1455 2775 Virg.
1470 2741 1568 2775 Georg.
1576 2749 1599 2772 3,
1611 2748 1671 2773 229.
1742 2740 1846 2766 Lucret.
1856 2749 1879 2772 5,
1893 2748 1953 2773 ¹423
1979 2739 2061 2766 Tunc
2075 2740 2158 2774 igitur
2171 2742 2267 2776 pelles,
2292 2753 2361 2770 nunc
2374 2753 2434 2776 au-,

272 2780 411 2806 lescentem
423 2777 514 2803 nac‘tus
527 2775 589 2802 0610
602 2776 676 2801 annis
691 2775 841 2807 minorem,
863 2783 942 2809 quam
956 2782 1011 2801 erat
1026 2776 1096 2809 ipse,
1118 2776 1215 2802 multos
1231 2785 1314 2802 annos
1376 2785 1435 2802 rum
1453 2782 1479 2802 et
1492 2784 1607 2810 purpura
1621 2775 1690 2802 curis
1702 2775 1845 2808 Exercent,
1869 2775 2010 2802 hominum
2029 2776 2135 2809 Vitam,
2161 2776 2286 2813 belloque
2299 2780 2430 2814 fatigant.'

272 2815 301 2841 in
314 2814 400 2840 studio
423 2811 540 2839 eiusdem
559 2810 642 2837 laudis
663 2810 790 2837 exercuit.
906 2810 992 2836 Catul.
1006 2817 1056 2843 70,
1078 2821 1088 2842 3
1121 2811 1247 2836 Aemulus
1267 2811 1315 2837 iste
1376 2811 1464 2837 Vndas
1478 2817 1580 2837 exercet
1592 2811 1686 2837 Auster
1712 2812 1778 2837 Hor.
1795 2811 1927 2844 Cum-4,
1947 2819 1986 2844 14,
2000 2819 2029 2837 21
2109 2812 2196 2840 Vndas
2211 2813 2307 2841 lusibus
2334 2815 2447 2848 Ouid.

273 2856 348 2880 tuus,
374 2848 420 2884 qui
434 2847 550 2874 vestrum
563 2851 666 2873 exercet
679 2846 822 2876 Amorem,
853 2848 870 2871 i.
891 2848 993 2871 amicam
1006 2845 1112 2881 subigit.
1166 2844 1316 2879 Modestiore
1327 2852 1359 2879 75
1376 2847 1440 2872 Met.
1457 2854 1494 2878 14,
1508 2848 1562 2878 536.
1632 2846 1713 2872 Plaut.
1728 2847 1805 2872 Poen.
1819 2846 1888 2881 prol.
1903 2855 1932 2880 14
1959 2847 2056 2874 Exerce
2069 2848 2179 2880 Vocem,
2194 2857 2271 2883 quam
2285 2858 2332 2884 per
2345 2850 2420 2878 viui,
2433 2856 2441 2865 ,-

266 2886 382 2922 formula
395 2884 456 2910 idem
471 2883 609 2917 Catul.67‚
622 2885 656 2915 69
682 2883 758 2916 Isque
767 2880 876 2907 domum
890 2880 978 2912 nobis,
996 2880 1071 2914 isque
1084 2879 1156 2906 dedit
1170 2880 1315 2914 dominam,
1378 2886 1404 2907 et
1417 2881 1497 2907 colis:
1530 2889 1590 2906 nam
1603 2880 1652 2907 nifi
1666 2880 1806 2914 clamabis,
1826 2882 1912 2909 statim
1926 2888 1951 2909 te
1963 2881 2074 2916 obrepet
2088 2883 2177 2909 fames.
2361 2882 2382 2924 ff
2402 2895 2417 2920 3
2437 2891 2439 2898 ’

272 2920 313 2948 Ad
327 2930 406 2955 quam
421 2927 571 2945 communes
585 2926 767 2944 exerceremus
779 2917 897 2943 Amores.
968 2915 1091 2942 Animam
1105 2916 1132 2941 in
1147 2916 1257 2950 optimis
1275 2925 1314 2942 re·
1377 2917 1536 2942 Nominatiui
1543 2916 1703 2952 personarum
1710 2924 2047 2954 autrerum‚quaeexercere
2055 2918 2180 2943 dicuntur.
2201 2918 2227 2943 Si
2246 2933 2291 2940 ———
2308 2929 2418 2956 aegrum
2454 2924 2455 2936 ³

272 2957 321 2984 bus
346 2956 401 2983 Cic.
410 2954 554 2988 SonuScip.
564 2962 601 2980 21.
675 2954 800 2979 Animum
814 2952 973 2986 disciplinis,
992 2960 1086 2986 corpus
1097 2951 1222 2985 periculis
1247 2951 1316 2978 Vell.
1378 2951 1459 2978 fluens
1474 2951 1555 2977 Aluus
1570 2952 1687 2978 exercuit
1707 2952 1775 2979 Cels.
1783 2961 1809 2988 7,
1823 2962 1847 2980 2.
1883 2954 1926 2979 vbi
1942 2960 2022 2979 tamen
2041 2954 2088 2978 alii
2099 2954 2182 2988 legunt
2202 2953 2343 2988 Exhaurit,
2362 2958 2419 2990 veh,
2440 2983 2442 2986 ,

274 3001 292 3023 1,
308 3001 342 3024 13,
358 3001 381 3018 2.
453 2991 563 3016 Animos
579 2989 606 3015 iu
620 2989 702 3015 armis
732 2987 812 3014 Ouid.
823 2989 943 3019 Amom,
959 2992 981 3018 Β,
993 2996 1032 3020 41.
1104 2987 1191 3021 Aquas
1205 2988 1316 3014 incerta·
1379 2986 1517 3019 Exhausit,
1537 2989 1629 3023 Morga
1657 2997 1674 3013 1.
1695 2989 1737 3023 Ep.
1753 2989 1766 3014 1
1785 2992 1811 3014 in
1828 2988 1894 3015 Cels.
1918 2991 1961 3023 qui
1972 2991 1998 3013 in
2012 2988 2036 3013 II
2049 2987 2119 3019 illud,
2132 2988 2276 3023 Eyfflaurit5
2298 2999 2327 3017 ex
2341 2993 2418 3019 Mgto

273 3027 416 3055 Maeander
431 3031 535 3052 exercet
562 3024 597 3051 Id.
614 3025 680 3051 Met.
693 3029 717 3056 ε,
733 3026 788 3049 166.
824 3026 842 3049 ι’.
862 3024 910 3050 huc
922 3022 1049 3058 illucagit.
1104 3023 1200 3049 Arcum
1222 3022 1315 3050 Claud.
1329 3028 1361 3054 80
1377 3023 1516 3058 confirmat.
1588 2997 1709 3049 Amgliitio
1724 3025 1804 3058 magis
1819 3033 1896 3059 quam
1911 3023 2031 3050 Auaritia
2045 3021 2183 3049 hominum
2197 3026 2299 3052 animos
2312 3033 2418 3056 exercet

273 3063 305 3089 de
319 3063 396 3089 Cons.
411 3061 483 3088 Mall.
499 3060 607 3087 Theod.
622 3066 670 3090 188.
722 3060 802 3085 Arma
820 3058 857 3085 Id.
865 3058 982 3092 inpraef.
990 3059 1082 3092 Paneg.
1091 3067 1112 3090 3.
1183 3059 1245 3085 Liu.
1273 3079 1279 3086 .
1307 3079 1314 3085 .
1376 3059 1435 3085 Sall.
1445 3060 1501 3086 Cat.
1512 3065 1545 3089 11,
1559 3065 1578 3083 1.
1648 3059 1722 3093 Vir-g,
1737 3060 1866 3093 Georga„
1880 3066 1926 3092 413
1955 3058 2105 3092 Ing-ultique
2117 3067 2220 3087 exercet
2233 3062 2303 3088 Cura
2320 3063 2416 3091 saneti.
2454 3064 2455 3067 =

274 3099 345 3125 Nam
366 3097 474 3127 Sardos,
505 3097 655 3130 Corsosque
674 3100 700 3121 et
718 3094 820 3121 Histros
839 3093 955 3120 laceffiffe
973 3094 1055 3127 magis
1076 3103 1154 3129 quam
1175 3095 1317 3122 exercuisse
1375 3097 1394 3121 i.
1422 3094 1488 3121 Cura
1504 3102 1548 3119 nos
1561 3096 1635 3119 etiam
1646 3093 1734 3129 sponte
1746 3095 1894 3130 nascentium
1907 3103 1987 3121 rerum
1998 3093 2110 3129 sangae.
2181 3097 2210 3122 In
2228 3098 2302 3124 omni
2320 3107 2423 3133 genere»

274 3136 391 3160 Romana
407 3134 495 3159 Arma.
568 3132 648 3158 Arma
662 3131 786 3158 iuuentus
798 3136 901 3156 exercet
927 3129 1002 3163 Virg.
1016 3130 1080 3155 Aen.
1094 3139 1121 3162 4,
1135 3135 1175 3164 87.
1246 3131 1315 3157 Hor.
1376 3129 1440 3156 belli
1453 3129 1606 3164 Pompeium
1620 3129 1736 3155 Fortuna
1755 3130 1926 3165 Reipublicae
1945 3129 2063 3155 exercuit
2095 3130 2150 3156 Cic.
2165 3140 2214 3166 pro
2227 3133 2258 3159 L.
2271 3134 2364 3161 Manil.
2378 3137 2417 3163 16.

274 3169 352 3204 Epist.
368 3178 392 3201 1,
408 3177 450 3202 14,
469 3176 507 3200 44
541 3167 629 3200 Quam
648 3167 695 3193 scit
713 3172 823 3200 vterque
844 3165 930 3191 libens
948 3164 1059 3191 censebo
1077 3171 1195 3192 exerceat
1214 3166 1316 3194 Artem.
1376 3166 1407 3191 In
1420 3165 1518 3191 casibus
1536 3165 1617 3191 variis
1636 3173 1678 3190 me
1698 3165 1814 3192 Fortuna
1832 3171 1934 3192 exercet
1963 3165 2000 3190 Id.
2014 3165 2096 3191 Tusc.
2111 3175 2132 3198 5,
2148 3175 2167 3193 1.
2239 3168 2347 3196 Strenua
2366 3166 2416 3197 noa*

279 3206 368 3231 Vtitur
381 3207 454 3230 etiam
470 3202 536 3229 Cels.
551 3203 632 3236 praef.
703 3200 873 3228 Bacchanalia
898 3200 979 3227 Plaut.
993 3200 1089 3235 Amph.
1106 3210 1125 3234 1,
1140 3209 1158 3231 1,
1173 3210 1212 3233 32.
1267 3203 1314 3228 Ba.
1331 3203 1360 3232 85
1377 3207 1481 3228 exercet
1495 3201 1592 3227 Inertia
1619 3200 1685 3226 Hor.
1698 3201 1777 3234 Epist.
1788 3209 1813 3234 1,
1827 3206 1911 3233 11,,28.
1981 3201 2055 3234 virg.
2076 3201 2171 3236 Geor-g,
2187 3211 2220 3236 4,
2233 3212 2280 3237 453
2310 3205 2374 3232 Non
2389 3212 2416 3233 te

275 3241 355 3266 latum
368 3240 428 3274 agni
442 3244 564 3265 exercent
592 3239 666 3272 Virg.
682 3238 746 3263 Aen.
760 3245 792 3270 9,
804 3239 847 3263 62.
918 3235 992 3262 Bello
1012 3243 1185 3263 exercuerunt
1200 3237 1316 3264 maiores
1375 3236 1474 3263 nullius
1488 3241 1609 3262 exercent
1621 3236 1738 3262 numinis
1753 3237 1811 3263 Irae
1823 3237 1917 3270 Magna
1929 3235 1985 3262 lues
1999 3237 2130 3263 commissa
2144 3237 2204 3265 tibi.
2274 3239 2416 3275 Id.Aen.1‚

274 3276 375 3302 nostros
390 3274 543 3310 prouinciae
572 3273 640 3299 Vell.
656 3281 682 3304 2,
697 3281 745 3305 90,
764 3281 785 3305 3.
876 3271 987 3298 Brachia
1028 3271 1109 3298 Ouid.
1125 3272 1190 3298 Fast.
1204 3281 1238 3306 4,
1253 3275 1314 3306 699.
1376 3281 1424 3305 435
1451 3272 1545 3306 Qialis
1559 3280 1619 3306 apes
1633 3271 1727 3298 aestate
1739 3281 1807 3298 noua
1821 3280 1867 3306 per
1880 3272 1959 3297 florea
1974 3280 2034 3298 rura
2049 3273 2159 3300 Exercet
2178 3273 2225 3300 sub
2245 3275 2299 3302 sole
2317 3276 2415 3305 Labor.

275 3312 403 3345 Campos,
422 3312 503 3336 Colere
528 3309 591 3335 Plin.
606 3308 684 3343 Epist.
699 3317 722 3339 1,
736 3317 778 3335 20.
850 3307 925 3342 Virg.
939 3307 1035 3342 Georg.
1050 3316 1075 3340 1,
1088 3315 1121 3339 99
1152 3307 1316 3343 Exercetque
1376 3308 1416 3334 Ad
1430 3307 1494 3334 hanc
1507 3315 1532 3334 te
1546 3307 1685 3334 amentiam
1702 3313 1793 3334 natura
1806 3307 1921 3342 peperit,
1947 3307 2073 3335 Voluntas
2086 3310 2217 3341 exercuit,
2239 3310 2346 3338 fortuna
2364 3313 2416 3340 ser·
2453 3326 2455 3344 ,ν

277 3346 398 3380 frequens
412 3346 549 3376 tellurem,
574 3350 652 3379 atque
665 3344 776 3377 imperat
790 3343 869 3369 aruis.
905 3346 924 3369 i.
950 3343 1023 3369 Colit.
1096 3342 1169 3376 Virg.
1185 3344 1282 3377 Georg.
1297 3353 1316 3375 1,
1376 3344 1451 3370 vauit
1480 3344 1535 3371 Cic.
1550 3344 1578 3369 in
1593 3343 1700 3375 Catil.i,
1715 3351 1742 3376 25
1764 3352 1785 3369 c.
1802 3351 1837 3369 to.
1992 3341 2012 3380 ff
2034 3353 2051 3376 4
2088 3344 2180 3379 Paffiue
2194 3355 2201 3370 .·
2238 3346 2293 3372 Cic.
2307 3349 2360 3373 Att.
2373 3357 2414 3382 13,

276 3390 325 3413 403
362 3383 400 3407 De
420 3380 535 3406 culmine
555 3380 657 3406 summo
678 3379 868 3413 Nequidquam
888 3379 958 3405 seros
977 3383 1080 3405 exercet
1097 3377 1194 3404 noGtua
1208 3379 1313 3405 Cantus.
1321 3390 1357 3413 90
1377 3388 1404 3405 22
1435 3379 1481 3405 Tc
1500 3379 1532 3405 de
1551 3377 1660 3414 praedio
1673 3379 1748 3404 auiae
1764 3378 1882 3404 exerceri
1901 3378 2008 3405 moleste
2027 3380 2095 3406 fero.
2165 3381 2303 3415 Optimum
2323 3383 2413 3411 virum
2438 3392 2454 3411 ¹.

277 3415 393 3442 Chorcas
422 3416 513 3442 Claud.
529 3416 560 3442 de
574 3415 655 3442 Laud.
670 3415 759 3441 Seren.
773 3423 826 3449 143.
916 3414 1020 3441 Choros
1041 3414 1124 3440 Diana
1145 3420 1248 3441 exercet
1268 3423 1315 3448 per
1376 3414 1576 3441 Pertinaciffime
1587 3420 1690 3440 exercet
1709 3414 1774 3440 Plin.
1783 3413 1859 3447 Epist.
1874 3421 1906 3447 7,
1921 3416 1946 3446 6,
1959 3423 1982 3441 2.
2055 3415 2148 3442 Poenis
2162 3417 2294 3449 exerceri,
2319 3419 2416 3447 Poenae
2442 3417 2454 3425 “’

278 3452 337 3484 iuga
351 3451 449 3482 Cynthi
475 3452 548 3485 Vin-g.
563 3453 627 3477 Aen.
642 3460 667 3482 1,
684 3458 738 3483 503.
830 3449 917 3476 Colles
931 3458 1040 3476 vomere
1069 3450 1107 3476 Id.
1122 3448 1188 3476 ibid.
1203 3457 1236 3484 7,
1255 3456 1314 3484 798.
1371 3452 1430 3485 pati
1457 3450 1602 3484 Virg.Aen.
1612 3452 1638 3481 6,
1651 3457 1707 3484 739.
1781 3449 1899 3475 Cic.Att.
1914 3452 1939 3481 6,
1955 3458 1963 3475 1
1997 3450 2138 3477 Cicerones
2152 3451 2227 3486 pueri
2239 3459 2329 3480 amant
2342 3453 2415 3482 inter
2452 3466 2453 3471 =

280 3485 343 3511 Plin.
357 3494 392 3516 12,
409 3494 438 3519 14
459 3486 559 3512 Minaei
572 3485 930 3521 primiCommerciumturis
939 3486 1041 3518 fecere,
1064 3486 1234 3520 maximeque
1242 3494 1316 3512 exer·
1379 3485 1420 3516 se,
1440 3484 1559 3519 discunt,
1582 3491 1746 3511 exercentur.
1818 3484 1910 3511 Latine
1928 3485 1994 3519 apud
2009 3486 2130 3513 Brutium
2143 3487 2259 3513 exerceri
2279 3488 2342 3515 volo
2374 3489 2414 3517 Id.

279 3526 344 3546 cent.
438 3521 626 3548 Crudelitatem
647 3520 823 3548 insatiabilem
841 3529 895 3546 non
916 3521 1000 3547 solum
1016 3521 1043 3547 in
1057 3521 1122 3547 viuo
1136 3521 1179 3547 sed
1193 3521 1274 3547 etiam
1285 3521 1314 3547 in
1378 3521 1449 3547 Fam.
1459 3523 1496 3553 16,
1511 3529 1543 3546 21.
1613 3519 1728 3546 Difficile
1743 3519 1778 3546 est
1793 3525 1881 3546 tenere
1895 3529 1960 3554 quae
1972 3522 2118 3556 acceperis,
2134 3522 2181 3548 nisi
2194 3530 2314 3550 exerceas
2343 3524 2412 3552 Plin.

279 3561 385 3581 mortuo
414 3555 468 3580 Cic.
490 3555 600 3591 Philipp.
610 3566 646 3588 11,
659 3562 672 3588 8
690 3566 712 3584 c.
727 3566 747 3589 3.
821 3556 895 3590 Virg.
910 3557 973 3582 Aen.
988 3565 1031 3589 io,
1052 3565 1097 3590 142
1134 3556 1188 3583 Vbi
1206 3557 1315 3591 pinguia
1328 3560 1360 3587 93
1378 3555 1455 3590 Epist.
1465 3561 1488 3588 8,
1502 3564 1540 3588 14.
1612 3556 1688 3589 Apud
1702 3554 1838 3588 magistros
1853 3558 1926 3590 pueri
1940 3565 2094 3584 exercentur
2118 3558 2172 3584 Cic.
2187 3557 2218 3582 de
2232 3558 2306 3585 Orat.
2321 3567 2340 3592 1,
2348 3568 2412 3593 244.

278 3590 353 3617 Culta
389 3590 566 3624 Exercentque
586 3594 648 3619 viri.
727 3593 809 3619 Curas
840 3591 885 3617 Sil.
906 3599 944 3622 11,
980 3611 986 3618 .
1024 3612 1031 3618 .
1113 3591 1227 3619 Οεεοόἱᾱ
1251 3592 1315 3619 haec
1377 3592 1415 3619 Id.
1430 3590 1496 3618 ibid.
1512 3593 1548 3624 46
1579 3591 1610 3616 1η
1628 3590 1675 3616 hac
1694 3591 1847 3617 Aristoteles
1866 3591 2054 3625 adolescentes,
2081 3601 2134 3619 non
2147 3591 2177 3619 ad
2192 3592 2413 3628 philosophorum

278 3625 365 3652 clauso
379 3624 453 3650 sunul
466 3632 619 3654 exercentur
633 3629 661 3654 in
673 3636 721 3654 ore
746 3628 877 3654 Sammon.
891 3629 948 3657 268.
984 3629 1002 3652 i.
1022 3628 1164 3654 uoluuntur.
1235 3628 1316 3654 Diem
1378 3636 1480 3654 moreni
1493 3626 1606 3653 tenuiter
1623 3626 1759 3652 differendi
1768 3646 1775 3658 ,
1801 3626 1842 3652 scd
1854 3627 1885 3653 ad
1898 3629 2001 3661 copiam
2013 3627 2152 3655 rhetorum
2166 3628 2193 3654 in
2206 3635 2344 3664 Vtramque
2355 3639 2413 3665 par·

279 3661 352 3695 Virg.
370 3661 433 3685 Aen.
458 3668 500 3691 io,
519 3665 574 3690 808.
608 3665 626 3687 i.
652 3664 699 3689 Per
720 3663 796 3689 Diem
815 3662 942 3689 exerceri.
969 3663 1084 3688 Seruius.
1166 3662 1316 3699 Discipulos
1377 3668 1449 3695 tem,
1468 3669 1497 3689 vt
1513 3662 1630 3689 ornatius
1652 3669 1677 3687 et
1691 3661 1799 3687 vberius
1816 3662 1864 3688 dici
1885 3663 1972 3698 possit,
1991 3664 2117 3690 exercuit.
2186 3664 2318 3697 Qinetil.
2334 3674 2361 3698 5,
2384 3673 2412 3692 12

277 3697 346 3723 Suet.
360 3695 391 3721 de
406 3694 475 3721 Clar.
489 3694 566 3733 Rhet.
576 3703 594 3720 1.
698 3698 796 3725 Sallust.
812 3698 914 3731 Catil.9
934 3698 1031 3732 Iurgia,
1051 3697 1211 3732 Discordias,
1227 3699 1315 3726 limul-
1378 3699 1449 3732 Quia
1468 3697 1685 3729 declamationes,
1720 3697 1816 3731 quibus
1835 3699 1864 3724 ad
1886 3707 1999 3733 pugnam
2018 3697 2149 3725 forensem
2167 3700 2242 3726 velut
2262 3701 2413 3734 praepilatis

277 3737 341 3758 tates
355 3739 413 3756 cum
428 3728 546 3755 hostibus
558 3729 719 3758 exercebant.
790 3733 918 3760 Dolorem
931 3734 1004 3760 ferro
1030 3733 1110 3760 Ouid.
1120 3735 1184 3760 Met.
1201 3743 1243 3766 12,
1257 3744 1313 3768 534.
1323 3741 1371 3761 100
1378 3734 1495 3760 exerceri
1509 3733 1668 3764 solebamus,
1690 3732 1754 3758 olim
1771 3733 1821 3759 iam
1835 3734 1867 3760 ab
1880 3735 1924 3761 illa
1939 3743 2000 3760 vera
2016 3734 2130 3767 imagine
2144 3735 2238 3761 orandi
2250 3737 2413 3763 recesserunt.

278 3768 353 3801 Virg.
369 3769 433 3792 Aen.
448 3772 480 3799 7,
493 3770 542 3798 782
575 3780 620 3785 —-
634 3766 751 3793 ardentes
764 3768 834 3795 haud
849 3770 930 3795 secius
943 3777 1059 3803 aequore
1073 3770 1157 3803 campi
1172 3770 1316 3798 Exercebat
1377 3770 1475 3803 Aliqua
1489 3777 1518 3796 re
1530 3770 1555 3795 se
1581 3768 1636 3794 Cic.
1650 3768 1677 3793 in
1691 3768 1762 3794 Brut.
1777 3778 1797 3795 c.
1815 3778 1847 3800 13-
1916 3771 1945 3795 ln
1958 3770 2044 3804 aliqua
2058 3777 2086 3794 re
2100 3771 2217 3796 exerceri
2251 3771 2333 3797 Ouid.
2347 3772 2412 3798 Met.

279 3804 382 3837 Equos,
402 3808 533 3834 curruque
547 3800 574 3825 in
589 3799 657 3826 bella
671 3802 772 3828 ruebat.
844 3804 1028 3838 Exceptionem
1063 3804 1122 3838 le.
1137 3805 1164 3830 in
1178 3805 1195 3831 l.
1220 3805 1237 3832 fi
1252 3805 1315 3832 fide-
1378 3813 1413 3837 13,
1425 3812 1476 3837 9²¹·
1547 3802 1729 3830 studiofiffime
1743 3804 1769 3829 in
1784 3804 1919 3831 dialectica
1933 3804 2050 3831 exerceri
2074 3803 2129 3830 Cic.
2143 3805 2175 3830 de
2188 3805 2259 3832 Clar.
2273 3807 2346 3833 Orat.
2356 3814 2412 3839 309.

278 3839 357 3864 iussbr
373 3842 518 3875 conuentus
535 3833 557 3871 §.
571 3836 587 3867 j.
608 3835 638 3860 D.
653 3836 766 3863 mandat.
837 3839 986 3866 Exercitum
1002 3839 1076 3866 bellis
1102 3839 1169 3866 Vell.
1183 3850 1207 3872 2,
1222 3849 1278 3874 109,
1293 3850 1315 3868 2.
1376 3840 1407 3867 In
1421 3838 1541 3865 venando
1555 3839 1670 3865 exerceri
1683 3839 1713 3865 ad
1728 3839 1926 3866 similitudinem
1940 3839 2048 3866 bellicae
2062 3838 2214 3873 disciplinae
2238 3841 2275 3867 Id.
2291 3842 2322 3867 de
2335 3842 2370 3867 N.
2378 3842 2410 3868 D.

276 3875 363 3908 Equos
377 3880 488 3911 campis.
505 3870 596 3897 Claud.
616 3869 652 3910 εἰς
663 3871 690 3896 Β.
703 3871 760 3898 Get.
776 3880 830 3904 ¹09·
899 3875 996 3902 Exerce
1013 3875 1135 3901 Formam
1148 3882 1173 3902 et
1187 3876 1315 3911 fugienti·
1376 3883 1404 3905 ι,
1423 3877 1473 3901 161.
1545 3875 1622 3908 Agris
1646 3876 1763 3901 exerceri
1796 3876 1871 3910 Virg.
1893 3876 1989 3908 Georg.
2007 3882 2041 3907 4,
2061 3882 2111 3907 159.
2184 3877 2272 3902 Armis
2293 3876 2409 3903 exerceri

276 3908 323 3935 bus
337 3915 413 3935 vtcre
426 3907 503 3934 domu
530 3906 592 3933 Stat.
606 3905 718 3939 Epithal.
733 3907 826 3934 Stellae
839 3917 863 3934 v.
877 3911 931 3935 166.
1015 3911 1078 3938 Stat.
1098 3911 1161 3937 Silu.
1182 3919 1211 3944 5,
1229 3919 1259 3946 ς,
1277 3917 1312 3947 84
1327 3916 1368 3943 105
1376 3910 1432 3937 Cic.
1450 3911 1526 3937 Vei-r.
1539 3919 1573 3943 4,
1592 3912 1631 3941 56.
1713 3910 1791 3938 Pueri
1810 3918 1836 3938 et
1854 3911 1990 3945 primaeuo
2010 3909 2075 3936 flore
2093 3910 2217 3937 iuuentus
2253 3912 2411 3939 Exercentur

2335 3953 2408 3981 equis
